4038 6324
510 321 616 379 545

1147 319 1207 375 Β.
1245 318 1499 375 RABANI
1538 318 1758 376 MAURI
1794 315 2115 374 ARCHIEP.
2156 313 2467 376 HOGUNT.
2508 317 2795 377 OPERUM
2827 316 3008 375 PARS
3043 317 3109 374 ll.

3671 320 3797 380 εμ

578 436 643 491 Et
670 434 843 491 ancile
883 435 1086 492 dictum
1110 433 1179 489 ab
1206 434 1505 499 ancisione,
1546 434 1690 503 quod
1732 433 1803 488 sit
1844 432 1913 488 ab
1941 430 2089 486 omni
2115 431 2171 494 Α
2194 431 2335 488 tibus
2373 433 2580 502 percuti
2608 432 2815 503 pariter
2848 441 2904 489 et
2942 432 3149 488 vexari.
3189 430 3322 487 Item
3349 430 3518 490 lorica
3561 434 3616 490 in
3660 452 3796 492 uta-

494 538 663 599 .partc
687 527 854 583 veluti
890 526 1155 595 ancisum,
1195 527 1300 581 hoc
1342 534 1446 592 est,
1486 526 1793 581 rotundum.
1828 522 2089 580 Ovidius:

633 638 789 702 quue
812 638 970 689 ancile
993 646 1188 702 vocant,
1210 636 1343 702 quod
1368 637 1431 702 ab
1450 638 1579 687 omni
1598 643 1737 702 parte
1760 640 1995 690 recisum.

739 714 900 764 usque
923 707 1066 751 notes
1084 698 1255 764 oculis,
1276 698 1484 761 angulus
1504 698 1665 750 omnis
1684 701 1845 751 abest.

567 802 749 870 Pclta,
785 813 998 859 scutum
1033 803 1410 860 brevissimum
1447 802 1500 857 in
1530 803 1748 859 modum
1790 803 1932 858 lunae
1983 817 2098 860 me-

508 893 651 950 dia):
701 892 856 964 cujus
900 894 1144 951 meminit
1189 894 1326 950 liber
1371 895 1618 967 Regum:
1658 893 1805 951 Fecit
1856 911 1948 949 rea:
1993 893 2098 950 Sa-

507 984 685 1048 lomon
711 986 935 1041 ducenta
961 996 1110 1042 scuta
1137 986 1201 1040 de
1232 1003 1361 1057 auro
1390 1003 1542 1056 puro,
1571 996 1619 1042 et
1644 995 1898 1041 trecentas
1924 985 2096 1057 peltas

507 1096 573 1135 ea:
601 1096 733 1134 auro
759 1080 974 1151 probato
1004 1078 1125 1153 (III
1173 1078 1302 1152 Reg.
1347 1080 1425 1151 ι).
1463 1079 1621 1136 Cetra
1650 1090 1861 1137 scutum
1886 1081 2095 1136 loreum

508 1173 627 1230 sine
656 1172 821 1246 ligno,
850 1188 957 1244 quo
986 1180 1210 1229 utuntur
1225 1170 1341 1228 Afri
1367 1180 1424 1228 et
1450 1172 1648 1241 Mauri,
1677 1175 1746 1231 de
1766 1188 1873 1244 quo
1897 1181 2092 1245 poeta:

662 1285 831 1336 Latvas
850 1292 985 1335 cetra
1008 1285 1152 1347 tegit.
1188 1317 1206 1333 .
1242 1322 1256 1336 .
1296 1321 1309 1333 .
1348 1321 1361 1333 .
1399 1318 1416 1336 .

576 1384 771 1443 Parma
792 1386 930 1443 levia
952 1402 1126 1453 arma,
1150 1388 1305 1458 quasi
1327 1403 1514 1459 parva,
1537 1403 1648 1446 non
1667 1388 1887 1462 clypeus
1915 1406 1929 1443 :
1960 1389 2094 1445 dici-

503 1488 598 1537 tur
614 1488 796 1535 autem
817 1489 872 1535 et
890 1481 1102 1536 testudo
1123 1490 1365 1548 scutum;
1393 1496 1518 1536 nam
1546 1481 1601 1537 in
1624 1482 1840 1537 modum
1875 1481 2098 1537 testudi-

503 1571 590 1628 nis
614 1572 675 1627 σι
692 1571 930 1644 clypeos.
953 1572 1021 1627 Et
1043 1573 1256 1627 testudo
1275 1579 1354 1628 est
1384 1581 1659 1628 scutorum
1682 1573 1947 1629 connexio
1971 1588 2097 1630 cur-

503 1677 630 1724 vata
661 1670 715 1724 in
744 1668 1029 1725 testudinis
1073 1668 1314 1724 modum.
1345 1667 1588 1738 Namque
1616 1668 1671 1722 in
1700 1683 1977 1723 armorum
2007 1683 2098 1740 ge-

502 1760 725 1816 neribus
752 1760 952 1815 milites
976 1760 1137 1815 etiam
1167 1760 1234 1815 ab
1258 1758 1579 1814 animalibus
1606 1759 1820 1814 nomina
1852 1765 2089 1823 sumunt,

502 1858 565 1906 ut
589 1851 752 1907 aries.
783 1851 850 1906 Et
890 1849 1176 1906 Sallustius
1208 1868 1221 1904 :
1258 1869 1277 1902 ‹
1309 1850 1371 1921 In
1403 1851 1639 1915 modum,
1680 1852 1874 1921 inquit,
1903 1852 2093 1908 hericii

506 1942 778 1997 militaris.
811 1962 830 1995 ι
859 1941 1083 1997 Scutum
1114 1951 1207 1997 aut
1235 1943 1395 1998 fidem
1426 1945 1715 2015 signilicat,
1757 1952 1817 1999 ut
1854 1953 1939 2000 est
1966 1944 2096 1999 illud

504 2031 748 2102 Apostoli
773 2050 787 2086 :
822 2032 1095 2087 Sumentes
1125 2042 1328 2087 scutum
1351 2034 1496 2103 ﬁdei,
1529 2036 1581 2089 in
1609 2052 1710 2105 quo
1739 2036 1949 2106 possitis
1979 2052 2095 2089 om-

506 2124 594 2178 nia
621 2122 723 2178 tela
764 2123 1065 2196 nequissimi
1108 2126 1258 2196 ignea
1298 2127 1623 2197 exstinguere
1651 2127 1811 2198 (Eph.
1843 2127 1953 2199 v1);
2002 2136 2096 2183 aut

505 2214 830 2285 adjutorium
860 2215 1118 2281 divinum,
1150 2224 1207 2269 ut
1247 2224 1329 2271 est
1374 2215 1504 2271 illud
1532 2215 1831 2273 Psalmistae
1857 2236 1869 2271 :
1898 2218 2095 2289 Appre-

505 2306 671 2361 [tende
693 2324 841 2362 arma
878 2316 925 2362 et
955 2316 1180 2374 scutum,
1211 2316 1259 2362 et
1282 2324 1500 2378 exsurge
1526 2307 1583 2362 in
1611 2308 1936 2379 adjutorium
1968 2308 2094 2362 mihi

504 2396 677 2469 (Psal.
732 2399 941 2471 nsiv).
985 2397 1117 2455 Item
1171 2407 1385 2454 scutum
1431 2398 1716 2454 obduratio
1762 2400 1961 2465 cordis,
2010 2397 2095 2455 vel

501 2489 710 2560 peccati
735 2488 1007 2571 defensio,
1029 2499 1090 2545 ut
1132 2488 1261 2544 illud
1303 2487 1590 2545 Jeremize:
1628 2489 1791 2544 Dabis
1824 2492 1929 2555 eis,
1980 2489 2093 2545 Do-

500 2580 663 2647 mine,
689 2590 895 2636 scutum
924 2581 1096 2636 cordis
1122 2578 1352 2635 laborem
1374 2591 1521 2635 tuum
1551 2579 1768 2652 (Tltren.
1800 2581 1906 2654 Ill).
1928 2582 2093 2637 Arma

502 2670 572 2726 ab
596 2671 833 2728 arcendo
858 2672 1007 2729 dicta
1034 2681 1179 2738 sunt,
1202 2673 1346 2742 quod
1384 2688 1484 2744 per
1516 2687 1581 2727 ea
1602 2672 1788 2729 hostes
1815 2673 2094 2729 violentis-

503 2761 673 2816 simas
709 2778 1027 2818 arceamus:
1059 2772 1115 2818 et
1155 2764 1274 2820 ideo
1303 2764 1407 2820 hoc
1440 2764 1677 2819 humana
1706 2766 2096 2823 consuetudine

504 2852 724 2920 dicitur,
757 2868 877 2924 qua:
903 2862 1082 2909 armat
1119 2869 1361 2920 manum,
1394 2864 1454 2909 ut
1484 2854 1754 2925 opprimat
1792 2856 2089 2911 inimicum.

503 2941 771 2999 Caeterum
791 2959 942 2999 arma
954 2952 1009 3000 ct
1025 2936 1239 3000 scutum
1251 2943 1365 3002 sola
1381 2944 1632 3001 voluntas
1650 2954 1735 3000 est
1756 2946 1988 3014 Domini,
2003 2947 2094 3017 qui

502 3037 739 3108 protegit
784 3037 1179 3108 periclitantem
1220 3046 1277 3093 et
1312 3049 1583 3111 expugnat
1615 3039 1902 3097 adversum
1931 3059 1945 3107 ;
1973 3057 2095 3097 scu-

504 3224 713 3295 antiqui
751 3240 848 3281 sua
887 3224 1033 3282 facta
1062 3226 1378 3298 signabant;
1406 3242 1533 3281 nam
1571 3227 1715 3297 quod
1747 3227 1878 3283 dicit
1906 3244 2094 3299 appre-

504 3315 689 3381 hende,
722 3317 963 3388 nunquid
997 3318 1065 3373 ab
1102 3332 1169 3373 eo
1204 3318 1436 3373 sumitur
1456 3318 1526 3373 ad
1557 3327 1770 3389 tempus
1807 3318 2095 3390 peregrina

505 3405 780 3461 defensio?
810 3422 1023 3478 semper
1060 3408 1150 3465 ille
1189 3418 1410 3481 paratus
1451 3418 1537 3466 est
1574 3409 1642 3465 ad
1681 3410 1859 3466 exitus
1887 3426 2091 3479 rerum,

502 3500 593 3569 qui
631 3501 891 3570 probatur
926 3500 1304 3572 omnipotens:
1332 3518 1433 3558 nec
1480 3503 1635 3573 quasi
1674 3502 1740 3558 de
1782 3503 1964 3574 quiete
2002 3517 2096 3558 ex-

502 3608 726 3664 surgere
764 3594 1021 3659 creditur,
1047 3595 1147 3665 ‘qui
1190 3611 1464 3665 nunquam
1499 3595 1736 3665 iacuisse
1764 3595 2091 3652 declaratur.

500 3686 664 3741 Arma
691 3686 854 3757 igitur
880 3687 1153 3757 pertinent
1175 3688 1244 3743 ad
1268 3689 1584 3744 indumenta
1629 3690 1830 3756 ferrea,
1856 3706 1952 3761 per
1974 3706 2095 3761 quae

501 3779 647 3836 salus
690 3781 926 3837 humana
973 3782 1282 3839 defenditur
1319 3798 1333 3838 :
1376 3793 1589 3840 scutum
1635 3785 1705 3840 ad
1758 3785 2093 3856 repellendos

502 3873 640 3929 ictus
665 3874 889 3942 inimici,
911 3884 972 3931 ut
992 3875 1251 3933 frustrata
1278 3876 1383 3934 tela
1403 3879 1620 3947 cadant,
1640 3893 1763 3949 qua:
1789 3877 2004 3935 fuerant
2024 3879 2091 3937 ad

502 3968 727 4023 exitium
755 3969 992 4026 hominis
1030 3970 1318 4027 destinata.

1101 4103 1328 4162 CAPUT
1367 4104 1502 4160 XIII.

1140 4196 1218 4251 De
1236 4195 1433 4251 loricis.

569 4310 764 4365 Lorica
797 4316 988 4365 vocata
1034 4321 1101 4362 eo
1151 4307 1295 4376 quod
1328 4306 1461 4362 loris
1493 4315 1678 4361 careat
1714 4324 1729 4363 :
1777 4306 1908 4363 solis
1945 4308 2091 4363 enim

501 4401 721 4456 circulis
746 4400 940 4455 ferreis
983 4404 1236 4453 contexta
1264 4405 1367 4452 est.
1405 4395 1643 4466 Squama
1672 4407 1756 4453 est
1783 4397 1949 4453 lorica
1978 4398 2089 4454 fer-

501 4508 596 4550 rea
624 4508 692 4549 ex
716 4490 931 4546 laminis
960 4488 1152 4545 ferreis
1188 4497 1280 4543 aut
1319 4488 1475 4543 aereis
1501 4496 1855 4543 concatenata
1889 4488 1945 4544 in
1973 4505 2091 4546 mo-

2193 520 2301 578 lam
2329 532 2539 594 partem
2567 524 2848 594 accipitur,
2878 531 2938 578 ut
2964 524 3017 577 in
3047 523 3298 579 Ezechiel
3323 541 3337 579 :
3368 523 3635 583 Adversus
3670 524 3798 601 ϐου

2193 615 2587 675 οπιηεεδσιιιαεί
2608 625 2655 670 et
2679 614 2887 671 ιον-ἰσαιὶ
2922 614 3140 687 (Each.
3168 618 3403 688 xxxvm)

2784 729 3011 786 CAPUT
3048 731 3187 787 XIV.

2839 800 2917 855 De
2946 802 3131 873 galeis.

2264 888 2446 948 Cassis
2469 892 2537 949 de
2552 892 2754 947 lamina
2782 901 2869 948 est
2896 910 2908 946 :
2942 894 3092 966 galea
3121 894 3190 951 de
3210 897 3378 953 corio.
3410 896 3547 954 Nam
3575 900 3800 972 galeros

2193 985 2402 1041 corium
2428 985 2645 1051 dicitur,
2662 986 2931 1042 cassidem
2946 996 3126 1043 autem
3152 1004 3183 1043 a
3201 987 3434 1046 Thuscis
3450 993 3797 1050 nominatam

2196 1075 2398 1131 dicunt.
2431 1075 2509 1130 Illi
2532 1076 2677 1132 enim
2706 1076 2912 1148 galeam
2942 1093 3153 1134 cassem
3192 1080 3497 1148 nominant,
3529 1084 3729 1151 credo,
3763 1101 3799 1140 a

2196 1167 2390 1237 capite.
2418 1166 2566 1238 Apes
2587 1176 2690 1235 est,
2723 1169 2866 1239 quod
2890 1168 2943 1224 in
2980 1185 3192 1226 summo
3226 1171 3397 1242 galea:
3421 1174 3650 1239 eminet,
3683 1192 3799 1246 quo

2196 1255 2379 1328 ﬂgitur
2399 1257 2583 1323 crista,
2614 1258 2757 1328 quod
2782 1256 2956 1314 Graeci
2989 1274 3161 1315 conon
3190 1269 3390 1317 vocant
3414 1280 3429 1317 :
3461 1277 3595 1318 nam
3619 1280 3801 1321 conus

2195 1357 2280 1404 est
2313 1358 2623 1415 curvatura,
2657 1365 2777 1420 qua:
2816 1350 2872 1405 in
2905 1350 3055 1423 galea
3080 1352 3376 1421 prominet,
3420 1369 3585 1425 super
3624 1371 3798 1426 quam

2197 1440 2374 1496 cristae
2391 1449 2534 1496 sunt.
2561 1441 2698 1496 Nam
2713 1442 2885 1499 cassis
2908 1442 2993 1499 vel
3009 1443 3180 1515 galea,
3197 1459 3318 1514 qua:
3343 1455 3795 1516 capuknostrum,

2198 1536 2301 1592 hoc
2327 1544 2410 1592 est
2436 1546 2670 1593 mentem
2700 1546 2939 1593 nostram
2964 1547 3153 1594 contra
3190 1554 3342 1594 arma
3370 1540 3572 1597 inimici
3601 1539 3798 1597 defen-

2197 1626 2297 1693 dit,
2328 1641 2450 1696 spes
2477 1634 2561 1683 est
2589 1627 2643 1681 in
2665 1626 2950 1682 Dominum
2995 1627 3336 1683 Salvatorem
3368 1645 3383 1683 :
3418 1629 3559 1685 unde
3608 1639 3802 1686 monet

2196 1714 2485 1789 Apostolus
2514 1730 2615 1772 nos
2645 1715 2870 1772 induere
2892 1716 3100 1788 galeam
3123 1717 3317 1774 salutis
3341 1734 3354 1771 :
3383 1719 3644 1789 quoniam
3663 1734 3802 1776 con-

2122 1796 2170 1855 B
2199 1818 2280 1865 tra
2309 1809 2680 1866 atrocissimos
2706 1810 2889 1867 hostes
2919 1812 3064 1867 omni
3094 1812 3542 1885 tergiversatione
3565 1815 3803 1873 callidos

2194 1901 2394 1957 bellum
2422 1904 2679 1975 gerimus.
2703 1904 2912 1961 Idcirco
2930 1906 3079 1961 omni
3108 1907 3321 1963 cautela
3346 1918 3402 1964 et
3424 1908 3800 1969 sollicitudine

2194 1993 2418 2065 vigilare
2440 1995 2715 2061 debemus,
2742 2008 2802 2051 ut
2824 1995 3270 2069 qualitercunque
3291 2001 3640 2069 tentaverint,
3665 2019 3797 2058 mu-

2193 2083 2337 2139 nitos
2364 2098 2463 2139 nos
2487 2092 2543 2140 et
2566 2096 2897 2158 praeparatos
2933 2087 3230 2144 inveniant.
3275 2089 3509 2147 Necesse
3537 2102 3625 2149 est
3643 2095 3800 2150 enim

2195 2180 2253 2226 ut
2276 2173 2420 2229 Deus
2456 2174 2675 2245 adjuvet
2700 2190 2837 2245 quos
2860 2176 3062 2232 viderit
3099 2178 3156 2233 in
3183 2180 3435 2250 precibus
3465 2182 3716 2254 vigilare,
3745 2194 3804 2241 et

2195 2266 2261 2320 de
2303 2267 2471 2323 armis
2506 2268 2624 2339 ejus
2670 2277 2986 2339 exspectare
3022 2271 3329 2327 victoriam.
3381 2274 3439 2329 In
3483 2276 3801 2347 huiusmodi

2194 2370 2325 2427 ergo
2344 2355 2486 2412 bello
2508 2357 2693 2413 sobria
2713 2366 2895 2414 mente
2922 2372 3059 2429 opus
3080 2367 3165 2416 est
3184 2369 3239 2416 et
3257 2376 3396 2431 pura
3416 2365 3754 2423 conscientia
3781 2384 3800 2423 :

2194 2447 2320 2517 quia
2374 2463 2482 2504 non
2515 2456 2705 2506 contra
2751 2450 3025 2518 carnalia,
3073 2452 3172 2509 sed
3225 2454 3487 2512 adversus
3527 2456 3803 2527 spiritalia

2194 2536 2450 2607 nequitia;
2484 2539 2791 2595 dimicatur.
2832 2539 3036 2598 Contra
3082 2543 3381 2615 terrigenas
3422 2545 3571 2601 enim
3609 2548 3801 2607 hostes

2194 2642 2391 2697 corpus
2416 2629 2601 2700 sagina
2630 2631 2936 2701 roboratur,
2966 2641 3022 2687 et
3053 2633 3253 2703 pabqu
3284 2651 3438 2692 mens
3463 2637 3799 2706 incenditur,

2194 2728 2255 2776 ut
2293 2723 2629 2793 repugnandi
2663 2733 2843 2780 sumat
2880 2725 3203 2782 audaciam:
3244 2729 3507 2786 adversus
3529 2730 3801 2801 spiritalia

2194 2821 2378 2869 autem
2408 2816 2662 2885 nequitiae
2682 2816 2999 2886 spiritaliter
3018 2820 3388 2890 repugnanda,
3404 2826 3459 2876 et
3479 2821 3801 2878 sobrietatis

2194 2916 2252 2963 et
2276 2907 2614 2964 abstinentia:
2637 2925 2787 2965 arma
2813 2911 3078 2967 sumenda
3107 2921 3235 2968 sunt
3268 2929 3282 2966 :
3313 2920 3373 2968 ut
3408 2912 3574 2970 infusi
3600 2921 3801 2971 sancto

2198 2999 2405 3070 Spiritu
2433 2999 2740 3058 immundos
2766 3010 2823 3059 et
2866 3003 3131 3059 erraticas
3157 3004 3383 3076 spiritus
3409 3005 3801 3075 devincamus;

503 3095 617 3188 tum
647 3095 803 3189 enim.
820 3134 1023 3191 dictum
1059 3143 1143 3191 est
1242 3095 1518 3191 uasilsc‘ul
1558 3143 1671 3190 tum
1754 3095 1858 3191 uod
1889 3095 1945 3191 in
2015 3095 2050 3097 vi
2130 3116 2154 3134 ’
2197 3095 2278 3149 sic
2308 3095 2492 3165 itaque
2518 3096 2899 3181 “minimus
2941 3095 3155 3153 lumbos
3193 3105 3412 3154 ηθείτοε
3449 3098 3505 3157 in
3542 3098 3800 3167 νθτίιδιεν

605 3224 615 3233 .
658 3192 711 3233 ’.
892 3224 914 3233 -
1093 3226 1104 3233 .
1148 3174 1165 3201 ’
1519 3151 1555 3206 p
1678 3151 1796 3233 ’_q--
1838 3227 1848 3233 .
1998 3151 2095 3208 pso
2122 3170 2168 3233 Ο
2200 3185 2244 3233 si
2286 3186 2460 3233 mirati
2496 3200 2684 3233 sumus
2722 3187 2897 3233 errori
2952 3187 3229 3233 resistam-
3275 3185 3466 3233 Omnis:
3508 3188 3655 3233 enim
3702 3191 3798 3233 nni

2200 3185 2245 3240 si
2286 3186 2461 3255 parati
2496 3200 2684 3243 sumus
2722 3178 2899 3243 errari
2952 3187 3229 3243 resistere.
3275 3185 3466 3244 Omnis
3508 3188 3657 3244 enim
3702 3191 3801 3261 qui

2195 3276 2411 3346 operari
2451 3276 2586 3344 vult,
2619 3278 2901 3350 succinget
2938 3291 3017 3345 se,
3046 3286 3127 3346 ut,
3162 3278 3345 3337 ablato
3384 3279 3799 3351 impedimento,

2195 3368 2504 3439 diligentius
2525 3379 2801 3443 operetur.
3179 3369 3187 3376 ’

2793 3462 3025 3520 CAPUT
3075 3464 3192 3523 XV.

2875 3553 2956 3609 De
2982 3554 3121 3623 foro.

2264 3644 2437 3702 Forus
2480 3648 2910 3704 exercendarum
2945 3647 3121 3703 litium
3148 3646 3301 3705 locus
3330 3664 3362 3704 a
3387 3647 3553 3707 fando
3573 3649 3755 3707 dictus
3775 3664 3797 3707 :

2193 3739 2284 3808 qui
2305 3738 2456 3795 locus
2474 3748 2528 3794 et
2545 3748 2822 3810 prorostra
2836 3749 3081 3806 vocatur,
3098 3741 3167 3798 ab
3186 3757 3252 3799 eo
3279 3742 3424 3813 quod
3441 3758 3512 3800 ex
3534 3744 3679 3801 bello
3697 3744 3802 3803 Pu-

2192 3832 2315 3888 nico
2344 3832 2518 3903 captis
2554 3833 2782 3889 navibus
2811 3833 3338 3906 Carthaginiensium
3380 3845 3558 3892 rostra
3613 3836 3798 3895 ablata

2192 3932 2337 3988 sunt,
2350 3923 2473 3978 etin
2489 3921 2607 3980 foro
2622 3922 2867 3980 Romano
2881 3922 3126 3994 praeﬁxa,
3140 3932 3200 3981 ut
3212 3934 3396 3981 essent
3409 3921 3569 3997 hujus
3584 3926 3801 3999 insigne

2192 4015 2452 4071 victoriae.
2504 4014 2685 4073 Prima
2736 4016 2948 4086 species
2992 4015 3120 4083 fori,
3161 4016 3313 4073 locus
3361 4017 3418 4072 in
3464 4018 3690 4074 civitate
3729 4020 3799 4076 ad

2192 4108 2525 4163 exercendas
2567 4107 2836 4163 nundinas
2876 4107 3119 4163 relictus.
3168 4106 3438 4178 Secunda,
3486 4110 3578 4166 ubi
3618 4113 3796 4183 magi-

2192 4206 2396 4255 stratus
2421 4197 2666 4269 judicarc
2710 4197 2868 4254 solet.
2908 4197 3115 4264 Tertia,
3141 4212 3304 4268 quam
3337 4213 3501 4268 supra
3530 4198 3792 4273 diximus,

2193 4304 2355 4360 quam
2419 4290 2769 4345 calcatorium
2833 4289 3255 4346 nominavimus.
3325 4289 3567 4361 Quarta,
3618 4292 3797 4363 spatia

2192 4380 2354 4450 plana
2382 4379 2438 4437 in
2466 4381 2715 4438 navibus.
2748 4379 2827 4436 De
2859 4380 3056 4451 quibus
3082 4378 3342 4451 Virgilius
3366 4397 3379 4433 :

2442 4528 2457 4543 .
2493 4526 2509 4542 .
2547 4527 2561 4543 .
2599 4528 2610 4540 .
2648 4489 2904 4554 Laxatque
2927 4488 3073 4541 foros.
3110 4527 3125 4541 .
3161 4522 3176 4539 .
3212 4526 3229 4542 .

500 4584 628 4640 dum
658 4596 895 4654 squama:
919 4580 1106 4651 piscis,
1127 4588 1182 4636 et
1197 4594 1266 4635 ex
1287 4580 1407 4650 ipso
1436 4580 1722 4649 splendore
1740 4595 2090 4651 squamarum
2115 4560 2168 4622 Ῑ)
2262 4574 2487 4630 Constat
2511 4581 2691 4629 autem
2734 4571 2885 4628 forus
2929 4587 3116 4639 causa,
3146 4571 3265 4642 lege
3289 4582 3347 4628 et
3382 4570 3586 4640 judice.
3615 4571 3796 4630 Causa

499 4689 555 4735 et
585 4677 934 4735 similitudine
984 4684 1342 4748 nuncupatur.
1369 4674 1447 4731 De
1466 4674 1657 4732 ciliciis
1696 4682 1875 4731 autem
1914 4684 1971 4731 et
1998 4691 2092 4746 po-

499 4772 702 4827 liuntur
728 4770 931 4836 loricae,
972 4776 1028 4825 et
1069 4775 1341 4840 teguntur.
1386 4766 1669 4839 Significat
1706 4775 1889 4823 autem
1924 4766 2092 4823 lorica

495 4862 718 4932 iustitia:
762 4863 1187 4927 observantiam,
1237 4877 1359 4932 qua:
1405 4861 1641 4933 protegit
1679 4860 1990 4927 hominem,
2038 4868 2095 4915 et

498 4956 725 5013 illaesum
752 4963 934 5011 servat
958 4954 1027 5009 ab
1049 4955 1204 5010 hoste
1228 4970 1242 5006 :
1274 4954 1400 5023 quia
1424 4953 1567 5008 sicut
1593 4950 1810 5008 diﬂicile
1835 4952 2090 5007 vulnera-

502 5056 589 5102 tur
621 5046 676 5100 in
716 5045 803 5101 his
834 5046 919 5100 vel
961 5046 1197 5100 maxime
1228 5044 1383 5111 locis,
1418 5060 1541 5115 qua:
1564 5044 1732 5099 vitam
1760 5052 1967 5110 tenent,
1996 5042 2091 5113 qui

501 5144 875 5192 conservatam
919 5134 1273 5209 [consertam]
1315 5135 1491 5191 hamis
1529 5142 1584 5191 et
1634 5135 1854 5191 circulis
1900 5132 2092 5190 ferreis

503 5230 733 5285 invicem
776 5242 836 5284 se
868 5236 1140 5284 tenentem
1179 5228 1404 5283 loricam
1446 5226 1662 5282 virtutis
1709 5226 1930 5281 indutus
1966 5233 2090 5280 est:

503 5321 577 5376 ita
603 5320 693 5391 qui
728 5327 812 5375 est
830 5320 1196 5376 circumdatus
1233 5319 1513 5390 multiplici
1543 5326 1694 5373 veste
1712 5316 1963 5387 iustitiae,
1992 5331 2092 5373 nec

500 5411 570 5467 ad
612 5412 1021 5468 similitudinem
1061 5413 1209 5468 cervi
1248 5413 1300 5467 in
1342 5412 1497 5484 jecur
1544 5412 1774 5482 accipiet
1814 5411 2087 5481 sagittam,

501 5516 605 5560 nec
649 5503 703 5558 in
745 5504 1013 5559 desideria
1060 5513 1294 5571 corruet,
1345 5512 1400 5558 ct
1445 5503 1655 5559 furores
1694 5504 1848 5559 sedat
1892 5502 2094 5557 mundo

503 5595 687 5661 corde,
712 5595 920 5652 habens
942 5596 1204 5650 artificem
1232 5594 1391 5662 hujus
1421 5594 1604 5649 lorica:
1634 5595 1823 5658 Deum,
1852 5593 1944 5664 qui
1975 5593 2095 5647 uni-

503 5690 699 5761 cuique
737 5698 1050 5747 sanctorum
1089 5688 1269 5745 omnia
1322 5704 1472 5743 arma
1521 5688 1855 5751 fabricatur,
1902 5695 2092 5741 etnon

503 5780 635 5841 sinit
675 5796 707 5837 a
743 5780 929 5854 jaculo
970 5778 1258 5851 voluptatis
1278 5777 1477 5849 perire,
1508 5788 1565 5836 et
1598 5794 1630 5834 a
1664 5778 1875 5850 sagittis
1902 5775 2097 5833 arden-
2138 5847 2144 5853 _

2194 4672 2386 4719 vocata
2427 4678 2459 4717 a
2490 4678 2641 4730 casu,
2669 4677 2777 4733 quo
2805 4663 2986 4718 evenit
3021 4679 3035 4716 :
3075 4670 3160 4717 est
3194 4661 3337 4716 enim
3377 4670 3433 4718 et
3473 4664 3701 4720 materia
3740 4673 3798 4720 et

2194 4756 2347 4828 origo
2384 4756 2609 4827 negotii,
2652 4755 2883 4811 necdum
2927 4754 3280 4810 discussionis
3324 4756 3577 4811 examine
3623 4755 3794 4813 facto.

2197 4847 2328 4915 Qua:
2352 4848 2477 4902 dum
2502 4847 2840 4919 proponitur,
2869 4862 3034 4903 causa
3061 4854 3146 4901 est
3177 4864 3190 4901 :
3224 4846 3352 4901 dum
3379 4846 3685 4912 discutitur,
3705 4848 3798 4919 ju-

2196 4939 2396 4995 dicium
2437 4947 2522 4995 est
2558 4955 2571 4992 :
2620 4940 2748 4995 dum
2790 4937 2993 5003 linitur,
3024 4938 3256 5008 justitia.
3298 4939 3562 4994 Vocatum
3606 4947 3796 4993 autem

2188 5029 2476 5102 judicium,
2507 5027 2821 5099 quasijuris
2868 5029 3072 5084 dictio:
3105 5036 3161 5084 et
3195 5029 3428 5100 justitia.
3468 5029 3627 5099 quasi
3648 5029 3793 5099 juris

2194 5130 2388 5179 status.
2416 5120 2683 5177 Judicium
2726 5128 2908 5175 autem
2953 5122 3105 5191 prius
3142 5119 3424 5191 inquisitio
3456 5118 3792 5176 vocabatur:

2193 5217 2335 5273 unde
2380 5224 2435 5272 et
2493 5223 2705 5271 actores
2739 5213 3069 5283 iudiciorum
3107 5213 3445 5284 praepositos,
3489 5222 3795 5284 quaestores

2195 5309 2280 5363 vel
2313 5308 2630 5379 quaasitores
2663 5320 2940 5363 vocamus.
2968 5303 3047 5360 De
3078 5319 3244 5361 causa
3280 5318 3412 5376 ergo
3441 5304 3497 5359 in
3522 5302 3795 5360 Psalterio

2195 5398 2457 5467 scriptum
2504 5404 2589 5453 est
2628 5412 2643 5452 :
2690 5395 2961 5465 Exsurge,
2993 5392 3237 5461 Domine,
3269 5402 3320 5450 et
3357 5393 3541 5464 iudica
3571 5410 3793 5449 causam

2196 5500 2341 5545 tuam
2384 5486 2557 5560 (Psal.
2602 5486 2814 5560 cum).
2862 5485 2992 5543 Post
3033 5494 3229 5542 cuncta
3265 5502 3389 5557 qua:
3440 5486 3601 5553 dixit,
3646 5500 3795 5543 nunc

2198 5584 2327 5640 facit
2345 5583 2543 5655 judicis
2565 5598 2819 5637 causam:
2854 5590 2913 5635 ut
2940 5595 3063 5636 eum
3100 5578 3369 5636 elﬁcacius
3396 5589 3792 5647 commoveret,

2198 5682 2282 5736 cui
2324 5681 2524 5753 negotii
2561 5681 2641 5736 sui
2676 5679 2908 5751 qualitas
2951 5680 3232 5735 intimatur
3263 5695 3278 5735 :
3322 5693 3467 5733 nunc
3510 5678 3580 5732 ad
3612 5677 3796 5749 ipsum

2179 5772 2486 5851 Dominum
2506 5774 2670 5835 verba
2685 5772 2969 5841 convertit,
2992 5779 3251 5844 expetens
3285 5777 3347 5827 ut
3379 5783 3601 5826 causam
3633 5781 3796 5825 suam
