  <div class='ocr_page' id='page_1' title='image "/cluster/home/n/w/nwhite01/storage/ocr_20150623/111/hvd.32044009716333/280.png"; bbox 0 0 4038 6324; ppageno 0'>
   <div class='ocr_carea' id='block_1_1' title="bbox 89 329 312 400">
    <p class='ocr_par' dir='ltr' id='par_1_1' title="bbox 89 329 312 400">
     <span class='ocr_line' id='line_1_1' title="bbox 89 329 312 400; baseline -0.004 -15"><span class='ocrx_word' id='word_1_1' title='bbox 89 379 106 400; x_wconf 85' lang='grc'><em>,</em></span> <span class='ocrx_word' id='word_1_2' title='bbox 205 329 312 386; x_wconf 70' lang='lat'><strong>545</strong></span> 
     </span>
    </p>
   </div>
   <div class='ocr_carea' id='block_1_2' title="bbox 1170 319 2496 392">
    <p class='ocr_par' dir='ltr' id='par_1_2' title="bbox 1170 319 2496 392">
     <span class='ocr_line' id='line_1_2' title="bbox 1170 319 2496 392; baseline -0.001 -4"><span class='ocrx_word' id='word_1_3' title='bbox 1170 325 2057 392; x_wconf 61' lang='grc' dir='ltr'><strong>ῡιῗυΝινΕἹῑέὒἿΠὶῙξΓῈίἮῖ.</strong></span> <span class='ocrx_word' id='word_1_4' title='bbox 2095 365 2164 373; x_wconf 92' lang='grc'><strong>-</strong></span> <span class='ocrx_word' id='word_1_5' title='bbox 2203 332 2333 389; x_wconf 70' lang='lat' dir='ltr'><strong>ut}.</strong></span> <span class='ocrx_word' id='word_1_6' title='bbox 2383 319 2496 387; x_wconf 59' lang='grc' dir='ltr'><strong>ΧΥ.</strong></span> 
     </span>
    </p>
   </div>
   <div class='ocr_carea' id='block_1_3' title="bbox 3375 337 3480 394">
    <p class='ocr_par' dir='ltr' id='par_1_3' title="bbox 3375 337 3480 394">
     <span class='ocr_line' id='line_1_3' title="bbox 3375 337 3480 394; baseline 0.019 -2"><span class='ocrx_word' id='word_1_7' title='bbox 3375 337 3480 394; x_wconf 78' lang='grc'><strong>546</strong></span> 
     </span>
    </p>
   </div>
   <div class='ocr_carea' id='block_1_4' title="bbox 206 429 3481 521">
    <p class='ocr_par' dir='ltr' id='par_1_4' title="bbox 206 429 3481 521">
     <span class='ocr_line' id='line_1_4' title="bbox 206 429 3481 521; baseline 0.001 -18"><span class='ocrx_word' id='word_1_8' title='bbox 206 452 396 503; x_wconf 82' lang='lat' dir='ltr'><strong>contra</strong></span> <span class='ocrx_word' id='word_1_9' title='bbox 421 441 543 499; x_wconf 87' lang='lat' dir='ltr'><strong>illos</strong></span> <span class='ocrx_word' id='word_1_10' title='bbox 575 429 852 513; x_wconf 86' lang='lat' dir='ltr'><strong>dijudicet,</strong></span> <span class='ocrx_word' id='word_1_11' title='bbox 893 446 986 514; x_wconf 85' lang='lat' dir='ltr'><strong>qui</strong></span> <span class='ocrx_word' id='word_1_12' title='bbox 1031 459 1138 501; x_wconf 92' lang='lat' dir='ltr'><strong>non</strong></span> <span class='ocrx_word' id='word_1_13' title='bbox 1179 446 1430 500; x_wconf 89' lang='lat' dir='ltr'><strong>desinunt</strong></span> <span class='ocrx_word' id='word_1_14' title='bbox 1454 447 1790 516; x_wconf 85' lang='lat' dir='ltr'><strong>pravissimis</strong></span> <span class='ocrx_word' id='word_1_15' title='bbox 1817 457 1866 514; x_wconf 78' lang='grc' dir='ltr'>Α</span> <span class='ocrx_word' id='word_1_16' title='bbox 1893 444 2010 512; x_wconf 88' lang='lat' dir='ltr'><strong>vn).</strong></span> <span class='ocrx_word' id='word_1_17' title='bbox 2052 443 2181 498; x_wconf 89' lang='lat' dir='ltr'><strong>ltem</strong></span> <span class='ocrx_word' id='word_1_18' title='bbox 2212 445 2458 499; x_wconf 83' lang='lat' dir='ltr'><strong>homines</strong></span> <span class='ocrx_word' id='word_1_19' title='bbox 2496 444 2707 515; x_wconf 88' lang='lat' dir='ltr'><strong>judices</strong></span> <span class='ocrx_word' id='word_1_20' title='bbox 2743 445 3014 500; x_wconf 89' lang='lat' dir='ltr'><strong>dicuntur.</strong></span> <span class='ocrx_word' id='word_1_21' title='bbox 3062 445 3215 502; x_wconf 88' lang='lat' dir='ltr'><strong>Unde</strong></span> <span class='ocrx_word' id='word_1_22' title='bbox 3257 447 3310 502; x_wconf 90' lang='lat' dir='ltr'><strong>in</strong></span> <span class='ocrx_word' id='word_1_23' title='bbox 3339 448 3481 521; x_wconf 84' lang='lat' dir='ltr'><strong>Lege</strong></span> 
     </span>
    </p>
   </div>
   <div class='ocr_carea' id='block_1_5' title="bbox 205 535 1794 594">
    <p class='ocr_par' dir='ltr' id='par_1_5' title="bbox 205 535 1794 594">
     <span class='ocr_line' id='line_1_5' title="bbox 205 535 1794 594; baseline 0.001 -2"><span class='ocrx_word' id='word_1_24' title='bbox 205 535 726 592; x_wconf 90' lang='lat' dir='ltr'><strong>murmurationibus</strong></span> <span class='ocrx_word' id='word_1_25' title='bbox 772 537 1045 592; x_wconf 90' lang='lat' dir='ltr'><strong>insonare.</strong></span> <span class='ocrx_word' id='word_1_26' title='bbox 1109 537 1322 594; x_wconf 82' lang='lat' dir='ltr'><strong>Judicat</strong></span> <span class='ocrx_word' id='word_1_27' title='bbox 1382 539 1524 592; x_wconf 93' lang='lat' dir='ltr'><strong>enim</strong></span> <span class='ocrx_word' id='word_1_28' title='bbox 1575 555 1794 594; x_wconf 83' lang='lat' dir='ltr'><strong>causam</strong></span> 
     </span>
    </p>
   </div>
   <div class='ocr_carea' id='block_1_6' title="bbox 207 627 1798 701">
    <p class='ocr_par' dir='ltr' id='par_1_6' title="bbox 207 627 1798 701">
     <span class='ocr_line' id='line_1_6' title="bbox 207 627 1798 701; baseline 0.001 -18"><span class='ocrx_word' id='word_1_29' title='bbox 207 644 385 693; x_wconf 88' lang='lat' dir='ltr'><strong>suam,</strong></span> <span class='ocrx_word' id='word_1_30' title='bbox 417 627 546 682; x_wconf 91' lang='lat' dir='ltr'><strong>dum</strong></span> <span class='ocrx_word' id='word_1_31' title='bbox 573 637 818 683; x_wconf 77' lang='lat' dir='ltr'><strong>errantes</strong></span> <span class='ocrx_word' id='word_1_32' title='bbox 863 628 991 683; x_wconf 92' lang='lat' dir='ltr'><strong>facit</strong></span> <span class='ocrx_word' id='word_1_33' title='bbox 1027 629 1310 684; x_wconf 85' lang='lat' dir='ltr'><strong>manifesta</strong></span> <span class='ocrx_word' id='word_1_34' title='bbox 1354 646 1699 701; x_wconf 82' lang='lat' dir='ltr'><strong>cognoscere,</strong></span> <span class='ocrx_word' id='word_1_35' title='bbox 1738 639 1798 685; x_wconf 92' lang='lat' dir='ltr'><strong>ut</strong></span> 
     </span>
    </p>
   </div>
   <div class='ocr_carea' id='block_1_7' title="bbox 207 719 1793 792">
    <p class='ocr_par' dir='ltr' id='par_1_7' title="bbox 207 719 1793 792">
     <span class='ocr_line' id='line_1_7' title="bbox 207 719 1793 792; baseline 0 -16"><span class='ocrx_word' id='word_1_36' title='bbox 207 719 458 776; x_wconf 86' lang='lat' dir='ltr'><strong>conversi</strong></span> <span class='ocrx_word' id='word_1_37' title='bbox 500 719 792 790; x_wconf 75' lang='lat' dir='ltr'><strong>praedicent</strong></span> <span class='ocrx_word' id='word_1_38' title='bbox 827 721 970 789; x_wconf 89' lang='lat' dir='ltr'><strong>quod</strong></span> <span class='ocrx_word' id='word_1_39' title='bbox 1014 721 1194 775; x_wconf 76' lang='lat' dir='ltr'><strong>stultis</strong></span> <span class='ocrx_word' id='word_1_40' title='bbox 1243 721 1658 792; x_wconf 83' lang='lat' dir='ltr'><strong>cogitationibus</strong></span> <span class='ocrx_word' id='word_1_41' title='bbox 1695 721 1793 776; x_wconf 85' lang='lat' dir='ltr'><strong>ab-</strong></span> 
     </span>
    </p>
   </div>
   <div class='ocr_carea' id='block_1_8' title="bbox 206 809 1792 883">
    <p class='ocr_par' dir='ltr' id='par_1_8' title="bbox 206 809 1792 883">
     <span class='ocr_line' id='line_1_8' title="bbox 206 809 1792 883; baseline 0.001 -17"><span class='ocrx_word' id='word_1_42' title='bbox 206 811 470 866; x_wconf 88' lang='lat' dir='ltr'><strong>uuebant.</strong></span> <span class='ocrx_word' id='word_1_43' title='bbox 499 809 574 864; x_wconf 92' lang='lat' dir='ltr'><strong>De</strong></span> <span class='ocrx_word' id='word_1_44' title='bbox 587 810 790 878; x_wconf 82' lang='lat' dir='ltr'><strong>judicio</strong></span> <span class='ocrx_word' id='word_1_45' title='bbox 814 826 944 866; x_wconf 91' lang='lat' dir='ltr'><strong>vero</strong></span> <span class='ocrx_word' id='word_1_46' title='bbox 975 811 1048 865; x_wconf 92' lang='lat' dir='ltr'><strong>ita</strong></span> <span class='ocrx_word' id='word_1_47' title='bbox 1072 811 1330 882; x_wconf 90' lang='lat' dir='ltr'><strong>scriptum</strong></span> <span class='ocrx_word' id='word_1_48' title='bbox 1360 811 1593 883; x_wconf 77' lang='lat' dir='ltr'><strong>legitur:</strong></span> <span class='ocrx_word' id='word_1_49' title='bbox 1628 812 1792 879; x_wconf 86' lang='lat' dir='ltr'><strong>Deus,</strong></span> 
     </span>
    </p>
   </div>
   <div class='ocr_carea' id='block_1_9' title="bbox 196 899 1794 974">
    <p class='ocr_par' dir='ltr' id='par_1_9' title="bbox 196 899 1794 974">
     <span class='ocr_line' id='line_1_9' title="bbox 196 899 1794 974; baseline 0.001 -18"><span class='ocrx_word' id='word_1_50' title='bbox 196 902 468 973; x_wconf 75' lang='lat' dir='ltr'><strong>judicium</strong></span> <span class='ocrx_word' id='word_1_51' title='bbox 500 910 647 955; x_wconf 88' lang='lat' dir='ltr'><strong>tuum</strong></span> <span class='ocrx_word' id='word_1_52' title='bbox 675 901 892 972; x_wconf 33' lang='lat' dir='ltr'><strong>regi‘da</strong></span> <span class='ocrx_word' id='word_1_53' title='bbox 918 899 1090 974; x_wconf 89' lang='lat' dir='ltr'><strong>(Psal.</strong></span> <span class='ocrx_word' id='word_1_54' title='bbox 1137 901 1308 974; x_wconf 76' lang='lat' dir='ltr'><strong>LXXI).</strong></span> <span class='ocrx_word' id='word_1_55' title='bbox 1341 901 1610 958; x_wconf 82' lang='lat' dir='ltr'><strong>Judicium</strong></span> <span class='ocrx_word' id='word_1_56' title='bbox 1649 903 1794 958; x_wconf 88' lang='lat' dir='ltr'><strong>enim</strong></span> 
     </span>
    </p>
   </div>
   <div class='ocr_carea' id='block_1_10' title="bbox 208 980 1796 1066">
    <p class='ocr_par' dir='ltr' id='par_1_10' title="bbox 208 980 1796 1066">
     <span class='ocr_line' id='line_1_10' title="bbox 208 980 1796 1066; baseline -0.001 -14"><span class='ocrx_word' id='word_1_57' title='bbox 208 997 413 1052; x_wconf 88' lang='lat' dir='ltr'><strong>dictum</strong></span> <span class='ocrx_word' id='word_1_58' title='bbox 458 1004 561 1061; x_wconf 90' lang='lat' dir='ltr'><strong>est,</strong></span> <span class='ocrx_word' id='word_1_59' title='bbox 599 995 755 1066; x_wconf 79' lang='lat' dir='ltr'><strong>quasi</strong></span> <span class='ocrx_word' id='word_1_60' title='bbox 789 993 932 1065; x_wconf 86' lang='lat' dir='ltr'><strong>juris</strong></span> <span class='ocrx_word' id='word_1_61' title='bbox 972 980 1194 1062; x_wconf 85' lang='lat' dir='ltr'><strong>dieium,</strong></span> <span class='ocrx_word' id='word_1_62' title='bbox 1244 997 1297 1051; x_wconf 88' lang='lat' dir='ltr'><strong>id</strong></span> <span class='ocrx_word' id='word_1_63' title='bbox 1326 1004 1432 1061; x_wconf 91' lang='lat' dir='ltr'><strong>est,</strong></span> <span class='ocrx_word' id='word_1_64' title='bbox 1470 997 1611 1066; x_wconf 87' lang='lat' dir='ltr'><strong>quod</strong></span> <span class='ocrx_word' id='word_1_65' title='bbox 1639 996 1694 1050; x_wconf 91' lang='lat' dir='ltr'><strong>in</strong></span> <span class='ocrx_word' id='word_1_66' title='bbox 1729 1010 1796 1050; x_wconf 88' lang='lat' dir='ltr'><strong>eo</strong></span> 
     </span>
    </p>
   </div>
   <div class='ocr_carea' id='block_1_11' title="bbox 201 1087 1796 1160">
    <p class='ocr_par' dir='ltr' id='par_1_11' title="bbox 201 1087 1796 1160">
     <span class='ocr_line' id='line_1_11' title="bbox 201 1087 1796 1160; baseline -0.002 -17"><span class='ocrx_word' id='word_1_67' title='bbox 201 1088 293 1160; x_wconf 86' lang='lat' dir='ltr'><strong>jus</strong></span> <span class='ocrx_word' id='word_1_68' title='bbox 321 1088 550 1143; x_wconf 86' lang='lat' dir='ltr'><strong>dicatur.</strong></span> <span class='ocrx_word' id='word_1_69' title='bbox 578 1087 648 1142; x_wconf 88' lang='lat' dir='ltr'><strong>Et</strong></span> <span class='ocrx_word' id='word_1_70' title='bbox 682 1095 741 1141; x_wconf 94' lang='lat' dir='ltr'><strong>ut</strong></span> <span class='ocrx_word' id='word_1_71' title='bbox 770 1087 1120 1142; x_wconf 88' lang='lat' dir='ltr'><strong>veracissime</strong></span> <span class='ocrx_word' id='word_1_72' title='bbox 1156 1089 1476 1157; x_wconf 86' lang='lat' dir='ltr'><strong>probaretur</strong></span> <span class='ocrx_word' id='word_1_73' title='bbox 1500 1103 1620 1142; x_wconf 92' lang='lat' dir='ltr'><strong>esse</strong></span> <span class='ocrx_word' id='word_1_74' title='bbox 1658 1087 1796 1158; x_wconf 89' lang='lat' dir='ltr'><strong>peti-</strong></span> 
     </span>
    </p>
   </div>
   <div class='ocr_carea' id='block_1_12' title="bbox 209 1175 1796 1248">
    <p class='ocr_par' dir='ltr' id='par_1_12' title="bbox 209 1175 1796 1248">
     <span class='ocr_line' id='line_1_12' title="bbox 209 1175 1796 1248; baseline -0.001 -17"><span class='ocrx_word' id='word_1_75' title='bbox 209 1177 306 1244; x_wconf 87' lang='lat' dir='ltr'><strong>tio,</strong></span> <span class='ocrx_word' id='word_1_76' title='bbox 328 1177 518 1232; x_wconf 87' lang='lat' dir='ltr'><strong>eadem</strong></span> <span class='ocrx_word' id='word_1_77' title='bbox 543 1176 740 1231; x_wconf 86' lang='lat' dir='ltr'><strong>iterum</strong></span> <span class='ocrx_word' id='word_1_78' title='bbox 763 1176 1008 1245; x_wconf 86' lang='lat' dir='ltr'><strong>sequenti</strong></span> <span class='ocrx_word' id='word_1_79' title='bbox 1035 1185 1304 1231; x_wconf 88' lang='lat' dir='ltr'><strong>commate</strong></span> <span class='ocrx_word' id='word_1_80' title='bbox 1345 1175 1654 1248; x_wconf 76' lang='lat' dir='ltr'><strong>geminavit.</strong></span> <span class='ocrx_word' id='word_1_81' title='bbox 1683 1175 1796 1230; x_wconf 86' lang='lat' dir='ltr'><strong>Hoc</strong></span> 
     </span>
    </p>
   </div>
   <div class='ocr_carea' id='block_1_13' title="bbox 205 1267 1793 1339">
    <p class='ocr_par' dir='ltr' id='par_1_13' title="bbox 205 1267 1793 1339">
     <span class='ocr_line' id='line_1_13' title="bbox 205 1267 1793 1339; baseline -0.001 -16"><span class='ocrx_word' id='word_1_82' title='bbox 205 1277 292 1324; x_wconf 88' lang='lat' dir='ltr'><strong>est</strong></span> <span class='ocrx_word' id='word_1_83' title='bbox 336 1267 482 1322; x_wconf 85' lang='lat' dir='ltr'><strong>enim</strong></span> <span class='ocrx_word' id='word_1_84' title='bbox 520 1267 665 1338; x_wconf 90' lang='lat' dir='ltr'><strong>quod</strong></span> <span class='ocrx_word' id='word_1_85' title='bbox 715 1267 884 1322; x_wconf 86' lang='lat' dir='ltr'><strong>dicit:</strong></span> <span class='ocrx_word' id='word_1_86' title='bbox 913 1267 983 1320; x_wconf 86' lang='lat' dir='ltr'><strong>Et</strong></span> <span class='ocrx_word' id='word_1_87' title='bbox 1003 1267 1271 1338; x_wconf 77' lang='lat' dir='ltr'><strong>justitiam</strong></span> <span class='ocrx_word' id='word_1_88' title='bbox 1297 1277 1442 1322; x_wconf 91' lang='lat' dir='ltr'><strong>tuam</strong></span> <span class='ocrx_word' id='word_1_89' title='bbox 1465 1268 1579 1336; x_wconf 86' lang='lat' dir='ltr'><strong>ﬁlio</strong></span> <span class='ocrx_word' id='word_1_90' title='bbox 1615 1270 1748 1339; x_wconf 88' lang='lat' dir='ltr'><strong>regis</strong></span> <span class='ocrx_word' id='word_1_91' title='bbox 1775 1286 1793 1322; x_wconf 89' lang='lat'><strong>:</strong></span> 
     </span>
    </p>
   </div>
   <div class='ocr_carea' id='block_1_14' title="bbox 205 1357 1796 1438">
    <p class='ocr_par' dir='ltr' id='par_1_14' title="bbox 205 1357 1796 1438">
     <span class='ocr_line' id='line_1_14' title="bbox 205 1357 1796 1438; baseline 0 -25"><span class='ocrx_word' id='word_1_92' title='bbox 205 1360 350 1430; x_wconf 91' lang='lat' dir='ltr'><strong>quod</strong></span> <span class='ocrx_word' id='word_1_93' title='bbox 379 1359 629 1429; x_wconf 89' lang='lat' dir='ltr'><strong>superius</strong></span> <span class='ocrx_word' id='word_1_94' title='bbox 663 1359 776 1413; x_wconf 90' lang='lat' dir='ltr'><strong>ait:</strong></span> <span class='ocrx_word' id='word_1_95' title='bbox 801 1357 1074 1414; x_wconf 74' lang='lat' dir='ltr'><strong>Iudicium</strong></span> <span class='ocrx_word' id='word_1_96' title='bbox 1102 1370 1262 1438; x_wconf 69' lang='lat' dir='ltr'><strong>tuum</strong></span> <span class='ocrx_word' id='word_1_97' title='bbox 1301 1361 1408 1431; x_wconf 87' lang='lat' dir='ltr'><strong>regi</strong></span> <span class='ocrx_word' id='word_1_98' title='bbox 1437 1360 1541 1414; x_wconf 87' lang='lat' dir='ltr'><strong>da:</strong></span> <span class='ocrx_word' id='word_1_99' title='bbox 1572 1360 1712 1430; x_wconf 90' lang='lat' dir='ltr'><strong>quod</strong></span> <span class='ocrx_word' id='word_1_100' title='bbox 1740 1361 1796 1414; x_wconf 91' lang='lat' dir='ltr'><strong>in</strong></span> 
     </span>
    </p>
   </div>
   <div class='ocr_carea' id='block_1_15' title="bbox 207 1449 1796 1522">
    <p class='ocr_par' dir='ltr' id='par_1_15' title="bbox 207 1449 1796 1522">
     <span class='ocr_line' id='line_1_15' title="bbox 207 1449 1796 1522; baseline -0.003 -14"><span class='ocrx_word' id='word_1_101' title='bbox 207 1451 508 1522; x_wconf 85' lang='lat' dir='ltr'><strong>Scripturis</strong></span> <span class='ocrx_word' id='word_1_102' title='bbox 532 1449 727 1505; x_wconf 86' lang='lat' dir='ltr'><strong>divinis</strong></span> <span class='ocrx_word' id='word_1_103' title='bbox 757 1450 826 1504; x_wconf 87' lang='lat' dir='ltr'><strong>ad</strong></span> <span class='ocrx_word' id='word_1_104' title='bbox 850 1450 1255 1520; x_wconf 79' lang='lat' dir='ltr'><strong>exprimendam</strong></span> <span class='ocrx_word' id='word_1_105' title='bbox 1295 1467 1514 1506; x_wconf 89' lang='lat' dir='ltr'><strong>causam</strong></span> <span class='ocrx_word' id='word_1_106' title='bbox 1547 1451 1796 1521; x_wconf 87' lang='lat' dir='ltr'><strong>frequen-</strong></span> 
     </span>
    </p>
   </div>
   <div class='ocr_carea' id='block_1_16' title="bbox 205 1538 1790 1611">
    <p class='ocr_par' dir='ltr' id='par_1_16' title="bbox 205 1538 1790 1611">
     <span class='ocr_line' id='line_1_16' title="bbox 205 1538 1790 1611; baseline -0.001 -16"><span class='ocrx_word' id='word_1_107' title='bbox 205 1548 290 1595; x_wconf 90' lang='lat' dir='ltr'><strong>ter</strong></span> <span class='ocrx_word' id='word_1_108' title='bbox 339 1538 549 1594; x_wconf 89' lang='lat' dir='ltr'><strong>invenis</strong></span> <span class='ocrx_word' id='word_1_109' title='bbox 595 1539 901 1609; x_wconf 89' lang='lat' dir='ltr'><strong>repetitum.</strong></span> <span class='ocrx_word' id='word_1_110' title='bbox 955 1538 1237 1608; x_wconf 78' lang='lat' dir='ltr'><strong>Negotium</strong></span> <span class='ocrx_word' id='word_1_111' title='bbox 1282 1541 1448 1595; x_wconf 89' lang='lat' dir='ltr'><strong>multa</strong></span> <span class='ocrx_word' id='word_1_112' title='bbox 1487 1541 1790 1611; x_wconf 90' lang='lat' dir='ltr'><strong>signiﬁcat:</strong></span> 
     </span>
    </p>
   </div>
   <div class='ocr_carea' id='block_1_17' title="bbox 206 1632 1790 1704">
    <p class='ocr_par' dir='ltr' id='par_1_17' title="bbox 206 1632 1790 1704">
     <span class='ocr_line' id='line_1_17' title="bbox 206 1632 1790 1704; baseline -0.001 -15"><span class='ocrx_word' id='word_1_113' title='bbox 206 1634 368 1690; x_wconf 92' lang='lat' dir='ltr'><strong>modo</strong></span> <span class='ocrx_word' id='word_1_114' title='bbox 389 1641 569 1689; x_wconf 89' lang='lat' dir='ltr'><strong>actum</strong></span> <span class='ocrx_word' id='word_1_115' title='bbox 599 1634 680 1688; x_wconf 85' lang='lat' dir='ltr'><strong>rei</strong></span> <span class='ocrx_word' id='word_1_116' title='bbox 711 1632 957 1704; x_wconf 83' lang='lat' dir='ltr'><strong>alicujus,</strong></span> <span class='ocrx_word' id='word_1_117' title='bbox 989 1635 1074 1687; x_wconf 89' lang='lat' dir='ltr'><strong>cui</strong></span> <span class='ocrx_word' id='word_1_118' title='bbox 1097 1635 1428 1689; x_wconf 90' lang='lat' dir='ltr'><strong>contrarium</strong></span> <span class='ocrx_word' id='word_1_119' title='bbox 1477 1643 1562 1690; x_wconf 92' lang='lat' dir='ltr'><strong>est</strong></span> <span class='ocrx_word' id='word_1_120' title='bbox 1587 1633 1790 1700; x_wconf 91' lang='lat' dir='ltr'><strong>otium;</strong></span> 
     </span>
    </p>
   </div>
   <div class='ocr_carea' id='block_1_18' title="bbox 205 1723 1795 1796">
    <p class='ocr_par' dir='ltr' id='par_1_18' title="bbox 205 1723 1795 1796">
     <span class='ocr_line' id='line_1_18' title="bbox 205 1723 1795 1796; baseline -0.001 -16"><span class='ocrx_word' id='word_1_121' title='bbox 205 1726 365 1781; x_wconf 91' lang='lat' dir='ltr'><strong>modo</strong></span> <span class='ocrx_word' id='word_1_122' title='bbox 392 1723 661 1780; x_wconf 87' lang='lat' dir='ltr'><strong>actionem</strong></span> <span class='ocrx_word' id='word_1_123' title='bbox 690 1738 887 1789; x_wconf 83' lang='lat' dir='ltr'><strong>causae,</strong></span> <span class='ocrx_word' id='word_1_124' title='bbox 911 1725 1054 1794; x_wconf 91' lang='lat' dir='ltr'><strong>quod</strong></span> <span class='ocrx_word' id='word_1_125' title='bbox 1083 1732 1167 1779; x_wconf 91' lang='lat' dir='ltr'><strong>est</strong></span> <span class='ocrx_word' id='word_1_126' title='bbox 1186 1724 1424 1796; x_wconf 91' lang='lat' dir='ltr'><strong>jurgium</strong></span> <span class='ocrx_word' id='word_1_127' title='bbox 1447 1725 1555 1781; x_wconf 90' lang='lat' dir='ltr'><strong>litis</strong></span> <span class='ocrx_word' id='word_1_128' title='bbox 1586 1743 1599 1780; x_wconf 88' lang='lat'><strong>:</strong></span> <span class='ocrx_word' id='word_1_129' title='bbox 1629 1735 1684 1781; x_wconf 92' lang='lat' dir='ltr'><strong>et</strong></span> <span class='ocrx_word' id='word_1_130' title='bbox 1714 1726 1795 1779; x_wconf 89' lang='lat' dir='ltr'><strong>di-</strong></span> 
     </span>
    </p>
   </div>
   <div class='ocr_carea' id='block_1_19' title="bbox 1895 535 3482 613">
    <p class='ocr_par' dir='ltr' id='par_1_19' title="bbox 1895 535 3482 613">
     <span class='ocr_line' id='line_1_19' title="bbox 1895 535 3482 613; baseline 0.004 -24"><span class='ocrx_word' id='word_1_131' title='bbox 1895 536 2153 606; x_wconf 85' lang='lat' dir='ltr'><strong>scriptum</strong></span> <span class='ocrx_word' id='word_1_132' title='bbox 2175 545 2259 589; x_wconf 90' lang='lat' dir='ltr'><strong>est</strong></span> <span class='ocrx_word' id='word_1_133' title='bbox 2287 555 2298 588; x_wconf 93' lang='lat'><strong>:</strong></span> <span class='ocrx_word' id='word_1_134' title='bbox 2323 535 2536 590; x_wconf 85' lang='lat' dir='ltr'><strong>Judices</strong></span> <span class='ocrx_word' id='word_1_135' title='bbox 2563 537 2616 590; x_wconf 87' lang='lat' dir='ltr'><strong>in</strong></span> <span class='ocrx_word' id='word_1_136' title='bbox 2637 538 2798 606; x_wconf 85' lang='lat' dir='ltr'><strong>portis</strong></span> <span class='ocrx_word' id='word_1_137' title='bbox 2823 538 2924 591; x_wconf 89' lang='lat' dir='ltr'><strong>tuis</strong></span> <span class='ocrx_word' id='word_1_138' title='bbox 2947 540 3252 605; x_wconf 79' lang='lat' dir='ltr'><strong>constituas,</strong></span> <span class='ocrx_word' id='word_1_139' title='bbox 3283 544 3374 612; x_wconf 86' lang='lat' dir='ltr'><strong>qui</strong></span> <span class='ocrx_word' id='word_1_140' title='bbox 3385 543 3482 613; x_wconf 88' lang='lat' dir='ltr'><strong>ju-</strong></span> 
     </span>
    </p>
   </div>
   <div class='ocr_carea' id='block_1_20' title="bbox 1894 625 3484 702">
    <p class='ocr_par' dir='ltr' id='par_1_20' title="bbox 1894 625 3484 702">
     <span class='ocr_line' id='line_1_20' title="bbox 1894 625 3484 702; baseline 0.008 -24"><span class='ocrx_word' id='word_1_141' title='bbox 1894 625 2065 680; x_wconf 85' lang='lat' dir='ltr'><strong>dicent</strong></span> <span class='ocrx_word' id='word_1_142' title='bbox 2104 627 2353 697; x_wconf 80' lang='lat' dir='ltr'><strong>populant</strong></span> <span class='ocrx_word' id='word_1_143' title='bbox 2389 628 2442 681; x_wconf 90' lang='lat' dir='ltr'><strong>in</strong></span> <span class='ocrx_word' id='word_1_144' title='bbox 2483 631 2726 700; x_wconf 70' lang='lat' dir='ltr'><strong>a’quitalc</strong></span> <span class='ocrx_word' id='word_1_145' title='bbox 2768 629 2944 700; x_wconf 86' lang='lat' dir='ltr'><strong>(Deut.</strong></span> <span class='ocrx_word' id='word_1_146' title='bbox 2999 630 3132 702; x_wconf 77' lang='lat' dir='ltr'><strong>xvi).</strong></span> <span class='ocrx_word' id='word_1_147' title='bbox 3183 632 3484 690; x_wconf 89' lang='lat' dir='ltr'><strong>Accusator</strong></span> 
     </span>
    </p>
   </div>
   <div class='ocr_carea' id='block_1_21' title="bbox 1895 720 3487 790">
    <p class='ocr_par' dir='ltr' id='par_1_21' title="bbox 1895 720 3487 790">
     <span class='ocr_line' id='line_1_21' title="bbox 1895 720 3487 790; baseline 0.006 -19"><span class='ocrx_word' id='word_1_148' title='bbox 1895 729 2132 783; x_wconf 88' lang='lat' dir='ltr'><strong>vocatur,</strong></span> <span class='ocrx_word' id='word_1_149' title='bbox 2193 720 2347 789; x_wconf 90' lang='lat' dir='ltr'><strong>quasi</strong></span> <span class='ocrx_word' id='word_1_150' title='bbox 2407 721 2749 785; x_wconf 87' lang='lat' dir='ltr'><strong>adcausator,</strong></span> <span class='ocrx_word' id='word_1_151' title='bbox 2799 723 2888 790; x_wconf 92' lang='lat' dir='ltr'><strong>qui</strong></span> <span class='ocrx_word' id='word_1_152' title='bbox 2941 722 3008 775; x_wconf 87' lang='lat' dir='ltr'><strong>ad</strong></span> <span class='ocrx_word' id='word_1_153' title='bbox 3058 738 3276 778; x_wconf 88' lang='lat' dir='ltr'><strong>causam</strong></span> <span class='ocrx_word' id='word_1_154' title='bbox 3327 726 3487 781; x_wconf 75' lang='lat' dir='ltr'><strong>vocat</strong></span> 
     </span>
    </p>
   </div>
   <div class='ocr_carea' id='block_1_22' title="bbox 1894 809 3484 880">
    <p class='ocr_par' dir='ltr' id='par_1_22' title="bbox 1894 809 3484 880">
     <span class='ocr_line' id='line_1_22' title="bbox 1894 809 3484 880; baseline 0.004 -19"><span class='ocrx_word' id='word_1_155' title='bbox 1894 823 2017 861; x_wconf 91' lang='lat' dir='ltr'><strong>eum</strong></span> <span class='ocrx_word' id='word_1_156' title='bbox 2048 824 2207 878; x_wconf 89' lang='lat' dir='ltr'><strong>quem</strong></span> <span class='ocrx_word' id='word_1_157' title='bbox 2249 809 2502 879; x_wconf 91' lang='lat' dir='ltr'><strong>appellat.</strong></span> <span class='ocrx_word' id='word_1_158' title='bbox 2544 810 2842 864; x_wconf 81' lang='lat' dir='ltr'><strong>Accusator</strong></span> <span class='ocrx_word' id='word_1_159' title='bbox 2882 810 3149 880; x_wconf 82' lang='lat' dir='ltr'><strong>significat</strong></span> <span class='ocrx_word' id='word_1_160' title='bbox 3189 812 3484 878; x_wconf 89' lang='lat' dir='ltr'><strong>diabolum,</strong></span> 
     </span>
    </p>
   </div>
   <div class='ocr_carea' id='block_1_23' title="bbox 1895 899 3486 974">
    <p class='ocr_par' dir='ltr' id='par_1_23' title="bbox 1895 899 3486 974">
     <span class='ocr_line' id='line_1_23' title="bbox 1895 899 3486 974; baseline 0.004 -21"><span class='ocrx_word' id='word_1_161' title='bbox 1895 899 1960 954; x_wconf 91' lang='lat' dir='ltr'><strong>de</strong></span> <span class='ocrx_word' id='word_1_162' title='bbox 1993 915 2103 969; x_wconf 89' lang='lat' dir='ltr'><strong>quo</strong></span> <span class='ocrx_word' id='word_1_163' title='bbox 2127 901 2182 955; x_wconf 91' lang='lat' dir='ltr'><strong>in</strong></span> <span class='ocrx_word' id='word_1_164' title='bbox 2225 901 2545 974; x_wconf 82' lang='lat' dir='ltr'><strong>Apocalypsi</strong></span> <span class='ocrx_word' id='word_1_165' title='bbox 2577 903 2836 974; x_wconf 89' lang='lat' dir='ltr'><strong>scriptum</strong></span> <span class='ocrx_word' id='word_1_166' title='bbox 2863 912 2948 958; x_wconf 91' lang='lat' dir='ltr'><strong>est</strong></span> <span class='ocrx_word' id='word_1_167' title='bbox 2975 922 2987 957; x_wconf 87' lang='lat'><strong>:</strong></span> <span class='ocrx_word' id='word_1_168' title='bbox 3015 903 3316 972; x_wconf 73' lang='lat' dir='ltr'><strong>Lwtamini,</strong></span> <span class='ocrx_word' id='word_1_169' title='bbox 3349 905 3486 972; x_wconf 72' lang='lat' dir='ltr'><strong>mli,</strong></span> 
     </span>
    </p>
   </div>
   <div class='ocr_carea' id='block_1_24' title="bbox 1893 991 3484 1069">
    <p class='ocr_par' dir='ltr' id='par_1_24' title="bbox 1893 991 3484 1069">
     <span class='ocr_line' id='line_1_24' title="bbox 1893 991 3484 1069; baseline 0.004 -25"><span class='ocrx_word' id='word_1_170' title='bbox 1893 999 1942 1044; x_wconf 87' lang='lat' dir='ltr'><strong>et</strong></span> <span class='ocrx_word' id='word_1_171' title='bbox 1965 991 2243 1058; x_wconf 75' lang='lat' dir='ltr'><strong>exsultate,</strong></span> <span class='ocrx_word' id='word_1_172' title='bbox 2275 1010 2451 1048; x_wconf 86' lang='lat' dir='ltr'><strong>omnes</strong></span> <span class='ocrx_word' id='word_1_173' title='bbox 2475 995 2565 1065; x_wconf 85' lang='lat' dir='ltr'><strong>qui</strong></span> <span class='ocrx_word' id='word_1_174' title='bbox 2593 994 2841 1048; x_wconf 80' lang='lat' dir='ltr'><strong>habitatis</strong></span> <span class='ocrx_word' id='word_1_175' title='bbox 2870 996 2924 1048; x_wconf 89' lang='lat' dir='ltr'><strong>in</strong></span> <span class='ocrx_word' id='word_1_176' title='bbox 2950 995 3046 1060; x_wconf 89' lang='lat' dir='ltr'><strong>eis,</strong></span> <span class='ocrx_word' id='word_1_177' title='bbox 3075 997 3325 1069; x_wconf 82' lang='lat' dir='ltr'><strong>quoniam</strong></span> <span class='ocrx_word' id='word_1_178' title='bbox 3359 1013 3484 1066; x_wconf 89' lang='lat' dir='ltr'><strong>pro-</strong></span> 
     </span>
    </p>
   </div>
   <div class='ocr_carea' id='block_1_25' title="bbox 1887 1081 3484 1160">
    <p class='ocr_par' dir='ltr' id='par_1_25' title="bbox 1887 1081 3484 1160">
     <span class='ocr_line' id='line_1_25' title="bbox 1887 1081 3484 1160; baseline 0.003 -25"><span class='ocrx_word' id='word_1_179' title='bbox 1887 1081 2058 1152; x_wconf 86' lang='lat' dir='ltr'><strong>jectus</strong></span> <span class='ocrx_word' id='word_1_180' title='bbox 2089 1093 2163 1138; x_wconf 86' lang='lat' dir='ltr'><strong>est</strong></span> <span class='ocrx_word' id='word_1_181' title='bbox 2204 1096 2480 1140; x_wconf 81' lang='lat' dir='ltr'><strong>accusator</strong></span> <span class='ocrx_word' id='word_1_182' title='bbox 2519 1087 2747 1157; x_wconf 79' lang='lat' dir='ltr'><strong>fratrum</strong></span> <span class='ocrx_word' id='word_1_183' title='bbox 2793 1097 3090 1140; x_wconf 88' lang='lat' dir='ltr'><strong>nostrorum</strong></span> <span class='ocrx_word' id='word_1_184' title='bbox 3131 1087 3316 1160; x_wconf 82' lang='lat' dir='ltr'><strong>(Apoc.</strong></span> <span class='ocrx_word' id='word_1_185' title='bbox 3362 1087 3484 1158; x_wconf 84' lang='lat' dir='ltr'><strong>xu).</strong></span> 
     </span>
    </p>
   </div>
   <div class='ocr_carea' id='block_1_26' title="bbox 1896 1173 3488 1248">
    <p class='ocr_par' dir='ltr' id='par_1_26' title="bbox 1896 1173 3488 1248">
     <span class='ocr_line' id='line_1_26' title="bbox 1896 1173 3488 1248; baseline 0.004 -21"><span class='ocrx_word' id='word_1_186' title='bbox 1896 1173 2043 1228; x_wconf 82' lang='lat' dir='ltr'><strong>Reus</strong></span> <span class='ocrx_word' id='word_1_187' title='bbox 2086 1189 2117 1228; x_wconf 90' lang='lat' dir='ltr'><strong>a</strong></span> <span class='ocrx_word' id='word_1_188' title='bbox 2153 1189 2234 1240; x_wconf 93' lang='lat' dir='ltr'><strong>re,</strong></span> <span class='ocrx_word' id='word_1_189' title='bbox 2265 1191 2371 1245; x_wconf 89' lang='lat' dir='ltr'><strong>qua</strong></span> <span class='ocrx_word' id='word_1_190' title='bbox 2402 1177 2624 1246; x_wconf 90' lang='lat' dir='ltr'><strong>petitur,</strong></span> <span class='ocrx_word' id='word_1_191' title='bbox 2654 1186 2994 1248; x_wconf 92' lang='lat' dir='ltr'><strong>nuncupatur</strong></span> <span class='ocrx_word' id='word_1_192' title='bbox 3028 1199 3039 1231; x_wconf 88' lang='lat'><strong>:</strong></span> <span class='ocrx_word' id='word_1_193' title='bbox 3089 1179 3216 1248; x_wconf 89' lang='lat' dir='ltr'><strong>quia</strong></span> <span class='ocrx_word' id='word_1_194' title='bbox 3238 1179 3488 1248; x_wconf 86' lang='lat' dir='ltr'><strong>quamvis</strong></span> 
     </span>
    </p>
   </div>
   <div class='ocr_carea' id='block_1_27' title="bbox 1896 1265 3486 1341">
    <p class='ocr_par' dir='ltr' id='par_1_27' title="bbox 1896 1265 3486 1341">
     <span class='ocr_line' id='line_1_27' title="bbox 1896 1265 3486 1341; baseline 0.003 -20"><span class='ocrx_word' id='word_1_195' title='bbox 1896 1265 2120 1321; x_wconf 90' lang='lat' dir='ltr'><strong>sceleris</strong></span> <span class='ocrx_word' id='word_1_196' title='bbox 2160 1269 2412 1322; x_wconf 90' lang='lat' dir='ltr'><strong>conscius</strong></span> <span class='ocrx_word' id='word_1_197' title='bbox 2435 1284 2542 1324; x_wconf 89' lang='lat' dir='ltr'><strong>non</strong></span> <span class='ocrx_word' id='word_1_198' title='bbox 2575 1269 2666 1334; x_wconf 90' lang='lat' dir='ltr'><strong>sit,</strong></span> <span class='ocrx_word' id='word_1_199' title='bbox 2706 1285 2830 1324; x_wconf 91' lang='lat' dir='ltr'><strong>reus</strong></span> <span class='ocrx_word' id='word_1_200' title='bbox 2858 1279 3034 1324; x_wconf 89' lang='lat' dir='ltr'><strong>tamen</strong></span> <span class='ocrx_word' id='word_1_201' title='bbox 3063 1269 3281 1336; x_wconf 90' lang='lat' dir='ltr'><strong>dicitur,</strong></span> <span class='ocrx_word' id='word_1_202' title='bbox 3310 1286 3486 1341; x_wconf 89' lang='lat' dir='ltr'><strong>quan-</strong></span> 
     </span>
    </p>
   </div>
   <div class='ocr_carea' id='block_1_28' title="bbox 1896 1355 3488 1431">
    <p class='ocr_par' dir='ltr' id='par_1_28' title="bbox 1896 1355 3488 1431">
     <span class='ocr_line' id='line_1_28' title="bbox 1896 1355 3488 1431; baseline 0.004 -20"><span class='ocrx_word' id='word_1_203' title='bbox 1896 1357 1985 1411; x_wconf 90' lang='lat' dir='ltr'><strong>diu</strong></span> <span class='ocrx_word' id='word_1_204' title='bbox 2027 1357 2080 1410; x_wconf 91' lang='lat' dir='ltr'><strong>in</strong></span> <span class='ocrx_word' id='word_1_205' title='bbox 2117 1355 2318 1413; x_wconf 78' lang='lat' dir='ltr'><strong>iudicio</strong></span> <span class='ocrx_word' id='word_1_206' title='bbox 2361 1375 2460 1429; x_wconf 92' lang='lat' dir='ltr'><strong>pro</strong></span> <span class='ocrx_word' id='word_1_207' title='bbox 2498 1375 2558 1415; x_wconf 89' lang='lat' dir='ltr'><strong>re</strong></span> <span class='ocrx_word' id='word_1_208' title='bbox 2587 1360 2762 1430; x_wconf 91' lang='lat' dir='ltr'><strong>aliqua</strong></span> <span class='ocrx_word' id='word_1_209' title='bbox 2795 1362 3012 1431; x_wconf 91' lang='lat' dir='ltr'><strong>petitur.</strong></span> <span class='ocrx_word' id='word_1_210' title='bbox 3065 1361 3208 1417; x_wconf 81' lang='lat' dir='ltr'><strong>Reus</strong></span> <span class='ocrx_word' id='word_1_211' title='bbox 3248 1363 3389 1416; x_wconf 91' lang='lat' dir='ltr'><strong>enim</strong></span> <span class='ocrx_word' id='word_1_212' title='bbox 3432 1363 3488 1417; x_wconf 92' lang='lat' dir='ltr'><strong>in</strong></span> 
     </span>
    </p>
   </div>
   <div class='ocr_carea' id='block_1_29' title="bbox 1897 1449 3492 1524">
    <p class='ocr_par' dir='ltr' id='par_1_29' title="bbox 1897 1449 3492 1524">
     <span class='ocr_line' id='line_1_29' title="bbox 1897 1449 3492 1524; baseline 0.004 -20"><span class='ocrx_word' id='word_1_213' title='bbox 1897 1449 2194 1521; x_wconf 87' lang='lat' dir='ltr'><strong>Scripturis</strong></span> <span class='ocrx_word' id='word_1_214' title='bbox 2221 1467 2320 1524; x_wconf 90' lang='lat' dir='ltr'><strong>pro</strong></span> <span class='ocrx_word' id='word_1_215' title='bbox 2361 1461 2515 1507; x_wconf 85' lang='lat' dir='ltr'><strong>sonte</strong></span> <span class='ocrx_word' id='word_1_216' title='bbox 2557 1462 2612 1507; x_wconf 92' lang='lat' dir='ltr'><strong>et</strong></span> <span class='ocrx_word' id='word_1_217' title='bbox 2641 1462 2928 1524; x_wconf 90' lang='lat' dir='ltr'><strong>peccatore</strong></span> <span class='ocrx_word' id='word_1_218' title='bbox 2954 1455 3200 1523; x_wconf 89' lang='lat' dir='ltr'><strong>ponitur;</strong></span> <span class='ocrx_word' id='word_1_219' title='bbox 3229 1456 3370 1512; x_wconf 90' lang='lat' dir='ltr'><strong>unde</strong></span> <span class='ocrx_word' id='word_1_220' title='bbox 3407 1465 3492 1512; x_wconf 91' lang='lat' dir='ltr'><strong>est</strong></span> 
     </span>
    </p>
   </div>
   <div class='ocr_carea' id='block_1_30' title="bbox 1897 1535 3488 1620">
    <p class='ocr_par' dir='ltr' id='par_1_30' title="bbox 1897 1535 3488 1620">
     <span class='ocr_line' id='line_1_30' title="bbox 1897 1535 3488 1620; baseline 0.001 -15"><span class='ocrx_word' id='word_1_221' title='bbox 1897 1550 2062 1606; x_wconf 90' lang='lat' dir='ltr'><strong>illud:</strong></span> <span class='ocrx_word' id='word_1_222' title='bbox 2090 1535 2194 1616; x_wconf 74' lang='lat' dir='ltr'><strong>Qui</strong></span> <span class='ocrx_word' id='word_1_223' title='bbox 2229 1547 2490 1601; x_wconf 85' lang='lat' dir='ltr'><strong>hominem</strong></span> <span class='ocrx_word' id='word_1_224' title='bbox 2519 1546 2785 1612; x_wconf 88' lang='lat' dir='ltr'><strong>occiderit,</strong></span> <span class='ocrx_word' id='word_1_225' title='bbox 2811 1563 2928 1601; x_wconf 86' lang='lat' dir='ltr'><strong>reus</strong></span> <span class='ocrx_word' id='word_1_226' title='bbox 2953 1557 3028 1602; x_wconf 88' lang='lat' dir='ltr'><strong>est</strong></span> <span class='ocrx_word' id='word_1_227' title='bbox 3059 1550 3245 1603; x_wconf 89' lang='lat' dir='ltr'><strong>mortis</strong></span> <span class='ocrx_word' id='word_1_228' title='bbox 3287 1549 3488 1620; x_wconf 73' lang='lat' dir='ltr'><strong>(Exod.</strong></span> 
     </span>
    </p>
   </div>
   <div class='ocr_carea' id='block_1_31' title="bbox 1896 1638 3492 1714">
    <p class='ocr_par' dir='ltr' id='par_1_31' title="bbox 1896 1638 3492 1714">
     <span class='ocr_line' id='line_1_31' title="bbox 1896 1638 3492 1714; baseline -0.001 -16"><span class='ocrx_word' id='word_1_229' title='bbox 1896 1643 2034 1714; x_wconf 77' lang='lat' dir='ltr'><strong>xxi).</strong></span> <span class='ocrx_word' id='word_1_230' title='bbox 2089 1641 2278 1697; x_wconf 90' lang='lat' dir='ltr'><strong>Testes</strong></span> <span class='ocrx_word' id='word_1_231' title='bbox 2337 1638 2636 1708; x_wconf 89' lang='lat' dir='ltr'><strong>antiquitus</strong></span> <span class='ocrx_word' id='word_1_232' title='bbox 2682 1639 3003 1709; x_wconf 90' lang='lat' dir='ltr'><strong>superstites</strong></span> <span class='ocrx_word' id='word_1_233' title='bbox 3052 1640 3372 1696; x_wconf 90' lang='lat' dir='ltr'><strong>dicebantur</strong></span> <span class='ocrx_word' id='word_1_234' title='bbox 3424 1655 3492 1696; x_wconf 89' lang='lat' dir='ltr'><strong>eo</strong></span> 
     </span>
    </p>
   </div>
   <div class='ocr_carea' id='block_1_32' title="bbox 1897 1727 3490 1806">
    <p class='ocr_par' dir='ltr' id='par_1_32' title="bbox 1897 1727 3490 1806">
     <span class='ocr_line' id='line_1_32' title="bbox 1897 1727 3490 1806; baseline -0.001 -18"><span class='ocrx_word' id='word_1_235' title='bbox 1897 1733 2040 1806; x_wconf 90' lang='lat' dir='ltr'><strong>quod</strong></span> <span class='ocrx_word' id='word_1_236' title='bbox 2098 1745 2260 1804; x_wconf 87' lang='lat' dir='ltr'><strong>super</strong></span> <span class='ocrx_word' id='word_1_237' title='bbox 2313 1737 2514 1784; x_wconf 91' lang='lat' dir='ltr'><strong>statum</strong></span> <span class='ocrx_word' id='word_1_238' title='bbox 2563 1743 2739 1784; x_wconf 85' lang='lat' dir='ltr'><strong>causae</strong></span> <span class='ocrx_word' id='word_1_239' title='bbox 2795 1727 3253 1798; x_wconf 78' lang='lat' dir='ltr'><strong>proferebantur:</strong></span> <span class='ocrx_word' id='word_1_240' title='bbox 3302 1746 3490 1797; x_wconf 90' lang='lat' dir='ltr'><strong>nunc,</strong></span> 
     </span>
    </p>
   </div>
   <div class='ocr_carea' id='block_1_33' title="bbox 206 1817 3493 1897">
    <p class='ocr_par' dir='ltr' id='par_1_33' title="bbox 206 1817 3493 1897">
     <span class='ocr_line' id='line_1_33' title="bbox 206 1817 3493 1897; baseline 0.001 -27"><span class='ocrx_word' id='word_1_241' title='bbox 206 1825 351 1874; x_wconf 89' lang='lat' dir='ltr'><strong>etum</strong></span> <span class='ocrx_word' id='word_1_242' title='bbox 377 1818 670 1887; x_wconf 79' lang='lat' dir='ltr'><strong>negotium,</strong></span> <span class='ocrx_word' id='word_1_243' title='bbox 689 1817 844 1888; x_wconf 89' lang='lat' dir='ltr'><strong>quasi</strong></span> <span class='ocrx_word' id='word_1_244' title='bbox 866 1831 970 1872; x_wconf 89' lang='lat' dir='ltr'><strong>nec</strong></span> <span class='ocrx_word' id='word_1_245' title='bbox 993 1817 1255 1884; x_wconf 88' lang='lat' dir='ltr'><strong>otium,id</strong></span> <span class='ocrx_word' id='word_1_246' title='bbox 1276 1826 1375 1884; x_wconf 91' lang='lat' dir='ltr'><strong>est,</strong></span> <span class='ocrx_word' id='word_1_247' title='bbox 1399 1817 1515 1873; x_wconf 92' lang='lat' dir='ltr'><strong>sine</strong></span> <span class='ocrx_word' id='word_1_248' title='bbox 1535 1818 1667 1874; x_wconf 92' lang='lat' dir='ltr'><strong>otio.</strong></span> <span class='ocrx_word' id='word_1_249' title='bbox 1692 1817 1795 1873; x_wconf 86' lang='lat' dir='ltr'><strong>Ne—</strong></span> <span class='ocrx_word' id='word_1_250' title='bbox 1821 1830 1872 1891; x_wconf 80' lang='grc' dir='ltr'><strong><em>Β</em></strong></span> <span class='ocrx_word' id='word_1_251' title='bbox 1895 1835 2051 1897; x_wconf 90' lang='lat' dir='ltr'><strong>parte</strong></span> <span class='ocrx_word' id='word_1_252' title='bbox 2071 1823 2251 1878; x_wconf 90' lang='lat' dir='ltr'><strong>ablata</strong></span> <span class='ocrx_word' id='word_1_253' title='bbox 2277 1819 2534 1886; x_wconf 92' lang='lat' dir='ltr'><strong>nominis,</strong></span> <span class='ocrx_word' id='word_1_254' title='bbox 2556 1826 2724 1874; x_wconf 84' lang='lat' dir='ltr'><strong>testes</strong></span> <span class='ocrx_word' id='word_1_255' title='bbox 2745 1821 2920 1873; x_wconf 84' lang='lat' dir='ltr'><strong>vocati</strong></span> <span class='ocrx_word' id='word_1_256' title='bbox 2945 1838 2956 1873; x_wconf 94' lang='lat'><strong>:</strong></span> <span class='ocrx_word' id='word_1_257' title='bbox 2987 1819 3142 1875; x_wconf 90' lang='lat' dir='ltr'><strong>testis</strong></span> <span class='ocrx_word' id='word_1_258' title='bbox 3161 1829 3342 1874; x_wconf 84' lang='lat' dir='ltr'><strong>autem</strong></span> <span class='ocrx_word' id='word_1_259' title='bbox 3361 1836 3493 1876; x_wconf 90' lang='lat' dir='ltr'><strong>con-</strong></span> 
     </span>
    </p>
   </div>
   <div class='ocr_carea' id='block_1_34' title="bbox 205 1908 1796 1980">
    <p class='ocr_par' dir='ltr' id='par_1_34' title="bbox 205 1908 1796 1980">
     <span class='ocr_line' id='line_1_34' title="bbox 205 1908 1796 1980; baseline 0.003 -17"><span class='ocrx_word' id='word_1_260' title='bbox 205 1908 412 1980; x_wconf 91' lang='lat' dir='ltr'><strong>gotium</strong></span> <span class='ocrx_word' id='word_1_261' title='bbox 461 1918 640 1965; x_wconf 91' lang='lat' dir='ltr'><strong>autem</strong></span> <span class='ocrx_word' id='word_1_262' title='bbox 685 1909 738 1963; x_wconf 91' lang='lat' dir='ltr'><strong>in</strong></span> <span class='ocrx_word' id='word_1_263' title='bbox 781 1909 988 1976; x_wconf 87' lang='lat' dir='ltr'><strong>causis,</strong></span> <span class='ocrx_word' id='word_1_264' title='bbox 1028 1910 1321 1980; x_wconf 86' lang='lat' dir='ltr'><strong>negotiatio</strong></span> <span class='ocrx_word' id='word_1_265' title='bbox 1363 1911 1417 1965; x_wconf 90' lang='lat' dir='ltr'><strong>in</strong></span> <span class='ocrx_word' id='word_1_266' title='bbox 1456 1913 1796 1968; x_wconf 91' lang='lat' dir='ltr'><strong>commerciis</strong></span> 
     </span>
    </p>
   </div>
   <div class='ocr_carea' id='block_1_35' title="bbox 205 2000 1797 2074">
    <p class='ocr_par' dir='ltr' id='par_1_35' title="bbox 205 2000 1797 2074">
     <span class='ocr_line' id='line_1_35' title="bbox 205 2000 1797 2074; baseline 0.003 -18"><span class='ocrx_word' id='word_1_267' title='bbox 205 2001 428 2067; x_wconf 91' lang='lat' dir='ltr'><strong>dicitur,</strong></span> <span class='ocrx_word' id='word_1_268' title='bbox 462 2001 549 2056; x_wconf 92' lang='lat' dir='ltr'><strong>ubi</strong></span> <span class='ocrx_word' id='word_1_269' title='bbox 591 2000 795 2070; x_wconf 88' lang='lat' dir='ltr'><strong>aliquid</strong></span> <span class='ocrx_word' id='word_1_270' title='bbox 820 2001 998 2069; x_wconf 90' lang='lat' dir='ltr'><strong>datur,</strong></span> <span class='ocrx_word' id='word_1_271' title='bbox 1029 2003 1315 2074; x_wconf 88' lang='lat' dir='ltr'><strong>utmajora</strong></span> <span class='ocrx_word' id='word_1_272' title='bbox 1343 2003 1639 2061; x_wconf 90' lang='lat' dir='ltr'><strong>luerentur.</strong></span> <span class='ocrx_word' id='word_1_273' title='bbox 1673 2004 1797 2061; x_wconf 83' lang='lat' dir='ltr'><strong>Jur-</strong></span> 
     </span>
    </p>
   </div>
   <div class='ocr_carea' id='block_1_36' title="bbox 205 2091 1798 2168">
    <p class='ocr_par' dir='ltr' id='par_1_36' title="bbox 205 2091 1798 2168">
     <span class='ocr_line' id='line_1_36' title="bbox 205 2091 1798 2168; baseline 0.004 -22"><span class='ocrx_word' id='word_1_274' title='bbox 205 2093 352 2164; x_wconf 91' lang='lat' dir='ltr'><strong>gium</strong></span> <span class='ocrx_word' id='word_1_275' title='bbox 375 2093 598 2159; x_wconf 90' lang='lat' dir='ltr'><strong>dictum,</strong></span> <span class='ocrx_word' id='word_1_276' title='bbox 613 2093 767 2164; x_wconf 89' lang='lat' dir='ltr'><strong>quasi</strong></span> <span class='ocrx_word' id='word_1_277' title='bbox 783 2091 926 2161; x_wconf 85' lang='lat' dir='ltr'><strong>juris</strong></span> <span class='ocrx_word' id='word_1_278' title='bbox 945 2095 1208 2165; x_wconf 88' lang='lat' dir='ltr'><strong>garrium,</strong></span> <span class='ocrx_word' id='word_1_279' title='bbox 1223 2111 1288 2152; x_wconf 92' lang='lat' dir='ltr'><strong>eo</strong></span> <span class='ocrx_word' id='word_1_280' title='bbox 1316 2097 1459 2166; x_wconf 90' lang='lat' dir='ltr'><strong>quod</strong></span> <span class='ocrx_word' id='word_1_281' title='bbox 1483 2097 1535 2151; x_wconf 92' lang='lat' dir='ltr'><strong>hi</strong></span> <span class='ocrx_word' id='word_1_282' title='bbox 1557 2098 1649 2168; x_wconf 91' lang='lat' dir='ltr'><strong>qui</strong></span> <span class='ocrx_word' id='word_1_283' title='bbox 1670 2115 1798 2154; x_wconf 81' lang='lat' dir='ltr'><strong>eau-</strong></span> 
     </span>
    </p>
   </div>
   <div class='ocr_carea' id='block_1_37' title="bbox 205 2183 1799 2257">
    <p class='ocr_par' dir='ltr' id='par_1_37' title="bbox 205 2183 1799 2257">
     <span class='ocr_line' id='line_1_37' title="bbox 205 2183 1799 2257; baseline 0.004 -17"><span class='ocrx_word' id='word_1_284' title='bbox 205 2199 322 2240; x_wconf 90' lang='lat' dir='ltr'><strong>sam</strong></span> <span class='ocrx_word' id='word_1_285' title='bbox 351 2185 537 2241; x_wconf 91' lang='lat' dir='ltr'><strong>dicunt</strong></span> <span class='ocrx_word' id='word_1_286' title='bbox 555 2183 677 2254; x_wconf 90' lang='lat' dir='ltr'><strong>jure</strong></span> <span class='ocrx_word' id='word_1_287' title='bbox 704 2185 1026 2257; x_wconf 87' lang='lat' dir='ltr'><strong>disceptent.</strong></span> <span class='ocrx_word' id='word_1_288' title='bbox 1053 2185 1145 2241; x_wconf 91' lang='lat' dir='ltr'><strong>Lis</strong></span> <span class='ocrx_word' id='word_1_289' title='bbox 1173 2202 1203 2241; x_wconf 91' lang='lat' dir='ltr'><strong>a</strong></span> <span class='ocrx_word' id='word_1_290' title='bbox 1240 2189 1587 2244; x_wconf 91' lang='lat' dir='ltr'><strong>contentione</strong></span> <span class='ocrx_word' id='word_1_291' title='bbox 1612 2189 1799 2246; x_wconf 89' lang='lat' dir='ltr'><strong>limitis</strong></span> 
     </span>
    </p>
   </div>
   <div class='ocr_carea' id='block_1_38' title="bbox 203 2276 1429 2352">
    <p class='ocr_par' dir='ltr' id='par_1_38' title="bbox 203 2276 1429 2352">
     <span class='ocr_line' id='line_1_38' title="bbox 203 2276 1429 2352; baseline 0.002 -21"><span class='ocrx_word' id='word_1_292' title='bbox 203 2276 359 2347; x_wconf 90' lang='lat' dir='ltr'><strong>prius</strong></span> <span class='ocrx_word' id='word_1_293' title='bbox 385 2290 581 2331; x_wconf 89' lang='lat' dir='ltr'><strong>nomen</strong></span> <span class='ocrx_word' id='word_1_294' title='bbox 605 2278 874 2349; x_wconf 90' lang='lat' dir='ltr'><strong>sumpsit;</strong></span> <span class='ocrx_word' id='word_1_295' title='bbox 909 2278 976 2333; x_wconf 89' lang='lat' dir='ltr'><strong>de</strong></span> <span class='ocrx_word' id='word_1_296' title='bbox 1000 2293 1108 2350; x_wconf 90' lang='lat' dir='ltr'><strong>quo</strong></span> <span class='ocrx_word' id='word_1_297' title='bbox 1134 2277 1388 2352; x_wconf 79' lang='lat' dir='ltr'><strong>Virgilius</strong></span> <span class='ocrx_word' id='word_1_298' title='bbox 1416 2298 1429 2334; x_wconf 92' lang='lat'><strong>:</strong></span> 
     </span>
    </p>
   </div>
   <div class='ocr_carea' id='block_1_39' title="bbox 335 2374 1566 2446">
    <p class='ocr_par' dir='ltr' id='par_1_39' title="bbox 335 2374 1566 2446">
     <span class='ocr_line' id='line_1_39' title="bbox 335 2374 1566 2446; baseline 0.006 -20"><span class='ocrx_word' id='word_1_299' title='bbox 335 2374 502 2428; x_wconf 80' lang='lat' dir='ltr'><strong>Limes</strong></span> <span class='ocrx_word' id='word_1_300' title='bbox 521 2384 627 2427; x_wconf 78' lang='lat' dir='ltr'><strong>erat</strong></span> <span class='ocrx_word' id='word_1_301' title='bbox 647 2379 830 2440; x_wconf 87' lang='lat' dir='ltr'><strong>positus</strong></span> <span class='ocrx_word' id='word_1_302' title='bbox 852 2378 993 2430; x_wconf 82' lang='lat' dir='ltr'><strong>litem</strong></span> <span class='ocrx_word' id='word_1_303' title='bbox 1017 2386 1072 2430; x_wconf 89' lang='lat' dir='ltr'><strong>ut</strong></span> <span class='ocrx_word' id='word_1_304' title='bbox 1089 2381 1399 2432; x_wconf 87' lang='lat' dir='ltr'><strong>discerneret</strong></span> <span class='ocrx_word' id='word_1_305' title='bbox 1417 2384 1566 2446; x_wconf 88' lang='lat' dir='ltr'><strong>agris.</strong></span> 
     </span>
    </p>
   </div>
   <div class='ocr_carea' id='block_1_40' title="bbox 275 2458 1801 2535">
    <p class='ocr_par' dir='ltr' id='par_1_40' title="bbox 275 2458 1801 2535">
     <span class='ocr_line' id='line_1_40' title="bbox 275 2458 1801 2535; baseline 0.004 -17"><span class='ocrx_word' id='word_1_306' title='bbox 275 2458 454 2518; x_wconf 87' lang='lat' dir='ltr'><strong>Causa</strong></span> <span class='ocrx_word' id='word_1_307' title='bbox 494 2469 673 2516; x_wconf 90' lang='lat' dir='ltr'><strong>autem</strong></span> <span class='ocrx_word' id='word_1_308' title='bbox 712 2471 806 2516; x_wconf 89' lang='lat' dir='ltr'><strong>aut</strong></span> <span class='ocrx_word' id='word_1_309' title='bbox 831 2473 1171 2533; x_wconf 83' lang='lat' dir='ltr'><strong>argumento,</strong></span> <span class='ocrx_word' id='word_1_310' title='bbox 1202 2474 1296 2520; x_wconf 92' lang='lat' dir='ltr'><strong>aut</strong></span> <span class='ocrx_word' id='word_1_311' title='bbox 1322 2467 1641 2535; x_wconf 89' lang='lat' dir='ltr'><strong>probatione</strong></span> <span class='ocrx_word' id='word_1_312' title='bbox 1671 2481 1801 2523; x_wconf 87' lang='lat' dir='ltr'><strong>con-</strong></span> 
     </span>
    </p>
   </div>
   <div class='ocr_carea' id='block_1_41' title="bbox 205 2551 1802 2628">
    <p class='ocr_par' dir='ltr' id='par_1_41' title="bbox 205 2551 1802 2628">
     <span class='ocr_line' id='line_1_41' title="bbox 205 2551 1802 2628; baseline 0.004 -20"><span class='ocrx_word' id='word_1_313' title='bbox 205 2559 332 2608; x_wconf 85' lang='lat' dir='ltr'><strong>stat.</strong></span> <span class='ocrx_word' id='word_1_314' title='bbox 375 2551 768 2622; x_wconf 83' lang='lat' dir='ltr'><strong>Argumentum</strong></span> <span class='ocrx_word' id='word_1_315' title='bbox 806 2569 1082 2624; x_wconf 87' lang='lat' dir='ltr'><strong>nunquam</strong></span> <span class='ocrx_word' id='word_1_316' title='bbox 1121 2557 1374 2624; x_wconf 90' lang='lat' dir='ltr'><strong>testibus,</strong></span> <span class='ocrx_word' id='word_1_317' title='bbox 1422 2575 1699 2628; x_wconf 89' lang='lat' dir='ltr'><strong>nunquam</strong></span> <span class='ocrx_word' id='word_1_318' title='bbox 1723 2568 1802 2614; x_wconf 89' lang='lat' dir='ltr'><strong>ta-</strong></span> 
     </span>
    </p>
   </div>
   <div class='ocr_carea' id='block_1_42' title="bbox 204 2643 1798 2722">
    <p class='ocr_par' dir='ltr' id='par_1_42' title="bbox 204 2643 1798 2722">
     <span class='ocr_line' id='line_1_42' title="bbox 204 2643 1798 2722; baseline 0.004 -22"><span class='ocrx_word' id='word_1_319' title='bbox 204 2643 348 2700; x_wconf 87' lang='lat' dir='ltr'><strong>bulis</strong></span> <span class='ocrx_word' id='word_1_320' title='bbox 370 2644 462 2699; x_wconf 93' lang='lat' dir='ltr'><strong>dat</strong></span> <span class='ocrx_word' id='word_1_321' title='bbox 482 2644 853 2714; x_wconf 90' lang='lat' dir='ltr'><strong>probationem</strong></span> <span class='ocrx_word' id='word_1_322' title='bbox 879 2665 891 2700; x_wconf 91' lang='lat'><strong>:</strong></span> <span class='ocrx_word' id='word_1_323' title='bbox 917 2647 1012 2701; x_wconf 89' lang='lat' dir='ltr'><strong>sed</strong></span> <span class='ocrx_word' id='word_1_324' title='bbox 1052 2647 1167 2702; x_wconf 89' lang='lat' dir='ltr'><strong>sola</strong></span> <span class='ocrx_word' id='word_1_325' title='bbox 1205 2648 1618 2722; x_wconf 86' lang='lat' dir='ltr'><strong>investigatione</strong></span> <span class='ocrx_word' id='word_1_326' title='bbox 1644 2652 1798 2706; x_wconf 87' lang='lat' dir='ltr'><strong>inve—</strong></span> 
     </span>
    </p>
   </div>
   <div class='ocr_carea' id='block_1_43' title="bbox 208 2737 1798 2812">
    <p class='ocr_par' dir='ltr' id='par_1_43' title="bbox 208 2737 1798 2812">
     <span class='ocr_line' id='line_1_43' title="bbox 208 2737 1798 2812; baseline 0.004 -20"><span class='ocrx_word' id='word_1_327' title='bbox 208 2738 293 2793; x_wconf 89' lang='lat' dir='ltr'><strong>nit</strong></span> <span class='ocrx_word' id='word_1_328' title='bbox 324 2737 609 2793; x_wconf 85' lang='lat' dir='ltr'><strong>veritatem</strong></span> <span class='ocrx_word' id='word_1_329' title='bbox 633 2754 647 2790; x_wconf 90' lang='lat'><strong>:</strong></span> <span class='ocrx_word' id='word_1_330' title='bbox 677 2738 819 2792; x_wconf 90' lang='lat' dir='ltr'><strong>unde</strong></span> <span class='ocrx_word' id='word_1_331' title='bbox 839 2738 1042 2793; x_wconf 93' lang='lat' dir='ltr'><strong>dictum</strong></span> <span class='ocrx_word' id='word_1_332' title='bbox 1070 2750 1153 2794; x_wconf 90' lang='lat' dir='ltr'><strong>est</strong></span> <span class='ocrx_word' id='word_1_333' title='bbox 1179 2750 1577 2812; x_wconf 88' lang='lat' dir='ltr'><strong>argumentum,</strong></span> <span class='ocrx_word' id='word_1_334' title='bbox 1612 2743 1664 2798; x_wconf 91' lang='lat' dir='ltr'><strong>id</strong></span> <span class='ocrx_word' id='word_1_335' title='bbox 1693 2753 1798 2810; x_wconf 90' lang='lat' dir='ltr'><strong>est,</strong></span> 
     </span>
    </p>
   </div>
   <div class='ocr_carea' id='block_1_44' title="bbox 210 2829 1801 2901">
    <p class='ocr_par' dir='ltr' id='par_1_44' title="bbox 210 2829 1801 2901">
     <span class='ocr_line' id='line_1_44' title="bbox 210 2829 1801 2901; baseline 0.004 -17"><span class='ocrx_word' id='word_1_336' title='bbox 210 2838 463 2901; x_wconf 85' lang='lat' dir='ltr'><strong>argutum</strong></span> <span class='ocrx_word' id='word_1_337' title='bbox 501 2829 798 2883; x_wconf 91' lang='lat' dir='ltr'><strong>inventum.</strong></span> <span class='ocrx_word' id='word_1_338' title='bbox 833 2829 1088 2886; x_wconf 90' lang='lat' dir='ltr'><strong>Probatio</strong></span> <span class='ocrx_word' id='word_1_339' title='bbox 1126 2841 1306 2886; x_wconf 92' lang='lat' dir='ltr'><strong>autem</strong></span> <span class='ocrx_word' id='word_1_340' title='bbox 1358 2834 1587 2888; x_wconf 88' lang='lat' dir='ltr'><strong>testibus</strong></span> <span class='ocrx_word' id='word_1_341' title='bbox 1615 2843 1671 2889; x_wconf 90' lang='lat' dir='ltr'><strong>et</strong></span> <span class='ocrx_word' id='word_1_342' title='bbox 1698 2835 1801 2890; x_wconf 89' lang='lat' dir='ltr'><strong>ﬁde</strong></span> 
     </span>
    </p>
   </div>
   <div class='ocr_carea' id='block_1_45' title="bbox 208 2921 1801 2996">
    <p class='ocr_par' dir='ltr' id='par_1_45' title="bbox 208 2921 1801 2996">
     <span class='ocr_line' id='line_1_45' title="bbox 208 2921 1801 2996; baseline 0.002 -17"><span class='ocrx_word' id='word_1_343' title='bbox 208 2923 517 2979; x_wconf 89' lang='lat' dir='ltr'><strong>tabularum</strong></span> <span class='ocrx_word' id='word_1_344' title='bbox 546 2932 779 2978; x_wconf 90' lang='lat' dir='ltr'><strong>constat.</strong></span> <span class='ocrx_word' id='word_1_345' title='bbox 805 2921 1090 2995; x_wconf 79' lang='lat' dir='ltr'><strong>Negotium</strong></span> <span class='ocrx_word' id='word_1_346' title='bbox 1111 2926 1256 2980; x_wconf 90' lang='lat' dir='ltr'><strong>enim</strong></span> <span class='ocrx_word' id='word_1_347' title='bbox 1287 2925 1504 2996; x_wconf 90' lang='lat' dir='ltr'><strong>aliquod</strong></span> <span class='ocrx_word' id='word_1_348' title='bbox 1534 2926 1801 2984; x_wconf 88' lang='lat' dir='ltr'><strong>laudabile</strong></span> 
     </span>
    </p>
   </div>
   <div class='ocr_carea' id='block_1_46' title="bbox 208 3015 1796 3087">
    <p class='ocr_par' dir='ltr' id='par_1_46' title="bbox 208 3015 1796 3087">
     <span class='ocr_line' id='line_1_46' title="bbox 208 3015 1796 3087; baseline 0.001 -16"><span class='ocrx_word' id='word_1_349' title='bbox 208 3023 319 3082; x_wconf 87' lang='lat' dir='ltr'><strong>est,</strong></span> <span class='ocrx_word' id='word_1_350' title='bbox 350 3015 454 3070; x_wconf 92' lang='lat' dir='ltr'><strong>hoc</strong></span> <span class='ocrx_word' id='word_1_351' title='bbox 476 3022 581 3081; x_wconf 88' lang='lat' dir='ltr'><strong>est,</strong></span> <span class='ocrx_word' id='word_1_352' title='bbox 605 3016 820 3085; x_wconf 89' lang='lat' dir='ltr'><strong>quando</strong></span> <span class='ocrx_word' id='word_1_353' title='bbox 846 3015 899 3070; x_wconf 93' lang='lat' dir='ltr'><strong>in</strong></span> <span class='ocrx_word' id='word_1_354' title='bbox 928 3017 1120 3072; x_wconf 91' lang='lat' dir='ltr'><strong>studiis</strong></span> <span class='ocrx_word' id='word_1_355' title='bbox 1150 3018 1482 3087; x_wconf 88' lang='lat' dir='ltr'><strong>spiritalibus</strong></span> <span class='ocrx_word' id='word_1_356' title='bbox 1503 3018 1796 3086; x_wconf 87' lang='lat' dir='ltr'><strong>laboratur;</strong></span> 
     </span>
    </p>
   </div>
   <div class='ocr_carea' id='block_1_47' title="bbox 208 3104 1801 3178">
    <p class='ocr_par' dir='ltr' id='par_1_47' title="bbox 208 3104 1801 3178">
     <span class='ocr_line' id='line_1_47' title="bbox 208 3104 1801 3178; baseline 0.003 -18"><span class='ocrx_word' id='word_1_357' title='bbox 208 3113 270 3160; x_wconf 90' lang='lat' dir='ltr'><strong>ut</strong></span> <span class='ocrx_word' id='word_1_358' title='bbox 301 3114 386 3160; x_wconf 90' lang='lat' dir='ltr'><strong>est</strong></span> <span class='ocrx_word' id='word_1_359' title='bbox 413 3104 543 3160; x_wconf 86' lang='lat' dir='ltr'><strong>illud</strong></span> <span class='ocrx_word' id='word_1_360' title='bbox 570 3105 623 3159; x_wconf 93' lang='lat' dir='ltr'><strong>in</strong></span> <span class='ocrx_word' id='word_1_361' title='bbox 649 3105 938 3177; x_wconf 87' lang='lat' dir='ltr'><strong>Evangelio</strong></span> <span class='ocrx_word' id='word_1_362' title='bbox 965 3125 979 3160; x_wconf 90' lang='lat'><strong>:</strong></span> <span class='ocrx_word' id='word_1_363' title='bbox 1006 3106 1382 3178; x_wconf 87' lang='lat' dir='ltr'><strong>Negotiamini,</strong></span> <span class='ocrx_word' id='word_1_364' title='bbox 1411 3108 1573 3164; x_wconf 85' lang='lat' dir='ltr'><strong>donec</strong></span> <span class='ocrx_word' id='word_1_365' title='bbox 1599 3111 1801 3164; x_wconf 81' lang='lat' dir='ltr'><strong>veniam</strong></span> 
     </span>
    </p>
   </div>
   <div class='ocr_carea' id='block_1_48' title="bbox 211 3195 1803 3270">
    <p class='ocr_par' dir='ltr' id='par_1_48' title="bbox 211 3195 1803 3270">
     <span class='ocr_line' id='line_1_48' title="bbox 211 3195 1803 3270; baseline 0.003 -20"><span class='ocrx_word' id='word_1_366' title='bbox 211 3196 366 3268; x_wconf 87' lang='lat' dir='ltr'><strong>(Luc.</strong></span> <span class='ocrx_word' id='word_1_367' title='bbox 397 3197 536 3269; x_wconf 80' lang='lat' dir='ltr'><strong>xix).</strong></span> <span class='ocrx_word' id='word_1_368' title='bbox 569 3195 705 3252; x_wconf 83' lang='lat' dir='ltr'><strong>Hinc</strong></span> <span class='ocrx_word' id='word_1_369' title='bbox 723 3197 978 3253; x_wconf 91' lang='lat' dir='ltr'><strong>dicuntur</strong></span> <span class='ocrx_word' id='word_1_370' title='bbox 1000 3199 1364 3270; x_wconf 88' lang='lat' dir='ltr'><strong>negotiatores</strong></span> <span class='ocrx_word' id='word_1_371' title='bbox 1391 3199 1686 3268; x_wconf 90' lang='lat' dir='ltr'><strong>spiritales,</strong></span> <span class='ocrx_word' id='word_1_372' title='bbox 1710 3201 1803 3270; x_wconf 90' lang='lat' dir='ltr'><strong>qui</strong></span> 
     </span>
    </p>
   </div>
   <div class='ocr_carea' id='block_1_49' title="bbox 209 3290 1806 3361">
    <p class='ocr_par' dir='ltr' id='par_1_49' title="bbox 209 3290 1806 3361">
     <span class='ocr_line' id='line_1_49' title="bbox 209 3290 1806 3361; baseline 0.001 -16"><span class='ocrx_word' id='word_1_373' title='bbox 209 3292 385 3346; x_wconf 89' lang='lat' dir='ltr'><strong>bonas</strong></span> <span class='ocrx_word' id='word_1_374' title='bbox 413 3290 734 3360; x_wconf 89' lang='lat' dir='ltr'><strong>margaritas</strong></span> <span class='ocrx_word' id='word_1_375' title='bbox 762 3299 1029 3361; x_wconf 66' lang='lat' dir='ltr'><strong>quierunt.</strong></span> <span class='ocrx_word' id='word_1_376' title='bbox 1075 3292 1142 3346; x_wconf 88' lang='lat' dir='ltr'><strong>Et</strong></span> <span class='ocrx_word' id='word_1_377' title='bbox 1172 3307 1203 3347; x_wconf 93' lang='lat' dir='ltr'><strong>e</strong></span> <span class='ocrx_word' id='word_1_378' title='bbox 1229 3292 1504 3347; x_wconf 90' lang='lat' dir='ltr'><strong>contrario</strong></span> <span class='ocrx_word' id='word_1_379' title='bbox 1542 3291 1687 3347; x_wconf 84' lang='lat' dir='ltr'><strong>aliud</strong></span> <span class='ocrx_word' id='word_1_380' title='bbox 1723 3300 1806 3346; x_wconf 91' lang='lat' dir='ltr'><strong>est</strong></span> 
     </span>
    </p>
   </div>
   <div class='ocr_carea' id='block_1_50' title="bbox 211 3380 1808 3453">
    <p class='ocr_par' dir='ltr' id='par_1_50' title="bbox 211 3380 1808 3453">
     <span class='ocr_line' id='line_1_50' title="bbox 211 3380 1808 3453; baseline 0.002 -17"><span class='ocrx_word' id='word_1_381' title='bbox 211 3380 487 3452; x_wconf 90' lang='lat' dir='ltr'><strong>negotium</strong></span> <span class='ocrx_word' id='word_1_382' title='bbox 531 3381 904 3452; x_wconf 88' lang='lat' dir='ltr'><strong>vituperanile,</strong></span> <span class='ocrx_word' id='word_1_383' title='bbox 939 3383 1042 3438; x_wconf 92' lang='lat' dir='ltr'><strong>hoc</strong></span> <span class='ocrx_word' id='word_1_384' title='bbox 1086 3391 1192 3449; x_wconf 93' lang='lat' dir='ltr'><strong>est,</strong></span> <span class='ocrx_word' id='word_1_385' title='bbox 1240 3385 1383 3452; x_wconf 89' lang='lat' dir='ltr'><strong>quod</strong></span> <span class='ocrx_word' id='word_1_386' title='bbox 1420 3383 1472 3451; x_wconf 84' lang='lat' dir='ltr'><strong>in</strong></span> <span class='ocrx_word' id='word_1_387' title='bbox 1515 3384 1808 3453; x_wconf 88' lang='lat' dir='ltr'><strong>cupiditate</strong></span> 
     </span>
    </p>
   </div>
   <div class='ocr_carea' id='block_1_51' title="bbox 211 3471 1806 3544">
    <p class='ocr_par' dir='ltr' id='par_1_51' title="bbox 211 3471 1806 3544">
     <span class='ocr_line' id='line_1_51' title="bbox 211 3471 1806 3544; baseline 0.002 -17"><span class='ocrx_word' id='word_1_388' title='bbox 211 3471 483 3527; x_wconf 90' lang='lat' dir='ltr'><strong>mundana</strong></span> <span class='ocrx_word' id='word_1_389' title='bbox 513 3480 818 3538; x_wconf 83' lang='lat' dir='ltr'><strong>excreetur,</strong></span> <span class='ocrx_word' id='word_1_390' title='bbox 851 3474 917 3528; x_wconf 92' lang='lat' dir='ltr'><strong>de</strong></span> <span class='ocrx_word' id='word_1_391' title='bbox 945 3489 1053 3544; x_wconf 91' lang='lat' dir='ltr'><strong>quo</strong></span> <span class='ocrx_word' id='word_1_392' title='bbox 1098 3475 1230 3530; x_wconf 90' lang='lat' dir='ltr'><strong>dicit</strong></span> <span class='ocrx_word' id='word_1_393' title='bbox 1264 3473 1554 3544; x_wconf 81' lang='lat' dir='ltr'><strong>Apostolus</strong></span> <span class='ocrx_word' id='word_1_394' title='bbox 1583 3494 1596 3528; x_wconf 89' lang='lat'><strong>:</strong></span> <span class='ocrx_word' id='word_1_395' title='bbox 1638 3473 1806 3530; x_wconf 87' lang='lat' dir='ltr'><strong>Nemo</strong></span> 
     </span>
    </p>
   </div>
   <div class='ocr_carea' id='block_1_52' title="bbox 211 3564 1806 3640">
    <p class='ocr_par' dir='ltr' id='par_1_52' title="bbox 211 3564 1806 3640">
     <span class='ocr_line' id='line_1_52' title="bbox 211 3564 1806 3640; baseline 0.003 -21"><span class='ocrx_word' id='word_1_396' title='bbox 211 3565 446 3620; x_wconf 86' lang='lat' dir='ltr'><strong>militans</strong></span> <span class='ocrx_word' id='word_1_397' title='bbox 485 3564 628 3631; x_wconf 88' lang='lat' dir='ltr'><strong>Deo,</strong></span> <span class='ocrx_word' id='word_1_398' title='bbox 675 3565 906 3636; x_wconf 85' lang='lat' dir='ltr'><strong>implicat</strong></span> <span class='ocrx_word' id='word_1_399' title='bbox 954 3585 1008 3622; x_wconf 91' lang='lat' dir='ltr'><strong>se</strong></span> <span class='ocrx_word' id='word_1_400' title='bbox 1047 3570 1263 3640; x_wconf 87' lang='lat' dir='ltr'><strong>negotiis</strong></span> <span class='ocrx_word' id='word_1_401' title='bbox 1307 3568 1648 3624; x_wconf 78' lang='lat' dir='ltr'><strong>strcularibus</strong></span> <span class='ocrx_word' id='word_1_402' title='bbox 1684 3611 1698 3636; x_wconf 92' lang='lat'><strong>,</strong></span> <span class='ocrx_word' id='word_1_403' title='bbox 1752 3579 1806 3624; x_wconf 90' lang='lat' dir='ltr'><strong>ut</strong></span> 
     </span>
    </p>
   </div>
   <div class='ocr_carea' id='block_1_53' title="bbox 211 3657 1809 3733">
    <p class='ocr_par' dir='ltr' id='par_1_53' title="bbox 211 3657 1809 3733">
     <span class='ocr_line' id='line_1_53' title="bbox 211 3657 1809 3733; baseline 0.004 -21"><span class='ocrx_word' id='word_1_404' title='bbox 211 3659 259 3712; x_wconf 92' lang='lat' dir='ltr'><strong>ei</strong></span> <span class='ocrx_word' id='word_1_405' title='bbox 279 3657 508 3728; x_wconf 90' lang='lat' dir='ltr'><strong>placeat,</strong></span> <span class='ocrx_word' id='word_1_406' title='bbox 540 3659 624 3712; x_wconf 89' lang='lat' dir='ltr'><strong>cui</strong></span> <span class='ocrx_word' id='word_1_407' title='bbox 658 3674 714 3712; x_wconf 89' lang='lat' dir='ltr'><strong>se</strong></span> <span class='ocrx_word' id='word_1_408' title='bbox 746 3659 980 3728; x_wconf 84' lang='lat' dir='ltr'><strong>probavit</strong></span> <span class='ocrx_word' id='word_1_409' title='bbox 1017 3659 1102 3731; x_wconf 86' lang='lat' dir='ltr'><strong>(Il</strong></span> <span class='ocrx_word' id='word_1_410' title='bbox 1145 3661 1280 3716; x_wconf 88' lang='lat' dir='ltr'><strong>Tim.</strong></span> <span class='ocrx_word' id='word_1_411' title='bbox 1312 3662 1396 3733; x_wconf 87' lang='grc' dir='ltr'><strong>ιι).</strong></span> <span class='ocrx_word' id='word_1_412' title='bbox 1428 3662 1688 3718; x_wconf 91' lang='lat' dir='ltr'><strong>Similiter</strong></span> <span class='ocrx_word' id='word_1_413' title='bbox 1713 3682 1809 3719; x_wconf 92' lang='lat' dir='ltr'><strong>au-</strong></span> 
     </span>
    </p>
   </div>
   <div class='ocr_carea' id='block_1_54' title="bbox 211 3749 1808 3826">
    <p class='ocr_par' dir='ltr' id='par_1_54' title="bbox 211 3749 1808 3826">
     <span class='ocr_line' id='line_1_54' title="bbox 211 3749 1808 3826; baseline 0.004 -20"><span class='ocrx_word' id='word_1_414' title='bbox 211 3759 321 3806; x_wconf 87' lang='lat' dir='ltr'><strong>tem</strong></span> <span class='ocrx_word' id='word_1_415' title='bbox 369 3756 426 3804; x_wconf 93' lang='lat' dir='ltr'><strong>et</strong></span> <span class='ocrx_word' id='word_1_416' title='bbox 464 3763 639 3805; x_wconf 74' lang='lat' dir='ltr'><strong>causa:</strong></span> <span class='ocrx_word' id='word_1_417' title='bbox 679 3749 971 3821; x_wconf 91' lang='lat' dir='ltr'><strong>aliquando</strong></span> <span class='ocrx_word' id='word_1_418' title='bbox 997 3752 1293 3809; x_wconf 91' lang='lat' dir='ltr'><strong>laudabiles</strong></span> <span class='ocrx_word' id='word_1_419' title='bbox 1321 3764 1485 3810; x_wconf 87' lang='lat' dir='ltr'><strong>sunt:</strong></span> <span class='ocrx_word' id='word_1_420' title='bbox 1519 3756 1808 3826; x_wconf 87' lang='lat' dir='ltr'><strong>aliquando</strong></span> 
     </span>
    </p>
   </div>
   <div class='ocr_carea' id='block_1_55' title="bbox 209 3840 1806 3915">
    <p class='ocr_par' dir='ltr' id='par_1_55' title="bbox 209 3840 1806 3915">
     <span class='ocr_line' id='line_1_55' title="bbox 209 3840 1806 3915; baseline 0.005 -20"><span class='ocrx_word' id='word_1_421' title='bbox 209 3840 619 3912; x_wconf 89' lang='lat' dir='ltr'><strong>vituperabiles.</strong></span> <span class='ocrx_word' id='word_1_422' title='bbox 672 3841 830 3897; x_wconf 92' lang='lat' dir='ltr'><strong>Tune</strong></span> <span class='ocrx_word' id='word_1_423' title='bbox 887 3843 1032 3897; x_wconf 91' lang='lat' dir='ltr'><strong>enim</strong></span> <span class='ocrx_word' id='word_1_424' title='bbox 1081 3843 1376 3901; x_wconf 89' lang='lat' dir='ltr'><strong>laudabiles</strong></span> <span class='ocrx_word' id='word_1_425' title='bbox 1422 3853 1545 3901; x_wconf 85' lang='lat' dir='ltr'><strong>sunt</strong></span> <span class='ocrx_word' id='word_1_426' title='bbox 1591 3863 1806 3915; x_wconf 84' lang='lat' dir='ltr'><strong>causae,</strong></span> 
     </span>
    </p>
   </div>
   <div class='ocr_carea' id='block_1_56' title="bbox 208 3932 1810 4009">
    <p class='ocr_par' dir='ltr' id='par_1_56' title="bbox 208 3932 1810 4009">
     <span class='ocr_line' id='line_1_56' title="bbox 208 3932 1810 4009; baseline 0.005 -22"><span class='ocrx_word' id='word_1_427' title='bbox 208 3932 428 4004; x_wconf 85' lang='lat' dir='ltr'><strong>quando</strong></span> <span class='ocrx_word' id='word_1_428' title='bbox 457 3933 525 3988; x_wconf 87' lang='lat' dir='ltr'><strong>ad</strong></span> <span class='ocrx_word' id='word_1_429' title='bbox 562 3934 791 3991; x_wconf 83' lang='lat' dir='ltr'><strong>virtutes</strong></span> <span class='ocrx_word' id='word_1_430' title='bbox 825 3942 1073 4005; x_wconf 88' lang='lat' dir='ltr'><strong>spectant</strong></span> <span class='ocrx_word' id='word_1_431' title='bbox 1106 3951 1120 3990; x_wconf 91' lang='lat'><strong>:</strong></span> <span class='ocrx_word' id='word_1_432' title='bbox 1159 3945 1286 3992; x_wconf 92' lang='lat' dir='ltr'><strong>tunc</strong></span> <span class='ocrx_word' id='word_1_433' title='bbox 1333 3946 1511 3993; x_wconf 90' lang='lat' dir='ltr'><strong>autem</strong></span> <span class='ocrx_word' id='word_1_434' title='bbox 1543 3939 1810 4009; x_wconf 91' lang='lat' dir='ltr'><strong>vitupera-</strong></span> 
     </span>
    </p>
   </div>
   <div class='ocr_carea' id='block_1_57' title="bbox 210 4027 1804 4103">
    <p class='ocr_par' dir='ltr' id='par_1_57' title="bbox 210 4027 1804 4103">
     <span class='ocr_line' id='line_1_57' title="bbox 210 4027 1804 4103; baseline 0.004 -21"><span class='ocrx_word' id='word_1_435' title='bbox 210 4027 371 4093; x_wconf 86' lang='lat' dir='ltr'><strong>biles,</strong></span> <span class='ocrx_word' id='word_1_436' title='bbox 402 4027 618 4097; x_wconf 87' lang='lat' dir='ltr'><strong>quando</strong></span> <span class='ocrx_word' id='word_1_437' title='bbox 646 4029 716 4085; x_wconf 90' lang='lat' dir='ltr'><strong>ad</strong></span> <span class='ocrx_word' id='word_1_438' title='bbox 755 4031 1132 4088; x_wconf 90' lang='lat' dir='ltr'><strong>contentiones</strong></span> <span class='ocrx_word' id='word_1_439' title='bbox 1179 4031 1465 4088; x_wconf 79' lang='lat' dir='ltr'><strong>saeculares</strong></span> <span class='ocrx_word' id='word_1_440' title='bbox 1511 4034 1804 4103; x_wconf 88' lang='lat' dir='ltr'><strong>pertinent.</strong></span> 
     </span>
    </p>
   </div>
   <div class='ocr_carea' id='block_1_58' title="bbox 213 4118 1807 4192">
    <p class='ocr_par' dir='ltr' id='par_1_58' title="bbox 213 4118 1807 4192">
     <span class='ocr_line' id='line_1_58' title="bbox 213 4118 1807 4192; baseline 0.008 -20"><span class='ocrx_word' id='word_1_441' title='bbox 213 4118 357 4174; x_wconf 86' lang='lat' dir='ltr'><strong>Dicit</strong></span> <span class='ocrx_word' id='word_1_442' title='bbox 375 4120 520 4175; x_wconf 91' lang='lat' dir='ltr'><strong>enim</strong></span> <span class='ocrx_word' id='word_1_443' title='bbox 549 4120 832 4177; x_wconf 87' lang='lat' dir='ltr'><strong>Psalmista</strong></span> <span class='ocrx_word' id='word_1_444' title='bbox 862 4141 875 4176; x_wconf 92' lang='lat'><strong>:</strong></span> <span class='ocrx_word' id='word_1_445' title='bbox 901 4124 1096 4179; x_wconf 84' lang='lat' dir='ltr'><strong>Judica</strong></span> <span class='ocrx_word' id='word_1_446' title='bbox 1130 4141 1229 4190; x_wconf 90' lang='lat' dir='ltr'><strong>me,</strong></span> <span class='ocrx_word' id='word_1_447' title='bbox 1279 4125 1440 4192; x_wconf 79' lang='lat' dir='ltr'><strong>Deus,</strong></span> <span class='ocrx_word' id='word_1_448' title='bbox 1482 4137 1530 4182; x_wconf 89' lang='lat' dir='ltr'><strong>et</strong></span> <span class='ocrx_word' id='word_1_449' title='bbox 1575 4128 1807 4184; x_wconf 86' lang='lat' dir='ltr'><strong>discerne</strong></span> 
     </span>
    </p>
   </div>
   <div class='ocr_carea' id='block_1_59' title="bbox 212 4214 1806 4296">
    <p class='ocr_par' dir='ltr' id='par_1_59' title="bbox 212 4214 1806 4296">
     <span class='ocr_line' id='line_1_59' title="bbox 212 4214 1806 4296; baseline 0.01 -33"><span class='ocrx_word' id='word_1_450' title='bbox 212 4226 430 4264; x_wconf 84' lang='lat' dir='ltr'><strong>causam</strong></span> <span class='ocrx_word' id='word_1_451' title='bbox 463 4228 633 4266; x_wconf 88' lang='lat' dir='ltr'><strong>meam</strong></span> <span class='ocrx_word' id='word_1_452' title='bbox 663 4214 728 4268; x_wconf 88' lang='lat' dir='ltr'><strong>de</strong></span> <span class='ocrx_word' id='word_1_453' title='bbox 770 4224 917 4284; x_wconf 86' lang='lat' dir='ltr'><strong>gente</strong></span> <span class='ocrx_word' id='word_1_454' title='bbox 943 4233 1046 4270; x_wconf 92' lang='lat' dir='ltr'><strong>non</strong></span> <span class='ocrx_word' id='word_1_455' title='bbox 1073 4229 1258 4273; x_wconf 90' lang='lat' dir='ltr'><strong>sancta</strong></span> <span class='ocrx_word' id='word_1_456' title='bbox 1287 4218 1460 4292; x_wconf 91' lang='lat' dir='ltr'><strong>(Psal.</strong></span> <span class='ocrx_word' id='word_1_457' title='bbox 1499 4222 1654 4296; x_wconf 78' lang='lat' dir='ltr'><strong>xm).</strong></span> <span class='ocrx_word' id='word_1_458' title='bbox 1690 4223 1806 4279; x_wconf 88' lang='lat' dir='ltr'><strong>Non</strong></span> 
     </span>
    </p>
   </div>
   <div class='ocr_carea' id='block_1_60' title="bbox 210 4299 1804 4384">
    <p class='ocr_par' dir='ltr' id='par_1_60' title="bbox 210 4299 1804 4384">
     <span class='ocr_line' id='line_1_60' title="bbox 210 4299 1804 4384; baseline 0.008 -27"><span class='ocrx_word' id='word_1_459' title='bbox 210 4299 361 4357; x_wconf 82' lang='lat' dir='ltr'><strong>enim</strong></span> <span class='ocrx_word' id='word_1_460' title='bbox 408 4303 544 4372; x_wconf 89' lang='lat' dir='ltr'><strong>petit</strong></span> <span class='ocrx_word' id='word_1_461' title='bbox 583 4314 805 4374; x_wconf 91' lang='lat' dir='ltr'><strong>peccata</strong></span> <span class='ocrx_word' id='word_1_462' title='bbox 845 4321 941 4359; x_wconf 90' lang='lat' dir='ltr'><strong>sua</strong></span> <span class='ocrx_word' id='word_1_463' title='bbox 984 4307 1200 4374; x_wconf 88' lang='lat' dir='ltr'><strong>discuti,</strong></span> <span class='ocrx_word' id='word_1_464' title='bbox 1249 4313 1342 4365; x_wconf 87' lang='lat' dir='ltr'><strong>sed</strong></span> <span class='ocrx_word' id='word_1_465' title='bbox 1384 4313 1450 4366; x_wconf 90' lang='lat' dir='ltr'><strong>ab</strong></span> <span class='ocrx_word' id='word_1_466' title='bbox 1500 4314 1804 4384; x_wconf 90' lang='lat' dir='ltr'><strong>iniquorum</strong></span> 
     </span>
    </p>
   </div>
   <div class='ocr_carea' id='block_1_61' title="bbox 213 4393 1803 4476">
    <p class='ocr_par' dir='ltr' id='par_1_61' title="bbox 213 4393 1803 4476">
     <span class='ocr_line' id='line_1_61' title="bbox 213 4393 1803 4476; baseline 0.008 -27"><span class='ocrx_word' id='word_1_467' title='bbox 213 4393 489 4449; x_wconf 77' lang='lat' dir='ltr'><strong>consortio</strong></span> <span class='ocrx_word' id='word_1_468' title='bbox 517 4393 755 4450; x_wconf 86' lang='lat' dir='ltr'><strong>liberari.</strong></span> <span class='ocrx_word' id='word_1_469' title='bbox 797 4395 955 4452; x_wconf 88' lang='lat' dir='ltr'><strong>Esset</strong></span> <span class='ocrx_word' id='word_1_470' title='bbox 991 4401 1134 4454; x_wconf 85' lang='lat' dir='ltr'><strong>enim</strong></span> <span class='ocrx_word' id='word_1_471' title='bbox 1165 4402 1525 4470; x_wconf 90' lang='lat' dir='ltr'><strong>periculosum</strong></span> <span class='ocrx_word' id='word_1_472' title='bbox 1555 4406 1682 4473; x_wconf 91' lang='lat' dir='ltr'><strong>dici,</strong></span> <span class='ocrx_word' id='word_1_473' title='bbox 1709 4407 1803 4476; x_wconf 83' lang='lat' dir='ltr'><strong>ju-</strong></span> 
     </span>
    </p>
   </div>
   <div class='ocr_carea' id='block_1_62' title="bbox 213 4482 1804 4564">
    <p class='ocr_par' dir='ltr' id='par_1_62' title="bbox 213 4482 1804 4564">
     <span class='ocr_line' id='line_1_62' title="bbox 213 4482 1804 4564; baseline 0.01 -28"><span class='ocrx_word' id='word_1_474' title='bbox 213 4482 334 4538; x_wconf 83' lang='lat' dir='ltr'><strong>dica</strong></span> <span class='ocrx_word' id='word_1_475' title='bbox 367 4500 468 4551; x_wconf 85' lang='lat' dir='ltr'><strong>me,</strong></span> <span class='ocrx_word' id='word_1_476' title='bbox 505 4485 610 4542; x_wconf 87' lang='lat' dir='ltr'><strong>nisi</strong></span> <span class='ocrx_word' id='word_1_477' title='bbox 654 4487 968 4556; x_wconf 84' lang='lat' dir='ltr'><strong>addidisset,</strong></span> <span class='ocrx_word' id='word_1_478' title='bbox 1003 4502 1050 4544; x_wconf 88' lang='lat' dir='ltr'><strong>et</strong></span> <span class='ocrx_word' id='word_1_479' title='bbox 1076 4491 1312 4548; x_wconf 83' lang='lat' dir='ltr'><strong>discerne</strong></span> <span class='ocrx_word' id='word_1_480' title='bbox 1350 4511 1565 4550; x_wconf 88' lang='lat' dir='ltr'><strong>causam</strong></span> <span class='ocrx_word' id='word_1_481' title='bbox 1613 4514 1804 4564; x_wconf 90' lang='lat' dir='ltr'><strong>meam,</strong></span> 
     </span>
    </p>
   </div>
   <div class='ocr_carea' id='block_1_63' title="bbox 215 4573 1810 4654">
    <p class='ocr_par' dir='ltr' id='par_1_63' title="bbox 215 4573 1810 4654">
     <span class='ocr_line' id='line_1_63' title="bbox 215 4573 1810 4654; baseline 0.01 -26"><span class='ocrx_word' id='word_1_482' title='bbox 215 4573 271 4628; x_wconf 93' lang='lat' dir='ltr'><strong>id</strong></span> <span class='ocrx_word' id='word_1_483' title='bbox 315 4583 416 4640; x_wconf 90' lang='lat' dir='ltr'><strong>est,</strong></span> <span class='ocrx_word' id='word_1_484' title='bbox 461 4576 638 4632; x_wconf 91' lang='lat' dir='ltr'><strong>divide</strong></span> <span class='ocrx_word' id='word_1_485' title='bbox 671 4580 1078 4648; x_wconf 91' lang='lat' dir='ltr'><strong>permistionem</strong></span> <span class='ocrx_word' id='word_1_486' title='bbox 1105 4598 1304 4649; x_wconf 91' lang='lat' dir='ltr'><strong>meam,</strong></span> <span class='ocrx_word' id='word_1_487' title='bbox 1330 4599 1492 4654; x_wconf 91' lang='lat' dir='ltr'><strong>quam</strong></span> <span class='ocrx_word' id='word_1_488' title='bbox 1523 4587 1576 4641; x_wconf 93' lang='lat' dir='ltr'><strong>in</strong></span> <span class='ocrx_word' id='word_1_489' title='bbox 1613 4590 1810 4644; x_wconf 65' lang='lat' dir='ltr'><strong>saeculo</strong></span> 
     </span>
    </p>
   </div>
   <div class='ocr_carea' id='block_1_64' title="bbox 214 4663 1812 4748">
    <p class='ocr_par' dir='ltr' id='par_1_64' title="bbox 214 4663 1812 4748">
     <span class='ocr_line' id='line_1_64' title="bbox 214 4663 1812 4748; baseline 0.01 -31"><span class='ocrx_word' id='word_1_490' title='bbox 214 4663 324 4718; x_wconf 92' lang='lat' dir='ltr'><strong>isto</strong></span> <span class='ocrx_word' id='word_1_491' title='bbox 351 4666 614 4733; x_wconf 89' lang='lat' dir='ltr'><strong>sustineo,</strong></span> <span class='ocrx_word' id='word_1_492' title='bbox 645 4676 701 4724; x_wconf 90' lang='lat' dir='ltr'><strong>et</strong></span> <span class='ocrx_word' id='word_1_493' title='bbox 720 4668 1010 4738; x_wconf 90' lang='lat' dir='ltr'><strong>aliquando</strong></span> <span class='ocrx_word' id='word_1_494' title='bbox 1039 4685 1382 4743; x_wconf 90' lang='lat' dir='ltr'><strong>segregatum</strong></span> <span class='ocrx_word' id='word_1_495' title='bbox 1413 4689 1501 4730; x_wconf 92' lang='lat' dir='ltr'><strong>me</strong></span> <span class='ocrx_word' id='word_1_496' title='bbox 1531 4676 1598 4730; x_wconf 92' lang='lat' dir='ltr'><strong>ab</strong></span> <span class='ocrx_word' id='word_1_497' title='bbox 1630 4677 1812 4748; x_wconf 90' lang='lat' dir='ltr'><strong>impiis</strong></span> 
     </span>
    </p>
   </div>
   <div class='ocr_carea' id='block_1_65' title="bbox 215 4755 1811 4837">
    <p class='ocr_par' dir='ltr' id='par_1_65' title="bbox 215 4755 1811 4837">
     <span class='ocr_line' id='line_1_65' title="bbox 215 4755 1811 4837; baseline 0.009 -29"><span class='ocrx_word' id='word_1_498' title='bbox 215 4755 270 4808; x_wconf 92' lang='lat' dir='ltr'><strong>in</strong></span> <span class='ocrx_word' id='word_1_499' title='bbox 295 4755 482 4825; x_wconf 91' lang='lat' dir='ltr'><strong>populi</strong></span> <span class='ocrx_word' id='word_1_500' title='bbox 511 4758 587 4811; x_wconf 91' lang='lat' dir='ltr'><strong>tui</strong></span> <span class='ocrx_word' id='word_1_501' title='bbox 616 4759 880 4817; x_wconf 89' lang='lat' dir='ltr'><strong>electione</strong></span> <span class='ocrx_word' id='word_1_502' title='bbox 909 4762 1196 4818; x_wconf 89' lang='lat' dir='ltr'><strong>constitue.</strong></span> <span class='ocrx_word' id='word_1_503' title='bbox 1227 4764 1410 4830; x_wconf 89' lang='lat' dir='ltr'><strong>Addit,</strong></span> <span class='ocrx_word' id='word_1_504' title='bbox 1444 4766 1508 4820; x_wconf 88' lang='lat' dir='ltr'><strong>de</strong></span> <span class='ocrx_word' id='word_1_505' title='bbox 1530 4777 1679 4837; x_wconf 88' lang='lat' dir='ltr'><strong>gente</strong></span> <span class='ocrx_word' id='word_1_506' title='bbox 1708 4785 1811 4824; x_wconf 88' lang='lat' dir='ltr'><strong>non</strong></span> 
     </span>
    </p>
   </div>
   <div class='ocr_carea' id='block_1_66' title="bbox 213 4849 1808 4924">
    <p class='ocr_par' dir='ltr' id='par_1_66' title="bbox 213 4849 1808 4924">
     <span class='ocr_line' id='line_1_66' title="bbox 213 4849 1808 4924; baseline 0.011 -23"><span class='ocrx_word' id='word_1_507' title='bbox 213 4857 401 4902; x_wconf 87' lang='lat' dir='ltr'><strong>sancta</strong></span> <span class='ocrx_word' id='word_1_508' title='bbox 433 4861 452 4900; x_wconf 89' lang='lat'><em>:</em></span> <span class='ocrx_word' id='word_1_509' title='bbox 483 4849 585 4904; x_wconf 89' lang='lat' dir='ltr'><strong>hoc</strong></span> <span class='ocrx_word' id='word_1_510' title='bbox 624 4861 726 4918; x_wconf 90' lang='lat' dir='ltr'><strong>est,</strong></span> <span class='ocrx_word' id='word_1_511' title='bbox 767 4851 835 4909; x_wconf 89' lang='lat' dir='ltr'><strong>de</strong></span> <span class='ocrx_word' id='word_1_512' title='bbox 877 4856 1147 4924; x_wconf 90' lang='lat' dir='ltr'><strong>perversis</strong></span> <span class='ocrx_word' id='word_1_513' title='bbox 1191 4871 1253 4912; x_wconf 89' lang='lat' dir='ltr'><strong>ac</strong></span> <span class='ocrx_word' id='word_1_514' title='bbox 1300 4857 1440 4913; x_wconf 90' lang='lat' dir='ltr'><strong>male</strong></span> <span class='ocrx_word' id='word_1_515' title='bbox 1483 4860 1808 4919; x_wconf 88' lang='lat' dir='ltr'><strong>viventibus.</strong></span> 
     </span>
    </p>
   </div>
   <div class='ocr_carea' id='block_1_67' title="bbox 215 4937 1814 5024">
    <p class='ocr_par' dir='ltr' id='par_1_67' title="bbox 215 4937 1814 5024">
     <span class='ocr_line' id='line_1_67' title="bbox 215 4937 1814 5024; baseline 0.012 -34"><span class='ocrx_word' id='word_1_516' title='bbox 215 4937 441 5009; x_wconf 90' lang='lat' dir='ltr'><strong>Legitur</strong></span> <span class='ocrx_word' id='word_1_517' title='bbox 466 4949 523 4994; x_wconf 91' lang='lat' dir='ltr'><strong>et</strong></span> <span class='ocrx_word' id='word_1_518' title='bbox 564 4940 617 4995; x_wconf 93' lang='lat' dir='ltr'><strong>in</strong></span> <span class='ocrx_word' id='word_1_519' title='bbox 639 4942 752 4997; x_wconf 86' lang='lat' dir='ltr'><strong>alio</strong></span> <span class='ocrx_word' id='word_1_520' title='bbox 775 4946 1041 5014; x_wconf 90' lang='lat' dir='ltr'><strong>propheta</strong></span> <span class='ocrx_word' id='word_1_521' title='bbox 1067 4947 1326 5004; x_wconf 89' lang='lat' dir='ltr'><strong>Dominus</strong></span> <span class='ocrx_word' id='word_1_522' title='bbox 1356 4949 1664 5020; x_wconf 91' lang='lat' dir='ltr'><strong>increpasse</strong></span> <span class='ocrx_word' id='word_1_523' title='bbox 1688 4969 1814 5024; x_wconf 92' lang='lat' dir='ltr'><strong>pee-</strong></span> 
     </span>
    </p>
   </div>
   <div class='ocr_carea' id='block_1_68' title="bbox 215 5028 1814 5116">
    <p class='ocr_par' dir='ltr' id='par_1_68' title="bbox 215 5028 1814 5116">
     <span class='ocr_line' id='line_1_68' title="bbox 215 5028 1814 5116; baseline 0.009 -32"><span class='ocrx_word' id='word_1_524' title='bbox 215 5039 429 5098; x_wconf 87' lang='lat' dir='ltr'><strong>eantes,</strong></span> <span class='ocrx_word' id='word_1_525' title='bbox 457 5031 532 5087; x_wconf 82' lang='lat' dir='ltr'><strong>ita</strong></span> <span class='ocrx_word' id='word_1_526' title='bbox 555 5032 742 5090; x_wconf 91' lang='lat' dir='ltr'><strong>dicens</strong></span> <span class='ocrx_word' id='word_1_527' title='bbox 769 5055 781 5090; x_wconf 93' lang='lat'><strong>:</strong></span> <span class='ocrx_word' id='word_1_528' title='bbox 817 5036 952 5092; x_wconf 88' lang='lat' dir='ltr'><strong>Ecce</strong></span> <span class='ocrx_word' id='word_1_529' title='bbox 979 5039 1047 5093; x_wconf 89' lang='lat' dir='ltr'><strong>ad</strong></span> <span class='ocrx_word' id='word_1_530' title='bbox 1081 5038 1194 5094; x_wconf 84' lang='lat' dir='ltr'><strong>lites</strong></span> <span class='ocrx_word' id='word_1_531' title='bbox 1226 5049 1274 5094; x_wconf 89' lang='lat' dir='ltr'><strong>et</strong></span> <span class='ocrx_word' id='word_1_532' title='bbox 1299 5028 1653 5099; x_wconf 74' lang='lat' dir='ltr'><strong>contentiones</strong></span> <span class='ocrx_word' id='word_1_533' title='bbox 1684 5046 1814 5116; x_wconf 83' lang='lat' dir='ltr'><strong>vigi-</strong></span> 
     </span>
    </p>
   </div>
   <div class='ocr_carea' id='block_1_69' title="bbox 215 5123 1811 5207">
    <p class='ocr_par' dir='ltr' id='par_1_69' title="bbox 215 5123 1811 5207">
     <span class='ocr_line' id='line_1_69' title="bbox 215 5123 1811 5207; baseline 0.011 -31"><span class='ocrx_word' id='word_1_534' title='bbox 215 5123 340 5177; x_wconf 87' lang='lat' dir='ltr'><strong>latis</strong></span> <span class='ocrx_word' id='word_1_535' title='bbox 362 5133 410 5178; x_wconf 88' lang='lat' dir='ltr'><strong>et</strong></span> <span class='ocrx_word' id='word_1_536' title='bbox 427 5129 700 5196; x_wconf 81' lang='lat' dir='ltr'><strong>percutitis</strong></span> <span class='ocrx_word' id='word_1_537' title='bbox 722 5147 897 5200; x_wconf 87' lang='lat' dir='ltr'><strong>pugno</strong></span> <span class='ocrx_word' id='word_1_538' title='bbox 927 5131 1082 5202; x_wconf 88' lang='lat' dir='ltr'><strong>impie</strong></span> <span class='ocrx_word' id='word_1_539' title='bbox 1106 5131 1240 5202; x_wconf 89' lang='lat' dir='ltr'><strong>(lsa.</strong></span> <span class='ocrx_word' id='word_1_540' title='bbox 1267 5133 1452 5206; x_wconf 81' lang='lat' dir='ltr'><strong>LVIII);</strong></span> <span class='ocrx_word' id='word_1_541' title='bbox 1480 5136 1624 5206; x_wconf 92' lang='lat' dir='ltr'><strong>quod</strong></span> <span class='ocrx_word' id='word_1_542' title='bbox 1650 5152 1811 5207; x_wconf 89' lang='lat' dir='ltr'><strong>quam</strong></span> 
     </span>
    </p>
   </div>
   <div class='ocr_carea' id='block_1_70' title="bbox 215 5216 1811 5300">
    <p class='ocr_par' dir='ltr' id='par_1_70' title="bbox 215 5216 1811 5300">
     <span class='ocr_line' id='line_1_70' title="bbox 215 5216 1811 5300; baseline 0.009 -30"><span class='ocrx_word' id='word_1_543' title='bbox 215 5216 290 5270; x_wconf 91' lang='lat' dir='ltr'><strong>sit</strong></span> <span class='ocrx_word' id='word_1_544' title='bbox 318 5216 693 5288; x_wconf 87' lang='lat' dir='ltr'><strong>vituperabile,</strong></span> <span class='ocrx_word' id='word_1_545' title='bbox 719 5221 1061 5278; x_wconf 85' lang='lat' dir='ltr'><strong>manifestum</strong></span> <span class='ocrx_word' id='word_1_546' title='bbox 1092 5233 1196 5279; x_wconf 90' lang='lat' dir='ltr'><strong>est.</strong></span> <span class='ocrx_word' id='word_1_547' title='bbox 1238 5223 1297 5280; x_wconf 85' lang='lat' dir='ltr'><strong>In</strong></span> <span class='ocrx_word' id='word_1_548' title='bbox 1341 5226 1488 5280; x_wconf 91' lang='lat' dir='ltr'><strong>omni</strong></span> <span class='ocrx_word' id='word_1_549' title='bbox 1519 5237 1698 5283; x_wconf 92' lang='lat' dir='ltr'><strong>autem</strong></span> <span class='ocrx_word' id='word_1_550' title='bbox 1720 5230 1811 5300; x_wconf 91' lang='lat' dir='ltr'><strong>ju-</strong></span> 
     </span>
    </p>
   </div>
   <div class='ocr_carea' id='block_1_71' title="bbox 216 5308 1809 5390">
    <p class='ocr_par' dir='ltr' id='par_1_71' title="bbox 216 5308 1809 5390">
     <span class='ocr_line' id='line_1_71' title="bbox 216 5308 1809 5390; baseline 0.009 -27"><span class='ocrx_word' id='word_1_551' title='bbox 216 5308 362 5363; x_wconf 90' lang='lat' dir='ltr'><strong>dicio</strong></span> <span class='ocrx_word' id='word_1_552' title='bbox 410 5323 504 5366; x_wconf 85' lang='lat' dir='ltr'><strong>sex</strong></span> <span class='ocrx_word' id='word_1_553' title='bbox 562 5325 807 5383; x_wconf 69' lang='lat' dir='ltr'><strong>persona:</strong></span> <span class='ocrx_word' id='word_1_554' title='bbox 853 5323 1169 5384; x_wconf 61' lang='lat' dir='ltr'><strong>quaeruntur</strong></span> <span class='ocrx_word' id='word_1_555' title='bbox 1211 5333 1225 5370; x_wconf 91' lang='lat'><strong>:</strong></span> <span class='ocrx_word' id='word_1_556' title='bbox 1272 5315 1463 5386; x_wconf 84' lang='lat' dir='ltr'><strong>judex,</strong></span> <span class='ocrx_word' id='word_1_557' title='bbox 1506 5328 1809 5390; x_wconf 90' lang='lat' dir='ltr'><strong>accusator,</strong></span> 
     </span>
    </p>
   </div>
   <div class='ocr_carea' id='block_1_72' title="bbox 215 5402 1812 5478">
    <p class='ocr_par' dir='ltr' id='par_1_72' title="bbox 215 5402 1812 5478">
     <span class='ocr_line' id='line_1_72' title="bbox 215 5402 1812 5478; baseline 0.012 -27"><span class='ocrx_word' id='word_1_558' title='bbox 215 5411 369 5463; x_wconf 84' lang='lat' dir='ltr'><strong>reus,</strong></span> <span class='ocrx_word' id='word_1_559' title='bbox 412 5407 468 5454; x_wconf 94' lang='lat' dir='ltr'><strong>et</strong></span> <span class='ocrx_word' id='word_1_560' title='bbox 507 5408 615 5457; x_wconf 90' lang='lat' dir='ltr'><strong>tres</strong></span> <span class='ocrx_word' id='word_1_561' title='bbox 653 5411 838 5459; x_wconf 90' lang='lat' dir='ltr'><strong>testes.</strong></span> <span class='ocrx_word' id='word_1_562' title='bbox 883 5402 1057 5461; x_wconf 84' lang='lat' dir='ltr'><strong>Judex</strong></span> <span class='ocrx_word' id='word_1_563' title='bbox 1087 5407 1282 5473; x_wconf 91' lang='lat' dir='ltr'><strong>dictus,</strong></span> <span class='ocrx_word' id='word_1_564' title='bbox 1329 5410 1482 5478; x_wconf 88' lang='lat' dir='ltr'><strong>quasi</strong></span> <span class='ocrx_word' id='word_1_565' title='bbox 1509 5409 1599 5478; x_wconf 87' lang='lat' dir='ltr'><strong>jus</strong></span> <span class='ocrx_word' id='word_1_566' title='bbox 1626 5413 1812 5470; x_wconf 92' lang='lat' dir='ltr'><strong>dicens</strong></span> 
     </span>
    </p>
   </div>
   <div class='ocr_carea' id='block_1_73' title="bbox 217 5487 1811 5567">
    <p class='ocr_par' dir='ltr' id='par_1_73' title="bbox 217 5487 1811 5567">
     <span class='ocr_line' id='line_1_73' title="bbox 217 5487 1811 5567; baseline 0.011 -27"><span class='ocrx_word' id='word_1_567' title='bbox 217 5487 418 5558; x_wconf 89' lang='lat' dir='ltr'><strong>populo</strong></span> <span class='ocrx_word' id='word_1_568' title='bbox 447 5507 461 5544; x_wconf 89' lang='lat'><strong>:</strong></span> <span class='ocrx_word' id='word_1_569' title='bbox 495 5492 610 5547; x_wconf 90' lang='lat' dir='ltr'><strong>sive</strong></span> <span class='ocrx_word' id='word_1_570' title='bbox 638 5495 783 5563; x_wconf 83' lang='lat' dir='ltr'><strong>quod</strong></span> <span class='ocrx_word' id='word_1_571' title='bbox 817 5493 940 5562; x_wconf 92' lang='lat' dir='ltr'><strong>jure</strong></span> <span class='ocrx_word' id='word_1_572' title='bbox 991 5497 1272 5567; x_wconf 88' lang='lat' dir='ltr'><strong>disceptet.</strong></span> <span class='ocrx_word' id='word_1_573' title='bbox 1322 5499 1494 5555; x_wconf 83' lang='lat' dir='ltr'><strong>Judex</strong></span> <span class='ocrx_word' id='word_1_574' title='bbox 1533 5512 1712 5557; x_wconf 88' lang='lat' dir='ltr'><strong>autem</strong></span> <span class='ocrx_word' id='word_1_575' title='bbox 1759 5505 1811 5559; x_wconf 93' lang='lat' dir='ltr'><strong>in</strong></span> 
     </span>
    </p>
   </div>
   <div class='ocr_carea' id='block_1_74' title="bbox 223 5577 1815 5663">
    <p class='ocr_par' dir='ltr' id='par_1_74' title="bbox 223 5577 1815 5663">
     <span class='ocr_line' id='line_1_74' title="bbox 223 5577 1815 5663; baseline 0.013 -32"><span class='ocrx_word' id='word_1_576' title='bbox 223 5577 522 5649; x_wconf 86' lang='lat' dir='ltr'><strong>Seripturis</strong></span> <span class='ocrx_word' id='word_1_577' title='bbox 542 5585 713 5638; x_wconf 88' lang='lat' dir='ltr'><strong>sacris</strong></span> <span class='ocrx_word' id='word_1_578' title='bbox 739 5585 1023 5656; x_wconf 88' lang='lat' dir='ltr'><strong>aliquando</strong></span> <span class='ocrx_word' id='word_1_579' title='bbox 1049 5589 1163 5659; x_wconf 93' lang='lat' dir='ltr'><strong>ipse</strong></span> <span class='ocrx_word' id='word_1_580' title='bbox 1186 5589 1327 5644; x_wconf 91' lang='lat' dir='ltr'><strong>Deus</strong></span> <span class='ocrx_word' id='word_1_581' title='bbox 1348 5600 1552 5657; x_wconf 88' lang='lat' dir='ltr'><strong>noster,</strong></span> <span class='ocrx_word' id='word_1_582' title='bbox 1582 5594 1672 5663; x_wconf 90' lang='lat' dir='ltr'><strong>qui</strong></span> <span class='ocrx_word' id='word_1_583' title='bbox 1700 5610 1815 5650; x_wconf 92' lang='lat' dir='ltr'><strong>om-</strong></span> 
     </span>
    </p>
   </div>
   <div class='ocr_carea' id='block_1_75' title="bbox 222 5669 1817 5755">
    <p class='ocr_par' dir='ltr' id='par_1_75' title="bbox 222 5669 1817 5755">
     <span class='ocr_line' id='line_1_75' title="bbox 222 5669 1817 5755; baseline 0.009 -30"><span class='ocrx_word' id='word_1_584' title='bbox 222 5669 314 5725; x_wconf 90' lang='lat' dir='ltr'><strong>nia</strong></span> <span class='ocrx_word' id='word_1_585' title='bbox 367 5674 664 5730; x_wconf 89' lang='lat' dir='ltr'><strong>secundum</strong></span> <span class='ocrx_word' id='word_1_586' title='bbox 708 5679 1019 5748; x_wconf 61' lang='lat' dir='ltr'><strong>{equitatem</strong></span> <span class='ocrx_word' id='word_1_587' title='bbox 1073 5678 1313 5749; x_wconf 89' lang='lat' dir='ltr'><strong>judicat;</strong></span> <span class='ocrx_word' id='word_1_588' title='bbox 1361 5682 1502 5738; x_wconf 86' lang='lat' dir='ltr'><strong>unde</strong></span> <span class='ocrx_word' id='word_1_589' title='bbox 1548 5682 1817 5755; x_wconf 82' lang='lat' dir='ltr'><strong>Propheta</strong></span> 
     </span>
    </p>
   </div>
   <div class='ocr_carea' id='block_1_76' title="bbox 224 5763 1814 5850">
    <p class='ocr_par' dir='ltr' id='par_1_76' title="bbox 224 5763 1814 5850">
     <span class='ocr_line' id='line_1_76' title="bbox 224 5763 1814 5850; baseline 0.009 -33"><span class='ocrx_word' id='word_1_590' title='bbox 224 5763 505 5821; x_wconf 70' lang='lat' dir='ltr'><strong>aitzbctts</strong></span> <span class='ocrx_word' id='word_1_591' title='bbox 541 5766 714 5838; x_wconf 78' lang='lat' dir='ltr'><strong>judca:</strong></span> <span class='ocrx_word' id='word_1_592' title='bbox 755 5770 955 5839; x_wconf 84' lang='lat' dir='ltr'><strong>justus,</strong></span> <span class='ocrx_word' id='word_1_593' title='bbox 999 5774 1151 5842; x_wconf 76' lang='lat' dir='ltr'><strong>fortis</strong></span> <span class='ocrx_word' id='word_1_594' title='bbox 1198 5783 1245 5827; x_wconf 89' lang='lat' dir='ltr'><strong>et</strong></span> <span class='ocrx_word' id='word_1_595' title='bbox 1283 5773 1594 5846; x_wconf 85' lang='lat' dir='ltr'><strong>longanimis</strong></span> <span class='ocrx_word' id='word_1_596' title='bbox 1639 5774 1814 5850; x_wconf 90' lang='lat' dir='ltr'><strong>(Psal.</strong></span> 
     </span>
    </p>
   </div>
   <div class='ocr_carea' id='block_1_77' title="bbox 1899 1909 3494 1975">
    <p class='ocr_par' dir='ltr' id='par_1_77' title="bbox 1899 1909 3494 1975">
     <span class='ocr_line' id='line_1_77' title="bbox 1899 1909 3494 1975; baseline -0.004 -3"><span class='ocrx_word' id='word_1_597' title='bbox 1899 1918 2172 1973; x_wconf 90' lang='lat' dir='ltr'><strong>sideratur</strong></span> <span class='ocrx_word' id='word_1_598' title='bbox 2197 1911 2526 1975; x_wconf 91' lang='lat' dir='ltr'><strong>conditione,</strong></span> <span class='ocrx_word' id='word_1_599' title='bbox 2565 1917 2782 1974; x_wconf 90' lang='lat' dir='ltr'><strong>natura,</strong></span> <span class='ocrx_word' id='word_1_600' title='bbox 2822 1916 2877 1964; x_wconf 91' lang='lat' dir='ltr'><strong>et</strong></span> <span class='ocrx_word' id='word_1_601' title='bbox 2915 1909 3044 1963; x_wconf 86' lang='lat' dir='ltr'><strong>vita.</strong></span> <span class='ocrx_word' id='word_1_602' title='bbox 3077 1909 3417 1974; x_wconf 89' lang='lat' dir='ltr'><strong>Couditione,</strong></span> <span class='ocrx_word' id='word_1_603' title='bbox 3445 1911 3494 1965; x_wconf 92' lang='lat' dir='ltr'><strong>si</strong></span> 
     </span>
    </p>
   </div>
   <div class='ocr_carea' id='block_1_78' title="bbox 1899 2000 3492 2074">
    <p class='ocr_par' dir='ltr' id='par_1_78' title="bbox 1899 2000 3492 2074">
     <span class='ocr_line' id='line_1_78' title="bbox 1899 2000 3492 2074; baseline -0.003 -14"><span class='ocrx_word' id='word_1_604' title='bbox 1899 2007 2054 2074; x_wconf 89' lang='lat' dir='ltr'><strong>liber,</strong></span> <span class='ocrx_word' id='word_1_605' title='bbox 2083 2022 2191 2061; x_wconf 92' lang='lat' dir='ltr'><strong>non</strong></span> <span class='ocrx_word' id='word_1_606' title='bbox 2232 2019 2418 2059; x_wconf 88' lang='lat' dir='ltr'><strong>servus</strong></span> <span class='ocrx_word' id='word_1_607' title='bbox 2444 2021 2457 2056; x_wconf 90' lang='lat'><strong>:</strong></span> <span class='ocrx_word' id='word_1_608' title='bbox 2493 2016 2619 2056; x_wconf 92' lang='lat' dir='ltr'><strong>nam</strong></span> <span class='ocrx_word' id='word_1_609' title='bbox 2652 2016 2796 2071; x_wconf 72' lang='lat' dir='ltr'><strong>smpe</strong></span> <span class='ocrx_word' id='word_1_610' title='bbox 2821 2014 3013 2055; x_wconf 88' lang='lat' dir='ltr'><strong>servus</strong></span> <span class='ocrx_word' id='word_1_611' title='bbox 3036 2008 3182 2056; x_wconf 90' lang='lat' dir='ltr'><strong>metu</strong></span> <span class='ocrx_word' id='word_1_612' title='bbox 3213 2000 3492 2056; x_wconf 91' lang='lat' dir='ltr'><strong>dominan-</strong></span> 
     </span>
    </p>
   </div>
   <div class='ocr_carea' id='block_1_79' title="bbox 1899 2089 3490 2162">
    <p class='ocr_par' dir='ltr' id='par_1_79' title="bbox 1899 2089 3490 2162">
     <span class='ocr_line' id='line_1_79' title="bbox 1899 2089 3490 2162; baseline -0.004 -10"><span class='ocrx_word' id='word_1_613' title='bbox 1899 2097 1968 2152; x_wconf 92' lang='lat' dir='ltr'><strong>tis</strong></span> <span class='ocrx_word' id='word_1_614' title='bbox 2003 2095 2370 2161; x_wconf 82' lang='lat' dir='ltr'><strong>testimonium</strong></span> <span class='ocrx_word' id='word_1_615' title='bbox 2423 2091 2707 2162; x_wconf 89' lang='lat' dir='ltr'><strong>supprimit</strong></span> <span class='ocrx_word' id='word_1_616' title='bbox 2750 2091 3015 2146; x_wconf 90' lang='lat' dir='ltr'><strong>veritatis.</strong></span> <span class='ocrx_word' id='word_1_617' title='bbox 3067 2089 3290 2158; x_wconf 88' lang='lat' dir='ltr'><strong>Natura,</strong></span> <span class='ocrx_word' id='word_1_618' title='bbox 3316 2091 3360 2147; x_wconf 87' lang='lat' dir='ltr'><strong>si</strong></span> <span class='ocrx_word' id='word_1_619' title='bbox 3386 2092 3490 2159; x_wconf 86' lang='lat' dir='ltr'><strong>vir,</strong></span> 
     </span>
    </p>
   </div>
   <div class='ocr_carea' id='block_1_80' title="bbox 1897 2187 2474 2252">
    <p class='ocr_par' dir='ltr' id='par_1_80' title="bbox 1897 2187 2474 2252">
     <span class='ocr_line' id='line_1_80' title="bbox 1897 2187 2474 2252; baseline -0.012 -8"><span class='ocrx_word' id='word_1_620' title='bbox 1897 2205 2005 2244; x_wconf 92' lang='lat' dir='ltr'><strong>non</strong></span> <span class='ocrx_word' id='word_1_621' title='bbox 2033 2187 2268 2252; x_wconf 83' lang='lat' dir='ltr'><strong>femina;</strong></span> <span class='ocrx_word' id='word_1_622' title='bbox 2301 2199 2429 2240; x_wconf 90' lang='lat' dir='ltr'><strong>nam</strong></span> <span class='ocrx_word' id='word_1_623' title='bbox 2462 2202 2474 2237; x_wconf 91' lang='lat'><strong>:</strong></span> 
     </span>
    </p>
   </div>
   <div class='ocr_carea' id='block_1_81' title="bbox 2089 2292 3054 2357">
    <p class='ocr_par' dir='ltr' id='par_1_81' title="bbox 2089 2292 3054 2357">
     <span class='ocr_line' id='line_1_81' title="bbox 2089 2292 3054 2357; baseline -0.005 -8"><span class='ocrx_word' id='word_1_624' title='bbox 2089 2333 2104 2349; x_wconf 98' lang='lat'><strong>.</strong></span> <span class='ocrx_word' id='word_1_625' title='bbox 2142 2336 2154 2348; x_wconf 93' lang='lat'><strong>.</strong></span> <span class='ocrx_word' id='word_1_626' title='bbox 2195 2334 2208 2349; x_wconf 93' lang='lat'><strong>.</strong></span> <span class='ocrx_word' id='word_1_627' title='bbox 2245 2335 2258 2346; x_wconf 93' lang='lat'><strong>.</strong></span> <span class='ocrx_word' id='word_1_628' title='bbox 2294 2296 2496 2346; x_wconf 80' lang='lat' dir='ltr'><strong>Varium</strong></span> <span class='ocrx_word' id='word_1_629' title='bbox 2520 2301 2573 2345; x_wconf 90' lang='lat' dir='ltr'><strong>et</strong></span> <span class='ocrx_word' id='word_1_630' title='bbox 2593 2292 2830 2345; x_wconf 81' lang='lat' dir='ltr'><strong>mutabile</strong></span> <span class='ocrx_word' id='word_1_631' title='bbox 2849 2306 3054 2357; x_wconf 89' lang='lat' dir='ltr'><strong>semper</strong></span> 
     </span>
    </p>
   </div>
   <div class='ocr_carea' id='block_1_82' title="bbox 2084 2361 2517 2411">
    <p class='ocr_par' dir='ltr' id='par_1_82' title="bbox 2084 2361 2517 2411">
     <span class='ocr_line' id='line_1_82' title="bbox 2084 2361 2517 2411; baseline -0.009 0"><span class='ocrx_word' id='word_1_632' title='bbox 2084 2361 2307 2411; x_wconf 83' lang='lat' dir='ltr'><strong>Femina.</strong></span> <span class='ocrx_word' id='word_1_633' title='bbox 2346 2394 2362 2409; x_wconf 97' lang='lat'><strong>.</strong></span> <span class='ocrx_word' id='word_1_634' title='bbox 2401 2392 2417 2409; x_wconf 92' lang='lat'><strong>.</strong></span> <span class='ocrx_word' id='word_1_635' title='bbox 2452 2390 2469 2408; x_wconf 92' lang='lat'><strong>.</strong></span> <span class='ocrx_word' id='word_1_636' title='bbox 2505 2395 2517 2406; x_wconf 92' lang='lat'><strong>.</strong></span> 
     </span>
    </p>
   </div>
   <div class='ocr_carea' id='block_1_83' title="bbox 1899 2458 3496 2533">
    <p class='ocr_par' dir='ltr' id='par_1_83' title="bbox 1899 2458 3496 2533">
     <span class='ocr_line' id='line_1_83' title="bbox 1899 2458 3496 2533; baseline 0.001 -18"><span class='ocrx_word' id='word_1_637' title='bbox 1899 2465 2046 2533; x_wconf 85' lang='lat' dir='ltr'><strong>Vita,</strong></span> <span class='ocrx_word' id='word_1_638' title='bbox 2080 2466 2128 2521; x_wconf 92' lang='lat' dir='ltr'><strong>si</strong></span> <span class='ocrx_word' id='word_1_639' title='bbox 2173 2464 2436 2519; x_wconf 87' lang='lat' dir='ltr'><strong>innocens</strong></span> <span class='ocrx_word' id='word_1_640' title='bbox 2465 2468 2520 2516; x_wconf 90' lang='lat' dir='ltr'><strong>et</strong></span> <span class='ocrx_word' id='word_1_641' title='bbox 2550 2460 2760 2531; x_wconf 91' lang='lat' dir='ltr'><strong>integer</strong></span> <span class='ocrx_word' id='word_1_642' title='bbox 2787 2467 2908 2515; x_wconf 90' lang='lat' dir='ltr'><strong>actu</strong></span> <span class='ocrx_word' id='word_1_643' title='bbox 2933 2476 2946 2512; x_wconf 93' lang='lat'><strong>:</strong></span> <span class='ocrx_word' id='word_1_644' title='bbox 2977 2474 3103 2514; x_wconf 91' lang='lat' dir='ltr'><strong>nam</strong></span> <span class='ocrx_word' id='word_1_645' title='bbox 3142 2458 3187 2515; x_wconf 91' lang='lat' dir='ltr'><strong>si</strong></span> <span class='ocrx_word' id='word_1_646' title='bbox 3215 2459 3326 2514; x_wconf 89' lang='lat' dir='ltr'><strong>vita</strong></span> <span class='ocrx_word' id='word_1_647' title='bbox 3355 2461 3496 2516; x_wconf 90' lang='lat' dir='ltr'><strong>bona</strong></span> 
     </span>
    </p>
   </div>
   <div class='ocr_carea' id='block_1_84' title="bbox 1900 2551 3496 2623">
    <p class='ocr_par' dir='ltr' id='par_1_84' title="bbox 1900 2551 3496 2623">
     <span class='ocr_line' id='line_1_84' title="bbox 1900 2551 3496 2623; baseline -0.004 -8"><span class='ocrx_word' id='word_1_648' title='bbox 1900 2559 2152 2623; x_wconf 80' lang='lat' dir='ltr'><strong>defuerit,</strong></span> <span class='ocrx_word' id='word_1_649' title='bbox 2204 2557 2309 2612; x_wconf 89' lang='lat' dir='ltr'><strong>ﬁde</strong></span> <span class='ocrx_word' id='word_1_650' title='bbox 2335 2555 2559 2611; x_wconf 90' lang='lat' dir='ltr'><strong>carebit.</strong></span> <span class='ocrx_word' id='word_1_651' title='bbox 2596 2552 2710 2608; x_wconf 90' lang='lat' dir='ltr'><strong>Non</strong></span> <span class='ocrx_word' id='word_1_652' title='bbox 2749 2552 2893 2608; x_wconf 93' lang='lat' dir='ltr'><strong>enim</strong></span> <span class='ocrx_word' id='word_1_653' title='bbox 2924 2556 3101 2623; x_wconf 84' lang='lat' dir='ltr'><strong>potest</strong></span> <span class='ocrx_word' id='word_1_654' title='bbox 3125 2551 3335 2622; x_wconf 91' lang='lat' dir='ltr'><strong>justitia</strong></span> <span class='ocrx_word' id='word_1_655' title='bbox 3371 2568 3496 2609; x_wconf 90' lang='lat' dir='ltr'><strong>cum</strong></span> 
     </span>
    </p>
   </div>
   <div class='ocr_carea' id='block_1_85' title="bbox 1900 2647 3497 2717">
    <p class='ocr_par' dir='ltr' id='par_1_85' title="bbox 1900 2647 3497 2717">
     <span class='ocr_line' id='line_1_85' title="bbox 1900 2647 3497 2717; baseline -0.006 -6"><span class='ocrx_word' id='word_1_656' title='bbox 1900 2655 2164 2711; x_wconf 88' lang='lat' dir='ltr'><strong>scelerato</strong></span> <span class='ocrx_word' id='word_1_657' title='bbox 2192 2652 2392 2706; x_wconf 90' lang='lat' dir='ltr'><strong>habere</strong></span> <span class='ocrx_word' id='word_1_658' title='bbox 2421 2648 2762 2704; x_wconf 91' lang='lat' dir='ltr'><strong>societatem.</strong></span> <span class='ocrx_word' id='word_1_659' title='bbox 2807 2647 2922 2702; x_wconf 90' lang='lat' dir='ltr'><strong>Duo</strong></span> <span class='ocrx_word' id='word_1_660' title='bbox 2941 2655 3121 2700; x_wconf 90' lang='lat' dir='ltr'><strong>autem</strong></span> <span class='ocrx_word' id='word_1_661' title='bbox 3148 2654 3274 2701; x_wconf 90' lang='lat' dir='ltr'><strong>sunt</strong></span> <span class='ocrx_word' id='word_1_662' title='bbox 3297 2661 3497 2717; x_wconf 87' lang='lat' dir='ltr'><strong>genera</strong></span> 
     </span>
    </p>
   </div>
   <div class='ocr_carea' id='block_1_86' title="bbox 1902 2737 3498 2810">
    <p class='ocr_par' dir='ltr' id='par_1_86' title="bbox 1902 2737 3498 2810">
     <span class='ocr_line' id='line_1_86' title="bbox 1902 2737 3498 2810; baseline -0.006 -7"><span class='ocrx_word' id='word_1_663' title='bbox 1902 2747 2161 2804; x_wconf 90' lang='lat' dir='ltr'><strong>testium:</strong></span> <span class='ocrx_word' id='word_1_664' title='bbox 2201 2751 2293 2798; x_wconf 89' lang='lat' dir='ltr'><strong>aut</strong></span> <span class='ocrx_word' id='word_1_665' title='bbox 2341 2740 2570 2798; x_wconf 90' lang='lat' dir='ltr'><strong>dicendo</strong></span> <span class='ocrx_word' id='word_1_666' title='bbox 2612 2739 2665 2794; x_wconf 93' lang='lat' dir='ltr'><strong>id</strong></span> <span class='ocrx_word' id='word_1_667' title='bbox 2703 2738 2846 2810; x_wconf 89' lang='lat' dir='ltr'><strong>quod</strong></span> <span class='ocrx_word' id='word_1_668' title='bbox 2873 2737 3142 2804; x_wconf 90' lang='lat' dir='ltr'><strong>viderunt,</strong></span> <span class='ocrx_word' id='word_1_669' title='bbox 3185 2747 3279 2793; x_wconf 91' lang='lat' dir='ltr'><strong>aut</strong></span> <span class='ocrx_word' id='word_1_670' title='bbox 3318 2739 3498 2810; x_wconf 84' lang='lat' dir='ltr'><strong>profe-</strong></span> 
     </span>
    </p>
   </div>
   <div class='ocr_carea' id='block_1_87' title="bbox 1901 2830 3497 2906">
    <p class='ocr_par' dir='ltr' id='par_1_87' title="bbox 1901 2830 3497 2906">
     <span class='ocr_line' id='line_1_87' title="bbox 1901 2830 3497 2906; baseline -0.006 -12"><span class='ocrx_word' id='word_1_671' title='bbox 1901 2839 2069 2894; x_wconf 88' lang='lat' dir='ltr'><strong>rendo</strong></span> <span class='ocrx_word' id='word_1_672' title='bbox 2095 2837 2149 2893; x_wconf 90' lang='lat' dir='ltr'><strong>id</strong></span> <span class='ocrx_word' id='word_1_673' title='bbox 2169 2835 2314 2906; x_wconf 92' lang='lat' dir='ltr'><strong>quod</strong></span> <span class='ocrx_word' id='word_1_674' title='bbox 2335 2833 2642 2888; x_wconf 90' lang='lat' dir='ltr'><strong>audierunt.</strong></span> <span class='ocrx_word' id='word_1_675' title='bbox 2676 2830 2892 2884; x_wconf 88' lang='lat' dir='ltr'><strong>Duobus</strong></span> <span class='ocrx_word' id='word_1_676' title='bbox 2913 2839 3093 2885; x_wconf 90' lang='lat' dir='ltr'><strong>autem</strong></span> <span class='ocrx_word' id='word_1_677' title='bbox 3124 2830 3300 2885; x_wconf 88' lang='lat' dir='ltr'><strong>modis</strong></span> <span class='ocrx_word' id='word_1_678' title='bbox 3329 2837 3497 2886; x_wconf 86' lang='lat' dir='ltr'><strong>testes</strong></span> 
     </span>
    </p>
   </div>
   <div class='ocr_carea' id='block_1_88' title="bbox 1902 2921 3498 2998">
    <p class='ocr_par' dir='ltr' id='par_1_88' title="bbox 1902 2921 3498 2998">
     <span class='ocr_line' id='line_1_88' title="bbox 1902 2921 3498 2998; baseline -0.006 -12"><span class='ocrx_word' id='word_1_679' title='bbox 1902 2930 2243 2998; x_wconf 90' lang='lat' dir='ltr'><strong>delinquunt,</strong></span> <span class='ocrx_word' id='word_1_680' title='bbox 2273 2939 2398 2982; x_wconf 91' lang='lat' dir='ltr'><strong>cum</strong></span> <span class='ocrx_word' id='word_1_681' title='bbox 2435 2931 2527 2978; x_wconf 92' lang='lat' dir='ltr'><strong>aut</strong></span> <span class='ocrx_word' id='word_1_682' title='bbox 2547 2921 2682 2976; x_wconf 90' lang='lat' dir='ltr'><strong>falsa</strong></span> <span class='ocrx_word' id='word_1_683' title='bbox 2709 2932 2983 2991; x_wconf 90' lang='lat' dir='ltr'><strong>promunt,</strong></span> <span class='ocrx_word' id='word_1_684' title='bbox 3010 2932 3104 2977; x_wconf 91' lang='lat' dir='ltr'><strong>aut</strong></span> <span class='ocrx_word' id='word_1_685' title='bbox 3127 2938 3257 2977; x_wconf 90' lang='lat' dir='ltr'><strong>vera</strong></span> <span class='ocrx_word' id='word_1_686' title='bbox 3279 2923 3498 2978; x_wconf 88' lang='lat' dir='ltr'><strong>silentio</strong></span> 
     </span>
    </p>
   </div>
   <div class='ocr_carea' id='block_1_89' title="bbox 1901 3012 3498 3092">
    <p class='ocr_par' dir='ltr' id='par_1_89' title="bbox 1901 3012 3498 3092">
     <span class='ocr_line' id='line_1_89' title="bbox 1901 3012 3498 3092; baseline -0.003 -17"><span class='ocrx_word' id='word_1_687' title='bbox 1901 3022 2181 3092; x_wconf 87' lang='lat' dir='ltr'><strong>obtegunt.</strong></span> <span class='ocrx_word' id='word_1_688' title='bbox 2215 3019 2406 3074; x_wconf 89' lang='lat' dir='ltr'><strong>Testes</strong></span> <span class='ocrx_word' id='word_1_689' title='bbox 2445 3022 2633 3070; x_wconf 89' lang='lat' dir='ltr'><strong>autem</strong></span> <span class='ocrx_word' id='word_1_690' title='bbox 2665 3012 2719 3066; x_wconf 92' lang='lat' dir='ltr'><strong>in</strong></span> <span class='ocrx_word' id='word_1_691' title='bbox 2764 3012 3059 3082; x_wconf 87' lang='lat' dir='ltr'><strong>Scripturis</strong></span> <span class='ocrx_word' id='word_1_692' title='bbox 3094 3014 3264 3069; x_wconf 91' lang='lat' dir='ltr'><strong>sacris</strong></span> <span class='ocrx_word' id='word_1_693' title='bbox 3309 3013 3498 3071; x_wconf 73' lang='lat' dir='ltr'><strong>illi.di-</strong></span> 
     </span>
    </p>
   </div>
   <div class='ocr_carea' id='block_1_90' title="bbox 1901 3107 3503 3182">
    <p class='ocr_par' dir='ltr' id='par_1_90' title="bbox 1901 3107 3503 3182">
     <span class='ocr_line' id='line_1_90' title="bbox 1901 3107 3503 3182; baseline -0.005 -14"><span class='ocrx_word' id='word_1_694' title='bbox 1901 3122 2118 3177; x_wconf 90' lang='lat' dir='ltr'><strong>cuntur,</strong></span> <span class='ocrx_word' id='word_1_695' title='bbox 2152 3112 2243 3182; x_wconf 90' lang='lat' dir='ltr'><strong>qui</strong></span> <span class='ocrx_word' id='word_1_696' title='bbox 2274 3126 2337 3166; x_wconf 88' lang='lat' dir='ltr'><strong>ea</strong></span> <span class='ocrx_word' id='word_1_697' title='bbox 2371 3126 2491 3180; x_wconf 71' lang='lat' dir='ltr'><strong>qua:</strong></span> <span class='ocrx_word' id='word_1_698' title='bbox 2522 3112 2771 3166; x_wconf 90' lang='lat' dir='ltr'><strong>viderunt</strong></span> <span class='ocrx_word' id='word_1_699' title='bbox 2804 3117 2859 3165; x_wconf 91' lang='lat' dir='ltr'><strong>et</strong></span> <span class='ocrx_word' id='word_1_700' title='bbox 2893 3107 3200 3172; x_wconf 88' lang='lat' dir='ltr'><strong>audierunt,</strong></span> <span class='ocrx_word' id='word_1_701' title='bbox 3229 3107 3503 3161; x_wconf 89' lang='lat' dir='ltr'><strong>veraciter</strong></span> 
     </span>
    </p>
   </div>
   <div class='ocr_carea' id='block_1_91' title="bbox 1830 3197 3497 3272">
    <p class='ocr_par' dir='ltr' id='par_1_91' title="bbox 1830 3197 3497 3272">
     <span class='ocr_line' id='line_1_91' title="bbox 1830 3197 3497 3272; baseline -0.004 -15"><span class='ocrx_word' id='word_1_702' title='bbox 1830 3206 1874 3268; x_wconf 68' lang='grc' dir='ltr'><strong>(ἶ</strong></span> <span class='ocrx_word' id='word_1_703' title='bbox 1906 3201 2264 3272; x_wconf 89' lang='lat' dir='ltr'><strong>protulerunt.</strong></span> <span class='ocrx_word' id='word_1_704' title='bbox 2298 3200 2451 3256; x_wconf 91' lang='lat' dir='ltr'><strong>Unde</strong></span> <span class='ocrx_word' id='word_1_705' title='bbox 2481 3200 2593 3270; x_wconf 88' lang='lat' dir='ltr'><strong>ipse</strong></span> <span class='ocrx_word' id='word_1_706' title='bbox 2622 3202 2763 3256; x_wconf 90' lang='lat' dir='ltr'><strong>Deus</strong></span> <span class='ocrx_word' id='word_1_707' title='bbox 2799 3199 2867 3254; x_wconf 90' lang='lat' dir='ltr'><strong>ad</strong></span> <span class='ocrx_word' id='word_1_708' title='bbox 2895 3197 3165 3269; x_wconf 89' lang='lat' dir='ltr'><strong>apostolos</strong></span> <span class='ocrx_word' id='word_1_709' title='bbox 3207 3212 3335 3252; x_wconf 89' lang='lat' dir='ltr'><strong>suos</strong></span> <span class='ocrx_word' id='word_1_710' title='bbox 3379 3197 3456 3252; x_wconf 94' lang='lat' dir='ltr'><strong>ait</strong></span> <span class='ocrx_word' id='word_1_711' title='bbox 3484 3213 3497 3250; x_wconf 91' lang='lat'><strong>:</strong></span> 
     </span>
    </p>
   </div>
   <div class='ocr_carea' id='block_1_92' title="bbox 1909 3288 3501 3347">
    <p class='ocr_par' dir='ltr' id='par_1_92' title="bbox 1909 3288 3501 3347">
     <span class='ocr_line' id='line_1_92' title="bbox 1909 3288 3501 3347; baseline -0.004 -1"><span class='ocrx_word' id='word_1_712' title='bbox 1909 3293 1979 3346; x_wconf 86' lang='lat' dir='ltr'><strong>Et</strong></span> <span class='ocrx_word' id='word_1_713' title='bbox 2000 3293 2144 3347; x_wconf 85' lang='lat' dir='ltr'><strong>eritis</strong></span> <span class='ocrx_word' id='word_1_714' title='bbox 2165 3293 2292 3346; x_wconf 88' lang='lat' dir='ltr'><strong>mihi</strong></span> <span class='ocrx_word' id='word_1_715' title='bbox 2325 3301 2477 3346; x_wconf 88' lang='lat' dir='ltr'><strong>testes</strong></span> <span class='ocrx_word' id='word_1_716' title='bbox 2522 3294 2578 3346; x_wconf 92' lang='lat' dir='ltr'><strong>in</strong></span> <span class='ocrx_word' id='word_1_717' title='bbox 2621 3291 2955 3346; x_wconf 84' lang='lat' dir='ltr'><strong>Hierusalem</strong></span> <span class='ocrx_word' id='word_1_718' title='bbox 2987 3299 3035 3344; x_wconf 91' lang='lat' dir='ltr'><strong>et</strong></span> <span class='ocrx_word' id='word_1_719' title='bbox 3066 3289 3208 3344; x_wconf 85' lang='lat' dir='ltr'><strong>omni</strong></span> <span class='ocrx_word' id='word_1_720' title='bbox 3234 3288 3426 3342; x_wconf 75' lang='lat' dir='ltr'><strong>Judaza</strong></span> <span class='ocrx_word' id='word_1_721' title='bbox 3453 3297 3501 3341; x_wconf 78' lang='lat' dir='ltr'><strong>et</strong></span> 
     </span>
    </p>
   </div>
   <div class='ocr_carea' id='block_1_93' title="bbox 1910 3379 3504 3454">
    <p class='ocr_par' dir='ltr' id='par_1_93' title="bbox 1910 3379 3504 3454">
     <span class='ocr_line' id='line_1_93' title="bbox 1910 3379 3504 3454; baseline -0.003 -16"><span class='ocrx_word' id='word_1_722' title='bbox 1910 3382 2180 3449; x_wconf 86' lang='lat' dir='ltr'><strong>Samaria,</strong></span> <span class='ocrx_word' id='word_1_723' title='bbox 2205 3393 2252 3437; x_wconf 88' lang='lat' dir='ltr'><strong>et</strong></span> <span class='ocrx_word' id='word_1_724' title='bbox 2276 3400 2438 3454; x_wconf 89' lang='lat' dir='ltr'><strong>usque</strong></span> <span class='ocrx_word' id='word_1_725' title='bbox 2463 3383 2532 3437; x_wconf 86' lang='lat' dir='ltr'><strong>ad</strong></span> <span class='ocrx_word' id='word_1_726' title='bbox 2554 3383 2797 3437; x_wconf 88' lang='lat' dir='ltr'><strong>ultimum</strong></span> <span class='ocrx_word' id='word_1_727' title='bbox 2825 3392 2980 3437; x_wconf 83' lang='lat' dir='ltr'><strong>terrte</strong></span> <span class='ocrx_word' id='word_1_728' title='bbox 3002 3381 3142 3453; x_wconf 80' lang='lat' dir='ltr'><strong>(Act.</strong></span> <span class='ocrx_word' id='word_1_729' title='bbox 3169 3380 3232 3451; x_wconf 87' lang='grc' dir='ltr'><strong>ι).</strong></span> <span class='ocrx_word' id='word_1_730' title='bbox 3267 3379 3422 3436; x_wconf 86' lang='lat' dir='ltr'><strong>Unde</strong></span> <span class='ocrx_word' id='word_1_731' title='bbox 3446 3387 3504 3436; x_wconf 88' lang='lat' dir='ltr'><strong>et</strong></span> 
     </span>
    </p>
   </div>
   <div class='ocr_carea' id='block_1_94' title="bbox 1908 3471 3504 3530">
    <p class='ocr_par' dir='ltr' id='par_1_94' title="bbox 1908 3471 3504 3530">
     <span class='ocr_line' id='line_1_94' title="bbox 1908 3471 3504 3530; baseline 0.001 -3"><span class='ocrx_word' id='word_1_732' title='bbox 1908 3473 2101 3530; x_wconf 92' lang='lat' dir='ltr'><strong>Petrus</strong></span> <span class='ocrx_word' id='word_1_733' title='bbox 2128 3485 2182 3529; x_wconf 90' lang='lat' dir='ltr'><strong>et</strong></span> <span class='ocrx_word' id='word_1_734' title='bbox 2215 3473 2453 3529; x_wconf 84' lang='lat' dir='ltr'><strong>Joannes</strong></span> <span class='ocrx_word' id='word_1_735' title='bbox 2500 3489 2622 3529; x_wconf 90' lang='lat' dir='ltr'><strong>cum</strong></span> <span class='ocrx_word' id='word_1_736' title='bbox 2667 3490 2698 3529; x_wconf 92' lang='lat' dir='ltr'><strong>a</strong></span> <span class='ocrx_word' id='word_1_737' title='bbox 2749 3473 2949 3528; x_wconf 65' lang='lat' dir='ltr'><strong>Iudicis</strong></span> <span class='ocrx_word' id='word_1_738' title='bbox 2981 3473 3114 3528; x_wconf 91' lang='lat' dir='ltr'><strong>tenti</strong></span> <span class='ocrx_word' id='word_1_739' title='bbox 3178 3471 3409 3528; x_wconf 83' lang='lat' dir='ltr'><strong>fuissent</strong></span> <span class='ocrx_word' id='word_1_740' title='bbox 3449 3481 3504 3528; x_wconf 91' lang='lat' dir='ltr'><strong>et</strong></span> 
     </span>
    </p>
   </div>
   <div class='ocr_carea' id='block_1_95' title="bbox 1908 3563 3502 3635">
    <p class='ocr_par' dir='ltr' id='par_1_95' title="bbox 1908 3563 3502 3635">
     <span class='ocr_line' id='line_1_95' title="bbox 1908 3563 3502 3635; baseline 0.001 -18"><span class='ocrx_word' id='word_1_741' title='bbox 1908 3565 2166 3634; x_wconf 88' lang='lat' dir='ltr'><strong>prohibiti</strong></span> <span class='ocrx_word' id='word_1_742' title='bbox 2206 3580 2273 3619; x_wconf 88' lang='lat' dir='ltr'><strong>ne</strong></span> <span class='ocrx_word' id='word_1_743' title='bbox 2303 3565 2524 3619; x_wconf 89' lang='lat' dir='ltr'><strong>omnino</strong></span> <span class='ocrx_word' id='word_1_744' title='bbox 2550 3565 2914 3635; x_wconf 88' lang='lat' dir='ltr'><strong>loquerentur,</strong></span> <span class='ocrx_word' id='word_1_745' title='bbox 2949 3578 3126 3634; x_wconf 87' lang='lat' dir='ltr'><strong>neque</strong></span> <span class='ocrx_word' id='word_1_746' title='bbox 3161 3563 3418 3618; x_wconf 88' lang='lat' dir='ltr'><strong>docerent</strong></span> <span class='ocrx_word' id='word_1_747' title='bbox 3446 3564 3502 3619; x_wconf 91' lang='lat' dir='ltr'><strong>in</strong></span> 
     </span>
    </p>
   </div>
   <div class='ocr_carea' id='block_1_96' title="bbox 1909 3657 3504 3730">
    <p class='ocr_par' dir='ltr' id='par_1_96' title="bbox 1909 3657 3504 3730">
     <span class='ocr_line' id='line_1_96' title="bbox 1909 3657 3504 3730; baseline 0 -16"><span class='ocrx_word' id='word_1_748' title='bbox 1909 3661 2126 3716; x_wconf 92' lang='lat' dir='ltr'><strong>nomine</strong></span> <span class='ocrx_word' id='word_1_749' title='bbox 2171 3657 2298 3715; x_wconf 85' lang='lat' dir='ltr'><strong>Jesu</strong></span> <span class='ocrx_word' id='word_1_750' title='bbox 2327 3659 2419 3714; x_wconf 93' lang='lat' dir='ltr'><strong>ulli</strong></span> <span class='ocrx_word' id='word_1_751' title='bbox 2460 3660 2761 3725; x_wconf 92' lang='lat' dir='ltr'><strong>hominum,</strong></span> <span class='ocrx_word' id='word_1_752' title='bbox 2819 3658 3205 3730; x_wconf 90' lang='lat' dir='ltr'><strong>respondentes</strong></span> <span class='ocrx_word' id='word_1_753' title='bbox 3249 3658 3504 3714; x_wconf 78' lang='lat' dir='ltr'><strong>dixerunt</strong></span> 
     </span>
    </p>
   </div>
   <div class='ocr_carea' id='block_1_97' title="bbox 1909 3750 3504 3824">
    <p class='ocr_par' dir='ltr' id='par_1_97' title="bbox 1909 3750 3504 3824">
     <span class='ocr_line' id='line_1_97' title="bbox 1909 3750 3504 3824; baseline -0.003 -16"><span class='ocrx_word' id='word_1_754' title='bbox 1909 3754 1977 3808; x_wconf 91' lang='lat' dir='ltr'><strong>ad</strong></span> <span class='ocrx_word' id='word_1_755' title='bbox 2003 3769 2098 3809; x_wconf 92' lang='lat' dir='ltr'><strong>eos</strong></span> <span class='ocrx_word' id='word_1_756' title='bbox 2123 3771 2136 3806; x_wconf 87' lang='lat'><strong>:</strong></span> <span class='ocrx_word' id='word_1_757' title='bbox 2170 3751 2232 3808; x_wconf 93' lang='lat' dir='ltr'><strong>Si</strong></span> <span class='ocrx_word' id='word_1_758' title='bbox 2243 3753 2447 3824; x_wconf 85' lang='lat' dir='ltr'><strong>justum</strong></span> <span class='ocrx_word' id='word_1_759' title='bbox 2471 3760 2544 3806; x_wconf 90' lang='lat' dir='ltr'><strong>est</strong></span> <span class='ocrx_word' id='word_1_760' title='bbox 2574 3753 2630 3806; x_wconf 87' lang='lat' dir='ltr'><strong>in</strong></span> <span class='ocrx_word' id='word_1_761' title='bbox 2657 3759 2934 3822; x_wconf 87' lang='lat' dir='ltr'><strong>conspectu</strong></span> <span class='ocrx_word' id='word_1_762' title='bbox 2966 3750 3066 3804; x_wconf 88' lang='lat' dir='ltr'><strong>Dei</strong></span> <span class='ocrx_word' id='word_1_763' title='bbox 3094 3765 3182 3805; x_wconf 84' lang='lat' dir='ltr'><strong>vos</strong></span> <span class='ocrx_word' id='word_1_764' title='bbox 3203 3751 3376 3819; x_wconf 87' lang='lat' dir='ltr'><strong>potius</strong></span> <span class='ocrx_word' id='word_1_765' title='bbox 3402 3767 3504 3804; x_wconf 89' lang='lat' dir='ltr'><strong>au-</strong></span> 
     </span>
    </p>
   </div>
   <div class='ocr_carea' id='block_1_98' title="bbox 1909 3841 3504 3915">
    <p class='ocr_par' dir='ltr' id='par_1_98' title="bbox 1909 3841 3504 3915">
     <span class='ocr_line' id='line_1_98' title="bbox 1909 3841 3504 3915; baseline -0.003 -17"><span class='ocrx_word' id='word_1_766' title='bbox 1909 3845 2020 3899; x_wconf 89' lang='lat' dir='ltr'><strong>dire</strong></span> <span class='ocrx_word' id='word_1_767' title='bbox 2045 3861 2204 3915; x_wconf 79' lang='lat' dir='ltr'><strong>quam</strong></span> <span class='ocrx_word' id='word_1_768' title='bbox 2241 3843 2429 3909; x_wconf 88' lang='lat' dir='ltr'><strong>Deum,</strong></span> <span class='ocrx_word' id='word_1_769' title='bbox 2469 3842 2711 3912; x_wconf 86' lang='lat' dir='ltr'><strong>judicate</strong></span> <span class='ocrx_word' id='word_1_770' title='bbox 2735 3856 2753 3893; x_wconf 89' lang='lat'><strong>:</strong></span> <span class='ocrx_word' id='word_1_771' title='bbox 2782 3858 2886 3895; x_wconf 90' lang='lat' dir='ltr'><strong>non</strong></span> <span class='ocrx_word' id='word_1_772' title='bbox 2927 3841 3064 3894; x_wconf 88' lang='lat' dir='ltr'><strong>enim</strong></span> <span class='ocrx_word' id='word_1_773' title='bbox 3089 3856 3364 3910; x_wconf 84' lang='lat' dir='ltr'><strong>possumus</strong></span> <span class='ocrx_word' id='word_1_774' title='bbox 3386 3856 3504 3909; x_wconf 79' lang='lat' dir='ltr'><strong>qua:</strong></span> 
     </span>
    </p>
   </div>
   <div class='ocr_carea' id='block_1_99' title="bbox 1908 3932 3505 4007">
    <p class='ocr_par' dir='ltr' id='par_1_99' title="bbox 1908 3932 3505 4007">
     <span class='ocr_line' id='line_1_99' title="bbox 1908 3932 3505 4007; baseline -0.003 -16"><span class='ocrx_word' id='word_1_775' title='bbox 1908 3937 2132 3992; x_wconf 85' lang='lat' dir='ltr'><strong>vidimus</strong></span> <span class='ocrx_word' id='word_1_776' title='bbox 2163 3947 2210 3991; x_wconf 86' lang='lat' dir='ltr'><strong>et</strong></span> <span class='ocrx_word' id='word_1_777' title='bbox 2237 3937 2534 3991; x_wconf 87' lang='lat' dir='ltr'><strong>audivimus</strong></span> <span class='ocrx_word' id='word_1_778' title='bbox 2573 3952 2674 3990; x_wconf 90' lang='lat' dir='ltr'><strong>non</strong></span> <span class='ocrx_word' id='word_1_779' title='bbox 2706 3935 2846 4006; x_wconf 82' lang='lat' dir='ltr'><strong>loqui</strong></span> <span class='ocrx_word' id='word_1_780' title='bbox 2873 3933 3011 4007; x_wconf 86' lang='lat' dir='ltr'><strong>(Act.</strong></span> <span class='ocrx_word' id='word_1_781' title='bbox 3035 3934 3130 4004; x_wconf 81' lang='lat' dir='ltr'><strong>tv).</strong></span> <span class='ocrx_word' id='word_1_782' title='bbox 3161 3933 3300 3988; x_wconf 86' lang='lat' dir='ltr'><strong>Hinc</strong></span> <span class='ocrx_word' id='word_1_783' title='bbox 3338 3942 3392 3987; x_wconf 92' lang='lat' dir='ltr'><strong>et</strong></span> <span class='ocrx_word' id='word_1_784' title='bbox 3430 3932 3505 3987; x_wconf 92' lang='lat' dir='ltr'><strong>illi</strong></span> 
     </span>
    </p>
   </div>
   <div class='ocr_carea' id='block_1_100' title="bbox 1909 4022 3505 4100">
    <p class='ocr_par' dir='ltr' id='par_1_100' title="bbox 1909 4022 3505 4100">
     <span class='ocr_line' id='line_1_100' title="bbox 1909 4022 3505 4100; baseline -0.002 -17"><span class='ocrx_word' id='word_1_785' title='bbox 1909 4030 2001 4100; x_wconf 90' lang='lat' dir='ltr'><strong>qui</strong></span> <span class='ocrx_word' id='word_1_786' title='bbox 2037 4032 2093 4084; x_wconf 91' lang='lat' dir='ltr'><strong>in</strong></span> <span class='ocrx_word' id='word_1_787' title='bbox 2133 4037 2282 4083; x_wconf 91' lang='lat' dir='ltr'><strong>recta</strong></span> <span class='ocrx_word' id='word_1_788' title='bbox 2331 4027 2439 4083; x_wconf 88' lang='lat' dir='ltr'><strong>ﬁde</strong></span> <span class='ocrx_word' id='word_1_789' title='bbox 2467 4035 2523 4082; x_wconf 92' lang='lat' dir='ltr'><strong>et</strong></span> <span class='ocrx_word' id='word_1_790' title='bbox 2568 4026 2622 4081; x_wconf 91' lang='lat' dir='ltr'><strong>in</strong></span> <span class='ocrx_word' id='word_1_791' title='bbox 2655 4026 2996 4081; x_wconf 89' lang='lat' dir='ltr'><strong>confessione</strong></span> <span class='ocrx_word' id='word_1_792' title='bbox 3031 4024 3266 4079; x_wconf 92' lang='lat' dir='ltr'><strong>nominis</strong></span> <span class='ocrx_word' id='word_1_793' title='bbox 3303 4022 3505 4080; x_wconf 89' lang='lat' dir='ltr'><strong>Christi</strong></span> 
     </span>
    </p>
   </div>
   <div class='ocr_carea' id='block_1_101' title="bbox 1907 4105 3504 4191">
    <p class='ocr_par' dir='ltr' id='par_1_101' title="bbox 1907 4105 3504 4191">
     <span class='ocr_line' id='line_1_101' title="bbox 1907 4105 3504 4191; baseline -0.004 -16"><span class='ocrx_word' id='word_1_794' title='bbox 1907 4134 2081 4191; x_wconf 91' lang='lat' dir='ltr'><strong>usque</strong></span> <span class='ocrx_word' id='word_1_795' title='bbox 2115 4121 2183 4175; x_wconf 92' lang='lat' dir='ltr'><strong>ad</strong></span> <span class='ocrx_word' id='word_1_796' title='bbox 2223 4126 2454 4174; x_wconf 91' lang='lat' dir='ltr'><strong>mortem</strong></span> <span class='ocrx_word' id='word_1_797' title='bbox 2498 4126 2874 4188; x_wconf 91' lang='lat' dir='ltr'><strong>perseverant,</strong></span> <span class='ocrx_word' id='word_1_798' title='bbox 2923 4105 3210 4188; x_wconf 85' lang='lat' dir='ltr'><strong>martyres,</strong></span> <span class='ocrx_word' id='word_1_799' title='bbox 3259 4115 3363 4169; x_wconf 80' lang='lat' dir='ltr'><strong>hoc</strong></span> <span class='ocrx_word' id='word_1_800' title='bbox 3402 4122 3504 4179; x_wconf 90' lang='lat' dir='ltr'><strong>est,</strong></span> 
     </span>
    </p>
   </div>
   <div class='ocr_carea' id='block_1_102' title="bbox 1909 4209 3509 4281">
    <p class='ocr_par' dir='ltr' id='par_1_102' title="bbox 1909 4209 3509 4281">
     <span class='ocr_line' id='line_1_102' title="bbox 1909 4209 3509 4281; baseline -0.002 -15"><span class='ocrx_word' id='word_1_801' title='bbox 1909 4221 2076 4267; x_wconf 91' lang='lat' dir='ltr'><strong>testes</strong></span> <span class='ocrx_word' id='word_1_802' title='bbox 2114 4212 2315 4267; x_wconf 84' lang='lat' dir='ltr'><strong>Christi</strong></span> <span class='ocrx_word' id='word_1_803' title='bbox 2361 4220 2783 4281; x_wconf 86' lang='lat' dir='ltr'><strong>nuncupantur:</strong></span> <span class='ocrx_word' id='word_1_804' title='bbox 2815 4209 2907 4281; x_wconf 91' lang='lat' dir='ltr'><strong>qui</strong></span> <span class='ocrx_word' id='word_1_805' title='bbox 2951 4219 3100 4265; x_wconf 92' lang='lat' dir='ltr'><strong>recte</strong></span> <span class='ocrx_word' id='word_1_806' title='bbox 3144 4209 3414 4280; x_wconf 90' lang='lat' dir='ltr'><strong>loquendo</strong></span> <span class='ocrx_word' id='word_1_807' title='bbox 3454 4216 3509 4263; x_wconf 91' lang='lat' dir='ltr'><strong>et</strong></span> 
     </span>
    </p>
   </div>
   <div class='ocr_carea' id='block_1_103' title="bbox 1910 4305 3508 4376">
    <p class='ocr_par' dir='ltr' id='par_1_103' title="bbox 1910 4305 3508 4376">
     <span class='ocr_line' id='line_1_103' title="bbox 1910 4305 3508 4376; baseline -0.003 -15"><span class='ocrx_word' id='word_1_808' title='bbox 1910 4308 2048 4361; x_wconf 86' lang='lat' dir='ltr'><strong>bene</strong></span> <span class='ocrx_word' id='word_1_809' title='bbox 2072 4307 2347 4376; x_wconf 88' lang='lat' dir='ltr'><strong>operando</strong></span> <span class='ocrx_word' id='word_1_810' title='bbox 2375 4307 2428 4360; x_wconf 91' lang='lat' dir='ltr'><strong>in</strong></span> <span class='ocrx_word' id='word_1_811' title='bbox 2462 4306 2571 4360; x_wconf 92' lang='lat' dir='ltr'><strong>vita</strong></span> <span class='ocrx_word' id='word_1_812' title='bbox 2601 4321 2699 4361; x_wconf 91' lang='lat' dir='ltr'><strong>sua</strong></span> <span class='ocrx_word' id='word_1_813' title='bbox 2734 4321 2832 4360; x_wconf 91' lang='lat' dir='ltr'><strong>nec</strong></span> <span class='ocrx_word' id='word_1_814' title='bbox 2861 4319 2970 4360; x_wconf 91' lang='lat' dir='ltr'><strong>non</strong></span> <span class='ocrx_word' id='word_1_815' title='bbox 2997 4313 3051 4360; x_wconf 91' lang='lat' dir='ltr'><strong>et</strong></span> <span class='ocrx_word' id='word_1_816' title='bbox 3076 4305 3131 4358; x_wconf 91' lang='lat' dir='ltr'><strong>in</strong></span> <span class='ocrx_word' id='word_1_817' title='bbox 3154 4313 3329 4359; x_wconf 91' lang='lat' dir='ltr'><strong>morte</strong></span> <span class='ocrx_word' id='word_1_818' title='bbox 3361 4305 3508 4358; x_wconf 85' lang='lat' dir='ltr'><strong>testi-</strong></span> 
     </span>
    </p>
   </div>
   <div class='ocr_carea' id='block_1_104' title="bbox 1909 4391 3506 4467">
    <p class='ocr_par' dir='ltr' id='par_1_104' title="bbox 1909 4391 3506 4467">
     <span class='ocr_line' id='line_1_104' title="bbox 1909 4391 3506 4467; baseline 0.001 -17"><span class='ocrx_word' id='word_1_819' title='bbox 1909 4396 2152 4452; x_wconf 90' lang='lat' dir='ltr'><strong>monium</strong></span> <span class='ocrx_word' id='word_1_820' title='bbox 2171 4395 2327 4452; x_wconf 89' lang='lat' dir='ltr'><strong>ﬁdele</strong></span> <span class='ocrx_word' id='word_1_821' title='bbox 2343 4395 2572 4451; x_wconf 89' lang='lat' dir='ltr'><strong>Domino</strong></span> <span class='ocrx_word' id='word_1_822' title='bbox 2586 4391 3116 4467; x_wconf 75' lang='lat' dir='ltr'><strong>prtebuerunt.Unde</strong></span> <span class='ocrx_word' id='word_1_823' title='bbox 3127 4402 3184 4449; x_wconf 92' lang='lat' dir='ltr'><strong>et</strong></span> <span class='ocrx_word' id='word_1_824' title='bbox 3193 4393 3506 4464; x_wconf 85' lang='lat' dir='ltr'><strong>Apostolus,</strong></span> 
     </span>
    </p>
   </div>
   <div class='ocr_carea' id='block_1_105' title="bbox 1912 4487 3508 4552">
    <p class='ocr_par' dir='ltr' id='par_1_105' title="bbox 1912 4487 3508 4552">
     <span class='ocr_line' id='line_1_105' title="bbox 1912 4487 3508 4552; baseline 0.001 -10"><span class='ocrx_word' id='word_1_825' title='bbox 1912 4497 2223 4542; x_wconf 86' lang='lat' dir='ltr'><strong>sanctorum</strong></span> <span class='ocrx_word' id='word_1_826' title='bbox 2261 4489 2490 4542; x_wconf 90' lang='lat' dir='ltr'><strong>virtutes</strong></span> <span class='ocrx_word' id='word_1_827' title='bbox 2532 4487 2889 4552; x_wconf 89' lang='lat' dir='ltr'><strong>numerando,</strong></span> <span class='ocrx_word' id='word_1_828' title='bbox 2932 4487 3000 4542; x_wconf 91' lang='lat' dir='ltr'><strong>ad</strong></span> <span class='ocrx_word' id='word_1_829' title='bbox 3039 4495 3342 4542; x_wconf 89' lang='lat' dir='ltr'><strong>extremum</strong></span> <span class='ocrx_word' id='word_1_830' title='bbox 3377 4489 3508 4544; x_wconf 91' lang='lat' dir='ltr'><strong>sub-</strong></span> 
     </span>
    </p>
   </div>
   <div class='ocr_carea' id='block_1_106' title="bbox 1835 4567 3506 4648">
    <p class='ocr_par' dir='ltr' id='par_1_106' title="bbox 1835 4567 3506 4648">
     <span class='ocr_line' id='line_1_106' title="bbox 1835 4567 3506 4648; baseline 0.005 -22"><span class='ocrx_word' id='word_1_831' title='bbox 1835 4567 1888 4626; x_wconf 90' lang='lat' dir='ltr'><strong>D</strong></span> <span class='ocrx_word' id='word_1_832' title='bbox 1907 4577 2111 4646; x_wconf 90' lang='lat' dir='ltr'><strong>junxit,</strong></span> <span class='ocrx_word' id='word_1_833' title='bbox 2139 4579 2364 4632; x_wconf 84' lang='lat' dir='ltr'><strong>dicens:</strong></span> <span class='ocrx_word' id='word_1_834' title='bbox 2403 4577 2474 4630; x_wconf 85' lang='lat' dir='ltr'><strong>Hi</strong></span> <span class='ocrx_word' id='word_1_835' title='bbox 2500 4594 2676 4632; x_wconf 89' lang='lat' dir='ltr'><strong>omnes</strong></span> <span class='ocrx_word' id='word_1_836' title='bbox 2717 4578 3009 4633; x_wconf 86' lang='lat' dir='ltr'><strong>testimonio</strong></span> <span class='ocrx_word' id='word_1_837' title='bbox 3031 4579 3156 4647; x_wconf 82' lang='lat' dir='ltr'><strong>fidei</strong></span> <span class='ocrx_word' id='word_1_838' title='bbox 3190 4579 3396 4648; x_wconf 82' lang='lat' dir='ltr'><strong>probati</strong></span> <span class='ocrx_word' id='word_1_839' title='bbox 3428 4581 3506 4634; x_wconf 86' lang='lat' dir='ltr'><strong>in-</strong></span> 
     </span>
    </p>
   </div>
   <div class='ocr_carea' id='block_1_107' title="bbox 1914 4668 3506 4740">
    <p class='ocr_par' dir='ltr' id='par_1_107' title="bbox 1914 4668 3506 4740">
     <span class='ocr_line' id='line_1_107' title="bbox 1914 4668 3506 4740; baseline 0.001 -16"><span class='ocrx_word' id='word_1_840' title='bbox 1914 4670 2052 4724; x_wconf 87' lang='lat' dir='ltr'><strong>venti</strong></span> <span class='ocrx_word' id='word_1_841' title='bbox 2084 4679 2205 4723; x_wconf 88' lang='lat' dir='ltr'><strong>sunt</strong></span> <span class='ocrx_word' id='word_1_842' title='bbox 2251 4668 2435 4740; x_wconf 81' lang='lat' dir='ltr'><strong>(Hebr.</strong></span> <span class='ocrx_word' id='word_1_843' title='bbox 2469 4669 2569 4739; x_wconf 69' lang='grc' dir='ltr'>ιι).</span> <span class='ocrx_word' id='word_1_844' title='bbox 2594 4669 2661 4722; x_wconf 84' lang='lat' dir='ltr'><strong>Et</strong></span> <span class='ocrx_word' id='word_1_845' title='bbox 2693 4678 2754 4722; x_wconf 92' lang='lat' dir='ltr'><strong>ut</strong></span> <span class='ocrx_word' id='word_1_846' title='bbox 2785 4669 3026 4724; x_wconf 88' lang='lat' dir='ltr'><strong>breviter</strong></span> <span class='ocrx_word' id='word_1_847' title='bbox 3055 4679 3251 4725; x_wconf 89' lang='lat' dir='ltr'><strong>cuncta</strong></span> <span class='ocrx_word' id='word_1_848' title='bbox 3277 4671 3506 4739; x_wconf 87' lang='lat' dir='ltr'><strong>replice-</strong></span> 
     </span>
    </p>
   </div>
   <div class='ocr_carea' id='block_1_108' title="bbox 1914 4757 3506 4826">
    <p class='ocr_par' dir='ltr' id='par_1_108' title="bbox 1914 4757 3506 4826">
     <span class='ocr_line' id='line_1_108' title="bbox 1914 4757 3506 4826; baseline 0 -13"><span class='ocrx_word' id='word_1_849' title='bbox 1914 4757 2257 4826; x_wconf 82' lang='lat' dir='ltr'><strong>mus,judex</strong></span> <span class='ocrx_word' id='word_1_850' title='bbox 2283 4759 2425 4811; x_wconf 90' lang='lat' dir='ltr'><strong>Deus</strong></span> <span class='ocrx_word' id='word_1_851' title='bbox 2466 4766 2570 4821; x_wconf 91' lang='lat' dir='ltr'><strong>est,</strong></span> <span class='ocrx_word' id='word_1_852' title='bbox 2618 4757 2759 4811; x_wconf 89' lang='lat' dir='ltr'><strong>sicut</strong></span> <span class='ocrx_word' id='word_1_853' title='bbox 2785 4773 2947 4826; x_wconf 90' lang='lat' dir='ltr'><strong>supra</strong></span> <span class='ocrx_word' id='word_1_854' title='bbox 2983 4758 3336 4824; x_wconf 90' lang='lat' dir='ltr'><strong>ostendimus,</strong></span> <span class='ocrx_word' id='word_1_855' title='bbox 3362 4760 3506 4813; x_wconf 90' lang='lat' dir='ltr'><strong>utin</strong></span> 
     </span>
    </p>
   </div>
   <div class='ocr_carea' id='block_1_109' title="bbox 1913 4829 3506 4919">
    <p class='ocr_par' dir='ltr' id='par_1_109' title="bbox 1913 4829 3506 4919">
     <span class='ocr_line' id='line_1_109' title="bbox 1913 4829 3506 4919; baseline 0 -15"><span class='ocrx_word' id='word_1_856' title='bbox 1913 4848 2178 4904; x_wconf 90' lang='lat' dir='ltr'><strong>Psalterio</strong></span> <span class='ocrx_word' id='word_1_857' title='bbox 2206 4867 2218 4901; x_wconf 90' lang='lat'><strong>:</strong></span> <span class='ocrx_word' id='word_1_858' title='bbox 2245 4829 2386 4902; x_wconf 66' lang='lat' dir='ltr'><strong>Deus</strong></span> <span class='ocrx_word' id='word_1_859' title='bbox 2408 4848 2578 4918; x_wconf 75' lang='lat' dir='ltr'><strong>judex</strong></span> <span class='ocrx_word' id='word_1_860' title='bbox 2610 4848 2813 4918; x_wconf 86' lang='lat' dir='ltr'><strong>justus,</strong></span> <span class='ocrx_word' id='word_1_861' title='bbox 2854 4849 3003 4916; x_wconf 76' lang='lat' dir='ltr'><strong>fortis</strong></span> <span class='ocrx_word' id='word_1_862' title='bbox 3028 4859 3077 4902; x_wconf 89' lang='lat' dir='ltr'><strong>et</strong></span> <span class='ocrx_word' id='word_1_863' title='bbox 3106 4849 3310 4917; x_wconf 87' lang='lat' dir='ltr'><strong>patiens</strong></span> <span class='ocrx_word' id='word_1_864' title='bbox 3334 4847 3506 4919; x_wconf 70' lang='lat' dir='ltr'><strong>(I’sal.</strong></span> 
     </span>
    </p>
   </div>
   <div class='ocr_carea' id='block_1_110' title="bbox 1918 4939 3506 5014">
    <p class='ocr_par' dir='ltr' id='par_1_110' title="bbox 1918 4939 3506 5014">
     <span class='ocr_line' id='line_1_110' title="bbox 1918 4939 3506 5014; baseline 0.003 -20"><span class='ocrx_word' id='word_1_865' title='bbox 1918 4942 2035 5012; x_wconf 88' lang='lat' dir='ltr'><strong>vn).</strong></span> <span class='ocrx_word' id='word_1_866' title='bbox 2061 4939 2276 4997; x_wconf 85' lang='lat' dir='ltr'><strong>Judices</strong></span> <span class='ocrx_word' id='word_1_867' title='bbox 2317 4951 2442 4996; x_wconf 93' lang='lat' dir='ltr'><strong>sunt</strong></span> <span class='ocrx_word' id='word_1_868' title='bbox 2482 4941 2733 5012; x_wconf 93' lang='lat' dir='ltr'><strong>apostoli,</strong></span> <span class='ocrx_word' id='word_1_869' title='bbox 2766 4949 2827 4996; x_wconf 91' lang='lat' dir='ltr'><strong>ut</strong></span> <span class='ocrx_word' id='word_1_870' title='bbox 2867 4942 2922 4996; x_wconf 93' lang='lat' dir='ltr'><strong>in</strong></span> <span class='ocrx_word' id='word_1_871' title='bbox 2967 4941 3257 5012; x_wconf 81' lang='lat' dir='ltr'><strong>Evangelia</strong></span> <span class='ocrx_word' id='word_1_872' title='bbox 3288 4941 3506 5014; x_wconf 78' lang='lat' dir='ltr'><strong>(Matth.</strong></span> 
     </span>
    </p>
   </div>
   <div class='ocr_carea' id='block_1_111' title="bbox 1915 5029 3510 5103">
    <p class='ocr_par' dir='ltr' id='par_1_111' title="bbox 1915 5029 3510 5103">
     <span class='ocr_line' id='line_1_111' title="bbox 1915 5029 3510 5103; baseline 0.003 -20"><span class='ocrx_word' id='word_1_873' title='bbox 1915 5034 2063 5100; x_wconf 78' lang='lat' dir='ltr'><strong>xrx):</strong></span> <span class='ocrx_word' id='word_1_874' title='bbox 2091 5029 2345 5085; x_wconf 87' lang='lat' dir='ltr'><strong>Sedebitis</strong></span> <span class='ocrx_word' id='word_1_875' title='bbox 2373 5049 2530 5102; x_wconf 85' lang='lat' dir='ltr'><strong>super</strong></span> <span class='ocrx_word' id='word_1_876' title='bbox 2556 5032 2702 5086; x_wconf 86' lang='lat' dir='ltr'><strong>sedes</strong></span> <span class='ocrx_word' id='word_1_877' title='bbox 2735 5032 3009 5087; x_wconf 87' lang='lat' dir='ltr'><strong>duodecim</strong></span> <span class='ocrx_word' id='word_1_878' title='bbox 3035 5032 3340 5103; x_wconf 85' lang='lat' dir='ltr'><strong>judicantes</strong></span> <span class='ocrx_word' id='word_1_879' title='bbox 3371 5034 3510 5089; x_wconf 86' lang='lat' dir='ltr'><strong>duo-</strong></span> 
     </span>
    </p>
   </div>
   <div class='ocr_carea' id='block_1_112' title="bbox 1916 5123 3510 5197">
    <p class='ocr_par' dir='ltr' id='par_1_112' title="bbox 1916 5123 3510 5197">
     <span class='ocr_line' id='line_1_112' title="bbox 1916 5123 3510 5197; baseline 0.006 -21"><span class='ocrx_word' id='word_1_880' title='bbox 1916 5123 2084 5178; x_wconf 87' lang='lat' dir='ltr'><strong>decim</strong></span> <span class='ocrx_word' id='word_1_881' title='bbox 2130 5125 2295 5179; x_wconf 87' lang='lat' dir='ltr'><strong>tribus</strong></span> <span class='ocrx_word' id='word_1_882' title='bbox 2323 5123 2516 5179; x_wconf 87' lang='lat' dir='ltr'><strong>Israel.</strong></span> <span class='ocrx_word' id='word_1_883' title='bbox 2551 5125 2739 5180; x_wconf 87' lang='lat' dir='ltr'><strong>Testes</strong></span> <span class='ocrx_word' id='word_1_884' title='bbox 2787 5135 2914 5180; x_wconf 90' lang='lat' dir='ltr'><strong>sunt</strong></span> <span class='ocrx_word' id='word_1_885' title='bbox 2959 5125 3185 5197; x_wconf 90' lang='lat' dir='ltr'><strong>apostoli</strong></span> <span class='ocrx_word' id='word_1_886' title='bbox 3217 5127 3301 5182; x_wconf 89' lang='lat' dir='ltr'><strong>vel</strong></span> <span class='ocrx_word' id='word_1_887' title='bbox 3326 5130 3510 5185; x_wconf 53' lang='lat' dir='ltr'><strong>exteri</strong></span> 
     </span>
    </p>
   </div>
   <div class='ocr_carea' id='block_1_113' title="bbox 1917 5214 3508 5289">
    <p class='ocr_par' dir='ltr' id='par_1_113' title="bbox 1917 5214 3508 5289">
     <span class='ocr_line' id='line_1_113' title="bbox 1917 5214 3508 5289; baseline 0.005 -20"><span class='ocrx_word' id='word_1_888' title='bbox 1917 5214 2122 5280; x_wconf 91' lang='lat' dir='ltr'><strong>ﬁdeles,</strong></span> <span class='ocrx_word' id='word_1_889' title='bbox 2147 5225 2206 5271; x_wconf 91' lang='lat' dir='ltr'><strong>ut</strong></span> <span class='ocrx_word' id='word_1_890' title='bbox 2235 5217 2289 5270; x_wconf 91' lang='lat' dir='ltr'><strong>in</strong></span> <span class='ocrx_word' id='word_1_891' title='bbox 2315 5217 2574 5287; x_wconf 90' lang='lat' dir='ltr'><strong>Apostolo</strong></span> <span class='ocrx_word' id='word_1_892' title='bbox 2601 5237 2613 5272; x_wconf 92' lang='lat'><strong>:</strong></span> <span class='ocrx_word' id='word_1_893' title='bbox 2642 5217 3015 5273; x_wconf 88' lang='lat' dir='ltr'><strong>Testimonium</strong></span> <span class='ocrx_word' id='word_1_894' title='bbox 3035 5219 3268 5276; x_wconf 88' lang='lat' dir='ltr'><strong>dicemus</strong></span> <span class='ocrx_word' id='word_1_895' title='bbox 3292 5222 3356 5276; x_wconf 87' lang='lat' dir='ltr'><strong>de</strong></span> <span class='ocrx_word' id='word_1_896' title='bbox 3375 5222 3508 5289; x_wconf 90' lang='lat' dir='ltr'><strong>Deo,</strong></span> 
     </span>
    </p>
   </div>
   <div class='ocr_carea' id='block_1_114' title="bbox 1915 5307 3508 5386">
    <p class='ocr_par' dir='ltr' id='par_1_114' title="bbox 1915 5307 3508 5386">
     <span class='ocr_line' id='line_1_114' title="bbox 1915 5307 3508 5386; baseline 0.006 -26"><span class='ocrx_word' id='word_1_897' title='bbox 1915 5307 2054 5378; x_wconf 86' lang='lat' dir='ltr'><strong>quod</strong></span> <span class='ocrx_word' id='word_1_898' title='bbox 2077 5309 2346 5363; x_wconf 85' lang='lat' dir='ltr'><strong>suscitavit</strong></span> <span class='ocrx_word' id='word_1_899' title='bbox 2373 5309 2557 5364; x_wconf 84' lang='lat' dir='ltr'><strong>Jesum</strong></span> <span class='ocrx_word' id='word_1_900' title='bbox 2577 5307 2843 5363; x_wconf 86' lang='lat' dir='ltr'><strong>Christum</strong></span> <span class='ocrx_word' id='word_1_901' title='bbox 2864 5326 2898 5363; x_wconf 90' lang='lat' dir='ltr'><strong>a</strong></span> <span class='ocrx_word' id='word_1_902' title='bbox 2915 5311 3133 5366; x_wconf 86' lang='lat' dir='ltr'><strong>mortuis</strong></span> <span class='ocrx_word' id='word_1_903' title='bbox 3163 5311 3302 5383; x_wconf 82' lang='lat' dir='ltr'><strong>(Act.</strong></span> <span class='ocrx_word' id='word_1_904' title='bbox 3333 5328 3406 5380; x_wconf 85' lang='lat' dir='ltr'><strong>tv,</strong></span> <span class='ocrx_word' id='word_1_905' title='bbox 3430 5315 3508 5386; x_wconf 90' lang='lat' dir='ltr'><strong>v.)</strong></span> 
     </span>
    </p>
   </div>
   <div class='ocr_carea' id='block_1_115' title="bbox 1917 5398 3510 5472">
    <p class='ocr_par' dir='ltr' id='par_1_115' title="bbox 1917 5398 3510 5472">
     <span class='ocr_line' id='line_1_115' title="bbox 1917 5398 3510 5472; baseline 0.004 -18"><span class='ocrx_word' id='word_1_906' title='bbox 1917 5398 2095 5455; x_wconf 87' lang='lat' dir='ltr'><strong>Testis</strong></span> <span class='ocrx_word' id='word_1_907' title='bbox 2132 5400 2376 5455; x_wconf 87' lang='lat' dir='ltr'><strong>Christus</strong></span> <span class='ocrx_word' id='word_1_908' title='bbox 2401 5442 2416 5465; x_wconf 93' lang='lat'><strong>,</strong></span> <span class='ocrx_word' id='word_1_909' title='bbox 2457 5401 2615 5456; x_wconf 87' lang='lat' dir='ltr'><strong>utin</strong></span> <span class='ocrx_word' id='word_1_910' title='bbox 2657 5401 3014 5472; x_wconf 88' lang='lat' dir='ltr'><strong>Apocalypsi:</strong></span> <span class='ocrx_word' id='word_1_911' title='bbox 3056 5402 3211 5458; x_wconf 84' lang='lat' dir='ltr'><strong>Jesus</strong></span> <span class='ocrx_word' id='word_1_912' title='bbox 3247 5403 3510 5472; x_wconf 82' lang='lat' dir='ltr'><strong>Christus,</strong></span> 
     </span>
    </p>
   </div>
   <div class='ocr_carea' id='block_1_116' title="bbox 1917 5494 3511 5566">
    <p class='ocr_par' dir='ltr' id='par_1_116' title="bbox 1917 5494 3511 5566">
     <span class='ocr_line' id='line_1_116' title="bbox 1917 5494 3511 5566; baseline 0.004 -20"><span class='ocrx_word' id='word_1_913' title='bbox 1917 5495 2006 5565; x_wconf 86' lang='lat' dir='ltr'><strong>qui</strong></span> <span class='ocrx_word' id='word_1_914' title='bbox 2027 5504 2100 5548; x_wconf 87' lang='lat' dir='ltr'><strong>est</strong></span> <span class='ocrx_word' id='word_1_915' title='bbox 2127 5495 2270 5548; x_wconf 83' lang='lat' dir='ltr'><strong>testis</strong></span> <span class='ocrx_word' id='word_1_916' title='bbox 2291 5494 2463 5563; x_wconf 82' lang='lat' dir='ltr'><strong>ﬁdelis</strong></span> <span class='ocrx_word' id='word_1_917' title='bbox 2489 5494 2671 5566; x_wconf 83' lang='lat' dir='ltr'><strong>(Apoc.</strong></span> <span class='ocrx_word' id='word_1_918' title='bbox 2697 5494 2772 5565; x_wconf 83' lang='lat'><strong>1);</strong></span> <span class='ocrx_word' id='word_1_919' title='bbox 2803 5503 2856 5549; x_wconf 91' lang='lat' dir='ltr'><strong>et</strong></span> <span class='ocrx_word' id='word_1_920' title='bbox 2882 5496 2934 5550; x_wconf 91' lang='lat' dir='ltr'><strong>in</strong></span> <span class='ocrx_word' id='word_1_921' title='bbox 2967 5497 3102 5551; x_wconf 89' lang='lat' dir='ltr'><strong>Isaia</strong></span> <span class='ocrx_word' id='word_1_922' title='bbox 3129 5515 3141 5550; x_wconf 92' lang='lat'><strong>:</strong></span> <span class='ocrx_word' id='word_1_923' title='bbox 3168 5497 3304 5552; x_wconf 89' lang='lat' dir='ltr'><strong>Ecce</strong></span> <span class='ocrx_word' id='word_1_924' title='bbox 3331 5507 3511 5553; x_wconf 85' lang='lat' dir='ltr'><strong>testem</strong></span> 
     </span>
    </p>
   </div>
   <div class='ocr_carea' id='block_1_117' title="bbox 1919 5586 3508 5658">
    <p class='ocr_par' dir='ltr' id='par_1_117' title="bbox 1919 5586 3508 5658">
     <span class='ocr_line' id='line_1_117' title="bbox 1919 5586 3508 5658; baseline 0.004 -20"><span class='ocrx_word' id='word_1_925' title='bbox 1919 5586 2123 5656; x_wconf 84' lang='lat' dir='ltr'><strong>populis</strong></span> <span class='ocrx_word' id='word_1_926' title='bbox 2151 5586 2270 5639; x_wconf 88' lang='lat' dir='ltr'><strong>dedi</strong></span> <span class='ocrx_word' id='word_1_927' title='bbox 2293 5603 2409 5640; x_wconf 86' lang='lat' dir='ltr'><strong>eum</strong></span> <span class='ocrx_word' id='word_1_928' title='bbox 2439 5586 2574 5658; x_wconf 89' lang='lat' dir='ltr'><strong>(Isa.</strong></span> <span class='ocrx_word' id='word_1_929' title='bbox 2617 5587 2725 5658; x_wconf 78' lang='grc' dir='ltr'><strong>ιν).</strong></span> <span class='ocrx_word' id='word_1_930' title='bbox 2759 5587 2946 5644; x_wconf 83' lang='lat' dir='ltr'><strong>Testes</strong></span> <span class='ocrx_word' id='word_1_931' title='bbox 2984 5588 3107 5644; x_wconf 84' lang='lat' dir='ltr'><strong>falsi</strong></span> <span class='ocrx_word' id='word_1_932' title='bbox 3152 5599 3278 5645; x_wconf 87' lang='lat' dir='ltr'><strong>sunt</strong></span> <span class='ocrx_word' id='word_1_933' title='bbox 3316 5588 3508 5656; x_wconf 67' lang='lat' dir='ltr'><strong>Judaei,</strong></span> 
     </span>
    </p>
   </div>
   <div class='ocr_carea' id='block_1_118' title="bbox 1922 5677 3512 5750">
    <p class='ocr_par' dir='ltr' id='par_1_118' title="bbox 1922 5677 3512 5750">
     <span class='ocr_line' id='line_1_118' title="bbox 1922 5677 3512 5750; baseline 0.004 -20"><span class='ocrx_word' id='word_1_934' title='bbox 1922 5679 2035 5731; x_wconf 90' lang='lat' dir='ltr'><strong>sive</strong></span> <span class='ocrx_word' id='word_1_935' title='bbox 2065 5677 2324 5742; x_wconf 62' lang='lat' dir='ltr'><strong>haeretici,</strong></span> <span class='ocrx_word' id='word_1_936' title='bbox 2368 5686 2428 5732; x_wconf 92' lang='lat' dir='ltr'><strong>ut</strong></span> <span class='ocrx_word' id='word_1_937' title='bbox 2460 5679 2512 5733; x_wconf 88' lang='lat' dir='ltr'><strong>iu</strong></span> <span class='ocrx_word' id='word_1_938' title='bbox 2553 5680 2797 5750; x_wconf 88' lang='lat' dir='ltr'><strong>psalmo:</strong></span> <span class='ocrx_word' id='word_1_939' title='bbox 2830 5679 3095 5747; x_wconf 81' lang='lat' dir='ltr'><strong>Quoniam</strong></span> <span class='ocrx_word' id='word_1_940' title='bbox 3117 5682 3512 5736; x_wconf 77' lang='lat' dir='ltr'><strong>insurrexerunt</strong></span> 
     </span>
    </p>
   </div>
   <div class='ocr_carea' id='block_1_119' title="bbox 1921 5771 3507 5852">
    <p class='ocr_par' dir='ltr' id='par_1_119' title="bbox 1921 5771 3507 5852">
     <span class='ocr_line' id='line_1_119' title="bbox 1921 5771 3507 5852; baseline 0.001 -27"><span class='ocrx_word' id='word_1_941' title='bbox 1921 5771 1978 5825; x_wconf 88' lang='lat' dir='ltr'><strong>in</strong></span> <span class='ocrx_word' id='word_1_942' title='bbox 2007 5785 2088 5852; x_wconf 76' lang='lat' dir='ltr'><strong>me</strong></span> <span class='ocrx_word' id='word_1_943' title='bbox 2111 5779 2264 5826; x_wconf 88' lang='lat' dir='ltr'><strong>testes</strong></span> <span class='ocrx_word' id='word_1_944' title='bbox 2289 5771 2455 5842; x_wconf 86' lang='lat' dir='ltr'><strong>iniqui</strong></span> <span class='ocrx_word' id='word_1_945' title='bbox 2481 5771 2650 5842; x_wconf 87' lang='lat' dir='ltr'><strong>(Psal.</strong></span> <span class='ocrx_word' id='word_1_946' title='bbox 2684 5772 2857 5844; x_wconf 77' lang='lat' dir='ltr'><strong>xxvr).</strong></span> <span class='ocrx_word' id='word_1_947' title='bbox 2876 5773 2945 5829; x_wconf 86' lang='lat' dir='ltr'><strong>Et</strong></span> <span class='ocrx_word' id='word_1_948' title='bbox 2969 5773 3024 5829; x_wconf 93' lang='lat' dir='ltr'><strong>in</strong></span> <span class='ocrx_word' id='word_1_949' title='bbox 3050 5773 3507 5849; x_wconf 77' lang='lat' dir='ltr'><strong>Deuteronotnio:</strong></span> 
     </span>
    </p>
   </div>
  </div>
