  <div class='ocr_page' id='page_1' title='image "/cluster/home/n/w/nwhite01/storage/ocr_20150623/111/hvd.32044009716333/281.png"; bbox 0 0 4038 6324; ppageno 0'>
   <div class='ocr_carea' id='block_1_1' title="bbox 752 251 787 262">
    <p class='ocr_par' dir='ltr' id='par_1_1' title="bbox 752 251 787 262">
     <span class='ocr_line' id='line_1_1' title="bbox 752 251 787 262; baseline 0 -3"><span class='ocrx_word' id='word_1_1' title='bbox 752 251 787 262; x_wconf 45' lang='grc' dir='ltr'><strong>εκ</strong></span> 
     </span>
    </p>
   </div>
   <div class='ocr_carea' id='block_1_2' title="bbox 528 309 708 377">
    <p class='ocr_par' dir='ltr' id='par_1_2' title="bbox 528 309 708 377">
     <span class='ocr_line' id='line_1_2' title="bbox 528 309 708 377; baseline 0.028 -5"><span class='ocrx_word' id='word_1_2' title='bbox 528 309 708 377; x_wconf 70' lang='grc' dir='ltr'><strong>δη.</strong></span> 
     </span>
    </p>
   </div>
   <div class='ocr_carea' id='block_1_3' title="bbox 1179 270 3152 374">
    <p class='ocr_par' dir='ltr' id='par_1_3' title="bbox 1179 270 3152 374">
     <span class='ocr_line' id='line_1_3' title="bbox 1179 270 3152 374; baseline 0.002 -11"><span class='ocrx_word' id='word_1_3' title='bbox 1179 283 1248 363; x_wconf 79' lang='lat' dir='ltr'><strong>&#39;B.</strong></span> <span class='ocrx_word' id='word_1_4' title='bbox 1289 307 1544 365; x_wconf 66' lang='grc' dir='ltr'>ιιΑιιΑΝι</span> <span class='ocrx_word' id='word_1_5' title='bbox 1582 270 1801 371; x_wconf 72' lang='grc' dir='ltr'>ιιᾸιιιιι</span> <span class='ocrx_word' id='word_1_6' title='bbox 1833 307 2154 373; x_wconf 79' lang='lat' dir='ltr'><strong>ARCHIEP.</strong></span> <span class='ocrx_word' id='word_1_7' title='bbox 2198 310 2509 373; x_wconf 73' lang='lat' dir='ltr'><strong>MOGUNT.</strong></span> <span class='ocrx_word' id='word_1_8' title='bbox 2548 311 2836 374; x_wconf 71' lang='lat' dir='ltr'><strong>092mm</strong></span> <span class='ocrx_word' id='word_1_9' title='bbox 2873 312 3053 368; x_wconf 82' lang='lat' dir='ltr'><strong>PARS</strong></span> <span class='ocrx_word' id='word_1_10' title='bbox 3087 312 3152 368; x_wconf 91' lang='grc' dir='ltr'><strong>ιι.</strong></span> 
     </span>
    </p>
   </div>
   <div class='ocr_carea' id='block_1_4' title="bbox 526 420 3817 499">
    <p class='ocr_par' dir='ltr' id='par_1_4' title="bbox 526 420 3817 499">
     <span class='ocr_line' id='line_1_4' title="bbox 526 420 3817 499; baseline 0.002 -16"><span class='ocrx_word' id='word_1_11' title='bbox 526 425 586 489; x_wconf 85' lang='lat' dir='ltr'><strong>Si</strong></span> <span class='ocrx_word' id='word_1_12' title='bbox 602 421 803 483; x_wconf 75' lang='lat' dir='ltr'><strong>steterit</strong></span> <span class='ocrx_word' id='word_1_13' title='bbox 830 420 974 483; x_wconf 74' lang='lat' dir='ltr'><strong>testis</strong></span> <span class='ocrx_word' id='word_1_14' title='bbox 997 420 1238 496; x_wconf 70' lang='lat' dir='ltr'><strong>iniquus,</strong></span> <span class='ocrx_word' id='word_1_15' title='bbox 1262 423 1456 496; x_wconf 74' lang='lat' dir='ltr'><strong>falsam</strong></span> <span class='ocrx_word' id='word_1_16' title='bbox 1476 424 1827 481; x_wconf 68' lang='lat' dir='ltr'><strong>testiinonium</strong></span> <span class='ocrx_word' id='word_1_17' title='bbox 1851 424 2119 494; x_wconf 74' lang='lat' dir='ltr'><strong>proferens</strong></span> <span class='ocrx_word' id='word_1_18' title='bbox 2145 428 2198 493; x_wconf 79' lang='grc' dir='ltr'><strong>Α</strong></span> <span class='ocrx_word' id='word_1_19' title='bbox 2222 427 2541 498; x_wconf 84' lang='lat' dir='ltr'><strong>voluptates,</strong></span> <span class='ocrx_word' id='word_1_20' title='bbox 2583 443 2701 497; x_wconf 72' lang='lat' dir='ltr'><strong>qua:</strong></span> <span class='ocrx_word' id='word_1_21' title='bbox 2739 442 2844 485; x_wconf 90' lang='lat' dir='ltr'><strong>non</strong></span> <span class='ocrx_word' id='word_1_22' title='bbox 2888 442 2990 497; x_wconf 88' lang='lat' dir='ltr'><strong>per</strong></span> <span class='ocrx_word' id='word_1_23' title='bbox 3022 428 3310 499; x_wconf 78' lang='lat' dir='ltr'><strong>semetipsa</strong></span> <span class='ocrx_word' id='word_1_24' title='bbox 3346 429 3655 499; x_wconf 76' lang='lat' dir='ltr'><strong>inquinant,</strong></span> <span class='ocrx_word' id='word_1_25' title='bbox 3710 433 3817 490; x_wconf 77' lang='lat' dir='ltr'><strong>sed</strong></span> 
     </span>
    </p>
   </div>
   <div class='ocr_carea' id='block_1_5' title="bbox 527 514 2119 588">
    <p class='ocr_par' dir='ltr' id='par_1_5' title="bbox 527 514 2119 588">
     <span class='ocr_line' id='line_1_5' title="bbox 527 514 2119 588; baseline -0.004 -11"><span class='ocrx_word' id='word_1_26' title='bbox 527 519 777 577; x_wconf 67' lang='lat' dir='ltr'><strong>aduersus</strong></span> <span class='ocrx_word' id='word_1_27' title='bbox 801 518 1094 588; x_wconf 73' lang='lat' dir='ltr'><strong>proximum</strong></span> <span class='ocrx_word' id='word_1_28' title='bbox 1136 533 1289 571; x_wconf 87' lang='lat' dir='ltr'><strong>suum</strong></span> <span class='ocrx_word' id='word_1_29' title='bbox 1330 517 1510 588; x_wconf 78' lang='lat' dir='ltr'><strong>(Deut.</strong></span> <span class='ocrx_word' id='word_1_30' title='bbox 1557 514 1694 587; x_wconf 75' lang='lat' dir='ltr'><strong>xu).</strong></span> <span class='ocrx_word' id='word_1_31' title='bbox 1725 514 1993 571; x_wconf 66' lang='lat' dir='ltr'><strong>iudiciuin</strong></span> <span class='ocrx_word' id='word_1_32' title='bbox 2034 524 2119 571; x_wconf 87' lang='lat' dir='ltr'><strong>est</strong></span> 
     </span>
    </p>
   </div>
   <div class='ocr_carea' id='block_1_6' title="bbox 526 607 2117 675">
    <p class='ocr_par' dir='ltr' id='par_1_6' title="bbox 526 607 2117 675">
     <span class='ocr_line' id='line_1_6' title="bbox 526 607 2117 675; baseline -0.006 -5"><span class='ocrx_word' id='word_1_33' title='bbox 526 611 783 671; x_wconf 76' lang='lat' dir='ltr'><strong>discretio</strong></span> <span class='ocrx_word' id='word_1_34' title='bbox 818 609 948 673; x_wconf 84' lang='lat' dir='ltr'><strong>boni</strong></span> <span class='ocrx_word' id='word_1_35' title='bbox 974 624 1040 667; x_wconf 77' lang='lat' dir='ltr'><strong>ac</strong></span> <span class='ocrx_word' id='word_1_36' title='bbox 1075 609 1225 675; x_wconf 87' lang='lat' dir='ltr'><strong>mali,</strong></span> <span class='ocrx_word' id='word_1_37' title='bbox 1257 617 1317 664; x_wconf 94' lang='lat' dir='ltr'><strong>ut</strong></span> <span class='ocrx_word' id='word_1_38' title='bbox 1345 609 1398 663; x_wconf 91' lang='lat' dir='ltr'><strong>in</strong></span> <span class='ocrx_word' id='word_1_39' title='bbox 1436 608 1699 667; x_wconf 83' lang='lat' dir='ltr'><strong>Psalterio</strong></span> <span class='ocrx_word' id='word_1_40' title='bbox 1726 625 1740 663; x_wconf 88' lang='lat'><strong>:</strong></span> <span class='ocrx_word' id='word_1_41' title='bbox 1770 607 1832 663; x_wconf 80' lang='lat' dir='ltr'><strong>Si</strong></span> <span class='ocrx_word' id='word_1_42' title='bbox 1868 623 1982 662; x_wconf 82' lang='lat' dir='ltr'><strong>vere</strong></span> <span class='ocrx_word' id='word_1_43' title='bbox 2011 607 2117 661; x_wconf 83' lang='lat' dir='ltr'><strong>uti-</strong></span> 
     </span>
    </p>
   </div>
   <div class='ocr_carea' id='block_1_7' title="bbox 523 699 2115 777">
    <p class='ocr_par' dir='ltr' id='par_1_7' title="bbox 523 699 2115 777">
     <span class='ocr_line' id='line_1_7' title="bbox 523 699 2115 777; baseline -0.004 -17"><span class='ocrx_word' id='word_1_44' title='bbox 523 723 623 777; x_wconf 73' lang='lat' dir='ltr'><strong>que</strong></span> <span class='ocrx_word' id='word_1_45' title='bbox 652 704 909 770; x_wconf 78' lang='lat' dir='ltr'><strong>justitiam</strong></span> <span class='ocrx_word' id='word_1_46' title='bbox 933 703 1225 774; x_wconf 68' lang='lat' dir='ltr'><strong>loquimini,</strong></span> <span class='ocrx_word' id='word_1_47' title='bbox 1258 712 1390 761; x_wconf 83' lang='lat' dir='ltr'><strong>recte</strong></span> <span class='ocrx_word' id='word_1_48' title='bbox 1422 702 1679 771; x_wconf 87' lang='lat' dir='ltr'><strong>judicate,</strong></span> <span class='ocrx_word' id='word_1_49' title='bbox 1719 699 1817 768; x_wconf 80' lang='lat' dir='ltr'><strong>ﬁlii</strong></span> <span class='ocrx_word' id='word_1_50' title='bbox 1846 700 2115 756; x_wconf 75' lang='lat' dir='ltr'><strong>hominum</strong></span> 
     </span>
    </p>
   </div>
   <div class='ocr_carea' id='block_1_8' title="bbox 528 790 2115 875">
    <p class='ocr_par' dir='ltr' id='par_1_8' title="bbox 528 790 2115 875">
     <span class='ocr_line' id='line_1_8' title="bbox 528 790 2115 875; baseline -0.007 -17"><span class='ocrx_word' id='word_1_51' title='bbox 528 801 700 875; x_wconf 78' lang='lat' dir='ltr'><strong>(Ptol.</strong></span> <span class='ocrx_word' id='word_1_52' title='bbox 726 801 880 873; x_wconf 78' lang='lat' dir='ltr'><strong>LVII).</strong></span> <span class='ocrx_word' id='word_1_53' title='bbox 911 798 1182 855; x_wconf 76' lang='lat' dir='ltr'><strong>iudicium</strong></span> <span class='ocrx_word' id='word_1_54' title='bbox 1217 790 1488 868; x_wconf 80' lang='lat' dir='ltr'><strong>separatio</strong></span> <span class='ocrx_word' id='word_1_55' title='bbox 1515 799 1777 853; x_wconf 84' lang='lat' dir='ltr'><strong>bonorum</strong></span> <span class='ocrx_word' id='word_1_56' title='bbox 1805 811 1835 849; x_wconf 92' lang='lat' dir='ltr'><strong>a</strong></span> <span class='ocrx_word' id='word_1_57' title='bbox 1858 794 2115 854; x_wconf 74' lang='lat' dir='ltr'><strong>societate</strong></span> 
     </span>
    </p>
   </div>
   <div class='ocr_carea' id='block_1_9' title="bbox 527 886 2114 961">
    <p class='ocr_par' dir='ltr' id='par_1_9' title="bbox 527 886 2114 961">
     <span class='ocr_line' id='line_1_9' title="bbox 527 886 2114 961; baseline -0.006 -12"><span class='ocrx_word' id='word_1_58' title='bbox 527 893 811 956; x_wconf 74' lang='lat' dir='ltr'><strong>malorum,</strong></span> <span class='ocrx_word' id='word_1_59' title='bbox 851 900 908 948; x_wconf 89' lang='lat' dir='ltr'><strong>ut</strong></span> <span class='ocrx_word' id='word_1_60' title='bbox 941 891 995 947; x_wconf 90' lang='lat' dir='ltr'><strong>in</strong></span> <span class='ocrx_word' id='word_1_61' title='bbox 1028 890 1314 961; x_wconf 82' lang='lat' dir='ltr'><strong>Evangelia</strong></span> <span class='ocrx_word' id='word_1_62' title='bbox 1339 907 1354 946; x_wconf 89' lang='lat'><strong>:</strong></span> <span class='ocrx_word' id='word_1_63' title='bbox 1383 889 1453 945; x_wconf 83' lang='lat' dir='ltr'><strong>Et</strong></span> <span class='ocrx_word' id='word_1_64' title='bbox 1482 888 1742 959; x_wconf 80' lang='lat' dir='ltr'><strong>separabit</strong></span> <span class='ocrx_word' id='word_1_65' title='bbox 1766 904 1857 943; x_wconf 74' lang='lat' dir='ltr'><strong>eos</strong></span> <span class='ocrx_word' id='word_1_66' title='bbox 1883 886 1947 941; x_wconf 79' lang='lat' dir='ltr'><strong>ab</strong></span> <span class='ocrx_word' id='word_1_67' title='bbox 1977 886 2114 940; x_wconf 48' lang='lat' dir='ltr'><strong>imii-</strong></span> 
     </span>
    </p>
   </div>
   <div class='ocr_carea' id='block_1_10' title="bbox 527 980 2113 1056">
    <p class='ocr_par' dir='ltr' id='par_1_10' title="bbox 527 980 2113 1056">
     <span class='ocr_line' id='line_1_10' title="bbox 527 980 2113 1056; baseline -0.004 -17"><span class='ocrx_word' id='word_1_68' title='bbox 527 1001 636 1039; x_wconf 86' lang='lat' dir='ltr'><strong>cem</strong></span> <span class='ocrx_word' id='word_1_69' title='bbox 663 984 875 1056; x_wconf 76' lang='lat' dir='ltr'><strong>(Matth.</strong></span> <span class='ocrx_word' id='word_1_70' title='bbox 922 984 1080 1049; x_wconf 78' lang='lat' dir='ltr'><strong>xxv);</strong></span> <span class='ocrx_word' id='word_1_71' title='bbox 1125 983 1258 1037; x_wconf 90' lang='lat' dir='ltr'><strong>etin</strong></span> <span class='ocrx_word' id='word_1_72' title='bbox 1288 982 1528 1051; x_wconf 85' lang='lat' dir='ltr'><strong>psalmo:</strong></span> <span class='ocrx_word' id='word_1_73' title='bbox 1577 981 1769 1037; x_wconf 69' lang='lat' dir='ltr'><strong>Indica</strong></span> <span class='ocrx_word' id='word_1_74' title='bbox 1816 996 1917 1045; x_wconf 75' lang='lat' dir='ltr'><strong>me,</strong></span> <span class='ocrx_word' id='word_1_75' title='bbox 1955 980 2113 1044; x_wconf 84' lang='lat' dir='ltr'><strong>Deus,</strong></span> 
     </span>
    </p>
   </div>
   <div class='ocr_carea' id='block_1_11' title="bbox 410 1071 2117 1145">
    <p class='ocr_par' dir='ltr' id='par_1_11' title="bbox 410 1071 2117 1145">
     <span class='ocr_line' id='line_1_11' title="bbox 410 1071 2117 1145; baseline -0.006 -10"><span class='ocrx_word' id='word_1_76' title='bbox 410 1092 421 1100; x_wconf 76' lang='lat'><strong>‘</strong></span> <span class='ocrx_word' id='word_1_77' title='bbox 528 1087 575 1134; x_wconf 82' lang='lat' dir='ltr'><strong>et</strong></span> <span class='ocrx_word' id='word_1_78' title='bbox 598 1078 836 1133; x_wconf 81' lang='lat' dir='ltr'><strong>discerne</strong></span> <span class='ocrx_word' id='word_1_79' title='bbox 856 1092 1071 1130; x_wconf 81' lang='lat' dir='ltr'><strong>causam</strong></span> <span class='ocrx_word' id='word_1_80' title='bbox 1093 1091 1259 1130; x_wconf 80' lang='lat' dir='ltr'><strong>meum</strong></span> <span class='ocrx_word' id='word_1_81' title='bbox 1286 1073 1458 1145; x_wconf 87' lang='lat' dir='ltr'><strong>(Psal.</strong></span> <span class='ocrx_word' id='word_1_82' title='bbox 1486 1074 1646 1145; x_wconf 76' lang='grc' dir='ltr'>ιιιι).</span> <span class='ocrx_word' id='word_1_83' title='bbox 1668 1071 1939 1128; x_wconf 73' lang='lat' dir='ltr'><strong>Iudicium</strong></span> <span class='ocrx_word' id='word_1_84' title='bbox 1965 1072 2117 1125; x_wconf 85' lang='lat' dir='ltr'><strong>dom-</strong></span> 
     </span>
    </p>
   </div>
   <div class='ocr_carea' id='block_1_12' title="bbox 531 1162 2116 1236">
    <p class='ocr_par' dir='ltr' id='par_1_12' title="bbox 531 1162 2116 1236">
     <span class='ocr_line' id='line_1_12' title="bbox 531 1162 2116 1236; baseline -0.005 -11"><span class='ocrx_word' id='word_1_85' title='bbox 531 1169 676 1225; x_wconf 82' lang='lat' dir='ltr'><strong>natio</strong></span> <span class='ocrx_word' id='word_1_86' title='bbox 702 1168 903 1231; x_wconf 77' lang='lat' dir='ltr'><strong>fumra,</strong></span> <span class='ocrx_word' id='word_1_87' title='bbox 934 1167 1076 1221; x_wconf 82' lang='lat' dir='ltr'><strong>sicut</strong></span> <span class='ocrx_word' id='word_1_88' title='bbox 1101 1166 1154 1221; x_wconf 87' lang='lat' dir='ltr'><strong>in</strong></span> <span class='ocrx_word' id='word_1_89' title='bbox 1180 1165 1472 1236; x_wconf 84' lang='lat' dir='ltr'><strong>Evangelia</strong></span> <span class='ocrx_word' id='word_1_90' title='bbox 1502 1180 1602 1235; x_wconf 91' lang='lat' dir='ltr'><strong>pro</strong></span> <span class='ocrx_word' id='word_1_91' title='bbox 1628 1164 1877 1219; x_wconf 87' lang='lat' dir='ltr'><strong>ﬁdelibus</strong></span> <span class='ocrx_word' id='word_1_92' title='bbox 1900 1162 2116 1217; x_wconf 78' lang='lat' dir='ltr'><strong>Veritas</strong></span> 
     </span>
    </p>
   </div>
   <div class='ocr_carea' id='block_1_13' title="bbox 528 1253 2113 1333">
    <p class='ocr_par' dir='ltr' id='par_1_13' title="bbox 528 1253 2113 1333">
     <span class='ocr_line' id='line_1_13' title="bbox 528 1253 2113 1333; baseline -0.006 -16"><span class='ocrx_word' id='word_1_93' title='bbox 528 1262 800 1333; x_wconf 53' lang='lat' dir='ltr'><strong>~canitur:</strong></span> <span class='ocrx_word' id='word_1_94' title='bbox 839 1260 942 1325; x_wconf 78' lang='lat' dir='ltr'><strong>Qui</strong></span> <span class='ocrx_word' id='word_1_95' title='bbox 977 1258 1136 1313; x_wconf 88' lang='lat' dir='ltr'><strong>credit</strong></span> <span class='ocrx_word' id='word_1_96' title='bbox 1174 1259 1228 1312; x_wconf 86' lang='lat' dir='ltr'><strong>in</strong></span> <span class='ocrx_word' id='word_1_97' title='bbox 1266 1274 1368 1323; x_wconf 85' lang='lat' dir='ltr'><strong>me,</strong></span> <span class='ocrx_word' id='word_1_98' title='bbox 1416 1273 1523 1311; x_wconf 88' lang='lat' dir='ltr'><strong>non</strong></span> <span class='ocrx_word' id='word_1_99' title='bbox 1562 1255 1891 1326; x_wconf 79' lang='lat' dir='ltr'><strong>judicabitur</strong></span> <span class='ocrx_word' id='word_1_100' title='bbox 1930 1253 2113 1324; x_wconf 79' lang='lat' dir='ltr'><strong>(Joan.</strong></span> 
     </span>
    </p>
   </div>
   <div class='ocr_carea' id='block_1_14' title="bbox 526 1348 2119 1424">
    <p class='ocr_par' dir='ltr' id='par_1_14' title="bbox 526 1348 2119 1424">
     <span class='ocr_line' id='line_1_14' title="bbox 526 1348 2119 1424; baseline -0.004 -15"><span class='ocrx_word' id='word_1_101' title='bbox 526 1351 638 1424; x_wconf 82' lang='grc' dir='ltr'>ιιι).</span> <span class='ocrx_word' id='word_1_102' title='bbox 664 1352 730 1407; x_wconf 86' lang='grc' dir='ltr'>Ει</span> <span class='ocrx_word' id='word_1_103' title='bbox 750 1365 783 1405; x_wconf 90' lang='lat' dir='ltr'><strong>c</strong></span> <span class='ocrx_word' id='word_1_104' title='bbox 804 1349 1076 1406; x_wconf 87' lang='lat' dir='ltr'><strong>contrario</strong></span> <span class='ocrx_word' id='word_1_105' title='bbox 1103 1348 1170 1404; x_wconf 90' lang='lat' dir='ltr'><strong>de</strong></span> <span class='ocrx_word' id='word_1_106' title='bbox 1198 1348 1443 1418; x_wconf 85' lang='lat' dir='ltr'><strong>reprabis</strong></span> <span class='ocrx_word' id='word_1_107' title='bbox 1471 1366 1483 1401; x_wconf 91' lang='lat'><strong>:</strong></span> <span class='ocrx_word' id='word_1_108' title='bbox 1523 1348 1630 1414; x_wconf 89' lang='lat' dir='ltr'><strong>Qui</strong></span> <span class='ocrx_word' id='word_1_109' title='bbox 1669 1356 1847 1402; x_wconf 84' lang='lat' dir='ltr'><strong>autem</strong></span> <span class='ocrx_word' id='word_1_110' title='bbox 1882 1363 1984 1402; x_wconf 84' lang='lat' dir='ltr'><strong>non</strong></span> <span class='ocrx_word' id='word_1_111' title='bbox 2010 1364 2119 1402; x_wconf 84' lang='lat' dir='ltr'><strong>cre-</strong></span> 
     </span>
    </p>
   </div>
   <div class='ocr_carea' id='block_1_15' title="bbox 529 1441 2115 1517">
    <p class='ocr_par' dir='ltr' id='par_1_15' title="bbox 529 1441 2115 1517">
     <span class='ocr_line' id='line_1_15' title="bbox 529 1441 2115 1517; baseline -0.006 -15"><span class='ocrx_word' id='word_1_112' title='bbox 529 1448 629 1514; x_wconf 88' lang='lat' dir='ltr'><strong>dit,</strong></span> <span class='ocrx_word' id='word_1_113' title='bbox 651 1447 769 1517; x_wconf 86' lang='lat' dir='ltr'><strong>jam</strong></span> <span class='ocrx_word' id='word_1_114' title='bbox 796 1444 1071 1516; x_wconf 86' lang='lat' dir='ltr'><strong>judicatus</strong></span> <span class='ocrx_word' id='word_1_115' title='bbox 1105 1453 1181 1499; x_wconf 82' lang='lat' dir='ltr'><strong>est</strong></span> <span class='ocrx_word' id='word_1_116' title='bbox 1202 1443 1420 1515; x_wconf 59' lang='lat' dir='ltr'><strong>(Ibid),</strong></span> <span class='ocrx_word' id='word_1_117' title='bbox 1452 1443 1561 1497; x_wconf 82' lang='lat' dir='ltr'><strong>hoc</strong></span> <span class='ocrx_word' id='word_1_118' title='bbox 1596 1450 1680 1496; x_wconf 88' lang='lat' dir='ltr'><strong>est</strong></span> <span class='ocrx_word' id='word_1_119' title='bbox 1708 1441 2115 1497; x_wconf 77' lang='lat' dir='ltr'><strong>condemnatus.</strong></span> 
     </span>
    </p>
   </div>
   <div class='ocr_carea' id='block_1_16' title="bbox 529 1530 2116 1606">
    <p class='ocr_par' dir='ltr' id='par_1_16' title="bbox 529 1530 2116 1606">
     <span class='ocr_line' id='line_1_16' title="bbox 529 1530 2116 1606; baseline -0.006 -11"><span class='ocrx_word' id='word_1_120' title='bbox 529 1530 803 1595; x_wconf 74' lang='lat' dir='ltr'><strong>iudicium</strong></span> <span class='ocrx_word' id='word_1_121' title='bbox 842 1538 899 1592; x_wconf 88' lang='lat' dir='ltr'><strong>in</strong></span> <span class='ocrx_word' id='word_1_122' title='bbox 933 1535 1118 1605; x_wconf 87' lang='lat' dir='ltr'><strong>injusti</strong></span> <span class='ocrx_word' id='word_1_123' title='bbox 1168 1535 1589 1606; x_wconf 80' lang='lat' dir='ltr'><strong>reprehensione</strong></span> <span class='ocrx_word' id='word_1_124' title='bbox 1621 1533 1706 1588; x_wconf 89' lang='lat' dir='ltr'><strong>vel</strong></span> <span class='ocrx_word' id='word_1_125' title='bbox 1750 1532 2116 1597; x_wconf 80' lang='lat' dir='ltr'><strong>damnatione,</strong></span> 
     </span>
    </p>
   </div>
   <div class='ocr_carea' id='block_1_17' title="bbox 530 1622 2120 1701">
    <p class='ocr_par' dir='ltr' id='par_1_17' title="bbox 530 1622 2120 1701">
     <span class='ocr_line' id='line_1_17' title="bbox 530 1622 2120 1701; baseline -0.006 -15"><span class='ocrx_word' id='word_1_126' title='bbox 530 1626 675 1686; x_wconf 80' lang='lat' dir='ltr'><strong>utin</strong></span> <span class='ocrx_word' id='word_1_127' title='bbox 698 1628 1029 1701; x_wconf 78' lang='lat' dir='ltr'><strong>Evangelia:</strong></span> <span class='ocrx_word' id='word_1_128' title='bbox 1066 1627 1245 1683; x_wconf 82' lang='lat' dir='ltr'><strong>Nolite</strong></span> <span class='ocrx_word' id='word_1_129' title='bbox 1272 1626 1542 1698; x_wconf 79' lang='lat' dir='ltr'><strong><em>judicare,</em></strong></span> <span class='ocrx_word' id='word_1_130' title='bbox 1567 1634 1623 1679; x_wconf 87' lang='lat' dir='ltr'><strong>ut</strong></span> <span class='ocrx_word' id='word_1_131' title='bbox 1664 1641 1769 1680; x_wconf 83' lang='lat' dir='ltr'><strong>non</strong></span> <span class='ocrx_word' id='word_1_132' title='bbox 1804 1622 2120 1694; x_wconf 85' lang='lat' dir='ltr'><strong>judicemini</strong></span> 
     </span>
    </p>
   </div>
   <div class='ocr_carea' id='block_1_18' title="bbox 533 1697 2097 1796">
    <p class='ocr_par' dir='ltr' id='par_1_18' title="bbox 533 1697 2097 1796">
     <span class='ocr_line' id='line_1_18' title="bbox 533 1697 2097 1796; baseline -0.004 -18"><span class='ocrx_word' id='word_1_133' title='bbox 533 1697 747 1796; x_wconf 39' lang='lat' dir='ltr'><strong>(Matth:</strong></span> <span class='ocrx_word' id='word_1_134' title='bbox 775 1697 900 1794; x_wconf 62' lang='lat' dir='ltr'><strong>vnj;</strong></span> <span class='ocrx_word' id='word_1_135' title='bbox 924 1722 1053 1777; x_wconf 86' lang='lat' dir='ltr'><strong>etin</strong></span> <span class='ocrx_word' id='word_1_136' title='bbox 1074 1697 1328 1792; x_wconf 85' lang='lat' dir='ltr'><strong>Apastolc</strong></span> <span class='ocrx_word' id='word_1_137' title='bbox 1351 1736 1364 1772; x_wconf 90' lang='lat'><strong>:</strong></span> <span class='ocrx_word' id='word_1_138' title='bbox 1390 1718 1493 1784; x_wconf 85' lang='lat' dir='ltr'><strong><em>Qui</em></strong></span> <span class='ocrx_word' id='word_1_139' title='bbox 1518 1735 1622 1773; x_wconf 86' lang='lat' dir='ltr'><strong>non</strong></span> <span class='ocrx_word' id='word_1_140' title='bbox 1642 1717 1945 1782; x_wconf 84' lang='lat' dir='ltr'><strong>manducat,</strong></span> <span class='ocrx_word' id='word_1_141' title='bbox 1974 1733 2097 1773; x_wconf 87' lang='lat' dir='ltr'><strong>man</strong></span> 
     </span>
    </p>
   </div>
   <div class='ocr_carea' id='block_1_19' title="bbox 2221 520 3817 593">
    <p class='ocr_par' dir='ltr' id='par_1_19' title="bbox 2221 520 3817 593">
     <span class='ocr_line' id='line_1_19' title="bbox 2221 520 3817 593; baseline 0.004 -19"><span class='ocrx_word' id='word_1_142' title='bbox 2221 535 2318 590; x_wconf 90' lang='lat' dir='ltr'><strong>per</strong></span> <span class='ocrx_word' id='word_1_143' title='bbox 2340 535 2404 575; x_wconf 89' lang='lat' dir='ltr'><strong>ea</strong></span> <span class='ocrx_word' id='word_1_144' title='bbox 2434 536 2553 589; x_wconf 74' lang='lat' dir='ltr'><strong>qua:</strong></span> <span class='ocrx_word' id='word_1_145' title='bbox 2589 520 2702 575; x_wconf 90' lang='lat' dir='ltr'><strong>illic</strong></span> <span class='ocrx_word' id='word_1_146' title='bbox 2742 528 3023 591; x_wconf 87' lang='lat' dir='ltr'><strong>geruntur.</strong></span> <span class='ocrx_word' id='word_1_147' title='bbox 3066 521 3221 576; x_wconf 86' lang='lat' dir='ltr'><strong>Dicta</strong></span> <span class='ocrx_word' id='word_1_148' title='bbox 3270 530 3451 576; x_wconf 86' lang='lat' dir='ltr'><strong>autem</strong></span> <span class='ocrx_word' id='word_1_149' title='bbox 3494 524 3817 593; x_wconf 78' lang='lat' dir='ltr'><strong>spectacula</strong></span> 
     </span>
    </p>
   </div>
   <div class='ocr_carea' id='block_1_20' title="bbox 2218 610 3810 683">
    <p class='ocr_par' dir='ltr' id='par_1_20' title="bbox 2218 610 3810 683">
     <span class='ocr_line' id='line_1_20' title="bbox 2218 610 3810 683; baseline 0.002 -16"><span class='ocrx_word' id='word_1_150' title='bbox 2218 626 2284 667; x_wconf 88' lang='lat' dir='ltr'><strong>eo</strong></span> <span class='ocrx_word' id='word_1_151' title='bbox 2318 612 2462 680; x_wconf 82' lang='lat' dir='ltr'><strong>quod</strong></span> <span class='ocrx_word' id='word_1_152' title='bbox 2500 610 2806 667; x_wconf 84' lang='lat' dir='ltr'><strong>hominibus</strong></span> <span class='ocrx_word' id='word_1_153' title='bbox 2834 611 3049 681; x_wconf 84' lang='lat' dir='ltr'><strong>publica</strong></span> <span class='ocrx_word' id='word_1_154' title='bbox 3077 611 3151 666; x_wconf 88' lang='lat' dir='ltr'><strong>ibi</strong></span> <span class='ocrx_word' id='word_1_155' title='bbox 3182 613 3487 681; x_wconf 70' lang='lat' dir='ltr'><strong>praebeatur</strong></span> <span class='ocrx_word' id='word_1_156' title='bbox 3510 613 3810 683; x_wconf 73' lang='lat' dir='ltr'><strong>inspectio.</strong></span> 
     </span>
    </p>
   </div>
   <div class='ocr_carea' id='block_1_21' title="bbox 2217 700 3821 774">
    <p class='ocr_par' dir='ltr' id='par_1_21' title="bbox 2217 700 3821 774">
     <span class='ocr_line' id='line_1_21' title="bbox 2217 700 3821 774; baseline 0.003 -17"><span class='ocrx_word' id='word_1_157' title='bbox 2217 700 2344 759; x_wconf 64' lang='lat' dir='ltr'><strong>Haec</strong></span> <span class='ocrx_word' id='word_1_158' title='bbox 2373 709 2428 761; x_wconf 88' lang='lat' dir='ltr'><strong>et</strong></span> <span class='ocrx_word' id='word_1_159' title='bbox 2456 702 2661 771; x_wconf 80' lang='lat' dir='ltr'><strong>ludicra</strong></span> <span class='ocrx_word' id='word_1_160' title='bbox 2692 710 3014 772; x_wconf 85' lang='lat' dir='ltr'><strong>nuncupata,</strong></span> <span class='ocrx_word' id='word_1_161' title='bbox 3060 701 3206 771; x_wconf 86' lang='lat' dir='ltr'><strong>quod</strong></span> <span class='ocrx_word' id='word_1_162' title='bbox 3251 702 3308 756; x_wconf 87' lang='lat' dir='ltr'><strong>in</strong></span> <span class='ocrx_word' id='word_1_163' title='bbox 3350 703 3492 759; x_wconf 86' lang='lat' dir='ltr'><strong>ludis</strong></span> <span class='ocrx_word' id='word_1_164' title='bbox 3547 715 3821 774; x_wconf 73' lang='lat' dir='ltr'><strong>gerantur</strong></span> 
     </span>
    </p>
   </div>
   <div class='ocr_carea' id='block_1_22' title="bbox 2218 792 3818 865">
    <p class='ocr_par' dir='ltr' id='par_1_22' title="bbox 2218 792 3818 865">
     <span class='ocr_line' id='line_1_22' title="bbox 2218 792 3818 865; baseline 0.001 -14"><span class='ocrx_word' id='word_1_165' title='bbox 2218 801 2314 851; x_wconf 81' lang='lat' dir='ltr'><strong>aut</strong></span> <span class='ocrx_word' id='word_1_166' title='bbox 2350 792 2405 849; x_wconf 82' lang='lat' dir='ltr'><strong>in</strong></span> <span class='ocrx_word' id='word_1_167' title='bbox 2447 793 2643 849; x_wconf 84' lang='lat' dir='ltr'><strong>scenis.</strong></span> <span class='ocrx_word' id='word_1_168' title='bbox 2692 793 2766 849; x_wconf 88' lang='lat' dir='ltr'><strong>De</strong></span> <span class='ocrx_word' id='word_1_169' title='bbox 2803 793 3110 865; x_wconf 83' lang='lat' dir='ltr'><strong>spectaculo</strong></span> <span class='ocrx_word' id='word_1_170' title='bbox 3138 802 3320 848; x_wconf 87' lang='lat' dir='ltr'><strong>autem</strong></span> <span class='ocrx_word' id='word_1_171' title='bbox 3356 795 3413 849; x_wconf 87' lang='lat' dir='ltr'><strong>in</strong></span> <span class='ocrx_word' id='word_1_172' title='bbox 3440 794 3706 865; x_wconf 81' lang='lat' dir='ltr'><strong>Apastolo</strong></span> <span class='ocrx_word' id='word_1_173' title='bbox 3736 799 3818 853; x_wconf 85' lang='lat' dir='ltr'><strong>ita</strong></span> 
     </span>
    </p>
   </div>
   <div class='ocr_carea' id='block_1_23' title="bbox 2219 884 3821 958">
    <p class='ocr_par' dir='ltr' id='par_1_23' title="bbox 2219 884 3821 958">
     <span class='ocr_line' id='line_1_23' title="bbox 2219 884 3821 958; baseline 0.005 -19"><span class='ocrx_word' id='word_1_174' title='bbox 2219 886 2486 955; x_wconf 79' lang='lat' dir='ltr'><strong>legimus:</strong></span> <span class='ocrx_word' id='word_1_175' title='bbox 2517 884 2886 955; x_wconf 80' lang='lat' dir='ltr'><strong>Spectaculum</strong></span> <span class='ocrx_word' id='word_1_176' title='bbox 2935 887 3062 955; x_wconf 78' lang='lat' dir='ltr'><strong>{acti</strong></span> <span class='ocrx_word' id='word_1_177' title='bbox 3103 904 3283 943; x_wconf 74' lang='lat' dir='ltr'><strong>sumus</strong></span> <span class='ocrx_word' id='word_1_178' title='bbox 3333 888 3452 943; x_wconf 79' lang='lat' dir='ltr'><strong>huic</strong></span> <span class='ocrx_word' id='word_1_179' title='bbox 3488 892 3713 958; x_wconf 72' lang='lat' dir='ltr'><strong>mundo,</strong></span> <span class='ocrx_word' id='word_1_180' title='bbox 3761 901 3821 947; x_wconf 76' lang='lat' dir='ltr'><strong>et</strong></span> 
     </span>
    </p>
   </div>
   <div class='ocr_carea' id='block_1_24' title="bbox 2219 976 3821 1054">
    <p class='ocr_par' dir='ltr' id='par_1_24' title="bbox 2219 976 3821 1054">
     <span class='ocr_line' id='line_1_24' title="bbox 2219 976 3821 1054; baseline 0.004 -22"><span class='ocrx_word' id='word_1_181' title='bbox 2219 977 2417 1048; x_wconf 78' lang='lat' dir='ltr'><strong>angelis</strong></span> <span class='ocrx_word' id='word_1_182' title='bbox 2451 987 2501 1033; x_wconf 87' lang='lat' dir='ltr'><strong>et</strong></span> <span class='ocrx_word' id='word_1_183' title='bbox 2535 978 2835 1035; x_wconf 78' lang='lat' dir='ltr'><strong>hominibus</strong></span> <span class='ocrx_word' id='word_1_184' title='bbox 2870 976 2927 1050; x_wconf 81' lang='grc' dir='ltr'><strong>(Ι</strong></span> <span class='ocrx_word' id='word_1_185' title='bbox 2962 976 3088 1051; x_wconf 70' lang='lat' dir='ltr'><strong>cor.</strong></span> <span class='ocrx_word' id='word_1_186' title='bbox 3118 978 3216 1052; x_wconf 78' lang='lat' dir='ltr'><strong>tv).</strong></span> <span class='ocrx_word' id='word_1_187' title='bbox 3248 979 3383 1047; x_wconf 85' lang='lat' dir='ltr'><strong>Quia</strong></span> <span class='ocrx_word' id='word_1_188' title='bbox 3407 992 3568 1037; x_wconf 88' lang='lat' dir='ltr'><strong>erunt</strong></span> <span class='ocrx_word' id='word_1_189' title='bbox 3599 991 3821 1054; x_wconf 82' lang='lat' dir='ltr'><strong>specta-</strong></span> 
     </span>
    </p>
   </div>
   <div class='ocr_carea' id='block_1_25' title="bbox 2219 1067 3821 1143">
    <p class='ocr_par' dir='ltr' id='par_1_25' title="bbox 2219 1067 3821 1143">
     <span class='ocr_line' id='line_1_25' title="bbox 2219 1067 3821 1143; baseline 0.004 -21"><span class='ocrx_word' id='word_1_190' title='bbox 2219 1068 2399 1125; x_wconf 85' lang='lat' dir='ltr'><strong>culum</strong></span> <span class='ocrx_word' id='word_1_191' title='bbox 2442 1067 2626 1123; x_wconf 86' lang='lat' dir='ltr'><strong>Enacb</strong></span> <span class='ocrx_word' id='word_1_192' title='bbox 2658 1075 2714 1125; x_wconf 80' lang='lat' dir='ltr'><strong>et</strong></span> <span class='ocrx_word' id='word_1_193' title='bbox 2753 1067 2898 1122; x_wconf 84' lang='lat' dir='ltr'><strong>Elias</strong></span> <span class='ocrx_word' id='word_1_194' title='bbox 2938 1082 3108 1137; x_wconf 83' lang='lat' dir='ltr'><strong>usque</strong></span> <span class='ocrx_word' id='word_1_195' title='bbox 3137 1069 3297 1134; x_wconf 88' lang='lat' dir='ltr'><strong>adeo,</strong></span> <span class='ocrx_word' id='word_1_196' title='bbox 3332 1077 3393 1124; x_wconf 85' lang='lat' dir='ltr'><strong>ut</strong></span> <span class='ocrx_word' id='word_1_197' title='bbox 3442 1086 3676 1143; x_wconf 74' lang='lat' dir='ltr'><strong>corpora</strong></span> <span class='ocrx_word' id='word_1_198' title='bbox 3719 1088 3821 1128; x_wconf 84' lang='lat' dir='ltr'><strong>ec-</strong></span> 
     </span>
    </p>
   </div>
   <div class='ocr_carea' id='block_1_26' title="bbox 2220 1158 3820 1236">
    <p class='ocr_par' dir='ltr' id='par_1_26' title="bbox 2220 1158 3820 1236">
     <span class='ocr_line' id='line_1_26' title="bbox 2220 1158 3820 1236; baseline 0.006 -23"><span class='ocrx_word' id='word_1_199' title='bbox 2220 1173 2340 1214; x_wconf 86' lang='lat' dir='ltr'><strong>rum</strong></span> <span class='ocrx_word' id='word_1_200' title='bbox 2364 1174 2419 1213; x_wconf 83' lang='grc' dir='ltr'><strong>ιιι</strong></span> <span class='ocrx_word' id='word_1_201' title='bbox 2449 1158 2628 1229; x_wconf 80' lang='lat' dir='ltr'><strong>platea</strong></span> <span class='ocrx_word' id='word_1_202' title='bbox 2648 1158 3002 1229; x_wconf 71' lang='lat' dir='ltr'><strong>proiiciantur</strong></span> <span class='ocrx_word' id='word_1_203' title='bbox 3028 1160 3084 1213; x_wconf 90' lang='lat' dir='ltr'><strong>in</strong></span> <span class='ocrx_word' id='word_1_204' title='bbox 3118 1168 3411 1231; x_wconf 77' lang='lat' dir='ltr'><strong>conspectu</strong></span> <span class='ocrx_word' id='word_1_205' title='bbox 3438 1164 3610 1219; x_wconf 81' lang='lat' dir='ltr'><strong>totius</strong></span> <span class='ocrx_word' id='word_1_206' title='bbox 3628 1166 3820 1236; x_wconf 83' lang='lat' dir='ltr'><strong>populi</strong></span> 
     </span>
    </p>
   </div>
   <div class='ocr_carea' id='block_1_27' title="bbox 2219 1249 3823 1327">
    <p class='ocr_par' dir='ltr' id='par_1_27' title="bbox 2219 1249 3823 1327">
     <span class='ocr_line' id='line_1_27' title="bbox 2219 1249 3823 1327; baseline 0.005 -23"><span class='ocrx_word' id='word_1_207' title='bbox 2219 1249 2450 1307; x_wconf 79' lang='lat' dir='ltr'><strong>inﬁdelis</strong></span> <span class='ocrx_word' id='word_1_208' title='bbox 2475 1268 2487 1303; x_wconf 91' lang='lat'><strong>:</strong></span> <span class='ocrx_word' id='word_1_209' title='bbox 2514 1249 2589 1305; x_wconf 82' lang='lat' dir='ltr'><strong>ita</strong></span> <span class='ocrx_word' id='word_1_210' title='bbox 2614 1257 2671 1306; x_wconf 84' lang='lat' dir='ltr'><strong>et</strong></span> <span class='ocrx_word' id='word_1_211' title='bbox 2697 1250 2925 1319; x_wconf 56' lang='lat' dir='ltr'><strong>ninetoli</strong></span> <span class='ocrx_word' id='word_1_212' title='bbox 2945 1252 3314 1320; x_wconf 82' lang='lat' dir='ltr'><strong>spectaculum</strong></span> <span class='ocrx_word' id='word_1_213' title='bbox 3338 1254 3464 1309; x_wconf 79' lang='lat' dir='ltr'><strong>facti</strong></span> <span class='ocrx_word' id='word_1_214' title='bbox 3486 1266 3619 1317; x_wconf 71' lang='lat' dir='ltr'><strong>sunt</strong></span> <span class='ocrx_word' id='word_1_215' title='bbox 3644 1274 3659 1311; x_wconf 93' lang='lat'><strong>:</strong></span> <span class='ocrx_word' id='word_1_216' title='bbox 3686 1258 3823 1327; x_wconf 79' lang='lat' dir='ltr'><strong>quia</strong></span> 
     </span>
    </p>
   </div>
   <div class='ocr_carea' id='block_1_28' title="bbox 2218 1343 3817 1417">
    <p class='ocr_par' dir='ltr' id='par_1_28' title="bbox 2218 1343 3817 1417">
     <span class='ocr_line' id='line_1_28' title="bbox 2218 1343 3817 1417; baseline 0.004 -20"><span class='ocrx_word' id='word_1_217' title='bbox 2218 1343 2430 1412; x_wconf 86' lang='lat' dir='ltr'><strong>publice</strong></span> <span class='ocrx_word' id='word_1_218' title='bbox 2460 1343 2826 1398; x_wconf 83' lang='lat' dir='ltr'><strong>irridebantur</strong></span> <span class='ocrx_word' id='word_1_219' title='bbox 2852 1344 3015 1414; x_wconf 86' lang='lat' dir='ltr'><strong>positi</strong></span> <span class='ocrx_word' id='word_1_220' title='bbox 3058 1345 3129 1399; x_wconf 87' lang='lat' dir='ltr'><strong>ad</strong></span> <span class='ocrx_word' id='word_1_221' title='bbox 3175 1344 3429 1416; x_wconf 80' lang='lat' dir='ltr'><strong>injurism</strong></span> <span class='ocrx_word' id='word_1_222' title='bbox 3464 1356 3522 1402; x_wconf 77' lang='lat' dir='ltr'><strong>et</strong></span> <span class='ocrx_word' id='word_1_223' title='bbox 3554 1357 3817 1417; x_wconf 74' lang='lat' dir='ltr'><strong>mortem,</strong></span> 
     </span>
    </p>
   </div>
   <div class='ocr_carea' id='block_1_29' title="bbox 2221 1418 3820 1510">
    <p class='ocr_par' dir='ltr' id='par_1_29' title="bbox 2221 1418 3820 1510">
     <span class='ocr_line' id='line_1_29' title="bbox 2221 1418 3820 1510; baseline 0.005 -19"><span class='ocrx_word' id='word_1_224' title='bbox 2221 1450 2383 1504; x_wconf 87' lang='lat' dir='ltr'><strong>quam</strong></span> <span class='ocrx_word' id='word_1_225' title='bbox 2405 1436 2549 1505; x_wconf 82' lang='lat' dir='ltr'><strong>passi</strong></span> <span class='ocrx_word' id='word_1_226' title='bbox 2573 1442 2717 1490; x_wconf 86' lang='lat' dir='ltr'><strong>sunt.</strong></span> <span class='ocrx_word' id='word_1_227' title='bbox 2749 1418 3006 1490; x_wconf 74' lang='lat' dir='ltr'><strong>Montium</strong></span> <span class='ocrx_word' id='word_1_228' title='bbox 3035 1445 3216 1495; x_wconf 75' lang='lat' dir='ltr'><strong>autem</strong></span> <span class='ocrx_word' id='word_1_229' title='bbox 3238 1439 3459 1510; x_wconf 75' lang='lat' dir='ltr'><strong>angelos</strong></span> <span class='ocrx_word' id='word_1_230' title='bbox 3478 1449 3543 1494; x_wconf 85' lang='lat' dir='ltr'><strong>et</strong></span> <span class='ocrx_word' id='word_1_231' title='bbox 3564 1442 3820 1499; x_wconf 75' lang='lat' dir='ltr'><strong>homines</strong></span> 
     </span>
    </p>
   </div>
   <div class='ocr_carea' id='block_1_30' title="bbox 2221 1526 3820 1597">
    <p class='ocr_par' dir='ltr' id='par_1_30' title="bbox 2221 1526 3820 1597">
     <span class='ocr_line' id='line_1_30' title="bbox 2221 1526 3820 1597; baseline 0.006 -16"><span class='ocrx_word' id='word_1_232' title='bbox 2221 1526 2375 1592; x_wconf 80' lang='lat' dir='ltr'><strong>dixit,</strong></span> <span class='ocrx_word' id='word_1_233' title='bbox 2423 1527 2547 1597; x_wconf 83' lang='lat' dir='ltr'><strong>quia</strong></span> <span class='ocrx_word' id='word_1_234' title='bbox 2589 1526 2847 1597; x_wconf 84' lang='lat' dir='ltr'><strong>etangeli</strong></span> <span class='ocrx_word' id='word_1_235' title='bbox 2894 1528 3021 1582; x_wconf 89' lang='lat' dir='ltr'><strong>mali</strong></span> <span class='ocrx_word' id='word_1_236' title='bbox 3068 1536 3232 1596; x_wconf 87' lang='lat' dir='ltr'><strong>sunt,</strong></span> <span class='ocrx_word' id='word_1_237' title='bbox 3280 1531 3493 1587; x_wconf 82' lang='lat' dir='ltr'><strong>dicente</strong></span> <span class='ocrx_word' id='word_1_238' title='bbox 3540 1534 3714 1589; x_wconf 74' lang='lat' dir='ltr'><strong>David</strong></span> <span class='ocrx_word' id='word_1_239' title='bbox 3764 1537 3820 1591; x_wconf 77' lang='lat' dir='ltr'><strong>in</strong></span> 
     </span>
    </p>
   </div>
   <div class='ocr_carea' id='block_1_31' title="bbox 2221 1616 3825 1692">
    <p class='ocr_par' dir='ltr' id='par_1_31' title="bbox 2221 1616 3825 1692">
     <span class='ocr_line' id='line_1_31' title="bbox 2221 1616 3825 1692; baseline 0.004 -18"><span class='ocrx_word' id='word_1_240' title='bbox 2221 1618 2429 1688; x_wconf 83' lang='lat' dir='ltr'><strong>psalmo</strong></span> <span class='ocrx_word' id='word_1_241' title='bbox 2450 1634 2652 1675; x_wconf 67' lang='lat' dir='ltr'><strong>LXXIV:</strong></span> <span class='ocrx_word' id='word_1_242' title='bbox 2691 1616 2959 1674; x_wconf 69' lang='lat' dir='ltr'><strong>Vemabant</strong></span> <span class='ocrx_word' id='word_1_243' title='bbox 2995 1618 3114 1673; x_wconf 83' lang='lat' dir='ltr'><strong>illas</strong></span> <span class='ocrx_word' id='word_1_244' title='bbox 3151 1637 3244 1690; x_wconf 74' lang='lat' dir='ltr'><strong>per</strong></span> <span class='ocrx_word' id='word_1_245' title='bbox 3268 1620 3482 1692; x_wconf 84' lang='lat' dir='ltr'><strong>angelos</strong></span> <span class='ocrx_word' id='word_1_246' title='bbox 3510 1623 3706 1678; x_wconf 76' lang='lat' dir='ltr'><strong>malos.</strong></span> <span class='ocrx_word' id='word_1_247' title='bbox 3750 1625 3825 1681; x_wconf 77' lang='lat' dir='ltr'><strong>Et</strong></span> 
     </span>
    </p>
   </div>
   <div class='ocr_carea' id='block_1_32' title="bbox 2223 1709 3819 1783">
    <p class='ocr_par' dir='ltr' id='par_1_32' title="bbox 2223 1709 3819 1783">
     <span class='ocr_line' id='line_1_32' title="bbox 2223 1709 3819 1783; baseline 0.004 -18"><span class='ocrx_word' id='word_1_248' title='bbox 2223 1709 2470 1765; x_wconf 82' lang='lat' dir='ltr'><strong>homines</strong></span> <span class='ocrx_word' id='word_1_249' title='bbox 2504 1709 2633 1765; x_wconf 84' lang='lat' dir='ltr'><strong>mali</strong></span> <span class='ocrx_word' id='word_1_250' title='bbox 2668 1719 2833 1782; x_wconf 82' lang='lat' dir='ltr'><strong>atque</strong></span> <span class='ocrx_word' id='word_1_251' title='bbox 2874 1710 3178 1767; x_wconf 82' lang='lat' dir='ltr'><strong>increduli:</strong></span> <span class='ocrx_word' id='word_1_252' title='bbox 3206 1711 3293 1767; x_wconf 83' lang='lat' dir='ltr'><strong>bis</strong></span> <span class='ocrx_word' id='word_1_253' title='bbox 3332 1713 3705 1783; x_wconf 72' lang='lat' dir='ltr'><strong>apostolorum</strong></span> <span class='ocrx_word' id='word_1_254' title='bbox 3734 1716 3819 1771; x_wconf 82' lang='lat' dir='ltr'><strong>in-</strong></span> 
     </span>
    </p>
   </div>
   <div class='ocr_carea' id='block_1_33' title="bbox 532 1801 3827 1884">
    <p class='ocr_par' dir='ltr' id='par_1_33' title="bbox 532 1801 3827 1884">
     <span class='ocr_line' id='line_1_33' title="bbox 532 1801 3827 1884; baseline -0.002 -16"><span class='ocrx_word' id='word_1_255' title='bbox 532 1815 814 1870; x_wconf 77' lang='lat' dir='ltr'><strong>ducentem</strong></span> <span class='ocrx_word' id='word_1_256' title='bbox 832 1830 937 1868; x_wconf 86' lang='lat' dir='ltr'><strong>non</strong></span> <span class='ocrx_word' id='word_1_257' title='bbox 953 1813 1154 1884; x_wconf 86' lang='lat' dir='ltr'><strong>judicet</strong></span> <span class='ocrx_word' id='word_1_258' title='bbox 1175 1810 1354 1883; x_wconf 86' lang='lat' dir='ltr'><strong>(Rom.</strong></span> <span class='ocrx_word' id='word_1_259' title='bbox 1384 1810 1519 1881; x_wconf 72' lang='lat' dir='ltr'><strong>11v).</strong></span> <span class='ocrx_word' id='word_1_260' title='bbox 1540 1808 1832 1873; x_wconf 66' lang='lat' dir='ltr'><strong>Iudicium,</strong></span> <span class='ocrx_word' id='word_1_261' title='bbox 1854 1808 2122 1865; x_wconf 77' lang='lat' dir='ltr'><strong>confessio</strong></span> <span class='ocrx_word' id='word_1_262' title='bbox 2149 1801 2199 1865; x_wconf 79' lang='grc' dir='ltr'><strong>Β</strong></span> <span class='ocrx_word' id='word_1_263' title='bbox 2220 1801 2378 1871; x_wconf 66' lang='lat' dir='ltr'><strong>infla:</strong></span> <span class='ocrx_word' id='word_1_264' title='bbox 2426 1801 2822 1861; x_wconf 80' lang='lat' dir='ltr'><strong>oblectamenta</strong></span> <span class='ocrx_word' id='word_1_265' title='bbox 2871 1810 2998 1857; x_wconf 71' lang='lat' dir='ltr'><strong>sunt</strong></span> <span class='ocrx_word' id='word_1_266' title='bbox 3030 1820 3048 1856; x_wconf 88' lang='lat'><strong>:</strong></span> <span class='ocrx_word' id='word_1_267' title='bbox 3100 1804 3338 1860; x_wconf 69' lang='lat' dir='ltr'><strong>mmdus</strong></span> <span class='ocrx_word' id='word_1_268' title='bbox 3384 1813 3567 1865; x_wconf 82' lang='lat' dir='ltr'><strong>autem</strong></span> <span class='ocrx_word' id='word_1_269' title='bbox 3615 1806 3827 1862; x_wconf 69' lang='lat' dir='ltr'><strong>ideirco</strong></span> 
     </span>
    </p>
   </div>
   <div class='ocr_carea' id='block_1_34' title="bbox 532 1899 2122 1975">
    <p class='ocr_par' dir='ltr' id='par_1_34' title="bbox 532 1899 2122 1975">
     <span class='ocr_line' id='line_1_34' title="bbox 532 1899 2122 1975; baseline -0.005 -14"><span class='ocrx_word' id='word_1_270' title='bbox 532 1905 874 1975; x_wconf 72' lang='lat' dir='ltr'><strong>pmnitemis;</strong></span> <span class='ocrx_word' id='word_1_271' title='bbox 908 1904 963 1958; x_wconf 80' lang='lat' dir='ltr'><strong>in</strong></span> <span class='ocrx_word' id='word_1_272' title='bbox 985 1917 1051 1957; x_wconf 89' lang='lat' dir='ltr'><strong>ea</strong></span> <span class='ocrx_word' id='word_1_273' title='bbox 1076 1903 1221 1957; x_wconf 82' lang='lat' dir='ltr'><strong>enim</strong></span> <span class='ocrx_word' id='word_1_274' title='bbox 1247 1902 1391 1971; x_wconf 89' lang='lat' dir='ltr'><strong>quod</strong></span> <span class='ocrx_word' id='word_1_275' title='bbox 1419 1916 1478 1956; x_wconf 90' lang='lat' dir='ltr'><strong>se</strong></span> <span class='ocrx_word' id='word_1_276' title='bbox 1502 1909 1740 1965; x_wconf 86' lang='lat' dir='ltr'><strong>accusat,</strong></span> <span class='ocrx_word' id='word_1_277' title='bbox 1772 1909 1828 1956; x_wconf 91' lang='lat' dir='ltr'><strong>et</strong></span> <span class='ocrx_word' id='word_1_278' title='bbox 1860 1899 1955 1955; x_wconf 87' lang='lat' dir='ltr'><strong>Dei</strong></span> <span class='ocrx_word' id='word_1_279' title='bbox 1980 1899 2122 1968; x_wconf 83' lang='lat' dir='ltr'><strong>judi-</strong></span> 
     </span>
    </p>
   </div>
   <div class='ocr_carea' id='block_1_35' title="bbox 535 1991 2127 2063">
    <p class='ocr_par' dir='ltr' id='par_1_35' title="bbox 535 1991 2127 2063">
     <span class='ocr_line' id='line_1_35' title="bbox 535 1991 2127 2063; baseline -0.001 -14"><span class='ocrx_word' id='word_1_280' title='bbox 535 1994 680 2049; x_wconf 84' lang='lat' dir='ltr'><strong>cium</strong></span> <span class='ocrx_word' id='word_1_281' title='bbox 710 1994 915 2060; x_wconf 77' lang='lat' dir='ltr'><strong>laudat,</strong></span> <span class='ocrx_word' id='word_1_282' title='bbox 942 2008 1128 2048; x_wconf 88' lang='lat' dir='ltr'><strong>verum</strong></span> <span class='ocrx_word' id='word_1_283' title='bbox 1153 1991 1415 2063; x_wconf 82' lang='lat' dir='ltr'><strong>judicium</strong></span> <span class='ocrx_word' id='word_1_284' title='bbox 1436 2000 1535 2047; x_wconf 88' lang='lat' dir='ltr'><strong>est.</strong></span> <span class='ocrx_word' id='word_1_285' title='bbox 1567 1993 1643 2047; x_wconf 84' lang='lat' dir='ltr'><strong>De</strong></span> <span class='ocrx_word' id='word_1_286' title='bbox 1663 1991 1991 2061; x_wconf 79' lang='lat' dir='ltr'><strong>quojudicio</strong></span> <span class='ocrx_word' id='word_1_287' title='bbox 2022 1991 2127 2047; x_wconf 84' lang='lat' dir='ltr'><strong>Do-</strong></span> 
     </span>
    </p>
   </div>
   <div class='ocr_carea' id='block_1_36' title="bbox 536 2083 2128 2157">
    <p class='ocr_par' dir='ltr' id='par_1_36' title="bbox 536 2083 2128 2157">
     <span class='ocr_line' id='line_1_36' title="bbox 536 2083 2128 2157; baseline -0.003 -15"><span class='ocrx_word' id='word_1_288' title='bbox 536 2088 715 2143; x_wconf 83' lang='lat' dir='ltr'><strong>minus</strong></span> <span class='ocrx_word' id='word_1_289' title='bbox 742 2102 839 2157; x_wconf 90' lang='lat' dir='ltr'><strong>per</strong></span> <span class='ocrx_word' id='word_1_290' title='bbox 852 2085 1059 2141; x_wconf 78' lang='lat' dir='ltr'><strong>lsaiam</strong></span> <span class='ocrx_word' id='word_1_291' title='bbox 1088 2086 1343 2155; x_wconf 82' lang='lat' dir='ltr'><strong>loquitur,</strong></span> <span class='ocrx_word' id='word_1_292' title='bbox 1371 2085 1557 2143; x_wconf 87' lang='lat' dir='ltr'><strong>dicens</strong></span> <span class='ocrx_word' id='word_1_293' title='bbox 1582 2101 1596 2140; x_wconf 93' lang='lat'><strong>:</strong></span> <span class='ocrx_word' id='word_1_294' title='bbox 1627 2083 1805 2138; x_wconf 82' lang='lat' dir='ltr'><strong>Reduc</strong></span> <span class='ocrx_word' id='word_1_295' title='bbox 1836 2100 1917 2138; x_wconf 88' lang='lat' dir='ltr'><strong>me</strong></span> <span class='ocrx_word' id='word_1_296' title='bbox 1942 2084 1999 2138; x_wconf 84' lang='lat' dir='ltr'><strong>in</strong></span> <span class='ocrx_word' id='word_1_297' title='bbox 2023 2098 2128 2137; x_wconf 81' lang='lat' dir='ltr'><strong>me-</strong></span> 
     </span>
    </p>
   </div>
   <div class='ocr_carea' id='block_1_37' title="bbox 536 2171 2126 2249">
    <p class='ocr_par' dir='ltr' id='par_1_37' title="bbox 536 2171 2126 2249">
     <span class='ocr_line' id='line_1_37' title="bbox 536 2171 2126 2249; baseline -0.003 -15"><span class='ocrx_word' id='word_1_298' title='bbox 536 2180 724 2243; x_wconf 88' lang='lat' dir='ltr'><strong>moria,</strong></span> <span class='ocrx_word' id='word_1_299' title='bbox 746 2188 794 2232; x_wconf 87' lang='lat' dir='ltr'><strong>et</strong></span> <span class='ocrx_word' id='word_1_300' title='bbox 810 2178 1112 2249; x_wconf 87' lang='lat' dir='ltr'><strong>judicemur</strong></span> <span class='ocrx_word' id='word_1_301' title='bbox 1134 2175 1291 2231; x_wconf 81' lang='lat' dir='ltr'><strong>simul</strong></span> <span class='ocrx_word' id='word_1_302' title='bbox 1322 2175 1454 2247; x_wconf 85' lang='lat' dir='ltr'><strong>(Isa.</strong></span> <span class='ocrx_word' id='word_1_303' title='bbox 1498 2173 1651 2245; x_wconf 81' lang='lat' dir='ltr'><strong>xutt)</strong></span> <span class='ocrx_word' id='word_1_304' title='bbox 1675 2191 1689 2241; x_wconf 91' lang='lat'><strong>;</strong></span> <span class='ocrx_word' id='word_1_305' title='bbox 1714 2181 1770 2230; x_wconf 90' lang='lat' dir='ltr'><strong>et</strong></span> <span class='ocrx_word' id='word_1_306' title='bbox 1804 2174 1857 2230; x_wconf 82' lang='lat' dir='ltr'><strong>in</strong></span> <span class='ocrx_word' id='word_1_307' title='bbox 1894 2172 1994 2229; x_wconf 75' lang='lat' dir='ltr'><strong>Job</strong></span> <span class='ocrx_word' id='word_1_308' title='bbox 2016 2187 2030 2226; x_wconf 90' lang='lat'><strong>:</strong></span> <span class='ocrx_word' id='word_1_309' title='bbox 2054 2171 2126 2229; x_wconf 83' lang='lat' dir='ltr'><strong>Et</strong></span> 
     </span>
    </p>
   </div>
   <div class='ocr_carea' id='block_1_38' title="bbox 538 2263 2128 2341">
    <p class='ocr_par' dir='ltr' id='par_1_38' title="bbox 538 2263 2128 2341">
     <span class='ocr_line' id='line_1_38' title="bbox 538 2263 2128 2341; baseline -0.005 -18"><span class='ocrx_word' id='word_1_310' title='bbox 538 2271 751 2341; x_wconf 84' lang='lat' dir='ltr'><strong>dignum</strong></span> <span class='ocrx_word' id='word_1_311' title='bbox 781 2268 928 2322; x_wconf 83' lang='lat' dir='ltr'><strong>ducis</strong></span> <span class='ocrx_word' id='word_1_312' title='bbox 958 2283 1115 2339; x_wconf 81' lang='lat' dir='ltr'><strong>super</strong></span> <span class='ocrx_word' id='word_1_313' title='bbox 1146 2266 1451 2337; x_wconf 83' lang='lat' dir='ltr'><strong>hujusmodi</strong></span> <span class='ocrx_word' id='word_1_314' title='bbox 1481 2266 1686 2336; x_wconf 86' lang='lat' dir='ltr'><strong>aperire</strong></span> <span class='ocrx_word' id='word_1_315' title='bbox 1718 2263 1896 2319; x_wconf 85' lang='lat' dir='ltr'><strong>oculos</strong></span> <span class='ocrx_word' id='word_1_316' title='bbox 1920 2272 2056 2327; x_wconf 86' lang='lat' dir='ltr'><strong>tuos,</strong></span> <span class='ocrx_word' id='word_1_317' title='bbox 2078 2271 2128 2315; x_wconf 89' lang='lat' dir='ltr'><strong>et</strong></span> 
     </span>
    </p>
   </div>
   <div class='ocr_carea' id='block_1_39' title="bbox 537 2352 2127 2427">
    <p class='ocr_par' dir='ltr' id='par_1_39' title="bbox 537 2352 2127 2427">
     <span class='ocr_line' id='line_1_39' title="bbox 537 2352 2127 2427; baseline -0.004 -14"><span class='ocrx_word' id='word_1_318' title='bbox 537 2359 798 2413; x_wconf 83' lang='lat' dir='ltr'><strong>adducere</strong></span> <span class='ocrx_word' id='word_1_319' title='bbox 847 2374 966 2412; x_wconf 89' lang='lat' dir='ltr'><strong>eum</strong></span> <span class='ocrx_word' id='word_1_320' title='bbox 1014 2366 1185 2411; x_wconf 88' lang='lat' dir='ltr'><strong>tecum</strong></span> <span class='ocrx_word' id='word_1_321' title='bbox 1234 2357 1288 2409; x_wconf 87' lang='lat' dir='ltr'><strong>in</strong></span> <span class='ocrx_word' id='word_1_322' title='bbox 1329 2355 1593 2426; x_wconf 82' lang='lat' dir='ltr'><strong>judicium</strong></span> <span class='ocrx_word' id='word_1_323' title='bbox 1623 2354 1773 2427; x_wconf 81' lang='lat' dir='ltr'><strong>(Job.</strong></span> <span class='ocrx_word' id='word_1_324' title='bbox 1814 2352 1958 2425; x_wconf 78' lang='lat' dir='ltr'><strong>xlv);</strong></span> <span class='ocrx_word' id='word_1_325' title='bbox 1994 2354 2127 2407; x_wconf 86' lang='lat' dir='ltr'><strong>etin</strong></span> 
     </span>
    </p>
   </div>
   <div class='ocr_carea' id='block_1_40' title="bbox 539 2446 2130 2520">
    <p class='ocr_par' dir='ltr' id='par_1_40' title="bbox 539 2446 2130 2520">
     <span class='ocr_line' id='line_1_40' title="bbox 539 2446 2130 2520; baseline -0.006 -12"><span class='ocrx_word' id='word_1_326' title='bbox 539 2449 797 2520; x_wconf 83' lang='lat' dir='ltr'><strong>Apostolo</strong></span> <span class='ocrx_word' id='word_1_327' title='bbox 841 2466 856 2504; x_wconf 88' lang='lat'><strong>:</strong></span> <span class='ocrx_word' id='word_1_328' title='bbox 909 2448 1151 2515; x_wconf 82' lang='lat' dir='ltr'><strong>Quodsi</strong></span> <span class='ocrx_word' id='word_1_329' title='bbox 1193 2449 1535 2517; x_wconf 72' lang='lat' dir='ltr'><strong>nosmetipsos</strong></span> <span class='ocrx_word' id='word_1_330' title='bbox 1572 2446 1971 2516; x_wconf 77' lang='lat' dir='ltr'><strong>judicaretuus.</strong></span> <span class='ocrx_word' id='word_1_331' title='bbox 2023 2459 2130 2500; x_wconf 77' lang='lat' dir='ltr'><strong>non</strong></span> 
     </span>
    </p>
   </div>
   <div class='ocr_carea' id='block_1_41' title="bbox 538 2537 2128 2613">
    <p class='ocr_par' dir='ltr' id='par_1_41' title="bbox 538 2537 2128 2613">
     <span class='ocr_line' id='line_1_41' title="bbox 538 2537 2128 2613; baseline -0.004 -15"><span class='ocrx_word' id='word_1_332' title='bbox 538 2542 716 2613; x_wconf 78' lang='lat' dir='ltr'><strong>utique</strong></span> <span class='ocrx_word' id='word_1_333' title='bbox 749 2540 1119 2611; x_wconf 71' lang='lat' dir='ltr'><strong>iudicaremur</strong></span> <span class='ocrx_word' id='word_1_334' title='bbox 1159 2539 1215 2611; x_wconf 80' lang='grc' dir='ltr'><strong>(Ι</strong></span> <span class='ocrx_word' id='word_1_335' title='bbox 1255 2539 1381 2599; x_wconf 87' lang='lat' dir='ltr'><strong>Cor.</strong></span> <span class='ocrx_word' id='word_1_336' title='bbox 1408 2537 1508 2610; x_wconf 70' lang='grc' dir='ltr'>ιι).</span> <span class='ocrx_word' id='word_1_337' title='bbox 1553 2537 1821 2598; x_wconf 70' lang='lat' dir='ltr'><strong>iudicium</strong></span> <span class='ocrx_word' id='word_1_338' title='bbox 1867 2552 2128 2609; x_wconf 82' lang='lat' dir='ltr'><strong>quorum-</strong></span> 
     </span>
    </p>
   </div>
   <div class='ocr_carea' id='block_1_42' title="bbox 539 2630 2129 2707">
    <p class='ocr_par' dir='ltr' id='par_1_42' title="bbox 539 2630 2129 2707">
     <span class='ocr_line' id='line_1_42' title="bbox 539 2630 2129 2707; baseline -0.003 -17"><span class='ocrx_word' id='word_1_339' title='bbox 539 2634 663 2691; x_wconf 76' lang='lat' dir='ltr'><strong>dam</strong></span> <span class='ocrx_word' id='word_1_340' title='bbox 722 2633 1068 2707; x_wconf 60' lang='lat' dir='ltr'><strong>praumptio</strong></span> <span class='ocrx_word' id='word_1_341' title='bbox 1131 2640 1187 2689; x_wconf 88' lang='lat' dir='ltr'><strong>et</strong></span> <span class='ocrx_word' id='word_1_342' title='bbox 1241 2633 1307 2689; x_wconf 84' lang='lat' dir='ltr'><strong>de</strong></span> <span class='ocrx_word' id='word_1_343' title='bbox 1365 2631 1583 2702; x_wconf 84' lang='lat' dir='ltr'><strong>propria</strong></span> <span class='ocrx_word' id='word_1_344' title='bbox 1644 2646 1702 2689; x_wconf 83' lang='lat' dir='ltr'><strong>se</strong></span> <span class='ocrx_word' id='word_1_345' title='bbox 1757 2630 2129 2691; x_wconf 64' lang='lat' dir='ltr'><strong>extollendum</strong></span> 
     </span>
    </p>
   </div>
   <div class='ocr_carea' id='block_1_43' title="bbox 533 2722 2129 2796">
    <p class='ocr_par' dir='ltr' id='par_1_43' title="bbox 533 2722 2129 2796">
     <span class='ocr_line' id='line_1_43' title="bbox 533 2722 2129 2796; baseline -0.003 -14"><span class='ocrx_word' id='word_1_346' title='bbox 533 2724 785 2796; x_wconf 78' lang='lat' dir='ltr'><strong>justitia,</strong></span> <span class='ocrx_word' id='word_1_347' title='bbox 851 2723 1047 2791; x_wconf 74' lang='lat' dir='ltr'><strong>quibus</strong></span> <span class='ocrx_word' id='word_1_348' title='bbox 1107 2723 1368 2783; x_wconf 87' lang='lat' dir='ltr'><strong>Dominus</strong></span> <span class='ocrx_word' id='word_1_349' title='bbox 1414 2738 1511 2793; x_wconf 86' lang='lat' dir='ltr'><strong>per</strong></span> <span class='ocrx_word' id='word_1_350' title='bbox 1562 2722 1850 2781; x_wconf 79' lang='lat' dir='ltr'><strong>Jeremiam</strong></span> <span class='ocrx_word' id='word_1_351' title='bbox 1901 2737 2129 2791; x_wconf 85' lang='lat' dir='ltr'><strong>respon-</strong></span> 
     </span>
    </p>
   </div>
   <div class='ocr_carea' id='block_1_44' title="bbox 538 2810 2130 2882">
    <p class='ocr_par' dir='ltr' id='par_1_44' title="bbox 538 2810 2130 2882">
     <span class='ocr_line' id='line_1_44' title="bbox 538 2810 2130 2882; baseline -0.006 -9"><span class='ocrx_word' id='word_1_352' title='bbox 538 2815 618 2873; x_wconf 83' lang='lat' dir='ltr'><strong>dit</strong></span> <span class='ocrx_word' id='word_1_353' title='bbox 664 2814 897 2873; x_wconf 78' lang='lat' dir='ltr'><strong>dicens:</strong></span> <span class='ocrx_word' id='word_1_354' title='bbox 928 2810 1066 2877; x_wconf 83' lang='lat' dir='ltr'><strong>Quid</strong></span> <span class='ocrx_word' id='word_1_355' title='bbox 1114 2810 1268 2866; x_wconf 76' lang='lat' dir='ltr'><strong>vultis</strong></span> <span class='ocrx_word' id='word_1_356' title='bbox 1306 2827 1507 2870; x_wconf 72' lang='lat' dir='ltr'><strong>Mecum</strong></span> <span class='ocrx_word' id='word_1_357' title='bbox 1537 2812 1744 2882; x_wconf 80' lang='lat' dir='ltr'><strong>judicio</strong></span> <span class='ocrx_word' id='word_1_358' title='bbox 1783 2811 2130 2869; x_wconf 78' lang='lat' dir='ltr'><strong>contendere?</strong></span> 
     </span>
    </p>
   </div>
   <div class='ocr_carea' id='block_1_45' title="bbox 536 2903 2131 2976">
    <p class='ocr_par' dir='ltr' id='par_1_45' title="bbox 536 2903 2131 2976">
     <span class='ocr_line' id='line_1_45' title="bbox 536 2903 2131 2976; baseline -0.001 -14"><span class='ocrx_word' id='word_1_359' title='bbox 536 2921 715 2965; x_wconf 79' lang='lat' dir='ltr'><strong>omnes</strong></span> <span class='ocrx_word' id='word_1_360' title='bbox 758 2922 840 2960; x_wconf 81' lang='lat' dir='ltr'><strong>me</strong></span> <span class='ocrx_word' id='word_1_361' title='bbox 886 2903 1237 2976; x_wconf 78' lang='lat' dir='ltr'><strong>dereliquistis</strong></span> <span class='ocrx_word' id='word_1_362' title='bbox 1274 2903 1413 2975; x_wconf 80' lang='lat' dir='ltr'><strong>(Jer.</strong></span> <span class='ocrx_word' id='word_1_363' title='bbox 1458 2904 1542 2976; x_wconf 89' lang='grc' dir='ltr'>ιι).</span> <span class='ocrx_word' id='word_1_364' title='bbox 1591 2905 1846 2963; x_wconf 84' lang='lat' dir='ltr'><strong>inimicus</strong></span> <span class='ocrx_word' id='word_1_365' title='bbox 1885 2904 2131 2961; x_wconf 83' lang='lat' dir='ltr'><strong>diabolus</strong></span> 
     </span>
    </p>
   </div>
   <div class='ocr_carea' id='block_1_46' title="bbox 533 2994 2131 3067">
    <p class='ocr_par' dir='ltr' id='par_1_46' title="bbox 533 2994 2131 3067">
     <span class='ocr_line' id='line_1_46' title="bbox 533 2994 2131 3067; baseline -0.002 -15"><span class='ocrx_word' id='word_1_366' title='bbox 533 2994 688 3065; x_wconf 80' lang='lat' dir='ltr'><strong>juxta</strong></span> <span class='ocrx_word' id='word_1_367' title='bbox 734 2995 1043 3067; x_wconf 71' lang='lat' dir='ltr'><strong>allegoriam</strong></span> <span class='ocrx_word' id='word_1_368' title='bbox 1081 2995 1421 3067; x_wconf 75' lang='lat' dir='ltr'><strong>intelligitur,</strong></span> <span class='ocrx_word' id='word_1_369' title='bbox 1461 3004 1521 3053; x_wconf 90' lang='grc' dir='ltr'><strong>ιιι</strong></span> <span class='ocrx_word' id='word_1_370' title='bbox 1566 2996 1620 3053; x_wconf 88' lang='lat' dir='ltr'><strong>in</strong></span> <span class='ocrx_word' id='word_1_371' title='bbox 1655 2995 1946 3065; x_wconf 80' lang='lat' dir='ltr'><strong>Evangelia</strong></span> <span class='ocrx_word' id='word_1_372' title='bbox 1974 3013 1986 3049; x_wconf 94' lang='lat'><strong>:</strong></span> <span class='ocrx_word' id='word_1_373' title='bbox 2017 2995 2131 3049; x_wconf 81' lang='lat' dir='ltr'><strong>Ini-</strong></span> 
     </span>
    </p>
   </div>
   <div class='ocr_carea' id='block_1_47' title="bbox 538 3085 2129 3160">
    <p class='ocr_par' dir='ltr' id='par_1_47' title="bbox 538 3085 2129 3160">
     <span class='ocr_line' id='line_1_47' title="bbox 538 3085 2129 3160; baseline 0.001 -20"><span class='ocrx_word' id='word_1_374' title='bbox 538 3087 706 3141; x_wconf 82' lang='lat' dir='ltr'><strong>micus</strong></span> <span class='ocrx_word' id='word_1_375' title='bbox 754 3087 909 3149; x_wconf 80' lang='lat' dir='ltr'><strong>homo</strong></span> <span class='ocrx_word' id='word_1_376' title='bbox 948 3087 1046 3143; x_wconf 74' lang='lat' dir='ltr'><strong>hoc</strong></span> <span class='ocrx_word' id='word_1_377' title='bbox 1097 3086 1217 3156; x_wconf 84' lang='lat' dir='ltr'><strong>fecit</strong></span> <span class='ocrx_word' id='word_1_378' title='bbox 1257 3086 1471 3160; x_wconf 70' lang='lat' dir='ltr'><strong>(Matth.</strong></span> <span class='ocrx_word' id='word_1_379' title='bbox 1515 3087 1658 3160; x_wconf 77' lang='lat' dir='ltr'><strong>xui).</strong></span> <span class='ocrx_word' id='word_1_380' title='bbox 1688 3087 1918 3152; x_wconf 83' lang='lat' dir='ltr'><strong>inimici,</strong></span> <span class='ocrx_word' id='word_1_381' title='bbox 1957 3085 2129 3145; x_wconf 72' lang='lat' dir='ltr'><strong>Judaei</strong></span> 
     </span>
    </p>
   </div>
   <div class='ocr_carea' id='block_1_48' title="bbox 539 3158 2202 3245">
    <p class='ocr_par' dir='ltr' id='par_1_48' title="bbox 539 3158 2202 3245">
     <span class='ocr_line' id='line_1_48' title="bbox 539 3158 2202 3245; baseline 0 -13"><span class='ocrx_word' id='word_1_382' title='bbox 539 3177 624 3234; x_wconf 85' lang='lat' dir='ltr'><strong>vel</strong></span> <span class='ocrx_word' id='word_1_383' title='bbox 652 3177 915 3244; x_wconf 51' lang='lat' dir='ltr'><strong>heretici,</strong></span> <span class='ocrx_word' id='word_1_384' title='bbox 941 3187 1002 3235; x_wconf 80' lang='lat' dir='ltr'><strong>ut</strong></span> <span class='ocrx_word' id='word_1_385' title='bbox 1026 3178 1081 3233; x_wconf 89' lang='lat' dir='ltr'><strong>in</strong></span> <span class='ocrx_word' id='word_1_386' title='bbox 1103 3158 1366 3235; x_wconf 77' lang='lat' dir='ltr'><strong>Michaea:</strong></span> <span class='ocrx_word' id='word_1_387' title='bbox 1394 3178 1605 3233; x_wconf 86' lang='lat' dir='ltr'><strong>Inimici</strong></span> <span class='ocrx_word' id='word_1_388' title='bbox 1619 3158 1868 3243; x_wconf 70' lang='lat' dir='ltr'><strong>nominis,</strong></span> <span class='ocrx_word' id='word_1_389' title='bbox 1896 3178 2000 3234; x_wconf 86' lang='lat' dir='ltr'><strong>hoc</strong></span> <span class='ocrx_word' id='word_1_390' title='bbox 2017 3164 2124 3245; x_wconf 72' lang='lat' dir='ltr'><strong>est,</strong></span> <span class='ocrx_word' id='word_1_391' title='bbox 2154 3158 2202 3225; x_wconf 63' lang='grc' dir='ltr'><strong>(ἶ</strong></span> 
     </span>
    </p>
   </div>
   <div class='ocr_carea' id='block_1_49' title="bbox 538 3270 2130 3345">
    <p class='ocr_par' dir='ltr' id='par_1_49' title="bbox 538 3270 2130 3345">
     <span class='ocr_line' id='line_1_49' title="bbox 538 3270 2130 3345; baseline 0 -16"><span class='ocrx_word' id='word_1_392' title='bbox 538 3270 761 3336; x_wconf 73' lang='lat' dir='ltr'><strong>Christi,</strong></span> <span class='ocrx_word' id='word_1_393' title='bbox 811 3270 1082 3328; x_wconf 70' lang='lat' dir='ltr'><strong>domestici</strong></span> <span class='ocrx_word' id='word_1_394' title='bbox 1128 3273 1245 3343; x_wconf 84' lang='lat' dir='ltr'><strong>ejus</strong></span> <span class='ocrx_word' id='word_1_395' title='bbox 1297 3270 1502 3345; x_wconf 77' lang='lat' dir='ltr'><strong>(Hich.</strong></span> <span class='ocrx_word' id='word_1_396' title='bbox 1555 3272 1684 3344; x_wconf 86' lang='lat' dir='ltr'><strong>vn).</strong></span> <span class='ocrx_word' id='word_1_397' title='bbox 1750 3274 2130 3340; x_wconf 78' lang='lat' dir='ltr'><strong>Adversarius,</strong></span> 
     </span>
    </p>
   </div>
   <div class='ocr_carea' id='block_1_50' title="bbox 536 3365 2133 3436">
    <p class='ocr_par' dir='ltr' id='par_1_50' title="bbox 536 3365 2133 3436">
     <span class='ocr_line' id='line_1_50' title="bbox 536 3365 2133 3436; baseline -0.002 -13"><span class='ocrx_word' id='word_1_398' title='bbox 536 3376 721 3423; x_wconf 82' lang='lat' dir='ltr'><strong>sermo</strong></span> <span class='ocrx_word' id='word_1_399' title='bbox 758 3365 991 3432; x_wconf 86' lang='lat' dir='ltr'><strong>divinus,</strong></span> <span class='ocrx_word' id='word_1_400' title='bbox 1021 3381 1086 3422; x_wconf 90' lang='lat' dir='ltr'><strong>eo</strong></span> <span class='ocrx_word' id='word_1_401' title='bbox 1122 3367 1268 3436; x_wconf 87' lang='lat' dir='ltr'><strong>quod</strong></span> <span class='ocrx_word' id='word_1_402' title='bbox 1308 3367 1615 3423; x_wconf 83' lang='lat' dir='ltr'><strong>contrarius</strong></span> <span class='ocrx_word' id='word_1_403' title='bbox 1651 3367 1925 3423; x_wconf 85' lang='lat' dir='ltr'><strong>contraria</strong></span> <span class='ocrx_word' id='word_1_404' title='bbox 1955 3366 2133 3422; x_wconf 87' lang='lat' dir='ltr'><strong>homi-</strong></span> 
     </span>
    </p>
   </div>
   <div class='ocr_carea' id='block_1_51' title="bbox 536 3457 2132 3529">
    <p class='ocr_par' dir='ltr' id='par_1_51' title="bbox 536 3457 2132 3529">
     <span class='ocr_line' id='line_1_51' title="bbox 536 3457 2132 3529; baseline -0.004 -12"><span class='ocrx_word' id='word_1_405' title='bbox 536 3474 671 3517; x_wconf 81' lang='lat' dir='ltr'><strong>num</strong></span> <span class='ocrx_word' id='word_1_406' title='bbox 700 3458 961 3516; x_wconf 85' lang='lat' dir='ltr'><strong>voluntati</strong></span> <span class='ocrx_word' id='word_1_407' title='bbox 987 3458 1286 3528; x_wconf 68' lang='lat' dir='ltr'><strong>praecipiat,</strong></span> <span class='ocrx_word' id='word_1_408' title='bbox 1314 3468 1373 3513; x_wconf 89' lang='lat' dir='ltr'><strong>ut</strong></span> <span class='ocrx_word' id='word_1_409' title='bbox 1410 3461 1463 3513; x_wconf 90' lang='lat' dir='ltr'><strong>in</strong></span> <span class='ocrx_word' id='word_1_410' title='bbox 1490 3459 1821 3529; x_wconf 83' lang='lat' dir='ltr'><strong>Evangelia:</strong></span> <span class='ocrx_word' id='word_1_411' title='bbox 1853 3457 1981 3513; x_wconf 85' lang='lat' dir='ltr'><strong>Esto</strong></span> <span class='ocrx_word' id='word_1_412' title='bbox 2009 3473 2132 3512; x_wconf 83' lang='lat' dir='ltr'><strong>con-</strong></span> 
     </span>
    </p>
   </div>
   <div class='ocr_carea' id='block_1_52' title="bbox 537 3549 2133 3617">
    <p class='ocr_par' dir='ltr' id='par_1_52' title="bbox 537 3549 2133 3617">
     <span class='ocr_line' id='line_1_52' title="bbox 537 3549 2133 3617; baseline -0.003 -8"><span class='ocrx_word' id='word_1_413' title='bbox 537 3553 764 3609; x_wconf 69' lang='lat' dir='ltr'><strong>sentiens</strong></span> <span class='ocrx_word' id='word_1_414' title='bbox 790 3552 1089 3607; x_wconf 81' lang='lat' dir='ltr'><strong>adversario</strong></span> <span class='ocrx_word' id='word_1_415' title='bbox 1128 3562 1219 3607; x_wconf 89' lang='lat' dir='ltr'><strong>tuo</strong></span> <span class='ocrx_word' id='word_1_416' title='bbox 1260 3552 1384 3617; x_wconf 79' lang='lat' dir='ltr'><strong>cito,</strong></span> <span class='ocrx_word' id='word_1_417' title='bbox 1418 3552 1544 3605; x_wconf 86' lang='lat' dir='ltr'><strong>dum</strong></span> <span class='ocrx_word' id='word_1_418' title='bbox 1578 3568 1632 3607; x_wconf 85' lang='lat' dir='ltr'><strong>es</strong></span> <span class='ocrx_word' id='word_1_419' title='bbox 1664 3567 1782 3605; x_wconf 87' lang='lat' dir='ltr'><strong>cum</strong></span> <span class='ocrx_word' id='word_1_420' title='bbox 1822 3549 1915 3605; x_wconf 85' lang='lat' dir='ltr'><strong>illo</strong></span> <span class='ocrx_word' id='word_1_421' title='bbox 1951 3550 2007 3604; x_wconf 89' lang='lat' dir='ltr'><strong>in</strong></span> <span class='ocrx_word' id='word_1_422' title='bbox 2048 3549 2133 3605; x_wconf 82' lang='lat' dir='ltr'><strong>via</strong></span> 
     </span>
    </p>
   </div>
   <div class='ocr_carea' id='block_1_53' title="bbox 536 3641 2129 3716">
    <p class='ocr_par' dir='ltr' id='par_1_53' title="bbox 536 3641 2129 3716">
     <span class='ocr_line' id='line_1_53' title="bbox 536 3641 2129 3716; baseline -0.003 -15"><span class='ocrx_word' id='word_1_423' title='bbox 536 3643 759 3715; x_wconf 76' lang='lat' dir='ltr'><strong>(Matth.</strong></span> <span class='ocrx_word' id='word_1_424' title='bbox 792 3643 866 3716; x_wconf 88' lang='lat' dir='ltr'><strong>v).</strong></span> <span class='ocrx_word' id='word_1_425' title='bbox 917 3644 1276 3701; x_wconf 82' lang='lat' dir='ltr'><strong>Adversarius</strong></span> <span class='ocrx_word' id='word_1_426' title='bbox 1316 3643 1582 3709; x_wconf 85' lang='lat' dir='ltr'><strong>diabolus,</strong></span> <span class='ocrx_word' id='word_1_427' title='bbox 1616 3653 1675 3701; x_wconf 86' lang='lat' dir='ltr'><strong>ut</strong></span> <span class='ocrx_word' id='word_1_428' title='bbox 1716 3643 1768 3697; x_wconf 90' lang='lat' dir='ltr'><strong>in</strong></span> <span class='ocrx_word' id='word_1_429' title='bbox 1819 3641 2081 3699; x_wconf 83' lang='lat' dir='ltr'><strong>Zacharia</strong></span> <span class='ocrx_word' id='word_1_430' title='bbox 2114 3659 2129 3697; x_wconf 91' lang='lat'><strong>:</strong></span> 
     </span>
    </p>
   </div>
   <div class='ocr_carea' id='block_1_54' title="bbox 538 3730 2135 3803">
    <p class='ocr_par' dir='ltr' id='par_1_54' title="bbox 538 3730 2135 3803">
     <span class='ocr_line' id='line_1_54' title="bbox 538 3730 2135 3803; baseline -0.002 -13"><span class='ocrx_word' id='word_1_431' title='bbox 538 3734 609 3790; x_wconf 90' lang='lat' dir='ltr'><strong>Et</strong></span> <span class='ocrx_word' id='word_1_432' title='bbox 650 3734 818 3792; x_wconf 82' lang='lat' dir='ltr'><strong><em>Satan</em></strong></span> <span class='ocrx_word' id='word_1_433' title='bbox 857 3735 1030 3793; x_wconf 78' lang='lat' dir='ltr'><strong>stabat</strong></span> <span class='ocrx_word' id='word_1_434' title='bbox 1051 3752 1085 3793; x_wconf 79' lang='grc' dir='ltr'><em>α</em></span> <span class='ocrx_word' id='word_1_435' title='bbox 1106 3734 1307 3793; x_wconf 57' lang='lat' dir='ltr'><strong>deum</strong></span> <span class='ocrx_word' id='word_1_436' title='bbox 1335 3734 1467 3803; x_wconf 80' lang='lat' dir='ltr'><strong>ejus,</strong></span> <span class='ocrx_word' id='word_1_437' title='bbox 1495 3734 1570 3789; x_wconf 86' lang='lat' dir='ltr'><strong>ita</strong></span> <span class='ocrx_word' id='word_1_438' title='bbox 1596 3740 1666 3789; x_wconf 14' lang='lat' dir='ltr'><strong>aut</strong></span> <span class='ocrx_word' id='word_1_439' title='bbox 1694 3733 2059 3788; x_wconf 81' lang='lat' dir='ltr'><strong>aduersaretur</strong></span> <span class='ocrx_word' id='word_1_440' title='bbox 2085 3730 2135 3787; x_wconf 90' lang='lat' dir='ltr'><strong>ei</strong></span> 
     </span>
    </p>
   </div>
   <div class='ocr_carea' id='block_1_55' title="bbox 539 3824 2133 3899">
    <p class='ocr_par' dir='ltr' id='par_1_55' title="bbox 539 3824 2133 3899">
     <span class='ocr_line' id='line_1_55' title="bbox 539 3824 2133 3899; baseline -0.001 -17"><span class='ocrx_word' id='word_1_441' title='bbox 539 3826 727 3899; x_wconf 83' lang='lat' dir='ltr'><strong>(Zaeh.</strong></span> <span class='ocrx_word' id='word_1_442' title='bbox 776 3825 881 3899; x_wconf 86' lang='grc' dir='ltr'>ιιι).</span> <span class='ocrx_word' id='word_1_443' title='bbox 918 3827 1165 3886; x_wconf 86' lang='lat' dir='ltr'><strong>Crudelis</strong></span> <span class='ocrx_word' id='word_1_444' title='bbox 1194 3826 1462 3892; x_wconf 81' lang='lat' dir='ltr'><strong>diabolus,</strong></span> <span class='ocrx_word' id='word_1_445' title='bbox 1505 3834 1565 3882; x_wconf 90' lang='lat' dir='ltr'><strong>ut</strong></span> <span class='ocrx_word' id='word_1_446' title='bbox 1602 3826 1656 3881; x_wconf 90' lang='lat' dir='ltr'><strong>in</strong></span> <span class='ocrx_word' id='word_1_447' title='bbox 1687 3825 2015 3882; x_wconf 84' lang='lat' dir='ltr'><strong>Salomone:</strong></span> <span class='ocrx_word' id='word_1_448' title='bbox 2049 3824 2133 3880; x_wconf 80' lang='lat' dir='ltr'><strong>Ns</strong></span> 
     </span>
    </p>
   </div>
   <div class='ocr_carea' id='block_1_56' title="bbox 538 3920 2133 3988">
    <p class='ocr_par' dir='ltr' id='par_1_56' title="bbox 538 3920 2133 3988">
     <span class='ocr_line' id='line_1_56' title="bbox 538 3920 2133 3988; baseline -0.002 -11"><span class='ocrx_word' id='word_1_449' title='bbox 538 3921 630 3977; x_wconf 83' lang='lat' dir='ltr'><strong>des</strong></span> <span class='ocrx_word' id='word_1_450' title='bbox 678 3920 885 3988; x_wconf 71' lang='lat' dir='ltr'><strong>alienis,</strong></span> <span class='ocrx_word' id='word_1_451' title='bbox 925 3921 1029 3977; x_wconf 88' lang='lat' dir='ltr'><strong>hac</strong></span> <span class='ocrx_word' id='word_1_452' title='bbox 1067 3931 1151 3978; x_wconf 89' lang='lat' dir='ltr'><strong>est</strong></span> <span class='ocrx_word' id='word_1_453' title='bbox 1191 3921 1545 3986; x_wconf 60' lang='lat' dir='ltr'><strong>dat-manibus,</strong></span> <span class='ocrx_word' id='word_1_454' title='bbox 1588 3921 1839 3975; x_wconf 80' lang='lat' dir='ltr'><strong>honorem</strong></span> <span class='ocrx_word' id='word_1_455' title='bbox 1879 3928 2047 3985; x_wconf 83' lang='lat' dir='ltr'><strong>tuum,</strong></span> <span class='ocrx_word' id='word_1_456' title='bbox 2084 3927 2133 3974; x_wconf 87' lang='lat' dir='ltr'><strong>et</strong></span> 
     </span>
    </p>
   </div>
   <div class='ocr_carea' id='block_1_57' title="bbox 539 4009 2134 4086">
    <p class='ocr_par' dir='ltr' id='par_1_57' title="bbox 539 4009 2134 4086">
     <span class='ocr_line' id='line_1_57' title="bbox 539 4009 2134 4086; baseline -0.001 -18"><span class='ocrx_word' id='word_1_457' title='bbox 539 4029 704 4069; x_wconf 72' lang='lat' dir='ltr'><strong>amtor</strong></span> <span class='ocrx_word' id='word_1_458' title='bbox 722 4023 846 4069; x_wconf 81' lang='lat' dir='ltr'><strong>tuos</strong></span> <span class='ocrx_word' id='word_1_459' title='bbox 875 4014 1075 4069; x_wconf 78' lang='lat' dir='ltr'><strong>crudeli</strong></span> <span class='ocrx_word' id='word_1_460' title='bbox 1102 4013 1285 4086; x_wconf 86' lang='lat' dir='ltr'><strong>(Prov.</strong></span> <span class='ocrx_word' id='word_1_461' title='bbox 1313 4016 1389 4085; x_wconf 89' lang='lat' dir='ltr'><strong>v).</strong></span> <span class='ocrx_word' id='word_1_462' title='bbox 1422 4013 1624 4078; x_wconf 81' lang='lat' dir='ltr'><strong>Alieni,</strong></span> <span class='ocrx_word' id='word_1_463' title='bbox 1648 4013 1938 4078; x_wconf 67' lang='lat' dir='ltr'><strong>dmmones,</strong></span> <span class='ocrx_word' id='word_1_464' title='bbox 1963 4009 2134 4068; x_wconf 62' lang='lat' dir='ltr'><strong>Judaei</strong></span> 
     </span>
    </p>
   </div>
   <div class='ocr_carea' id='block_1_58' title="bbox 538 4103 2136 4176">
    <p class='ocr_par' dir='ltr' id='par_1_58' title="bbox 538 4103 2136 4176">
     <span class='ocr_line' id='line_1_58' title="bbox 538 4103 2136 4176; baseline -0.003 -16"><span class='ocrx_word' id='word_1_465' title='bbox 538 4104 654 4160; x_wconf 76' lang='lat' dir='ltr'><strong>sive</strong></span> <span class='ocrx_word' id='word_1_466' title='bbox 682 4105 945 4171; x_wconf 60' lang='lat' dir='ltr'><strong>haeretici,</strong></span> <span class='ocrx_word' id='word_1_467' title='bbox 974 4115 1036 4160; x_wconf 90' lang='lat' dir='ltr'><strong>ut</strong></span> <span class='ocrx_word' id='word_1_468' title='bbox 1083 4106 1137 4160; x_wconf 89' lang='lat' dir='ltr'><strong>in</strong></span> <span class='ocrx_word' id='word_1_469' title='bbox 1184 4106 1435 4176; x_wconf 87' lang='lat' dir='ltr'><strong>psalmo:</strong></span> <span class='ocrx_word' id='word_1_470' title='bbox 1473 4104 1735 4170; x_wconf 82' lang='lat' dir='ltr'><strong>Quoniam</strong></span> <span class='ocrx_word' id='word_1_471' title='bbox 1756 4103 1920 4158; x_wconf 86' lang='lat' dir='ltr'><strong>alieni</strong></span> <span class='ocrx_word' id='word_1_472' title='bbox 1958 4103 2136 4157; x_wconf 86' lang='lat' dir='ltr'><strong>insur—</strong></span> 
     </span>
    </p>
   </div>
   <div class='ocr_carea' id='block_1_59' title="bbox 538 4196 2132 4268">
    <p class='ocr_par' dir='ltr' id='par_1_59' title="bbox 538 4196 2132 4268">
     <span class='ocr_line' id='line_1_59' title="bbox 538 4196 2132 4268; baseline 0 -18"><span class='ocrx_word' id='word_1_473' title='bbox 538 4205 782 4251; x_wconf 80' lang='lat' dir='ltr'><strong>rexerunt</strong></span> <span class='ocrx_word' id='word_1_474' title='bbox 812 4197 1088 4252; x_wconf 80' lang='lat' dir='ltr'><strong>adversum</strong></span> <span class='ocrx_word' id='word_1_475' title='bbox 1122 4213 1203 4251; x_wconf 83' lang='lat' dir='ltr'><strong>me</strong></span> <span class='ocrx_word' id='word_1_476' title='bbox 1236 4196 1410 4268; x_wconf 88' lang='lat' dir='ltr'><strong>(Psal.</strong></span> <span class='ocrx_word' id='word_1_477' title='bbox 1441 4196 1582 4267; x_wconf 81' lang='lat' dir='ltr'><strong>un).</strong></span> <span class='ocrx_word' id='word_1_478' title='bbox 1623 4196 1901 4261; x_wconf 77' lang='lat' dir='ltr'><strong>Extranei,</strong></span> <span class='ocrx_word' id='word_1_479' title='bbox 1930 4196 2132 4250; x_wconf 65' lang='lat' dir='ltr'><strong>daemo—</strong></span> 
     </span>
    </p>
   </div>
   <div class='ocr_carea' id='block_1_60' title="bbox 516 4284 2135 4357">
    <p class='ocr_par' dir='ltr' id='par_1_60' title="bbox 516 4284 2135 4357">
     <span class='ocr_line' id='line_1_60' title="bbox 516 4284 2135 4357; baseline 0 -17"><span class='ocrx_word' id='word_1_480' title='bbox 516 4302 659 4356; x_wconf 77' lang='lat' dir='ltr'><strong>nes,</strong></span> <span class='ocrx_word' id='word_1_481' title='bbox 688 4288 830 4342; x_wconf 90' lang='lat' dir='ltr'><strong>utin</strong></span> <span class='ocrx_word' id='word_1_482' title='bbox 869 4285 1194 4345; x_wconf 86' lang='lat' dir='ltr'><strong>Salomone:</strong></span> <span class='ocrx_word' id='word_1_483' title='bbox 1236 4286 1318 4343; x_wconf 89' lang='lat' dir='ltr'><strong>Ne</strong></span> <span class='ocrx_word' id='word_1_484' title='bbox 1362 4287 1496 4355; x_wconf 70' lang='lat' dir='ltr'><strong>forte</strong></span> <span class='ocrx_word' id='word_1_485' title='bbox 1544 4287 1859 4357; x_wconf 78' lang='lat' dir='ltr'><strong>impleantur</strong></span> <span class='ocrx_word' id='word_1_486' title='bbox 1902 4284 2135 4341; x_wconf 75' lang='lat' dir='ltr'><strong>extranei</strong></span> 
     </span>
    </p>
   </div>
   <div class='ocr_carea' id='block_1_61' title="bbox 540 4377 2133 4455">
    <p class='ocr_par' dir='ltr' id='par_1_61' title="bbox 540 4377 2133 4455">
     <span class='ocr_line' id='line_1_61' title="bbox 540 4377 2133 4455; baseline 0.001 -22"><span class='ocrx_word' id='word_1_487' title='bbox 540 4378 736 4435; x_wconf 75' lang='lat' dir='ltr'><strong>viribus</strong></span> <span class='ocrx_word' id='word_1_488' title='bbox 764 4379 896 4443; x_wconf 65' lang='lat' dir='ltr'><strong>suis,</strong></span> <span class='ocrx_word' id='word_1_489' title='bbox 925 4388 975 4435; x_wconf 83' lang='lat' dir='ltr'><strong>st</strong></span> <span class='ocrx_word' id='word_1_490' title='bbox 1000 4377 1208 4435; x_wconf 66' lang='lat' dir='ltr'><strong>laboras</strong></span> <span class='ocrx_word' id='word_1_491' title='bbox 1231 4379 1310 4434; x_wconf 86' lang='lat' dir='ltr'><strong>tui</strong></span> <span class='ocrx_word' id='word_1_492' title='bbox 1339 4379 1445 4434; x_wconf 70' lang='lat' dir='ltr'><strong>sint</strong></span> <span class='ocrx_word' id='word_1_493' title='bbox 1460 4380 1526 4455; x_wconf 54' lang='grc' dir='ltr'><strong>ιιι</strong></span> <span class='ocrx_word' id='word_1_494' title='bbox 1563 4379 1718 4435; x_wconf 83' lang='lat' dir='ltr'><strong>domo</strong></span> <span class='ocrx_word' id='word_1_495' title='bbox 1738 4379 1919 4435; x_wconf 81' lang='lat' dir='ltr'><strong>aliena</strong></span> <span class='ocrx_word' id='word_1_496' title='bbox 1949 4377 2133 4451; x_wconf 75' lang='lat' dir='ltr'><strong>(Prov.</strong></span> 
     </span>
    </p>
   </div>
   <div class='ocr_carea' id='block_1_62' title="bbox 2229 1890 3473 1964">
    <p class='ocr_par' dir='ltr' id='par_1_62' title="bbox 2229 1890 3473 1964">
     <span class='ocr_line' id='line_1_62' title="bbox 2229 1890 3473 1964; baseline -0.002 -13"><span class='ocrx_word' id='word_1_497' title='bbox 2229 1891 2520 1951; x_wconf 79' lang='lat' dir='ltr'><strong>inﬁdelitas</strong></span> <span class='ocrx_word' id='word_1_498' title='bbox 2552 1890 2778 1959; x_wconf 74' lang='lat' dir='ltr'><strong>dicitur,</strong></span> <span class='ocrx_word' id='word_1_499' title='bbox 2798 1892 2927 1962; x_wconf 79' lang='lat' dir='ltr'><strong>quia</strong></span> <span class='ocrx_word' id='word_1_500' title='bbox 2954 1892 3188 1951; x_wconf 75' lang='lat' dir='ltr'><strong>visibilis</strong></span> <span class='ocrx_word' id='word_1_501' title='bbox 3208 1894 3473 1964; x_wconf 63' lang='lat' dir='ltr'><strong>sequntur.</strong></span> 
     </span>
    </p>
   </div>
   <div class='ocr_carea' id='block_1_63' title="bbox 2800 2004 3243 2064">
    <p class='ocr_par' dir='ltr' id='par_1_63' title="bbox 2800 2004 3243 2064">
     <span class='ocr_line' id='line_1_63' title="bbox 2800 2004 3243 2064; baseline 0 -3"><span class='ocrx_word' id='word_1_502' title='bbox 2800 2004 3031 2064; x_wconf 80' lang='lat' dir='ltr'><strong>CAPUT</strong></span> <span class='ocrx_word' id='word_1_503' title='bbox 3077 2004 3243 2061; x_wconf 71' lang='lat' dir='ltr'><strong>XV“.</strong></span> 
     </span>
    </p>
   </div>
   <div class='ocr_carea' id='block_1_64' title="bbox 2764 2074 3291 2149">
    <p class='ocr_par' dir='ltr' id='par_1_64' title="bbox 2764 2074 3291 2149">
     <span class='ocr_line' id='line_1_64' title="bbox 2764 2074 3291 2149; baseline 0.002 -18"><span class='ocrx_word' id='word_1_504' title='bbox 2764 2074 2844 2135; x_wconf 84' lang='lat' dir='ltr'><strong>De</strong></span> <span class='ocrx_word' id='word_1_505' title='bbox 2874 2076 3001 2133; x_wconf 83' lang='lat' dir='ltr'><strong>ludo</strong></span> <span class='ocrx_word' id='word_1_506' title='bbox 3027 2078 3291 2149; x_wconf 67' lang='lat' dir='ltr'><strong>gymnico.</strong></span> 
     </span>
    </p>
   </div>
   <div class='ocr_carea' id='block_1_65' title="bbox 2296 2164 3823 2241">
    <p class='ocr_par' dir='ltr' id='par_1_65' title="bbox 2296 2164 3823 2241">
     <span class='ocr_line' id='line_1_65' title="bbox 2296 2164 3823 2241; baseline -0.001 -14"><span class='ocrx_word' id='word_1_507' title='bbox 2296 2164 2595 2237; x_wconf 80' lang='lat' dir='ltr'><strong>Gymnicus</strong></span> <span class='ocrx_word' id='word_1_508' title='bbox 2633 2165 2792 2223; x_wconf 87' lang='lat' dir='ltr'><strong>ludus</strong></span> <span class='ocrx_word' id='word_1_509' title='bbox 2830 2173 2914 2223; x_wconf 87' lang='lat' dir='ltr'><strong>est</strong></span> <span class='ocrx_word' id='word_1_510' title='bbox 2955 2167 3261 2225; x_wconf 71' lang='lat' dir='ltr'><strong>velocitatis</strong></span> <span class='ocrx_word' id='word_1_511' title='bbox 3291 2180 3358 2224; x_wconf 76' lang='lat' dir='ltr'><strong>ac</strong></span> <span class='ocrx_word' id='word_1_512' title='bbox 3394 2167 3594 2227; x_wconf 73' lang='lat' dir='ltr'><strong>virium</strong></span> <span class='ocrx_word' id='word_1_513' title='bbox 3622 2168 3823 2241; x_wconf 78' lang='lat' dir='ltr'><strong>gloria.</strong></span> 
     </span>
    </p>
   </div>
   <div class='ocr_carea' id='block_1_66' title="bbox 2229 2257 3827 2339">
    <p class='ocr_par' dir='ltr' id='par_1_66' title="bbox 2229 2257 3827 2339">
     <span class='ocr_line' id='line_1_66' title="bbox 2229 2257 3827 2339; baseline 0.002 -25"><span class='ocrx_word' id='word_1_514' title='bbox 2229 2257 2394 2329; x_wconf 85' lang='lat' dir='ltr'><strong>Cujus</strong></span> <span class='ocrx_word' id='word_1_515' title='bbox 2454 2258 2607 2313; x_wconf 89' lang='lat' dir='ltr'><strong>locus</strong></span> <span class='ocrx_word' id='word_1_516' title='bbox 2654 2258 2992 2339; x_wconf 73' lang='lat' dir='ltr'><strong>gymnasium</strong></span> <span class='ocrx_word' id='word_1_517' title='bbox 3046 2258 3290 2324; x_wconf 80' lang='lat' dir='ltr'><strong>dicitur,</strong></span> <span class='ocrx_word' id='word_1_518' title='bbox 3352 2259 3447 2316; x_wconf 82' lang='lat' dir='ltr'><strong>ubi</strong></span> <span class='ocrx_word' id='word_1_519' title='bbox 3497 2271 3827 2317; x_wconf 70' lang='lat' dir='ltr'><strong>exercentur</strong></span> 
     </span>
    </p>
   </div>
   <div class='ocr_carea' id='block_1_67' title="bbox 2230 2350 3826 2423">
    <p class='ocr_par' dir='ltr' id='par_1_67' title="bbox 2230 2350 3826 2423">
     <span class='ocr_line' id='line_1_67' title="bbox 2230 2350 3826 2423; baseline 0.003 -19"><span class='ocrx_word' id='word_1_520' title='bbox 2230 2351 2463 2414; x_wconf 79' lang='lat' dir='ltr'><strong>athletae,</strong></span> <span class='ocrx_word' id='word_1_521' title='bbox 2515 2359 2572 2408; x_wconf 86' lang='lat' dir='ltr'><strong>et</strong></span> <span class='ocrx_word' id='word_1_522' title='bbox 2617 2365 2902 2411; x_wconf 84' lang='lat' dir='ltr'><strong>cursorum</strong></span> <span class='ocrx_word' id='word_1_523' title='bbox 2931 2350 3190 2409; x_wconf 79' lang='lat' dir='ltr'><strong>velocitas</strong></span> <span class='ocrx_word' id='word_1_524' title='bbox 3230 2352 3642 2423; x_wconf 74' lang='lat' dir='ltr'><strong>comprobatur.</strong></span> <span class='ocrx_word' id='word_1_525' title='bbox 3684 2353 3826 2409; x_wconf 82' lang='lat' dir='ltr'><strong>Hinc</strong></span> 
     </span>
    </p>
   </div>
   <div class='ocr_carea' id='block_1_68' title="bbox 2229 2443 3824 2517">
    <p class='ocr_par' dir='ltr' id='par_1_68' title="bbox 2229 2443 3824 2517">
     <span class='ocr_line' id='line_1_68' title="bbox 2229 2443 3824 2517; baseline 0.003 -19"><span class='ocrx_word' id='word_1_526' title='bbox 2229 2443 2426 2500; x_wconf 87' lang='lat' dir='ltr'><strong>accidit</strong></span> <span class='ocrx_word' id='word_1_527' title='bbox 2449 2451 2511 2499; x_wconf 87' lang='lat' dir='ltr'><strong>ut</strong></span> <span class='ocrx_word' id='word_1_528' title='bbox 2536 2444 2778 2504; x_wconf 78' lang='lat' dir='ltr'><strong>omnium</strong></span> <span class='ocrx_word' id='word_1_529' title='bbox 2822 2457 2990 2514; x_wconf 85' lang='lat' dir='ltr'><strong>prope</strong></span> <span class='ocrx_word' id='word_1_530' title='bbox 3018 2444 3219 2503; x_wconf 84' lang='lat' dir='ltr'><strong>artium</strong></span> <span class='ocrx_word' id='word_1_531' title='bbox 3252 2445 3512 2501; x_wconf 76' lang='lat' dir='ltr'><strong>exercitia</strong></span> <span class='ocrx_word' id='word_1_532' title='bbox 3536 2448 3824 2517; x_wconf 49' lang='lat' dir='ltr'><strong>“minacia</strong></span> 
     </span>
    </p>
   </div>
   <div class='ocr_carea' id='block_1_69' title="bbox 2230 2533 3825 2607">
    <p class='ocr_par' dir='ltr' id='par_1_69' title="bbox 2230 2533 3825 2607">
     <span class='ocr_line' id='line_1_69' title="bbox 2230 2533 3825 2607; baseline 0.003 -17"><span class='ocrx_word' id='word_1_533' title='bbox 2230 2533 2500 2593; x_wconf 87' lang='lat' dir='ltr'><strong>dicantur.</strong></span> <span class='ocrx_word' id='word_1_534' title='bbox 2542 2533 2683 2597; x_wconf 78' lang='lat' dir='ltr'><strong>Ante</strong></span> <span class='ocrx_word' id='word_1_535' title='bbox 2711 2535 2856 2593; x_wconf 73' lang='lat' dir='ltr'><strong>etiim</strong></span> <span class='ocrx_word' id='word_1_536' title='bbox 2884 2535 2939 2591; x_wconf 92' lang='lat' dir='ltr'><strong>in</strong></span> <span class='ocrx_word' id='word_1_537' title='bbox 2969 2535 3112 2594; x_wconf 89' lang='lat' dir='ltr'><strong>ludis</strong></span> <span class='ocrx_word' id='word_1_538' title='bbox 3148 2544 3427 2593; x_wconf 83' lang='lat' dir='ltr'><strong>certantes</strong></span> <span class='ocrx_word' id='word_1_539' title='bbox 3452 2538 3618 2594; x_wconf 87' lang='lat' dir='ltr'><strong>cincti</strong></span> <span class='ocrx_word' id='word_1_540' title='bbox 3642 2547 3825 2607; x_wconf 79' lang='lat' dir='ltr'><strong>eram,</strong></span> 
     </span>
    </p>
   </div>
   <div class='ocr_carea' id='block_1_70' title="bbox 2229 2626 3828 2702">
    <p class='ocr_par' dir='ltr' id='par_1_70' title="bbox 2229 2626 3828 2702">
     <span class='ocr_line' id='line_1_70' title="bbox 2229 2626 3828 2702; baseline 0.004 -22"><span class='ocrx_word' id='word_1_541' title='bbox 2229 2641 2297 2680; x_wconf 89' lang='lat' dir='ltr'><strong>ne</strong></span> <span class='ocrx_word' id='word_1_542' title='bbox 2342 2626 2860 2698; x_wconf 78' lang='lat' dir='ltr'><strong>nudarenwrzpost</strong></span> <span class='ocrx_word' id='word_1_543' title='bbox 2893 2627 3135 2684; x_wconf 74' lang='lat' dir='ltr'><strong>relaxato</strong></span> <span class='ocrx_word' id='word_1_544' title='bbox 3177 2629 3390 2699; x_wconf 80' lang='lat' dir='ltr'><strong>cingulo</strong></span> <span class='ocrx_word' id='word_1_545' title='bbox 3433 2640 3660 2701; x_wconf 79' lang='lat' dir='ltr'><strong>repente</strong></span> <span class='ocrx_word' id='word_1_546' title='bbox 3690 2647 3828 2702; x_wconf 78' lang='lat' dir='ltr'><strong>prc-</strong></span> 
     </span>
    </p>
   </div>
   <div class='ocr_carea' id='block_1_71' title="bbox 2231 2720 3828 2793">
    <p class='ocr_par' dir='ltr' id='par_1_71' title="bbox 2231 2720 3828 2793">
     <span class='ocr_line' id='line_1_71' title="bbox 2231 2720 3828 2793; baseline 0.003 -18"><span class='ocrx_word' id='word_1_547' title='bbox 2231 2726 2433 2781; x_wconf 82' lang='lat' dir='ltr'><strong>stratus</strong></span> <span class='ocrx_word' id='word_1_548' title='bbox 2456 2726 2511 2776; x_wconf 85' lang='lat' dir='ltr'><strong>et</strong></span> <span class='ocrx_word' id='word_1_549' title='bbox 2541 2720 2886 2777; x_wconf 72' lang='lat' dir='ltr'><strong>exanimatus</strong></span> <span class='ocrx_word' id='word_1_550' title='bbox 2918 2727 3004 2775; x_wconf 88' lang='lat' dir='ltr'><strong>est</strong></span> <span class='ocrx_word' id='word_1_551' title='bbox 3027 2720 3248 2791; x_wconf 86' lang='lat' dir='ltr'><strong>quidam</strong></span> <span class='ocrx_word' id='word_1_552' title='bbox 3284 2736 3514 2777; x_wconf 82' lang='lat' dir='ltr'><strong>cursor:</strong></span> <span class='ocrx_word' id='word_1_553' title='bbox 3545 2738 3721 2793; x_wconf 81' lang='lat' dir='ltr'><strong>quare</strong></span> <span class='ocrx_word' id='word_1_554' title='bbox 3752 2739 3828 2779; x_wconf 79' lang='lat' dir='ltr'><strong>ex</strong></span> 
     </span>
    </p>
   </div>
   <div class='ocr_carea' id='block_1_72' title="bbox 2232 2811 3831 2889">
    <p class='ocr_par' dir='ltr' id='par_1_72' title="bbox 2232 2811 3831 2889">
     <span class='ocr_line' id='line_1_72' title="bbox 2232 2811 3831 2889; baseline 0.003 -22"><span class='ocrx_word' id='word_1_555' title='bbox 2232 2811 2441 2867; x_wconf 85' lang='lat' dir='ltr'><strong>consilii</strong></span> <span class='ocrx_word' id='word_1_556' title='bbox 2462 2812 2681 2869; x_wconf 88' lang='lat' dir='ltr'><strong>decreta</strong></span> <span class='ocrx_word' id='word_1_557' title='bbox 2702 2811 2924 2869; x_wconf 81' lang='lat' dir='ltr'><strong>archani</strong></span> <span class='ocrx_word' id='word_1_558' title='bbox 2938 2812 3316 2883; x_wconf 83' lang='lat' dir='ltr'><strong>Hippomenes,</strong></span> <span class='ocrx_word' id='word_1_559' title='bbox 3334 2822 3393 2869; x_wconf 90' lang='lat' dir='ltr'><strong>ut</strong></span> <span class='ocrx_word' id='word_1_560' title='bbox 3412 2815 3544 2869; x_wconf 87' lang='lat' dir='ltr'><strong>nudi</strong></span> <span class='ocrx_word' id='word_1_561' title='bbox 3567 2816 3831 2889; x_wconf 79' lang='lat' dir='ltr'><strong>deinceps</strong></span> 
     </span>
    </p>
   </div>
   <div class='ocr_carea' id='block_1_73' title="bbox 2230 2903 3825 2976">
    <p class='ocr_par' dir='ltr' id='par_1_73' title="bbox 2230 2903 3825 2976">
     <span class='ocr_line' id='line_1_73' title="bbox 2230 2903 3825 2976; baseline 0.004 -19"><span class='ocrx_word' id='word_1_562' title='bbox 2230 2903 2678 2970; x_wconf 78' lang='lat' dir='ltr'><strong>exercitarentnr,</strong></span> <span class='ocrx_word' id='word_1_563' title='bbox 2706 2904 2976 2974; x_wconf 82' lang='lat' dir='ltr'><strong>permisit.</strong></span> <span class='ocrx_word' id='word_1_564' title='bbox 2999 2904 3079 2961; x_wconf 71' lang='lat' dir='ltr'><strong>Ex</strong></span> <span class='ocrx_word' id='word_1_565' title='bbox 3105 2904 3197 2965; x_wconf 84' lang='lat' dir='ltr'><strong>illo</strong></span> <span class='ocrx_word' id='word_1_566' title='bbox 3216 2905 3567 2976; x_wconf 71' lang='lat' dir='ltr'><strong>gymnasium</strong></span> <span class='ocrx_word' id='word_1_567' title='bbox 3596 2907 3825 2973; x_wconf 60' lang='lat' dir='ltr'><strong>dictum</strong></span> 
     </span>
    </p>
   </div>
   <div class='ocr_carea' id='block_1_74' title="bbox 2231 2999 3829 3075">
    <p class='ocr_par' dir='ltr' id='par_1_74' title="bbox 2231 2999 3829 3075">
     <span class='ocr_line' id='line_1_74' title="bbox 2231 2999 3829 3075; baseline 0.006 -19"><span class='ocrx_word' id='word_1_568' title='bbox 2231 3001 2374 3070; x_wconf 73' lang='lat' dir='ltr'><strong>quod</strong></span> <span class='ocrx_word' id='word_1_569' title='bbox 2420 2999 2647 3069; x_wconf 86' lang='lat' dir='ltr'><strong>juvenes</strong></span> <span class='ocrx_word' id='word_1_570' title='bbox 2679 3002 2810 3057; x_wconf 88' lang='lat' dir='ltr'><strong>nudi</strong></span> <span class='ocrx_word' id='word_1_571' title='bbox 2844 3010 3170 3058; x_wconf 83' lang='lat' dir='ltr'><strong>exercentur</strong></span> <span class='ocrx_word' id='word_1_572' title='bbox 3208 3003 3264 3058; x_wconf 84' lang='lat' dir='ltr'><strong>in</strong></span> <span class='ocrx_word' id='word_1_573' title='bbox 3312 3018 3530 3075; x_wconf 87' lang='lat' dir='ltr'><strong>campo,</strong></span> <span class='ocrx_word' id='word_1_574' title='bbox 3566 3006 3662 3061; x_wconf 83' lang='lat' dir='ltr'><strong>ubi</strong></span> <span class='ocrx_word' id='word_1_575' title='bbox 3708 3009 3829 3065; x_wconf 80' lang='lat' dir='ltr'><strong>sola</strong></span> 
     </span>
    </p>
   </div>
   <div class='ocr_carea' id='block_1_75' title="bbox 2231 3098 3130 3168">
    <p class='ocr_par' dir='ltr' id='par_1_75' title="bbox 2231 3098 3130 3168">
     <span class='ocr_line' id='line_1_75' title="bbox 2231 3098 3130 3168; baseline 0.001 -17"><span class='ocrx_word' id='word_1_576' title='bbox 2231 3104 2438 3153; x_wconf 83' lang='lat' dir='ltr'><strong>tantum</strong></span> <span class='ocrx_word' id='word_1_577' title='bbox 2460 3099 2765 3154; x_wconf 77' lang='lat' dir='ltr'><strong>verectmda</strong></span> <span class='ocrx_word' id='word_1_578' title='bbox 2790 3098 3130 3168; x_wconf 88' lang='lat' dir='ltr'><strong>operiuntur.</strong></span> 
     </span>
    </p>
   </div>
   <div class='ocr_carea' id='block_1_76' title="bbox 2790 3202 3243 3267">
    <p class='ocr_par' dir='ltr' id='par_1_76' title="bbox 2790 3202 3243 3267">
     <span class='ocr_line' id='line_1_76' title="bbox 2790 3202 3243 3267; baseline 0 0"><span class='ocrx_word' id='word_1_579' title='bbox 2790 3202 3020 3267; x_wconf 77' lang='lat' dir='ltr'><strong>CAPUT</strong></span> <span class='ocrx_word' id='word_1_580' title='bbox 3058 3209 3243 3267; x_wconf 76' lang='lat' dir='ltr'><strong>XVIII.</strong></span> 
     </span>
    </p>
   </div>
   <div class='ocr_carea' id='block_1_77' title="bbox 2621 3281 3426 3354">
    <p class='ocr_par' dir='ltr' id='par_1_77' title="bbox 2621 3281 3426 3354">
     <span class='ocr_line' id='line_1_77' title="bbox 2621 3281 3426 3354; baseline 0.002 -19"><span class='ocrx_word' id='word_1_581' title='bbox 2621 3281 2700 3336; x_wconf 73' lang='lat' dir='ltr'><strong>De</strong></span> <span class='ocrx_word' id='word_1_582' title='bbox 2736 3282 3007 3352; x_wconf 79' lang='lat' dir='ltr'><strong>generibus</strong></span> <span class='ocrx_word' id='word_1_583' title='bbox 3045 3284 3426 3354; x_wconf 75' lang='lat' dir='ltr'><strong>gymnicorum.</strong></span> 
     </span>
    </p>
   </div>
   <div class='ocr_carea' id='block_1_78' title="bbox 2302 3374 3829 3445">
    <p class='ocr_par' dir='ltr' id='par_1_78' title="bbox 2302 3374 3829 3445">
     <span class='ocr_line' id='line_1_78' title="bbox 2302 3374 3829 3445; baseline 0.003 -15"><span class='ocrx_word' id='word_1_584' title='bbox 2302 3374 2515 3435; x_wconf 80' lang='lat' dir='ltr'><strong>Genera</strong></span> <span class='ocrx_word' id='word_1_585' title='bbox 2541 3375 2916 3445; x_wconf 75' lang='lat' dir='ltr'><strong>gymnicorum</strong></span> <span class='ocrx_word' id='word_1_586' title='bbox 2939 3375 3181 3445; x_wconf 85' lang='lat' dir='ltr'><strong>quinque</strong></span> <span class='ocrx_word' id='word_1_587' title='bbox 3210 3383 3338 3429; x_wconf 81' lang='lat' dir='ltr'><strong>sunt</strong></span> <span class='ocrx_word' id='word_1_588' title='bbox 3364 3389 3381 3429; x_wconf 92' lang='lat'><strong>:</strong></span> <span class='ocrx_word' id='word_1_589' title='bbox 3412 3374 3467 3431; x_wconf 92' lang='lat' dir='ltr'><strong>id</strong></span> <span class='ocrx_word' id='word_1_590' title='bbox 3492 3382 3596 3441; x_wconf 88' lang='lat' dir='ltr'><strong>est,</strong></span> <span class='ocrx_word' id='word_1_591' title='bbox 3630 3377 3829 3444; x_wconf 75' lang='lat' dir='ltr'><strong>saltas,</strong></span> 
     </span>
    </p>
   </div>
   <div class='ocr_carea' id='block_1_79' title="bbox 2233 3464 3831 3536">
    <p class='ocr_par' dir='ltr' id='par_1_79' title="bbox 2233 3464 3831 3536">
     <span class='ocr_line' id='line_1_79' title="bbox 2233 3464 3831 3536; baseline 0.002 -15"><span class='ocrx_word' id='word_1_592' title='bbox 2233 3481 2448 3531; x_wconf 87' lang='lat' dir='ltr'><strong>cursus,</strong></span> <span class='ocrx_word' id='word_1_593' title='bbox 2490 3464 2691 3534; x_wconf 85' lang='lat' dir='ltr'><strong>jactus,</strong></span> <span class='ocrx_word' id='word_1_594' title='bbox 2741 3467 2936 3533; x_wconf 85' lang='lat' dir='ltr'><strong>virtus,</strong></span> <span class='ocrx_word' id='word_1_595' title='bbox 2975 3477 3140 3536; x_wconf 71' lang='lat' dir='ltr'><strong>atque</strong></span> <span class='ocrx_word' id='word_1_596' title='bbox 3176 3466 3399 3522; x_wconf 78' lang='lat' dir='ltr'><strong>luctatio</strong></span> <span class='ocrx_word' id='word_1_597' title='bbox 3428 3483 3441 3520; x_wconf 91' lang='lat'><strong>:</strong></span> <span class='ocrx_word' id='word_1_598' title='bbox 3468 3468 3618 3523; x_wconf 83' lang='lat' dir='ltr'><strong>unde</strong></span> <span class='ocrx_word' id='word_1_599' title='bbox 3646 3467 3831 3524; x_wconf 78' lang='lat' dir='ltr'><strong>ferunt</strong></span> 
     </span>
    </p>
   </div>
   <div class='ocr_carea' id='block_1_80' title="bbox 2233 3556 3831 3627">
    <p class='ocr_par' dir='ltr' id='par_1_80' title="bbox 2233 3556 3831 3627">
     <span class='ocr_line' id='line_1_80' title="bbox 2233 3556 3831 3627; baseline 0.001 -15"><span class='ocrx_word' id='word_1_600' title='bbox 2233 3557 2525 3627; x_wconf 82' lang='lat' dir='ltr'><strong>quemdam</strong></span> <span class='ocrx_word' id='word_1_601' title='bbox 2576 3571 2761 3627; x_wconf 86' lang='lat' dir='ltr'><strong>regem</strong></span> <span class='ocrx_word' id='word_1_602' title='bbox 2810 3564 2891 3611; x_wconf 88' lang='lat' dir='ltr'><strong>tot</strong></span> <span class='ocrx_word' id='word_1_603' title='bbox 2922 3556 3065 3612; x_wconf 81' lang='lat' dir='ltr'><strong>ﬁlios</strong></span> <span class='ocrx_word' id='word_1_604' title='bbox 3115 3556 3485 3614; x_wconf 82' lang='lat' dir='ltr'><strong>adolescentes</strong></span> <span class='ocrx_word' id='word_1_605' title='bbox 3537 3558 3831 3614; x_wconf 79' lang='lat' dir='ltr'><strong>habentem</strong></span> 
     </span>
    </p>
   </div>
   <div class='ocr_carea' id='block_1_81' title="bbox 2235 3648 3699 3722">
    <p class='ocr_par' dir='ltr' id='par_1_81' title="bbox 2235 3648 3699 3722">
     <span class='ocr_line' id='line_1_81' title="bbox 2235 3648 3699 3722; baseline 0 -16"><span class='ocrx_word' id='word_1_606' title='bbox 2235 3651 2459 3707; x_wconf 84' lang='lat' dir='ltr'><strong>totidem</strong></span> <span class='ocrx_word' id='word_1_607' title='bbox 2484 3651 2774 3722; x_wconf 77' lang='lat' dir='ltr'><strong>generibus</strong></span> <span class='ocrx_word' id='word_1_608' title='bbox 2804 3650 2871 3706; x_wconf 88' lang='lat' dir='ltr'><strong>de</strong></span> <span class='ocrx_word' id='word_1_609' title='bbox 2899 3664 3070 3722; x_wconf 83' lang='lat' dir='ltr'><strong>regno</strong></span> <span class='ocrx_word' id='word_1_610' title='bbox 3091 3648 3320 3720; x_wconf 78' lang='lat' dir='ltr'><strong>iussisse</strong></span> <span class='ocrx_word' id='word_1_611' title='bbox 3344 3650 3699 3708; x_wconf 85' lang='lat' dir='ltr'><strong>contendere.</strong></span> 
     </span>
    </p>
   </div>
   <div class='ocr_carea' id='block_1_82' title="bbox 2822 3759 3230 3816">
    <p class='ocr_par' dir='ltr' id='par_1_82' title="bbox 2822 3759 3230 3816">
     <span class='ocr_line' id='line_1_82' title="bbox 2822 3759 3230 3816; baseline -0.002 0"><span class='ocrx_word' id='word_1_612' title='bbox 2822 3759 3051 3816; x_wconf 76' lang='lat' dir='ltr'><strong>CAPUT</strong></span> <span class='ocrx_word' id='word_1_613' title='bbox 3090 3760 3230 3815; x_wconf 81' lang='lat' dir='ltr'><strong>XIX.</strong></span> 
     </span>
    </p>
   </div>
   <div class='ocr_carea' id='block_1_83' title="bbox 2895 3831 3162 3887">
    <p class='ocr_par' dir='ltr' id='par_1_83' title="bbox 2895 3831 3162 3887">
     <span class='ocr_line' id='line_1_83' title="bbox 2895 3831 3162 3887; baseline -0.004 -1"><span class='ocrx_word' id='word_1_614' title='bbox 2895 3832 2976 3886; x_wconf 84' lang='lat' dir='ltr'><strong>De</strong></span> <span class='ocrx_word' id='word_1_615' title='bbox 3000 3831 3162 3887; x_wconf 83' lang='lat' dir='ltr'><strong>saltu.</strong></span> 
     </span>
    </p>
   </div>
   <div class='ocr_carea' id='block_1_84' title="bbox 2304 3922 3831 3994">
    <p class='ocr_par' dir='ltr' id='par_1_84' title="bbox 2304 3922 3831 3994">
     <span class='ocr_line' id='line_1_84' title="bbox 2304 3922 3831 3994; baseline 0.001 -13"><span class='ocrx_word' id='word_1_616' title='bbox 2304 3925 2491 3982; x_wconf 78' lang='lat' dir='ltr'><strong>Saltus</strong></span> <span class='ocrx_word' id='word_1_617' title='bbox 2533 3922 2742 3990; x_wconf 83' lang='lat' dir='ltr'><strong>dictus,</strong></span> <span class='ocrx_word' id='word_1_618' title='bbox 2793 3924 2949 3994; x_wconf 82' lang='lat' dir='ltr'><strong>quasi</strong></span> <span class='ocrx_word' id='word_1_619' title='bbox 2972 3924 3201 3980; x_wconf 78' lang='lat' dir='ltr'><strong>exsilire</strong></span> <span class='ocrx_word' id='word_1_620' title='bbox 3229 3924 3284 3978; x_wconf 87' lang='lat' dir='ltr'><strong>in</strong></span> <span class='ocrx_word' id='word_1_621' title='bbox 3318 3924 3487 3979; x_wconf 78' lang='lat' dir='ltr'><strong>altum</strong></span> <span class='ocrx_word' id='word_1_622' title='bbox 3517 3943 3531 3980; x_wconf 91' lang='lat'><strong>:</strong></span> <span class='ocrx_word' id='word_1_623' title='bbox 3566 3935 3655 3982; x_wconf 89' lang='lat' dir='ltr'><strong>est</strong></span> <span class='ocrx_word' id='word_1_624' title='bbox 3681 3929 3831 3983; x_wconf 75' lang='lat' dir='ltr'><strong>enim</strong></span> 
     </span>
    </p>
   </div>
   <div class='ocr_carea' id='block_1_85' title="bbox 2235 4017 3832 4094">
    <p class='ocr_par' dir='ltr' id='par_1_85' title="bbox 2235 4017 3832 4094">
     <span class='ocr_line' id='line_1_85' title="bbox 2235 4017 3832 4094; baseline 0.002 -19"><span class='ocrx_word' id='word_1_625' title='bbox 2235 4018 2406 4076; x_wconf 84' lang='lat' dir='ltr'><strong>saltus</strong></span> <span class='ocrx_word' id='word_1_626' title='bbox 2426 4018 2590 4074; x_wconf 87' lang='lat' dir='ltr'><strong>altius</strong></span> <span class='ocrx_word' id='word_1_627' title='bbox 2617 4017 2837 4073; x_wconf 75' lang='lat' dir='ltr'><strong>exsilire</strong></span> <span class='ocrx_word' id='word_1_628' title='bbox 2861 4018 2945 4073; x_wconf 87' lang='lat' dir='ltr'><strong>vel</strong></span> <span class='ocrx_word' id='word_1_629' title='bbox 2963 4017 3194 4087; x_wconf 77' lang='lat' dir='ltr'><strong>longius.</strong></span> <span class='ocrx_word' id='word_1_630' title='bbox 3222 4017 3403 4075; x_wconf 79' lang='lat' dir='ltr'><strong>Saltus</strong></span> <span class='ocrx_word' id='word_1_631' title='bbox 3424 4020 3570 4079; x_wconf 87' lang='lat' dir='ltr'><strong>enim</strong></span> <span class='ocrx_word' id='word_1_632' title='bbox 3598 4024 3832 4094; x_wconf 82' lang='lat' dir='ltr'><strong>mystice</strong></span> 
     </span>
    </p>
   </div>
   <div class='ocr_carea' id='block_1_86' title="bbox 2235 4108 3827 4182">
    <p class='ocr_par' dir='ltr' id='par_1_86' title="bbox 2235 4108 3827 4182">
     <span class='ocr_line' id='line_1_86' title="bbox 2235 4108 3827 4182; baseline 0.001 -13"><span class='ocrx_word' id='word_1_633' title='bbox 2235 4111 2537 4182; x_wconf 84' lang='lat' dir='ltr'><strong>profectum</strong></span> <span class='ocrx_word' id='word_1_634' title='bbox 2566 4111 2827 4166; x_wconf 83' lang='lat' dir='ltr'><strong>virtutum</strong></span> <span class='ocrx_word' id='word_1_635' title='bbox 2862 4108 3153 4181; x_wconf 78' lang='lat' dir='ltr'><strong>signiﬁcat,</strong></span> <span class='ocrx_word' id='word_1_636' title='bbox 3186 4121 3248 4167; x_wconf 86' lang='lat' dir='ltr'><strong>ut</strong></span> <span class='ocrx_word' id='word_1_637' title='bbox 3282 4121 3367 4168; x_wconf 83' lang='lat' dir='ltr'><strong>est</strong></span> <span class='ocrx_word' id='word_1_638' title='bbox 3399 4112 3527 4168; x_wconf 84' lang='lat' dir='ltr'><strong>illud</strong></span> <span class='ocrx_word' id='word_1_639' title='bbox 3554 4115 3609 4169; x_wconf 92' lang='lat' dir='ltr'><strong>in</strong></span> <span class='ocrx_word' id='word_1_640' title='bbox 3639 4114 3782 4170; x_wconf 83' lang='lat' dir='ltr'><strong>Isaia</strong></span> <span class='ocrx_word' id='word_1_641' title='bbox 3812 4134 3827 4171; x_wconf 90' lang='lat'><strong>:</strong></span> 
     </span>
    </p>
   </div>
   <div class='ocr_carea' id='block_1_87' title="bbox 2240 4202 3832 4278">
    <p class='ocr_par' dir='ltr' id='par_1_87' title="bbox 2240 4202 3832 4278">
     <span class='ocr_line' id='line_1_87' title="bbox 2240 4202 3832 4278; baseline 0.002 -19"><span class='ocrx_word' id='word_1_642' title='bbox 2240 4204 2383 4260; x_wconf 82' lang='lat' dir='ltr'><strong>Tunc</strong></span> <span class='ocrx_word' id='word_1_643' title='bbox 2418 4203 2571 4258; x_wconf 78' lang='lat' dir='ltr'><strong>saliet</strong></span> <span class='ocrx_word' id='word_1_644' title='bbox 2601 4202 2824 4258; x_wconf 87' lang='lat' dir='ltr'><strong>claudus</strong></span> <span class='ocrx_word' id='word_1_645' title='bbox 2847 4203 2982 4258; x_wconf 87' lang='lat' dir='ltr'><strong>sicut</strong></span> <span class='ocrx_word' id='word_1_646' title='bbox 3008 4220 3190 4257; x_wconf 84' lang='lat' dir='ltr'><strong>cervus</strong></span> <span class='ocrx_word' id='word_1_647' title='bbox 3218 4203 3357 4275; x_wconf 86' lang='lat' dir='ltr'><strong>(Isa.</strong></span> <span class='ocrx_word' id='word_1_648' title='bbox 3389 4206 3578 4278; x_wconf 72' lang='lat' dir='ltr'><strong>xxxv).</strong></span> <span class='ocrx_word' id='word_1_649' title='bbox 3613 4205 3832 4262; x_wconf 86' lang='lat' dir='ltr'><strong>Saltarc</strong></span> 
     </span>
    </p>
   </div>
   <div class='ocr_carea' id='block_1_88' title="bbox 2238 4295 3833 4366">
    <p class='ocr_par' dir='ltr' id='par_1_88' title="bbox 2238 4295 3833 4366">
     <span class='ocr_line' id='line_1_88' title="bbox 2238 4295 3833 4366; baseline 0.003 -15"><span class='ocrx_word' id='word_1_650' title='bbox 2238 4297 2367 4351; x_wconf 86' lang='lat' dir='ltr'><strong>totis</strong></span> <span class='ocrx_word' id='word_1_651' title='bbox 2393 4295 2599 4351; x_wconf 87' lang='lat' dir='ltr'><strong>viribus</strong></span> <span class='ocrx_word' id='word_1_652' title='bbox 2628 4295 2683 4349; x_wconf 90' lang='lat' dir='ltr'><strong>in</strong></span> <span class='ocrx_word' id='word_1_653' title='bbox 2734 4295 2959 4350; x_wconf 89' lang='lat' dir='ltr'><strong>Domino</strong></span> <span class='ocrx_word' id='word_1_654' title='bbox 2984 4296 3223 4366; x_wconf 87' lang='lat' dir='ltr'><strong>gaudere</strong></span> <span class='ocrx_word' id='word_1_655' title='bbox 3258 4314 3270 4349; x_wconf 89' lang='lat'><strong>:</strong></span> <span class='ocrx_word' id='word_1_656' title='bbox 3300 4298 3445 4352; x_wconf 83' lang='lat' dir='ltr'><strong>sicut</strong></span> <span class='ocrx_word' id='word_1_657' title='bbox 3473 4299 3526 4352; x_wconf 87' lang='lat' dir='ltr'><strong>in</strong></span> <span class='ocrx_word' id='word_1_658' title='bbox 3557 4298 3703 4355; x_wconf 85' lang='lat' dir='ltr'><strong>libro</strong></span> <span class='ocrx_word' id='word_1_659' title='bbox 3726 4299 3833 4361; x_wconf 73' lang='lat' dir='ltr'><strong>Be-</strong></span> 
     </span>
    </p>
   </div>
   <div class='ocr_carea' id='block_1_89' title="bbox 2237 4385 3831 4456">
    <p class='ocr_par' dir='ltr' id='par_1_89' title="bbox 2237 4385 3831 4456">
     <span class='ocr_line' id='line_1_89' title="bbox 2237 4385 3831 4456; baseline 0.003 -15"><span class='ocrx_word' id='word_1_660' title='bbox 2237 4401 2364 4456; x_wconf 88' lang='lat' dir='ltr'><strong>gum</strong></span> <span class='ocrx_word' id='word_1_661' title='bbox 2401 4386 2467 4441; x_wconf 89' lang='lat' dir='ltr'><strong>de</strong></span> <span class='ocrx_word' id='word_1_662' title='bbox 2497 4385 2664 4443; x_wconf 83' lang='lat' dir='ltr'><strong>David</strong></span> <span class='ocrx_word' id='word_1_663' title='bbox 2699 4385 2899 4441; x_wconf 83' lang='lat' dir='ltr'><strong>dicitur</strong></span> <span class='ocrx_word' id='word_1_664' title='bbox 2929 4403 2942 4439; x_wconf 91' lang='lat'><strong>:</strong></span> <span class='ocrx_word' id='word_1_665' title='bbox 2972 4385 3042 4439; x_wconf 86' lang='lat' dir='ltr'><strong>Et</strong></span> <span class='ocrx_word' id='word_1_666' title='bbox 3085 4385 3295 4441; x_wconf 71' lang='lat' dir='ltr'><strong>saltavit</strong></span> <span class='ocrx_word' id='word_1_667' title='bbox 3329 4403 3507 4442; x_wconf 66' lang='lat' dir='ltr'><strong>eorum</strong></span> <span class='ocrx_word' id='word_1_668' title='bbox 3554 4404 3685 4444; x_wconf 75' lang='lat' dir='ltr'><strong>arca</strong></span> <span class='ocrx_word' id='word_1_669' title='bbox 3724 4390 3831 4444; x_wconf 83' lang='lat' dir='ltr'><strong>Do-</strong></span> 
     </span>
    </p>
   </div>
   <div class='ocr_carea' id='block_1_90' title="bbox 541 4466 3829 4577">
    <p class='ocr_par' dir='ltr' id='par_1_90' title="bbox 541 4466 3829 4577">
     <span class='ocr_line' id='line_1_90' title="bbox 541 4466 3829 4577; baseline 0.005 -57"><span class='ocrx_word' id='word_1_670' title='bbox 541 4466 617 4537; x_wconf 84' lang='lat' dir='ltr'><strong>v).</strong></span> <span class='ocrx_word' id='word_1_671' title='bbox 648 4466 781 4577; x_wconf 72' lang='lat' dir='ltr'><strong>Fur.</strong></span> <span class='ocrx_word' id='word_1_672' title='bbox 800 4467 1074 4577; x_wconf 55' lang='lat' dir='ltr'><strong>diabolus.</strong></span> <span class='ocrx_word' id='word_1_673' title='bbox 1123 4478 1182 4524; x_wconf 84' lang='lat' dir='ltr'><strong>ut</strong></span> <span class='ocrx_word' id='word_1_674' title='bbox 1221 4471 1277 4577; x_wconf 75' lang='lat' dir='ltr'><strong>in</strong></span> <span class='ocrx_word' id='word_1_675' title='bbox 1308 4470 1465 4577; x_wconf 50' lang='lat' dir='ltr'><strong>‘Osee</strong></span> <span class='ocrx_word' id='word_1_676' title='bbox 1493 4490 1505 4526; x_wconf 92' lang='lat'><strong>:</strong></span> <span class='ocrx_word' id='word_1_677' title='bbox 1542 4470 1608 4524; x_wconf 83' lang='lat' dir='ltr'><strong>Et</strong></span> <span class='ocrx_word' id='word_1_678' title='bbox 1648 4471 1737 4541; x_wconf 71' lang='lat' dir='ltr'><strong>fur</strong></span> <span class='ocrx_word' id='word_1_679' title='bbox 1779 4471 2024 4577; x_wconf 57' lang='lat' dir='ltr'><strong>spoliatas:</strong></span> <span class='ocrx_word' id='word_1_680' title='bbox 2053 4472 2136 4526; x_wconf 69' lang='grc' dir='ltr'><strong>ιαμ</strong></span> <span class='ocrx_word' id='word_1_681' title='bbox 2158 4513 2215 4577; x_wconf 76' lang='lat' dir='ltr'><strong><em>D</em></strong></span> <span class='ocrx_word' id='word_1_682' title='bbox 2240 4478 2368 4535; x_wconf 79' lang='lat' dir='ltr'><strong>mini</strong></span> <span class='ocrx_word' id='word_1_683' title='bbox 2396 4478 2523 4534; x_wconf 79' lang='lat' dir='ltr'><strong>totis</strong></span> <span class='ocrx_word' id='word_1_684' title='bbox 2550 4477 2745 4535; x_wconf 70' lang='lat' dir='ltr'><strong>uiribus</strong></span> <span class='ocrx_word' id='word_1_685' title='bbox 2770 4477 2859 4550; x_wconf 84' lang='lat' dir='ltr'><strong>(II</strong></span> <span class='ocrx_word' id='word_1_686' title='bbox 2889 4476 3018 4549; x_wconf 77' lang='lat' dir='ltr'><strong>Reg.</strong></span> <span class='ocrx_word' id='word_1_687' title='bbox 3052 4478 3159 4546; x_wconf 79' lang='lat' dir='ltr'><strong>vt);</strong></span> <span class='ocrx_word' id='word_1_688' title='bbox 3188 4486 3246 4533; x_wconf 89' lang='lat' dir='ltr'><strong>et</strong></span> <span class='ocrx_word' id='word_1_689' title='bbox 3266 4479 3326 4533; x_wconf 82' lang='lat' dir='ltr'><strong>in</strong></span> <span class='ocrx_word' id='word_1_690' title='bbox 3351 4480 3511 4534; x_wconf 71' lang='lat' dir='ltr'><strong>aliain</strong></span> <span class='ocrx_word' id='word_1_691' title='bbox 3532 4489 3748 4551; x_wconf 82' lang='lat' dir='ltr'><strong>partem</strong></span> <span class='ocrx_word' id='word_1_692' title='bbox 3773 4483 3829 4539; x_wconf 83' lang='lat' dir='ltr'><strong>in</strong></span> 
     </span>
    </p>
   </div>
   <div class='ocr_carea' id='block_1_91' title="bbox 540 4560 2129 4634">
    <p class='ocr_par' dir='ltr' id='par_1_91' title="bbox 540 4560 2129 4634">
     <span class='ocr_line' id='line_1_91' title="bbox 540 4560 2129 4634; baseline 0.003 -18"><span class='ocrx_word' id='word_1_693' title='bbox 540 4560 817 4617; x_wconf 72' lang='lat' dir='ltr'><strong>truncatus</strong></span> <span class='ocrx_word' id='word_1_694' title='bbox 838 4560 968 4633; x_wconf 71' lang='lat' dir='ltr'><strong>foris</strong></span> <span class='ocrx_word' id='word_1_695' title='bbox 991 4560 1138 4634; x_wconf 68' lang='grc' dir='ltr'><strong>(θα.</strong></span> <span class='ocrx_word' id='word_1_696' title='bbox 1160 4561 1281 4629; x_wconf 71' lang='lat' dir='ltr'><strong>ut).</strong></span> <span class='ocrx_word' id='word_1_697' title='bbox 1307 4562 1591 4628; x_wconf 88' lang='lat' dir='ltr'><strong>Latrones,</strong></span> <span class='ocrx_word' id='word_1_698' title='bbox 1610 4565 1899 4631; x_wconf 79' lang='lat' dir='ltr'><strong>daemones,</strong></span> <span class='ocrx_word' id='word_1_699' title='bbox 1916 4565 1970 4620; x_wconf 90' lang='lat' dir='ltr'><strong>in</strong></span> <span class='ocrx_word' id='word_1_700' title='bbox 1992 4563 2092 4621; x_wconf 79' lang='lat' dir='ltr'><strong>Job</strong></span> <span class='ocrx_word' id='word_1_701' title='bbox 2114 4582 2129 4620; x_wconf 90' lang='lat'><strong>:</strong></span> 
     </span>
    </p>
   </div>
   <div class='ocr_carea' id='block_1_92' title="bbox 540 4656 2134 4732">
    <p class='ocr_par' dir='ltr' id='par_1_92' title="bbox 540 4656 2134 4732">
     <span class='ocr_line' id='line_1_92' title="bbox 540 4656 2134 4732; baseline -0.001 -17"><span class='ocrx_word' id='word_1_702' title='bbox 540 4656 935 4715; x_wconf 57' lang='lat' dir='ltr'><strong>Simulacrum</strong></span> <span class='ocrx_word' id='word_1_703' title='bbox 991 4657 1169 4731; x_wconf 66' lang='grc' dir='ltr'><strong>[σίνηαι</strong></span> <span class='ocrx_word' id='word_1_704' title='bbox 1196 4658 1477 4732; x_wconf 61' lang='lat' dir='ltr'><strong>uenerunt]</strong></span> <span class='ocrx_word' id='word_1_705' title='bbox 1505 4658 1735 4714; x_wconf 74' lang='lat' dir='ltr'><strong>latrones</strong></span> <span class='ocrx_word' id='word_1_706' title='bbox 1760 4660 1894 4730; x_wconf 86' lang='lat' dir='ltr'><strong>ejus,</strong></span> <span class='ocrx_word' id='word_1_707' title='bbox 1918 4668 1970 4713; x_wconf 80' lang='lat' dir='ltr'><strong>et</strong></span> <span class='ocrx_word' id='word_1_708' title='bbox 1998 4659 2134 4730; x_wconf 81' lang='lat' dir='ltr'><strong>fece-</strong></span> 
     </span>
    </p>
   </div>
   <div class='ocr_carea' id='block_1_93' title="bbox 542 4747 2130 4822">
    <p class='ocr_par' dir='ltr' id='par_1_93' title="bbox 542 4747 2130 4822">
     <span class='ocr_line' id='line_1_93' title="bbox 542 4747 2130 4822; baseline 0 -17"><span class='ocrx_word' id='word_1_709' title='bbox 542 4758 664 4805; x_wconf 76' lang='lat' dir='ltr'><strong>runt</strong></span> <span class='ocrx_word' id='word_1_710' title='bbox 708 4748 809 4805; x_wconf 71' lang='lat' dir='ltr'><strong>sibi</strong></span> <span class='ocrx_word' id='word_1_711' title='bbox 840 4750 977 4804; x_wconf 58' lang='lat' dir='ltr'><strong>tium</strong></span> <span class='ocrx_word' id='word_1_712' title='bbox 1002 4766 1094 4819; x_wconf 74' lang='lat' dir='ltr'><strong>per</strong></span> <span class='ocrx_word' id='word_1_713' title='bbox 1127 4765 1211 4803; x_wconf 71' lang='lat' dir='ltr'><strong>me</strong></span> <span class='ocrx_word' id='word_1_714' title='bbox 1236 4748 1361 4820; x_wconf 81' lang='lat' dir='ltr'><strong>(Job</strong></span> <span class='ocrx_word' id='word_1_715' title='bbox 1389 4747 1527 4822; x_wconf 73' lang='lat' dir='ltr'><strong>11x).</strong></span> <span class='ocrx_word' id='word_1_716' title='bbox 1571 4748 1741 4804; x_wconf 84' lang='lat' dir='ltr'><strong>Fures</strong></span> <span class='ocrx_word' id='word_1_717' title='bbox 1782 4758 1838 4804; x_wconf 90' lang='lat' dir='ltr'><strong>et</strong></span> <span class='ocrx_word' id='word_1_718' title='bbox 1875 4749 2130 4816; x_wconf 84' lang='lat' dir='ltr'><strong>latrones,</strong></span> 
     </span>
    </p>
   </div>
   <div class='ocr_carea' id='block_1_94' title="bbox 538 4839 2135 4913">
    <p class='ocr_par' dir='ltr' id='par_1_94' title="bbox 538 4839 2135 4913">
     <span class='ocr_line' id='line_1_94' title="bbox 538 4839 2135 4913; baseline -0.003 -15"><span class='ocrx_word' id='word_1_719' title='bbox 538 4842 784 4898; x_wconf 60' lang='lat' dir='ltr'><strong>haeretici</strong></span> <span class='ocrx_word' id='word_1_720' title='bbox 810 4841 928 4897; x_wconf 85' lang='lat' dir='ltr'><strong>sive</strong></span> <span class='ocrx_word' id='word_1_721' title='bbox 950 4839 1260 4897; x_wconf 71' lang='lat' dir='ltr'><strong>Judseorum</strong></span> <span class='ocrx_word' id='word_1_722' title='bbox 1282 4841 1554 4907; x_wconf 86' lang='lat' dir='ltr'><strong>doctores,</strong></span> <span class='ocrx_word' id='word_1_723' title='bbox 1579 4841 1633 4895; x_wconf 90' lang='lat' dir='ltr'><strong>in</strong></span> <span class='ocrx_word' id='word_1_724' title='bbox 1657 4841 1949 4913; x_wconf 81' lang='lat' dir='ltr'><strong>Evangelia</strong></span> <span class='ocrx_word' id='word_1_725' title='bbox 1971 4859 1985 4896; x_wconf 93' lang='lat'><strong>:</strong></span> <span class='ocrx_word' id='word_1_726' title='bbox 2011 4840 2135 4896; x_wconf 79' lang='lat' dir='ltr'><strong>0m.-</strong></span> 
     </span>
    </p>
   </div>
   <div class='ocr_carea' id='block_1_95' title="bbox 540 4927 2183 5005">
    <p class='ocr_par' dir='ltr' id='par_1_95' title="bbox 540 4927 2183 5005">
     <span class='ocr_line' id='line_1_95' title="bbox 540 4927 2183 5005; baseline -0.001 -16"><span class='ocrx_word' id='word_1_727' title='bbox 540 4948 654 4998; x_wconf 76' lang='lat' dir='ltr'><strong>nss,</strong></span> <span class='ocrx_word' id='word_1_728' title='bbox 682 4942 933 5003; x_wconf 79' lang='lat' dir='ltr'><strong>quotquot</strong></span> <span class='ocrx_word' id='word_1_729' title='bbox 960 4943 1229 5000; x_wconf 77' lang='lat' dir='ltr'><strong>uenerunt,</strong></span> <span class='ocrx_word' id='word_1_730' title='bbox 1261 4933 1402 5002; x_wconf 76' lang='lat' dir='ltr'><strong>fures</strong></span> <span class='ocrx_word' id='word_1_731' title='bbox 1442 4927 1563 4987; x_wconf 84' lang='lat' dir='ltr'><strong>sunt</strong></span> <span class='ocrx_word' id='word_1_732' title='bbox 1604 4942 1654 4987; x_wconf 85' lang='lat' dir='ltr'><strong>et</strong></span> <span class='ocrx_word' id='word_1_733' title='bbox 1691 4933 1918 4988; x_wconf 78' lang='lat' dir='ltr'><strong>latrones</strong></span> <span class='ocrx_word' id='word_1_734' title='bbox 1949 4934 2130 5005; x_wconf 76' lang='lat' dir='ltr'><strong>(latnt.</strong></span> <span class='ocrx_word' id='word_1_735' title='bbox 2180 4996 2183 5001; x_wconf 33' lang='grc' dir='ltr'><strong>η</strong></span> 
     </span>
    </p>
   </div>
   <div class='ocr_carea' id='block_1_96' title="bbox 543 5021 2135 5094">
    <p class='ocr_par' dir='ltr' id='par_1_96' title="bbox 543 5021 2135 5094">
     <span class='ocr_line' id='line_1_96' title="bbox 543 5021 2135 5094; baseline 0.001 -17"><span class='ocrx_word' id='word_1_736' title='bbox 543 5021 624 5094; x_wconf 83' lang='lat' dir='ltr'><strong>x).</strong></span> <span class='ocrx_word' id='word_1_737' title='bbox 652 5022 781 5087; x_wconf 85' lang='lat' dir='ltr'><strong>Fur,</strong></span> <span class='ocrx_word' id='word_1_738' title='bbox 806 5039 955 5080; x_wconf 82' lang='lat' dir='ltr'><strong>mors</strong></span> <span class='ocrx_word' id='word_1_739' title='bbox 980 5040 1049 5080; x_wconf 82' lang='lat' dir='ltr'><strong>ex</strong></span> <span class='ocrx_word' id='word_1_740' title='bbox 1086 5024 1380 5093; x_wconf 71' lang='lat' dir='ltr'><strong>improviso</strong></span> <span class='ocrx_word' id='word_1_741' title='bbox 1408 5023 1723 5089; x_wconf 82' lang='lat' dir='ltr'><strong>adveniens,</strong></span> <span class='ocrx_word' id='word_1_742' title='bbox 1756 5032 1818 5077; x_wconf 81' lang='lat' dir='ltr'><strong>ut</strong></span> <span class='ocrx_word' id='word_1_743' title='bbox 1861 5024 1914 5078; x_wconf 91' lang='lat' dir='ltr'><strong>in</strong></span> <span class='ocrx_word' id='word_1_744' title='bbox 1956 5024 2135 5079; x_wconf 78' lang='lat' dir='ltr'><strong>Evan—</strong></span> 
     </span>
    </p>
   </div>
   <div class='ocr_carea' id='block_1_97' title="bbox 544 5112 2133 5188">
    <p class='ocr_par' dir='ltr' id='par_1_97' title="bbox 544 5112 2133 5188">
     <span class='ocr_line' id='line_1_97' title="bbox 544 5112 2133 5188; baseline 0.002 -18"><span class='ocrx_word' id='word_1_745' title='bbox 544 5113 685 5185; x_wconf 84' lang='lat' dir='ltr'><strong>gelia</strong></span> <span class='ocrx_word' id='word_1_746' title='bbox 703 5132 722 5169; x_wconf 68' lang='grc' dir='ltr'><strong>ι</strong></span> <span class='ocrx_word' id='word_1_747' title='bbox 752 5112 871 5171; x_wconf 78' lang='grc' dir='ltr'><strong>Ηοσ</strong></span> <span class='ocrx_word' id='word_1_748' title='bbox 896 5126 1097 5182; x_wconf 69' lang='lat' dir='ltr'><strong>autem,</strong></span> <span class='ocrx_word' id='word_1_749' title='bbox 1115 5116 1531 5185; x_wconf 87' lang='lat' dir='ltr'><strong>inquit,scitote,</strong></span> <span class='ocrx_word' id='word_1_750' title='bbox 1555 5116 1680 5187; x_wconf 83' lang='lat' dir='ltr'><strong>quia</strong></span> <span class='ocrx_word' id='word_1_751' title='bbox 1706 5117 1755 5170; x_wconf 84' lang='lat' dir='ltr'><strong>si</strong></span> <span class='ocrx_word' id='word_1_752' title='bbox 1782 5118 1935 5171; x_wconf 79' lang='lat' dir='ltr'><strong>sciret</strong></span> <span class='ocrx_word' id='word_1_753' title='bbox 1959 5127 2133 5188; x_wconf 77' lang='lat' dir='ltr'><strong>pater-</strong></span> 
     </span>
    </p>
   </div>
   <div class='ocr_carea' id='block_1_98' title="bbox 540 5202 2131 5279">
    <p class='ocr_par' dir='ltr' id='par_1_98' title="bbox 540 5202 2131 5279">
     <span class='ocr_line' id='line_1_98' title="bbox 540 5202 2131 5279; baseline 0.006 -23"><span class='ocrx_word' id='word_1_754' title='bbox 540 5202 779 5275; x_wconf 71' lang='lat' dir='ltr'><strong>familias</strong></span> <span class='ocrx_word' id='word_1_755' title='bbox 804 5221 909 5276; x_wconf 82' lang='lat' dir='ltr'><strong>qua</strong></span> <span class='ocrx_word' id='word_1_756' title='bbox 932 5207 1063 5262; x_wconf 77' lang='lat' dir='ltr'><strong>hers</strong></span> <span class='ocrx_word' id='word_1_757' title='bbox 1086 5207 1179 5276; x_wconf 76' lang='lat' dir='ltr'><strong>[ur</strong></span> <span class='ocrx_word' id='word_1_758' title='bbox 1207 5207 1420 5272; x_wconf 75' lang='lat' dir='ltr'><strong>ueniret,</strong></span> <span class='ocrx_word' id='word_1_759' title='bbox 1448 5206 1683 5277; x_wconf 78' lang='lat' dir='ltr'><strong>vigilaret</strong></span> <span class='ocrx_word' id='word_1_760' title='bbox 1727 5208 1925 5279; x_wconf 83' lang='lat' dir='ltr'><strong>utique,</strong></span> <span class='ocrx_word' id='word_1_761' title='bbox 1948 5219 1996 5264; x_wconf 88' lang='lat' dir='ltr'><strong>et</strong></span> <span class='ocrx_word' id='word_1_762' title='bbox 2026 5225 2131 5265; x_wconf 71' lang='lat' dir='ltr'><strong>non</strong></span> 
     </span>
    </p>
   </div>
   <div class='ocr_carea' id='block_1_99' title="bbox 546 5297 2130 5371">
    <p class='ocr_par' dir='ltr' id='par_1_99' title="bbox 546 5297 2130 5371">
     <span class='ocr_line' id='line_1_99' title="bbox 546 5297 2130 5371; baseline 0.004 -18"><span class='ocrx_word' id='word_1_763' title='bbox 546 5299 737 5357; x_wconf 73' lang='lat' dir='ltr'><strong>sineret</strong></span> <span class='ocrx_word' id='word_1_764' title='bbox 762 5297 966 5368; x_wconf 74' lang='lat' dir='ltr'><strong>perfodi</strong></span> <span class='ocrx_word' id='word_1_765' title='bbox 991 5299 1203 5355; x_wconf 69' lang='lat' dir='ltr'><strong>domm</strong></span> <span class='ocrx_word' id='word_1_766' title='bbox 1244 5317 1399 5356; x_wconf 66' lang='lat' dir='ltr'><strong>suam</strong></span> <span class='ocrx_word' id='word_1_767' title='bbox 1428 5300 1642 5371; x_wconf 75' lang='lat' dir='ltr'><strong>(Matth.</strong></span> <span class='ocrx_word' id='word_1_768' title='bbox 1665 5299 1835 5371; x_wconf 75' lang='lat' dir='ltr'><strong>xxw).</strong></span> <span class='ocrx_word' id='word_1_769' title='bbox 1873 5301 1982 5355; x_wconf 81' lang='lat' dir='ltr'><strong>Fur</strong></span> <span class='ocrx_word' id='word_1_770' title='bbox 2008 5303 2130 5359; x_wconf 79' lang='lat' dir='ltr'><strong>dies</strong></span> 
     </span>
    </p>
   </div>
   <div class='ocr_carea' id='block_1_100' title="bbox 539 5388 2129 5465">
    <p class='ocr_par' dir='ltr' id='par_1_100' title="bbox 539 5388 2129 5465">
     <span class='ocr_line' id='line_1_100' title="bbox 539 5388 2129 5465; baseline 0.004 -20"><span class='ocrx_word' id='word_1_771' title='bbox 539 5388 751 5460; x_wconf 85' lang='lat' dir='ltr'><strong>judicii,</strong></span> <span class='ocrx_word' id='word_1_772' title='bbox 781 5390 839 5445; x_wconf 92' lang='lat' dir='ltr'><strong>in</strong></span> <span class='ocrx_word' id='word_1_773' title='bbox 860 5390 1117 5461; x_wconf 84' lang='lat' dir='ltr'><strong>Apostolo</strong></span> <span class='ocrx_word' id='word_1_774' title='bbox 1146 5412 1159 5446; x_wconf 92' lang='lat'><strong>:</strong></span> <span class='ocrx_word' id='word_1_775' title='bbox 1192 5394 1316 5449; x_wconf 85' lang='lat' dir='ltr'><strong>Dies</strong></span> <span class='ocrx_word' id='word_1_776' title='bbox 1343 5394 1578 5462; x_wconf 86' lang='lat' dir='ltr'><strong>Domini,</strong></span> <span class='ocrx_word' id='word_1_777' title='bbox 1606 5395 1741 5449; x_wconf 81' lang='lat' dir='ltr'><strong>sicut</strong></span> <span class='ocrx_word' id='word_1_778' title='bbox 1763 5395 1852 5465; x_wconf 80' lang='lat' dir='ltr'><strong>fur</strong></span> <span class='ocrx_word' id='word_1_779' title='bbox 1880 5396 1935 5450; x_wconf 90' lang='lat' dir='ltr'><strong>in</strong></span> <span class='ocrx_word' id='word_1_780' title='bbox 1959 5406 2129 5463; x_wconf 84' lang='lat' dir='ltr'><strong>nocte,</strong></span> 
     </span>
    </p>
   </div>
   <div class='ocr_carea' id='block_1_101' title="bbox 546 5480 1201 5556">
    <p class='ocr_par' dir='ltr' id='par_1_101' title="bbox 546 5480 1201 5556">
     <span class='ocr_line' id='line_1_101' title="bbox 546 5480 1201 5556; baseline 0.002 -17"><span class='ocrx_word' id='word_1_781' title='bbox 546 5481 624 5539; x_wconf 85' lang='lat' dir='ltr'><strong><em>ita</em></strong></span> <span class='ocrx_word' id='word_1_782' title='bbox 648 5482 814 5538; x_wconf 76' lang='lat' dir='ltr'><strong>ueniet</strong></span> <span class='ocrx_word' id='word_1_783' title='bbox 842 5481 896 5556; x_wconf 87' lang='grc' dir='ltr'><strong>(Ι</strong></span> <span class='ocrx_word' id='word_1_784' title='bbox 924 5480 1100 5540; x_wconf 70' lang='lat' dir='ltr'><strong>Thess.</strong></span> <span class='ocrx_word' id='word_1_785' title='bbox 1122 5486 1201 5556; x_wconf 85' lang='lat' dir='ltr'><strong>v).</strong></span> 
     </span>
    </p>
   </div>
   <div class='ocr_carea' id='block_1_102' title="bbox 1130 5574 1542 5634">
    <p class='ocr_par' dir='ltr' id='par_1_102' title="bbox 1130 5574 1542 5634">
     <span class='ocr_line' id='line_1_102' title="bbox 1130 5574 1542 5634; baseline 0.005 -2"><span class='ocrx_word' id='word_1_786' title='bbox 1130 5574 1365 5632; x_wconf 83' lang='lat' dir='ltr'><strong>CAPUT</strong></span> <span class='ocrx_word' id='word_1_787' title='bbox 1402 5577 1542 5634; x_wconf 79' lang='lat' dir='ltr'><strong>XV].</strong></span> 
     </span>
    </p>
   </div>
   <div class='ocr_carea' id='block_1_103' title="bbox 1120 5664 1552 5734">
    <p class='ocr_par' dir='ltr' id='par_1_103' title="bbox 1120 5664 1552 5734">
     <span class='ocr_line' id='line_1_103' title="bbox 1120 5664 1552 5734; baseline 0.005 -14"><span class='ocrx_word' id='word_1_788' title='bbox 1120 5664 1199 5720; x_wconf 87' lang='lat' dir='ltr'><strong>De</strong></span> <span class='ocrx_word' id='word_1_789' title='bbox 1225 5666 1552 5734; x_wconf 78' lang='lat' dir='ltr'><strong>spectaculis.</strong></span> 
     </span>
    </p>
   </div>
   <div class='ocr_carea' id='block_1_104' title="bbox 616 5756 2136 5833">
    <p class='ocr_par' dir='ltr' id='par_1_104' title="bbox 616 5756 2136 5833">
     <span class='ocr_line' id='line_1_104' title="bbox 616 5756 2136 5833; baseline -0.001 -16"><span class='ocrx_word' id='word_1_790' title='bbox 616 5758 944 5833; x_wconf 66' lang='lat' dir='ltr'><strong>Spectacula</strong></span> <span class='ocrx_word' id='word_1_791' title='bbox 970 5797 986 5817; x_wconf 87' lang='lat'><strong>.</strong></span> <span class='ocrx_word' id='word_1_792' title='bbox 1038 5763 1099 5815; x_wconf 89' lang='lat' dir='ltr'><strong>ut</strong></span> <span class='ocrx_word' id='word_1_793' title='bbox 1143 5756 1339 5830; x_wconf 82' lang='lat' dir='ltr'><strong>opinor</strong></span> <span class='ocrx_word' id='word_1_794' title='bbox 1359 5799 1374 5825; x_wconf 92' lang='lat'><strong>,</strong></span> <span class='ocrx_word' id='word_1_795' title='bbox 1422 5758 1745 5830; x_wconf 76' lang='lat' dir='ltr'><strong>generaliter</strong></span> <span class='ocrx_word' id='word_1_796' title='bbox 1783 5759 2136 5817; x_wconf 85' lang='lat' dir='ltr'><strong>nominantur</strong></span> 
     </span>
    </p>
   </div>
   <div class='ocr_carea' id='block_1_105' title="bbox 2236 4573 3827 4644">
    <p class='ocr_par' dir='ltr' id='par_1_105' title="bbox 2236 4573 3827 4644">
     <span class='ocr_line' id='line_1_105' title="bbox 2236 4573 3827 4644; baseline 0.004 -15"><span class='ocrx_word' id='word_1_797' title='bbox 2236 4574 2529 4644; x_wconf 76' lang='lat' dir='ltr'><strong>Evangelia</strong></span> <span class='ocrx_word' id='word_1_798' title='bbox 2556 4589 2574 4628; x_wconf 90' lang='lat'><strong>:</strong></span> <span class='ocrx_word' id='word_1_799' title='bbox 2607 4573 2946 4635; x_wconf 70' lang='lat' dir='ltr'><strong>Cantacimus</strong></span> <span class='ocrx_word' id='word_1_800' title='bbox 2970 4574 3115 4629; x_wconf 62' lang='lat' dir='ltr'><strong>vobis</strong></span> <span class='ocrx_word' id='word_1_801' title='bbox 3156 4574 3299 4630; x_wconf 81' lang='lat' dir='ltr'><strong>tibiis</strong></span> <span class='ocrx_word' id='word_1_802' title='bbox 3325 4613 3344 4644; x_wconf 89' lang='lat'><strong>,</strong></span> <span class='ocrx_word' id='word_1_803' title='bbox 3385 4586 3432 4632; x_wconf 88' lang='lat' dir='ltr'><strong>et</strong></span> <span class='ocrx_word' id='word_1_804' title='bbox 3463 4593 3569 4633; x_wconf 78' lang='lat' dir='ltr'><strong>non</strong></span> <span class='ocrx_word' id='word_1_805' title='bbox 3593 4578 3827 4636; x_wconf 78' lang='lat' dir='ltr'><strong>ultastis</strong></span> 
     </span>
    </p>
   </div>
   <div class='ocr_carea' id='block_1_106' title="bbox 2232 4660 2677 4735">
    <p class='ocr_par' dir='ltr' id='par_1_106' title="bbox 2232 4660 2677 4735">
     <span class='ocr_line' id='line_1_106' title="bbox 2232 4660 2677 4735; baseline 0.007 -14"><span class='ocrx_word' id='word_1_806' title='bbox 2232 4660 2392 4735; x_wconf 68' lang='lat' dir='ltr'><strong>(Luc.</strong></span> <span class='ocrx_word' id='word_1_807' title='bbox 2432 4660 2550 4735; x_wconf 84' lang='lat' dir='ltr'><strong>vn).</strong></span> <span class='ocrx_word' id='word_1_808' title='bbox 2672 4719 2677 4724; x_wconf 86' lang='lat'><strong>.</strong></span> 
     </span>
    </p>
   </div>
   <div class='ocr_carea' id='block_1_107' title="bbox 2837 4753 3221 4812">
    <p class='ocr_par' dir='ltr' id='par_1_107' title="bbox 2837 4753 3221 4812">
     <span class='ocr_line' id='line_1_107' title="bbox 2837 4753 3221 4812; baseline 0.005 -2"><span class='ocrx_word' id='word_1_809' title='bbox 2837 4753 3063 4811; x_wconf 80' lang='lat' dir='ltr'><strong>CAPUT</strong></span> <span class='ocrx_word' id='word_1_810' title='bbox 3103 4754 3221 4812; x_wconf 76' lang='lat' dir='ltr'><strong>XX.</strong></span> 
     </span>
    </p>
   </div>
   <div class='ocr_carea' id='block_1_108' title="bbox 2874 4847 3160 4906">
    <p class='ocr_par' dir='ltr' id='par_1_108' title="bbox 2874 4847 3160 4906">
     <span class='ocr_line' id='line_1_108' title="bbox 2874 4847 3160 4906; baseline 0.01 -3"><span class='ocrx_word' id='word_1_811' title='bbox 2874 4847 2954 4903; x_wconf 83' lang='lat' dir='ltr'><strong>De</strong></span> <span class='ocrx_word' id='word_1_812' title='bbox 2981 4865 3160 4906; x_wconf 80' lang='lat' dir='ltr'><strong>cursu.</strong></span> 
     </span>
    </p>
   </div>
   <div class='ocr_carea' id='block_1_109' title="bbox 2305 4942 3823 5006">
    <p class='ocr_par' dir='ltr' id='par_1_109' title="bbox 2305 4942 3823 5006">
     <span class='ocr_line' id='line_1_109' title="bbox 2305 4942 3823 5006; baseline 0.005 -7"><span class='ocrx_word' id='word_1_813' title='bbox 2305 4942 2513 4999; x_wconf 82' lang='lat' dir='ltr'><strong>Cursus</strong></span> <span class='ocrx_word' id='word_1_814' title='bbox 2540 4957 2575 4997; x_wconf 84' lang='lat' dir='ltr'><strong>a</strong></span> <span class='ocrx_word' id='word_1_815' title='bbox 2606 4942 2896 4999; x_wconf 79' lang='lat' dir='ltr'><strong>velocitate</strong></span> <span class='ocrx_word' id='word_1_816' title='bbox 2929 4958 3154 4999; x_wconf 68' lang='lat' dir='ltr'><strong>merum</strong></span> <span class='ocrx_word' id='word_1_817' title='bbox 3206 4952 3437 5000; x_wconf 84' lang='lat' dir='ltr'><strong>vocatur</strong></span> <span class='ocrx_word' id='word_1_818' title='bbox 3484 4964 3498 4999; x_wconf 88' lang='lat'><strong>:</strong></span> <span class='ocrx_word' id='word_1_819' title='bbox 3546 4952 3635 5003; x_wconf 86' lang='lat' dir='ltr'><strong>est</strong></span> <span class='ocrx_word' id='word_1_820' title='bbox 3678 4948 3823 5006; x_wconf 87' lang='lat' dir='ltr'><strong>enim</strong></span> 
     </span>
    </p>
   </div>
   <div class='ocr_carea' id='block_1_110' title="bbox 2232 5034 3825 5107">
    <p class='ocr_par' dir='ltr' id='par_1_110' title="bbox 2232 5034 3825 5107">
     <span class='ocr_line' id='line_1_110' title="bbox 2232 5034 3825 5107; baseline 0.003 -17"><span class='ocrx_word' id='word_1_821' title='bbox 2232 5050 2429 5091; x_wconf 66' lang='lat' dir='ltr'><strong>aristis</strong></span> <span class='ocrx_word' id='word_1_822' title='bbox 2452 5034 2707 5089; x_wconf 83' lang='lat' dir='ltr'><strong>celeritas</strong></span> <span class='ocrx_word' id='word_1_823' title='bbox 2743 5036 2959 5104; x_wconf 70' lang='lat' dir='ltr'><strong>peduun</strong></span> <span class='ocrx_word' id='word_1_824' title='bbox 3006 5035 3232 5107; x_wconf 66' lang='lat' dir='ltr'><strong>Hystice</strong></span> <span class='ocrx_word' id='word_1_825' title='bbox 3280 5045 3460 5092; x_wconf 86' lang='lat' dir='ltr'><strong>autem</strong></span> <span class='ocrx_word' id='word_1_826' title='bbox 3508 5052 3703 5094; x_wconf 81' lang='lat' dir='ltr'><strong>cursus</strong></span> <span class='ocrx_word' id='word_1_827' title='bbox 3756 5039 3825 5095; x_wconf 80' lang='lat' dir='ltr'><strong>ad</strong></span> 
     </span>
    </p>
   </div>
   <div class='ocr_carea' id='block_1_111' title="bbox 2234 5125 3823 5197">
    <p class='ocr_par' dir='ltr' id='par_1_111' title="bbox 2234 5125 3823 5197">
     <span class='ocr_line' id='line_1_111' title="bbox 2234 5125 3823 5197; baseline 0.003 -16"><span class='ocrx_word' id='word_1_828' title='bbox 2234 5127 2527 5182; x_wconf 83' lang='lat' dir='ltr'><strong>transitum</strong></span> <span class='ocrx_word' id='word_1_829' title='bbox 2574 5126 2860 5197; x_wconf 64' lang='lat' dir='ltr'><strong>prasentis</strong></span> <span class='ocrx_word' id='word_1_830' title='bbox 2894 5125 3025 5181; x_wconf 59' lang='lat' dir='ltr'><strong>vita</strong></span> <span class='ocrx_word' id='word_1_831' title='bbox 3066 5127 3332 5196; x_wconf 78' lang='lat' dir='ltr'><strong>pertinet,</strong></span> <span class='ocrx_word' id='word_1_832' title='bbox 3383 5127 3467 5182; x_wconf 89' lang='lat' dir='ltr'><strong>vel</strong></span> <span class='ocrx_word' id='word_1_833' title='bbox 3508 5131 3823 5186; x_wconf 84' lang='lat' dir='ltr'><strong>certaminis</strong></span> 
     </span>
    </p>
   </div>
   <div class='ocr_carea' id='block_1_112' title="bbox 2235 5216 3819 5288">
    <p class='ocr_par' dir='ltr' id='par_1_112' title="bbox 2235 5216 3819 5288">
     <span class='ocr_line' id='line_1_112' title="bbox 2235 5216 3819 5288; baseline 0.001 -15"><span class='ocrx_word' id='word_1_834' title='bbox 2235 5232 2460 5288; x_wconf 82' lang='lat' dir='ltr'><strong>agonem</strong></span> <span class='ocrx_word' id='word_1_835' title='bbox 2482 5232 2594 5286; x_wconf 74' lang='lat' dir='ltr'><strong>quo</strong></span> <span class='ocrx_word' id='word_1_836' title='bbox 2620 5216 2821 5272; x_wconf 81' lang='lat' dir='ltr'><strong>milites</strong></span> <span class='ocrx_word' id='word_1_837' title='bbox 2846 5217 3046 5272; x_wconf 77' lang='lat' dir='ltr'><strong>Christi</strong></span> <span class='ocrx_word' id='word_1_838' title='bbox 3096 5218 3149 5271; x_wconf 89' lang='lat' dir='ltr'><strong>in</strong></span> <span class='ocrx_word' id='word_1_839' title='bbox 3178 5218 3280 5274; x_wconf 86' lang='lat' dir='ltr'><strong>hoc</strong></span> <span class='ocrx_word' id='word_1_840' title='bbox 3300 5219 3500 5275; x_wconf 85' lang='lat' dir='ltr'><strong>mundo</strong></span> <span class='ocrx_word' id='word_1_841' title='bbox 3526 5219 3781 5276; x_wconf 82' lang='lat' dir='ltr'><strong>laborant</strong></span> <span class='ocrx_word' id='word_1_842' title='bbox 3804 5239 3819 5275; x_wconf 87' lang='lat'><strong>:</strong></span> 
     </span>
    </p>
   </div>
   <div class='ocr_carea' id='block_1_113' title="bbox 2233 5308 3822 5383">
    <p class='ocr_par' dir='ltr' id='par_1_113' title="bbox 2233 5308 3822 5383">
     <span class='ocr_line' id='line_1_113' title="bbox 2233 5308 3822 5383; baseline 0.002 -17"><span class='ocrx_word' id='word_1_843' title='bbox 2233 5310 2377 5367; x_wconf 66' lang='lat' dir='ltr'><strong>male</strong></span> <span class='ocrx_word' id='word_1_844' title='bbox 2414 5309 2547 5365; x_wconf 85' lang='lat' dir='ltr'><strong>dicit</strong></span> <span class='ocrx_word' id='word_1_845' title='bbox 2572 5308 2859 5379; x_wconf 79' lang='lat' dir='ltr'><strong>Apostolus</strong></span> <span class='ocrx_word' id='word_1_846' title='bbox 2888 5326 2903 5363; x_wconf 87' lang='lat'><strong>:</strong></span> <span class='ocrx_word' id='word_1_847' title='bbox 2944 5309 3173 5366; x_wconf 75' lang='lat' dir='ltr'><strong>Nescitis</strong></span> <span class='ocrx_word' id='word_1_848' title='bbox 3197 5311 3336 5382; x_wconf 83' lang='lat' dir='ltr'><strong>quod</strong></span> <span class='ocrx_word' id='word_1_849' title='bbox 3370 5312 3426 5365; x_wconf 75' lang='lat' dir='ltr'><strong>hi</strong></span> <span class='ocrx_word' id='word_1_850' title='bbox 3446 5312 3539 5383; x_wconf 88' lang='lat' dir='ltr'><strong>qui</strong></span> <span class='ocrx_word' id='word_1_851' title='bbox 3564 5314 3624 5367; x_wconf 76' lang='lat' dir='ltr'><strong>in</strong></span> <span class='ocrx_word' id='word_1_852' title='bbox 3646 5314 3822 5369; x_wconf 76' lang='lat' dir='ltr'><strong>studio</strong></span> 
     </span>
    </p>
   </div>
   <div class='ocr_carea' id='block_1_114' title="bbox 2233 5402 3824 5474">
    <p class='ocr_par' dir='ltr' id='par_1_114' title="bbox 2233 5402 3824 5474">
     <span class='ocr_line' id='line_1_114' title="bbox 2233 5402 3824 5474; baseline 0.001 -16"><span class='ocrx_word' id='word_1_853' title='bbox 2233 5410 2478 5467; x_wconf 82' lang='lat' dir='ltr'><strong>currunt,</strong></span> <span class='ocrx_word' id='word_1_854' title='bbox 2500 5418 2676 5457; x_wconf 84' lang='lat' dir='ltr'><strong>omnes</strong></span> <span class='ocrx_word' id='word_1_855' title='bbox 2704 5402 2914 5474; x_wconf 81' lang='lat' dir='ltr'><strong>quidem</strong></span> <span class='ocrx_word' id='word_1_856' title='bbox 2942 5412 3184 5468; x_wconf 83' lang='lat' dir='ltr'><strong>currunt,</strong></span> <span class='ocrx_word' id='word_1_857' title='bbox 3212 5407 3303 5457; x_wconf 85' lang='lat' dir='ltr'><strong>sed</strong></span> <span class='ocrx_word' id='word_1_858' title='bbox 3325 5419 3461 5458; x_wconf 80' lang='lat' dir='ltr'><strong>unus</strong></span> <span class='ocrx_word' id='word_1_859' title='bbox 3483 5404 3675 5474; x_wconf 84' lang='lat' dir='ltr'><strong>accipit</strong></span> <span class='ocrx_word' id='word_1_860' title='bbox 3703 5404 3824 5461; x_wconf 79' lang='lat' dir='ltr'><strong>bra-</strong></span> 
     </span>
    </p>
   </div>
   <div class='ocr_carea' id='block_1_115' title="bbox 2234 5489 3824 5565">
    <p class='ocr_par' dir='ltr' id='par_1_115' title="bbox 2234 5489 3824 5565">
     <span class='ocr_line' id='line_1_115' title="bbox 2234 5489 3824 5565; baseline 0.002 -18"><span class='ocrx_word' id='word_1_861' title='bbox 2234 5492 2392 5547; x_wconf 74' lang='lat' dir='ltr'><strong>vium.</strong></span> <span class='ocrx_word' id='word_1_862' title='bbox 2444 5489 2545 5547; x_wconf 82' lang='lat' dir='ltr'><strong>Vos</strong></span> <span class='ocrx_word' id='word_1_863' title='bbox 2578 5491 2784 5564; x_wconf 85' lang='lat' dir='ltr'><strong>quidem</strong></span> <span class='ocrx_word' id='word_1_864' title='bbox 2847 5494 2923 5547; x_wconf 86' lang='lat' dir='ltr'><strong>sic</strong></span> <span class='ocrx_word' id='word_1_865' title='bbox 2974 5494 3221 5560; x_wconf 63' lang='lat' dir='ltr'><strong>currite,</strong></span> <span class='ocrx_word' id='word_1_866' title='bbox 3260 5501 3321 5548; x_wconf 80' lang='lat' dir='ltr'><strong>ut</strong></span> <span class='ocrx_word' id='word_1_867' title='bbox 3372 5494 3824 5565; x_wconf 76' lang='lat' dir='ltr'><strong>comprehendatis</strong></span> 
     </span>
    </p>
   </div>
   <div class='ocr_carea' id='block_1_116' title="bbox 2237 5581 3824 5656">
    <p class='ocr_par' dir='ltr' id='par_1_116' title="bbox 2237 5581 3824 5656">
     <span class='ocr_line' id='line_1_116' title="bbox 2237 5581 3824 5656; baseline 0.003 -20"><span class='ocrx_word' id='word_1_868' title='bbox 2237 5581 2289 5651; x_wconf 77' lang='grc'><strong>(1</strong></span> <span class='ocrx_word' id='word_1_869' title='bbox 2314 5582 2439 5638; x_wconf 83' lang='lat' dir='ltr'><strong>Cor.</strong></span> <span class='ocrx_word' id='word_1_870' title='bbox 2470 5581 2568 5656; x_wconf 80' lang='grc' dir='ltr'>ιιι),</span> <span class='ocrx_word' id='word_1_871' title='bbox 2598 5583 2703 5639; x_wconf 84' lang='lat' dir='ltr'><strong>hac</strong></span> <span class='ocrx_word' id='word_1_872' title='bbox 2726 5591 2812 5639; x_wconf 87' lang='lat' dir='ltr'><strong>est</strong></span> <span class='ocrx_word' id='word_1_873' title='bbox 2837 5624 2853 5649; x_wconf 92' lang='lat'><strong>,</strong></span> <span class='ocrx_word' id='word_1_874' title='bbox 2880 5590 2940 5638; x_wconf 90' lang='lat' dir='ltr'><strong>ut</strong></span> <span class='ocrx_word' id='word_1_875' title='bbox 2965 5583 3205 5654; x_wconf 80' lang='lat' dir='ltr'><strong>palmam</strong></span> <span class='ocrx_word' id='word_1_876' title='bbox 3231 5583 3472 5640; x_wconf 66' lang='lat' dir='ltr'><strong>victoria:</strong></span> <span class='ocrx_word' id='word_1_877' title='bbox 3509 5591 3567 5640; x_wconf 86' lang='lat' dir='ltr'><strong>et</strong></span> <span class='ocrx_word' id='word_1_878' title='bbox 3604 5584 3824 5655; x_wconf 86' lang='lat' dir='ltr'><strong>plenam</strong></span> 
     </span>
    </p>
   </div>
   <div class='ocr_carea' id='block_1_117' title="bbox 2236 5675 3296 5746">
    <p class='ocr_par' dir='ltr' id='par_1_117' title="bbox 2236 5675 3296 5746">
     <span class='ocr_line' id='line_1_117' title="bbox 2236 5675 3296 5746; baseline -0.004 -14"><span class='ocrx_word' id='word_1_879' title='bbox 2236 5675 2545 5733; x_wconf 81' lang='lat' dir='ltr'><strong>mercedem</strong></span> <span class='ocrx_word' id='word_1_880' title='bbox 2577 5675 2777 5731; x_wconf 87' lang='lat' dir='ltr'><strong>laboris</strong></span> <span class='ocrx_word' id='word_1_881' title='bbox 2801 5675 2968 5733; x_wconf 82' lang='lat' dir='ltr'><strong>vestri</strong></span> <span class='ocrx_word' id='word_1_882' title='bbox 2996 5675 3296 5746; x_wconf 83' lang='lat' dir='ltr'><strong>accipiatis.</strong></span> 
     </span>
    </p>
   </div>
   <div class='ocr_carea' id='block_1_118' title="bbox 3612 317 3938 390">
    <p class='ocr_par' dir='ltr' id='par_1_118' title="bbox 3612 317 3938 390">
     <span class='ocr_line' id='line_1_118' title="bbox 3612 317 3938 390; baseline 0 0"><span class='ocrx_word' id='word_1_883' title='bbox 3612 317 3938 390; x_wconf 59' lang='grc' dir='ltr'><strong>,ὄξει</strong></span> 
     </span>
    </p>
   </div>
  </div>
