4038 6324
244 329 352 393 569

833 442 1061 501 CAPUT
1098 441 1239 497 XXI.

889 535 966 590 De
991 534 1162 604 jactu.
1818 592 1823 597 .

318 629 509 689 iactus
538 627 776 686 dictus.a
802 624 1080 695 iaciendo;
1115 624 1254 679 unde
1279 631 1336 679 et
1358 624 1688 694 piscatorum
1720 625 1836 674 rete

246 724 487 795 iaculum
517 720 734 777 dicitur.
767 718 904 776 Huic
934 719 1037 774 arti
1067 734 1196 774 usus
1223 725 1307 773 est
1353 723 1602 786 aecemos
1631 712 1840 783 lapides
1861 785 1879 791 _

253 812 446 887 procul
483 811 665 876 ferire,
699 809 884 865 hastas
906 811 1145 880 pondere
1173 806 1366 864 librato
1386 806 1587 877 jacere,
1615 803 1838 875 sagittas

258 922 390 969 arcu
415 905 684 965 emittere.
820 950 823 961 .

827 991 1054 1051 CAPUT
1094 991 1256 1049 XXII.

900 1086 974 1140 De
1001 1087 1207 1141 virtute.

333 1184 517 1237 Virtus
539 1180 987 1236 estimmensitas
1024 1180 1255 1244 virium:
1289 1178 1344 1235 in
1396 1176 1583 1234 labore
1614 1183 1671 1231 et
1708 1191 1841 1246 pon-

261 1275 392 1330 dere
419 1273 683 1344 corporis.
713 1273 896 1329 Virtus
944 1271 1180 1342 pertinet
1213 1271 1282 1325 ad
1321 1269 1638 1324 exercitium
1686 1266 1843 1337 spiri-

263 1366 390 1433 tale,
431 1374 492 1420 ut
517 1364 810 1423 virtutibus
844 1364 1145 1429 vincamus,
1174 1361 1305 1417 vitia
1332 1375 1668 1431 superemus.

832 1472 1060 1529 CAPUT
1102 1472 1285 1527 XXIII.

858 1544 936 1599 De
963 1544 1265 1599 luctatione.

336 1636 583 1693 Luctatio
612 1652 641 1690 a
668 1635 899 1691 laterum
923 1634 1205 1704 complexu
1234 1643 1443 1699 vocata,
1463 1633 1658 1702 quibus
1678 1631 1849 1689 comi-

266 1743 370 1783 nus
424 1734 695 1782 certantes
719 1726 1048 1793 ,innituntur
1081 1742 1097 1779 :
1138 1725 1232 1794 qui
1266 1724 1455 1781 Graeca
1495 1723 1849 1794 appellatione

1196 326 1288 391 DE
1322 322 1669 388 UNIVERSO
1702 316 1881 380 LIBRI
1916 314 2081 373 XXII.
2114 342 2191 359 -ι
2226 313 2354 373 LIB.
2397 312 2513 369 XX.

1860 434 1912 495 Α
1940 430 2013 484 ita
2050 429 2198 485 omni
2226 427 2589 484 sollicitudine
2627 442 2691 483 ac
2714 426 2955 495 tristitia,
2988 426 3323 500 negotiisque
3348 420 3518 486 saecu-

1940 522 2162 588 laribus,
2193 519 2386 578 affectu
2429 521 2591 576 etiam
2627 528 2681 577 et
2736 536 2898 593 opere
2922 519 3188 593 coniugali
3217 520 3523 581 elliciuntur

1937 613 2097 670 alieni
2133 623 2233 669 :ut
2262 623 2460 684 praeter
2487 614 2810 676 exercitium
2852 613 3150 684 disciplinac
3194 614 3326 670 nihil
3373 614 3521 671 aliud

1938 708 2205 774 noverint,
2231 721 2332 762 nec
2352 706 2445 762 ulli
2471 707 2727 763 mundiali
2751 721 2896 762 cura:
2916 705 3131 777 penitus
3158 706 3517 776 implicentur:

1937 798 2006 854 ab
2031 812 2096 854 eo
2136 805 2343 852 tantum
2373 838 2389 864 ,
2435 798 2527 868 qui
2575 796 2859 857 certamini
2903 797 3200 866 praesidet,
3241 806 3523 867 sperantes

1939 888 2234 960 quotidiani
2274 889 2450 945 rictus
2496 889 2874 954 substantiam,
2918 895 2973 947 et
3014 903 3226 947 coronis
3250 888 3476 962 gloriam
3508 930 3524 957 ,

1938 980 2313 1052 condignaque
2340 980 2561 1052 praemia
2594 979 2835 1035 victoriae
2863 978 3020 1037 laude
3046 980 3386 1049 conquirere.
3420 979 3527 1035 Ita-

1942 1084 2050 1141 que
2088 1071 2137 1125 si
2174 1072 2364 1143 agouis
2410 1070 2699 1127 mundialis
2747 1070 3096 1143 intelligimus
3139 1070 3481 1141 disciplinam
3509 1112 3526 1143 ,

1943 1148 2095 1230 cujus
2123 1162 2371 1235 exemplo
2419 1163 2609 1217 beatus
2637 1161 2912 1232 apostolus
2948 1175 3048 1216 nos
3074 1159 3247 1217 voluit
3280 1161 3521 1229 erudire,

1944 1251 2099 1311 docet
2124 1261 2325 1323 quanta
2354 1253 2601 1309 custodia
2642 1252 2773 1322 quid
2823 1266 2923 1307 nos
2972 1251 3262 1309 conveniat
3304 1248 3527 1307 facere:

1943 1358 2050 1415 qua
2079 1345 2313 1415 puritate
2328 1354 2579 1414 oporteat
2607 1344 2879 1400 custodire
2904 1344 3077 1401 nostri
3100 1345 3346 1415 corporis
3368 1354 3532 1415 atque

1946 1434 2141 1491 animae
2165 1435 2472 1490 castitatem
2491 1476 2506 1499 ,
2536 1450 2672 1505 quos
2701 1449 2921 1491 necesse
2946 1442 3030 1491 est
3062 1434 3303 1507 quotidie
3348 1448 3534 1489 sacro-

1947 1527 2152 1585 sanctis
2178 1528 2303 1599 agni
2336 1527 2591 1582 carnibus
2614 1526 2781 1583 vesci.
2821 1525 2974 1594 Quod
3003 1526 3144 1585 enim
3181 1525 3256 1583 illi
3302 1525 3358 1580 in
3414 1540 3535 1582 cor-

1947 1621 2095 1695 poris
2130 1621 2370 1691 puritate
2400 1621 2622 1692 cnpiunt
2660 1621 2898 1691 assequi,
2939 1636 3040 1679 nos
3079 1620 3338 1681 debemus
3369 1622 3535 1683 etiam

1952 1711 2006 1766 in
2036 1711 2216 1767 cordis
2238 1712 2572 1769 conscientia
2608 1713 2904 1787 possidere.
2942 1712 3002 1769 In
3033 1728 3137 1785 qua
3168 1713 3428 1770 Dominus
3451 1728 3536 1768 ar-

267 1820 486 1875 atlilctte
509 1827 791 1874 vocantur.
836 1818 970 1873 Nam
1010 1826 1065 1873 et
1114 1818 1337 1873 luctatio
1366 1827 1550 1872 nostra
1588 1817 1848 1887 spiritalis
1876 1802 1922 1863 Β
1948 1803 2090 1860 bile?
2112 1812 2273 1873 atque
2300 1804 2565 1875 agonmea
2577 1802 2964 1877 {agenothcta]
3008 1805 3271 1872 residens,
3296 1821 3535 1881 pugnam

158 1926 163 1931 .
268 1920 372 1976 ea,
405 1926 513 1967 υοη
558 1894 797 1966 manus
822 1929 835 1964 ε
866 1910 1031 1979 quia,
1076 1916 1214 1969 teste
1258 1909 1516 1980 Apostolo
1560 1908 1719 1981 (Eph.
1749 1910 1848 1975 vi).

268 2018 377 2063 non
410 2009 497 2061 est
523 2001 680 2061 nobis
705 2000 1016 2057 colluctatio
1054 2001 1315 2059 adversus
1350 2015 1568 2057 carnem
1622 2010 1678 2059 et
1728 2015 1854 2057 san-

268 2096 486 2167 guinem
516 2110 531 2146 :
565 2093 661 2151 sed
699 2093 957 2149 adversus
984 2092 1255 2165 principes
1290 2100 1348 2151 et
1389 2100 1683 2163 potestates
1703 2132 1720 2159 ,
1754 2092 1853 2147 ad-

273 2202 463 2243 versus
484 2186 675 2245 mundi
710 2194 950 2241 rectores
988 2186 1334 2248 tenebrarum
1372 2187 1567 2245 barum
1594 2226 1613 2253 ,
1664 2196 1854 2245 contra

269 2280 538 2353 spiritaia
566 2279 818 2350 neqnitiae
850 2279 908 2341 iu
935 2279 1267 2337 caelestibus.

519 2397 531 2404 ’
834 2389 1062 2448 CAPUT
1100 2389 1289 2447 XXIV.

875 2462 953 2517 De
978 2463 1244 2533 μαίωσιν-α.

345 2553 524 2615 [meus
564 2562 746 2613 autem
784 2555 1094 2612 lectationis
1147 2554 1398 2625 palaestra
1435 2553 1650 2611 dicitur.
1688 2554 1858 2611 Palae-

232 2654 448 2707 istrani
493 2654 675 2703 autem
714 2645 798 2705 vel
826 2662 927 2716 apo
976 2654 1051 2703 tes
1094 2644 1264 2716 pales,
1294 2645 1348 2701 id
1373 2654 1457 2699 est
1485 2660 1515 2700 a
1543 2644 1858 2711 luctatione,

272 2738 362 2794 vel
388 2754 488 2807 apo
519 2746 609 2793 tou
629 2736 847 2809 pallein,
872 2738 927 2793 id
946 2746 1047 2801 est,
1074 2752 1105 2795 ιι
1136 2746 1286 2793 motu
1316 2737 1484 2792 ruina:
1507 2736 1663 2794 fortis
1689 2739 1863 2794 nomi-

275 2836 464 2892 natam
494 2828 682 2888 dicunt
708 2846 721 2882 :
749 2828 958 2887 scilicet
980 2829 1122 2898 quod
1149 2829 1203 2883 in
1232 2828 1484 2885 luctando
1502 2843 1628 2884 cum
1656 2830 1864 2886 medios

275 2919 559 2991 arripiant,
608 2918 724 2979 fere
749 2921 1023 2991 quatiunt,
1050 2920 1213 2993 idque
1237 2920 1380 2991 apud
1404 2918 1624 2979 Graecos
1666 2920 1865 2991 palleia

281 3020 529 3071 vocatur.

848 3101 1075 3161 CAPUT
1116 3101 1282 3159 XXV.

920 3196 1224 3269 De'agone.
1890 3159 1941 3225 Ο

348 3286 482 3357 Quae
526 3287 707 3346 Latini
748 3290 1072 3355 certamina,
1112 3288 1290 3349 Graeci
1338 3305 1541 3361 agonas
1570 3296 1787 3356 vocant,
1835 3303 1870 3343 ιι

274 3378 582 3451 frequentia
610 3396 715 3451 qua
743 3382 1091 3439 celebrantur
1125 3400 1136 3436 :
1172 3383 1437 3453 siquidem
1493 3398 1713 3441 omnem
1758 3396 1871 3439 cm—

278 3482 395 3529 tnm
440 3481 601 3544 atque
650 3481 973 3528 conventum
1022 3488 1195 3545 agona
1243 3474 1370 3533 dici.
1421 3474 1565 3541 Alii,
1619 3475 1765 3544 quod
1814 3475 1871 3530 in

276 3562 496 3619 circulis
532 3571 588 3618 et
617 3562 777 3632 quasi
817 3564 1022 3632 agonis,
1057 3564 1112 3618 id
1158 3573 1271 3629 est,
1320 3565 1439 3620 sine
1469 3564 1666 3634 angulo
1714 3564 1868 3631 locis,

279 3652 590 3719 ederentur,
628 3662 966 3723 nuncupatos
993 3668 1195 3724 agonas
1220 3664 1429 3724 putant.

855 3761 1085 3819 CAPUT
1125 3763 1313 3819 XXVI.

757 3832 836 3887 De
863 3835 1135 3904 generibus
1157 3853 1403 3906 agonum.

358 3926 605 4001 Agonum
644 3940 845 3996 genera
876 3935 1003 3985 sunt
1042 3929 1159 3984 haec
1206 3947 1219 3982 :
1253 3930 1591 3988 immensitas
1631 3932 1872 4001 virium,

283 4033 477 4079 cursus
504 4016 780 4084 celeritas,
816 4018 1109 4089 sagittandi
1139 4020 1353 4089 peritia,
1376 4023 1555 4079 standi
1585 4026 1872 4095 patientia,

282 4112 355 4169 ad
383 4109 645 4167 citharam
672 4124 888 4180 quoque
915 4110 1077 4167 tibias
1114 4111 1402 4171 incedendi
1426 4122 1630 4187 gestus,
1657 4118 1728 4173 de
1752 4131 1872 4174 mo-

285 4201 440 4256 ribus
467 4217 702 4271 quoque,
759 4203 825 4256 de
872 4204 1065 4268 forma,
1097 4203 1163 4258 de
1196 4206 1449 4261 cantandi
1482 4208 1871 4277 modulatione,

288 4294 566 4348 terrestris
591 4308 807 4363 quoque
833 4294 982 4361 belli,
1022 4304 1080 4349 et
1117 4296 1327 4353 navalis
1348 4299 1539 4367 praelii,
1563 4303 1871 4373 perpetien-

1952 1908 2142 1953 cursns
2165 1903 2327 1966 atque
2347 1894 2658 1952 certaminis
2689 1894 3080 1969 nostrijngiter
3108 1906 3388 1968 exspectat
3435 1916 3448 1952 :
3480 1907 3541 1957 ut

1952 2001 2036 2052 ea,
2083 2002 2205 2059 quae
2248 1987 2306 2043 in
2342 1986 2626 2061 propatulo
2670 1988 2956 2045 horremus
2991 1988 3278 2045 admittere
3302 2029 3318 2056 ,
3363 2004 3432 2045 ne
3464 1990 3543 2046 in-

1955 2080 2230 2137 trinsecus
2257 2080 2476 2152 quidem
2526 2080 2907 2138 concalescere
2933 2081 2992 2137 in
3012 2090 3174 2141 cauta
3215 2084 3546 2155 cogitatione
3582 2088 3587 2095 '

1954 2172 2262 2243 patiamur:
2292 2180 2350 2227 et
2386 2172 2437 2227 in
2474 2172 2673 2244 quibus
2700 2173 2941 2231 humana
2966 2175 3294 2246 cogitatione
3319 2175 3545 2232 confun-

1955 2262 2134 2319 dimur
2155 2303 2170 2330 ,
2226 2278 2295 2317 ne
2330 2262 2544 2319 occulta
2576 2263 2795 2334 quidem
2846 2265 3282 2336 concupiscentia
3337 2267 3547 2336 pollua-

1958 2368 2099 2411 mur.
2131 2353 2260 2422 Quae
2287 2354 2415 2410 licet
2435 2355 2605 2426 possit
2633 2355 2911 2413 hominum
2953 2356 3233 2425 praeterire
3270 2357 3546 2426 notitiam,

1959 2453 2272 2501 sanctorum
2307 2454 2488 2502 tamen
2512 2447 2850 2519 angelorum,
2868 2436 3143 2519 ipsiusque
3164 2448 3549 2520 omnipotentis

1961 2536 2059 2592 Dei
2084 2538 2366 2597 scientiam
2394 2539 2540 2593 nulla
2566 2538 2970 2611 subterfugiunt
2995 2548 3225 2608 secreta,
3255 2554 3355 2595 nec
3379 2540 3551 2597 latere

1960 2636 2246 2701 poterunk
2287 2630 2355 2687 Et
2404 2630 2459 2686 in
2503 2632 2608 2687 hoc
2642 2630 2870 2686 multum
2904 2631 3092 2701 dispar
3120 2632 3323 2688 donum
3342 2638 3453 2700 est,
3484 2645 3553 2689 ac

1962 2733 2060 2788 per
2088 2720 2192 2774 hoc
2219 2720 2585 2792 diligentiores
2613 2738 2714 2778 nos
2751 2736 2871 2779 esse
2900 2722 3178 2789 debemus,
3207 2722 3402 2793 quibus
3442 2736 3553 2781 non

1966 2811 2196 2867 terrenis
2223 2820 2278 2866 et
2300 2814 2765 2870 marcescentibus
2792 2812 3032 2882 ﬂoribus,
3061 2814 3156 2871 sed
3181 2810 3399 2873 internis
3420 2830 3551 2872 con-

1963 2912 2110 2963 serta
2148 2906 2401 2976 gemmis,
2452 2907 2507 2963 in
2535 2907 2756 2964 modum
2783 2907 2985 2979 regalis
3004 2908 3350 2978 diadematis,
3388 2910 3551 2981 spiri-

1966 2994 2094 3053 talis
2116 3011 2321 3057 corona
2338 3006 2612 3055 servatur.

2524 3091 2754 3149 CAPUT
2794 3090 3005 3148 XXVII.

2470 3182 2550 3237 De
2580 3183 2720 3238 ludis
2744 3185 3081 3241 circensibus.

2042 3274 2178 3330 Ludi
2227 3274 2499 3331 circenses
2540 3291 2818 3332 sacrorum
2857 3269 3019 3334 cauea
3068 3292 3132 3332 ac
3179 3278 3401 3333 deorum
3434 3294 3561 3352 gen-

1973 3368 2149 3425 tilium
2188 3369 2644 3428 celebrationibus
2690 3372 2924 3428 instituti
2975 3383 3144 3430 sunt:
3190 3375 3330 3430 unde
3373 3383 3428 3431 et
3466 3377 3559 3447 qui

1973 3478 2069 3520 eos
2116 3474 2475 3536 exspectant,
2534 3467 2843 3523 daemonum
2888 3467 3121 3525 cultibus
3171 3468 3438 3526 inservire
3481 3471 3560 3525 vi-

1974 3556 2192 3614 dentur.

2505 3649 2732 3708 CAPUT
2772 3652 3007 3710 XXVIII.

2629 3745 2708 3800 Dc

2043 3834 2105 3889 In
2132 3835 2299 3902 circo,
2327 3838 2469 3894 unde
2493 3839 2822 3894 emittuntur
2844 3841 2992 3911 equi,
3035 3855 3285 3900 carceres
3308 3842 3563 3902 dixerunt

1974 3926 2045 3983 ab
2088 3943 2155 3984 ea
2211 3944 2290 3995 re,
2340 3945 2448 4002 qua
2478 3938 2531 3987 et
2568 3930 2657 3986 ille
2685 3946 2893 3997 carcer,
2939 3933 3033 4003 qui
3079 3943 3165 3989 est
3208 3935 3264 3990 in
3298 3936 3560 3993 civitate:

1972 4017 2123 4088 quod
2163 4018 2304 4075 sicut
2330 4021 2406 4076 ibi
2450 4022 2701 4078 homines
2751 4023 2992 4077 damnati
3036 4032 3201 4094 atque
3238 4025 3457 4094 inclusi,
3484 4028 3561 4083 ita

1974 4108 2065 4165 hic
2088 4111 2212 4180 equi
2241 4123 2583 4181 coercentur,
2628 4129 2700 4169 ne
2749 4124 2984 4181 exeant,
3024 4124 3316 4187 antequam
3348 4119 3561 4190 signum

1974 4204 2246 4261 emittant.
2274 4204 2481 4262 Carcer
2508 4213 2689 4262 autem
2712 4206 3029 4278 spiritaliter
3052 4223 3269 4279 prunam
3295 4211 3567 4283 significat

1968 4307 2297 4372 praisean
2352 4299 2439 4356 vel
2483 4299 2721 4356 futuram
2754 4318 2768 4355 :
2813 4309 2873 4355 ut
2905 4311 2990 4373 est
3035 4302 3167 4358 illud
3201 4303 3505 4362 Psalmistte
3545 4323 3560 4361 :

286 4384 589 4454 dorumque
614 4386 998 4454 suppliciorum
1025 4389 1350 4443 certamina.
1383 4389 1462 4445 De
1490 4406 1660 4463 agone
1693 4402 1874 4448 autem
1976 4393 2147 4458 Educ,
2182 4392 2360 4463 inquit
2389 4433 2405 4459 ,
2454 4392 2521 4446 de
2544 4408 2753 4458 carcere
2805 4395 3037 4449 animum
3080 4412 3271 4465 mam,
3302 4398 3373 4453 ad
3399 4399 3565 4471 conﬁ-

280 4474 561 4529 mundano
595 4474 883 4544 Apostolus
933 4478 1161 4546 sumpsit
1207 4479 1513 4548 exemplum
1550 4483 1615 4537 ad
1645 4498 1873 4555 agonem
1898 4534 1951 4556 π
1974 4485 2190 4539 tendum
2220 4484 2421 4538 nomini
2455 4490 2547 4537 tuo
2597 4481 2772 4555 (Psal.
2804 4485 2968 4556 om).
3000 4486 3099 4541 Hic
3128 4499 3405 4545 carcerem
3462 4490 3566 4547 du-

286 4563 582 4636 spiritalem
626 4583 638 4618 :
669 4565 856 4623 dicens
891 4583 904 4619 :
950 4565 1134 4635 Omnis
1182 4578 1361 4623 autem
1396 4560 1417 4636 ,’
1458 4573 1548 4642 qui
1604 4574 1657 4628 in
1707 4592 1874 4646 agone
1898 4560 1952 4594 υ
1978 4578 2105 4650 plici
2128 4579 2289 4632 modo
2317 4576 2552 4648 majores
2588 4577 2890 4649 intelligere
2925 4578 3355 4636 voluerunt:aut
3382 4582 3569 4639 saeculi

285 4656 575 4723 contendit,
593 4657 657 4711 ab
674 4658 914 4715 omnibus
940 4676 995 4715 se
1009 4660 1252 4723 abstinet,
1274 4661 1414 4716 etilli
1430 4664 1661 4734 quidem,
1686 4676 1741 4722 ut
1758 4684 1875 4721 cor—
1979 4668 2139 4724 istius
2164 4667 2406 4738 poenales
2451 4668 2728 4736 angustias
2750 4708 2764 4730 ,
2797 4684 2934 4737 quas
2963 4670 3204 4741 patimur
3230 4674 3285 4726 in
3316 4672 3421 4727 isto
3446 4688 3572 4729 cor-

286 4747 583 4819 rtipti'bilem
607 4765 857 4821 coronam
878 4751 1282 4823 accipiantmos
1298 4764 1474 4809 autem
1487 4756 1869 4827 incorruptam,
1972 4776 2110 4833 pore
2137 4759 2419 4816 constituti
2461 4777 2475 4811 :
2518 4767 2613 4812 aut
2663 4760 2838 4830 magis
2869 4762 3144 4816 custodias
3178 4761 3398 4828 inferni,
3431 4777 3569 4832 quas

286 4848 392 4899 etc.
411 4838 459 4913 (Ι
479 4838 601 4897 Cor.
621 4841 990 4915 ix).Aquibus
1009 4845 1264 4901 omnibus
1282 4846 1501 4912 dixerit,
1516 4848 1872 4918 inquiramus,
1972 4853 2210 4908 evadere
2241 4865 2348 4906 non
2377 4850 2504 4907 licet
2534 4850 2654 4920 lege
2681 4850 3036 4908 humanitatis
3069 4852 3317 4909 inﬁrmae.
3369 4855 3572 4912 Carcer

286 4940 347 4988 ut
372 4933 544 5004 possit
580 4933 738 4989 nobis
779 4934 1039 5006 spiritalis
1068 4936 1258 5008 agonis
1285 4937 1573 4995 instructio
1595 4954 1876 5011 compara-
1974 4946 2127 5002 enim
2155 4946 2329 5000 dictus
2358 4952 2464 5010 est,
2501 4944 2657 5014 quasi
2698 4959 2895 5000 arcer:
2941 4959 3009 5000 eo
3046 4943 3190 5014 quod
3219 4960 3250 4999 ιι
3288 4959 3347 5001 se
3383 4956 3569 5003 arceat

290 5025 437 5082 tione
480 5026 715 5083 carnalis
744 5028 974 5099 acquiri.
1005 5028 1088 5084 Illi
1112 5030 1333 5098 etenim,
1363 5032 1457 5103 qui
1485 5033 1542 5089 in
1572 5033 1677 5091 hoc
1701 5049 1875 5103 agone

284 5118 484 5176 visibili
532 5119 753 5175 student
792 5120 1031 5192 legitime
1065 5123 1363 5191 decertare,
1395 5125 1579 5182 utendi
1623 5127 1876 5185 omnibus

285 5211 451 5276 escis,
482 5225 618 5280 quas
659 5211 915 5267 desiderii
959 5212 1125 5268 libido
1160 5215 1512 5286 suggesserit,
1544 5203 1651 5272 non
1675 5217 1877 5275 habent

287 5300 603 5363 facultatem
637 5317 652 5357 :
685 5305 779 5362 sed
804 5304 912 5361 illis
944 5307 1340 5373 tantummodo,
1383 5323 1523 5377 quas
1561 5311 1876 5367 eorundem

290 5395 653 5453 certaminum
681 5397 873 5453 statuit
897 5397 1203 5470 disciplina.
1247 5400 1315 5454 Et
1354 5416 1460 5459 non
1498 5402 1670 5458 solum
1704 5404 1874 5460 inter-

290 5489 455 5547 dictis
481 5491 624 5548 escis
652 5500 707 5547 et
751 5492 1032 5561 ebrietate,
1066 5495 1327 5565 omnique
1374 5497 1593 5566 crapula
1633 5512 1729 5554 eos
1784 5514 1881 5556 ne:

292 5599 450 5645 casse
483 5594 568 5641 est
595 5586 905 5643 abstinere:
930 5603 1116 5644 verum
1155 5590 1319 5645 etiam
1366 5600 1561 5646 cuncta
1604 5592 1803 5647 inertia
1824 5601 1881 5648 et

292 5677 409 5735 otio
438 5684 601 5747 atque
640 5678 869 5745 desidia,
917 5688 974 5735 ut
1020 5681 1355 5751 quotidianis
1393 5683 1689 5747 exercitiis,
1736 5684 1878 5755 iugi-

293 5783 402 5842 que
424 5769 777 5828 meditatione
804 5772 976 5827 virtus
1002 5786 1189 5833 eorum
1232 5774 1402 5846 possit
1435 5790 1750 5833 accrescere
1778 5793 1792 5831 :
1824 5783 1880 5831 et

1982 5039 2136 5094 exire
2163 5036 2469 5092 conclusos.
2502 5035 2608 5092 Sed
2637 5052 2734 5091 cur
2766 5050 2826 5093 se
2851 5036 2919 5092 de
2946 5037 3051 5092 isto
3083 5050 3305 5093 carcere
3339 5037 3573 5095 liberare

1985 5130 2341 5195 desideraret,
2365 5145 2529 5185 causa
2560 5130 2909 5200 subsequitur
2938 5144 2953 5183 :
2983 5128 3065 5183 Ad
3094 5130 3449 5199 conﬁtendum
3479 5148 3573 5187 no-

1984 5224 2113 5278 mini
2139 5232 2249 5277 tuo.
2279 5223 2430 5277 Tune
2456 5223 2603 5278 enim
2648 5239 2679 5279 a
2724 5224 2933 5278 cunctis
2980 5222 3231 5280 fidelibus
3268 5224 3415 5281 Patri
3437 5241 3571 5283 con-

1986 5314 2152 5371 fessio
2196 5315 2371 5371 laudis
2399 5316 2706 5381 exhibetur,
2733 5314 2949 5385 quando
2984 5329 3109 5371 eum
3155 5317 3579 5377 resurrectionis

1988 5408 2253 5465 miraculo
2281 5407 2349 5464 de
2376 5406 2572 5462 inferni
2604 5420 2829 5461 carcere
2854 5415 3066 5462 constat
3100 5409 3377 5465 eductum.

2551 5497 2780 5554 CAPUT
2817 5497 3010 5555 XXIX.

2624 5589 2702 5644 De
2733 5589 2955 5661 aurigis.
3018 5613 3029 5623 -

2057 5680 2173 5736 Ars-
2196 5680 2361 5746 circi,
2409 5681 2595 5753 auriga
2644 5690 2699 5737 et
2731 5697 2947 5749 currus,
2977 5684 3189 5754 equites
3209 5684 3322 5741 sive
3344 5680 3584 5756 pediteg.’

1986 5775 2185 5849 Auriga
2212 5775 2432 5846 preprie
2463 5775 2670 5844 dictus,
2702 5777 2847 5849 quod
2893 5792 3109 5835 currum
3138 5789 3261 5853 agat
3297 5789 3352 5838 et
3393 5784 3573 5853 regat,
