4038 6324
511 349 614 412 551

507 476 621 529 sive
657 470 796 537 quod
827 465 984 519 feriat
1018 467 1233 532 iunctos
1281 477 1466 531 equos.
1499 460 1631 514 Nam
1672 460 1872 526 haurit,
1916 461 1967 515 id
2000 467 2082 515 est
2109 468 2155 527 Α

493 562 654 630 ἰωὴ,
701 567 802 613 ut:
843 557 1003 610 Latus
1039 555 1212 608 haurit
1251 564 1509 624 apertum.
1551 555 1666 623 Ipse
1708 562 1790 608 est
1823 563 1879 607 et
1915 553 2084 622 agita-

509 663 612 718 tor,
647 652 697 706 id
729 656 830 714 est,
858 649 1189 711 verberator,
1218 645 1288 699 ab
1317 646 1524 715 agendo
1550 644 1745 698 dictus.

1073 755 1297 813 CAPUT
1335 753 1503 808 XXX.

1145 827 1221 881 De
1251 843 1428 880 curru.

579 927 781 982 Currus
803 929 983 977 autem
1027 936 1057 975 a
1097 935 1259 974 cursu
1289 919 1486 984 dictus,
1519 917 1607 972 vel
1636 916 1759 987 quia
1807 922 1954 972 rotas
1986 913 2085 968 ha-

505 1023 638 1077 bere
658 1018 876 1073 videtur
909 1033 922 1069 :
955 1013 1100 1069 unde
1125 1021 1180 1066 et
1205 1027 1419 1068 carrum
1447 1052 1462 1077 ,
1491 1011 1646 1080 quasi
1672 1023 1910 1064 cursum.
1945 1005 2082 1061 Cur-

508 1123 600 1162 rus
626 1106 726 1161 sub
749 1102 1008 1174 allegoria
1033 1100 1227 1171 duplici
1254 1099 1413 1154 modo
1437 1097 1773 1169 intelligitur.
1803 1097 1912 1150 Aut
1940 1094 2084 1150 enim

507 1199 780 1270 angelicas
811 1195 1085 1250 exercitus
1132 1194 1188 1248 in
1219 1206 1286 1248 eo
1315 1192 1637 1262 exprimitur
1666 1209 1680 1245 :
1720 1190 1864 1246 unde
1889 1189 2086 1261 legitur

505 1291 558 1345 in
589 1289 728 1344 libro
767 1286 976 1358 Regum
1013 1283 1160 1339 Elias
1211 1283 1367 1354 igneo
1415 1299 1581 1338 curru
1635 1290 1822 1350 raptus
1868 1281 1925 1335 in
1969 1293 2081 1334 coa-

503 1384 613 1438 lum
643 1380 744 1455 (IV
775 1382 905 1454 Reg.
939 1381 1033 1453 u);
1065 1395 1165 1451 per
1193 1379 1412 1451 angelos
1447 1379 1644 1448 quippe
1676 1377 1765 1430 illa
1807 1375 1950 1431 facta
1975 1417 1989 1441 ,
2031 1383 2086 1430 et

500 1486 718 1544 ostensa
754 1483 881 1531 sunt
934 1471 1246 1543 adjumenta
1275 1486 1290 1525 :
1321 1471 1446 1540 quia
1486 1483 1589 1524 nec
1622 1470 1689 1523 ad
1713 1468 1909 1524 coelum
1961 1466 2082 1537 qui-

501 1571 625 1628 dem
655 1583 874 1626 aereum
899 1582 996 1639 per
1027 1565 1405 1634 seascendere
1435 1571 1666 1634 poterat,
1686 1577 1847 1632 quem
1877 1569 2085 1616 naturai

500 1676 612 1718 sua:
662 1660 952 1717 infirmitas
1003 1658 1265 1729 gravabat
1304 1675 1318 1710 :
1356 1657 1794 1711 aut'sanctorum
1841 1653 2084 1708 omnium

495 1753 731 1818 societas
760 1770 775 1808 :
804 1752 949 1806 unde
976 1757 1061 1806 est
1090 1747 1220 1803 illud
1248 1746 1548 1801 Psalmista:
1575 1763 1589 1798 :
1623 1735 1822 1799 Curi-us
1853 1743 1952 1798 Dei
1989 1744 2083 1797 de-

503 1810 618 1902 cem:
638 1810 864 1902 millium
892 1839 1184 1911 multiplex,
1223 1837 1393 1892 millia
1422 1836 1734 1901 ltrtantium,
1759 1835 2016 1889 Dominus
2031 1834 2086 1889 in
2113 1810 2161 1869 Β

488 1933 604 2000 illis
629 1932 802 2005 (Psal.
836 1930 1026 2004 van).
1045 1929 1367 1985 Sanctorum
1394 1942 1523 1998 ergo
1542 1927 1870 1981 unanimitas
1894 1939 2085 1979 currus

500 2033 599 2094 est.
616 2022 854 2090 Domini,
882 2037 1041 2092 quem
1080 2020 1190 2086 ille,
1221 2020 1366 2075 velut
1393 2019 1604 2090 auriga,
1636 2018 1865 2084 insidet,
1919 2023 1974 2072 et
2018 2015 2087 2071 ad

498 2114 794 2187 voluntatis
825 2129 933 2168 sua:
958 2111 1320 2168 ministerium
1340 2109 1561 2166 salutari
1586 2109 1704 2179 lege
1732 2109 2082 2174 moderatur:

501 2207 595 2276 sed
644 2204 893 2267 utistum
920 2217 1138 2257 currum
1169 2200 1478 2255 ostenderet
1511 2213 1620 2254 non
1663 2197 1816 2267 equis
1844 2197 2084 2252 deditum

499 2293 872 2366 sedghumanis
901 2291 1317 2364 cogitationibus
1350 2289 1668 2344 attributum
1699 2327 1714 2352 ,
1753 2287 1828 2341 ait
1856 2303 1868 2340 :
1895 2286 2084 2340 Decem

494 2385 720 2450 millium
754 2381 1070 2454 multiplex:
1102 2381 1244 2453 quod
1280 2382 1417 2436 bene
1451 2380 1518 2434 ad
1550 2380 1864 2434 innumeros
1915 2393 2083 2448 popu-

485 2479 605 2548 los,
639 2494 747 2536 non
803 2476 872 2530 ad
919 2490 1093 2546 equos
1138 2475 1382 2530 noscitur
1417 2473 1712 2544 pertinere,
1749 2470 2027 2540 subiunxit
2066 2487 2080 2524 :

498 2571 671 2640 Millia
709 2569 1005 2628 laetantium
1047 2581 1068 2620 ε
1115 2568 1260 2639 quod
1289 2566 1478 2636 utique
1524 2567 1592 2620 de
1645 2564 1894 2620 ﬁdelibus
1923 2562 2084 2618 debet

493 2661 740 2734 intelligi.
771 2661 841 2717 Et
865 2667 926 2714 ut
949 2659 1325 2714 ostenderetur
1373 2656 1571 2711 laetitiae
1601 2656 1878 2726 plenitudo
1901 2695 1914 2719 ,
1959 2653 2032 2708 ait
2063 2671 2077 2708 :

496 2735 752 2808 Dominus
773 2753 827 2821 in
849 2750 955 2806 illis
982 2764 1000 2802 :
1026 2750 1118 2820 qui
1146 2765 1355 2821 magnae
1381 2748 1760 2804 exsultationis
1781 2756 1866 2802 est
1893 2761 2083 2801 cumu-

496 2845 612 2910 lus,
661 2852 719 2900 et
754 2845 1020 2899 bonorum
1062 2841 1302 2895 omnium
1349 2839 1572 2894 dulcedo
1624 2838 1906 2916 mirabilis.
1946 2836 2081 2890 Nam

493 2931 783 3006 aliquando
813 2946 1004 2988 currus
1031 2931 1263 2987 societas
1296 2929 1607 2999 impiorum,
1640 2927 1858 2983 vinculo
1878 2941 2078 2996 pecca-

500 3035 680 3098 torum
712 3023 953 3095 alligata,
979 3021 1314 3092 intelligitur.
1347 3019 1501 3076 Unde
1525 3019 1580 3073 in
1601 3017 1786 3072 Exodo
1822 3016 2081 3087 scriptum

493 3125 621 3188 est:
657 3115 857 3170 Curras
905 3113 1237 3180 Pharaonis,
1292 3123 1340 3168 et
1373 3113 1660 3168 exercitum
1702 3110 1817 3181 ejus
1863 3109 2080 3180 projecit

485 3211 550 3282 ,in
566 3207 949 3282 ,mare,(Ea:od.
973 3208 1087 3280 xv).

910 3363 913 3366 _
1045 3298 1275 3355 CAPUT
1314 3297 1510 3356 XXXI.

541 3439 543 3442 .
627 3422 636 3458 χ
695 3443 704 3454 ,
898 3393 976 3448 De
1004 3391 1390 3463 equiquuibus
1431 3391 1680 3445 curritur.

488 3484 868 3561 Quadrigae,
899 3491 954 3537 et
982 3483 1141 3553 bigae,
1176 3489 1231 3536 et
1284 3482 1437 3550 trigze
1456 3522 1470 3547 ,
1500 3490 1554 3536 et
1584 3482 1783 3553 sejugm
1803 3495 1836 3536 a
1856 3495 2084 3535 numero

487 3591 757 3651 equorum
806 3584 866 3651 et
887 3573 1018 3646 jugo
1066 3573 1233 3639 dicti,
1279 3587 1346 3629 ex
1383 3573 1577 3642 quibus
1607 3573 1898 3644 quadrigas
1939 3571 2081 3638 soli,

493 3647 645 3743 bigas
677 3647 868 3740 lunae,
908 3666 1078 3737 trigas
1105 3657 1332 3731 inferis,
1364 3664 1575 3737 sejugas
1603 3665 1745 3730 Jovi,
1777 3663 2083 3720 desultores

488 3760 727 3835 iucifcgo‘
758 3769 826 3822 .et
874 3760 1108 3830 hespero
1160 3767 1526 3842 sacraverant.
1588 3758 1916 3829 Quadrigam
1961 3755 2082 3812 ideo

485 3854 1026 3940 soli-junguntuquia
1051 3871 1152 3925 per
1178 3865 1410 3927 quatuor
1446 3863 1692 3926 tempora
1721 3870 1895 3910 annus
1919 3853 2086 3910 verti-

496 3962 584 4012 ,ξιτ
602 3962 780 4014 avere,
795 3955 1003 4012 aestate,
1017 3955 1297 4012 autumno,
1315 3955 1372 4002 et
1383 3947 1585 4002 hieme.
1600 3945 1760 4016 Bigas
1774 3946 1936 4010 lunae,
1952 3959 2087 4015 quo-

491 4038 637 4106 niam
662 4037 877 4108 gemino
906 4053 1069 4102 cursu
1111 4054 1235 4096 cum
1291 4036 1405 4093 sole
1443 4038 1743 4104 contendit,
1800 4038 1915 4092 sive
1956 4036 2085 4105 quia

491 4129 582 4186 die
610 4137 666 4184 et
695 4135 854 4196 nocte
909 4129 1124 4184 videtur
1152 4143 1166 4183 :
1192 4129 1425 4199 jungunt
1473 4129 1620 4182 enim
1679 4143 1844 4182 unum
1885 4139 2084 4196 equum

492 4221 733 4290 nigrum,
754 4220 987 4276 alterum
1019 4219 1328 4278 candidum.
1366 4219 1559 4288 Trigas
1583 4218 1688 4273 diis
1724 4217 1932 4283 inferis,
1958 4217 2085 4287 quia

489 4311 530 4374 ii
559 4313 672 4380 per
698 4318 811 4372 tres
839 4319 1028 4366 aetates
1071 4310 1321 4364 homines
1367 4309 1434 4363 ad
1482 4325 1542 4364 se
1571 4311 1809 4380 rapiunt,
1857 4311 1913 4365 id
1953 4318 2037 4365 est
2065 4351 2081 4377 ,

492 4416 593 4471 per
615 4400 924 4467 infantiam,
936 4399 1298 4468 iuventutem,
1316 4408 1482 4470 atque
1500 4412 1793 4458 senectam.
1829 4400 2085 4472 Sejugum

494 4491 768 4547 maximus
807 4506 1000 4546 currus
1047 4492 1218 4548 currit
1267 4491 1385 4547 Jovi
1425 4510 1438 4546 :
1474 4500 1694 4563 propter
1736 4495 1878 4563 quod
1912 4494 2082 4549 maxi-

493 4599 643 4642 mum
667 4583 892 4640 deorum
939 4599 1162 4640 suorum
1193 4600 1316 4640 eum
1346 4600 1466 4641 esse
1494 4585 1742 4641 credunt.
1797 4587 2082 4658 Quadrigae

491 4681 674 4740 autem
724 4672 778 4728 in
821 4671 1118 4743 Scripturis
1172 4675 1344 4729 sacris
1403 4683 1498 4729 aut
1548 4684 1780 4746 quatuor
1841 4677 2098 4747 Evange-_

487 4767 630 4825 listze
657 4767 773 4824 sive
802 4765 1096 4837 Evangelia
1149 4765 1543 4837 intelliguntur,
1573 4767 1663 4822 vel
1694 4777 1928 4838 quatuor
1973 4769 2082 4824 vir-

490 4866 636 4914 tutes
658 4855 1008 4926 principales,
1038 4857 1144 4912 hoc
1173 4864 1277 4921 est,
1306 4858 1618 4927 prudentia,
1645 4857 1874 4926 justitia,
1920 4859 2080 4914 forti-

489 4950 638 5014 tudo,
671 4957 726 5003 et
760 4948 1140 5017 temperantia.
1192 4948 1250 5002 ln
1291 4950 1488 5019 quibus
1531 4951 1774 5006 omnium
1817 4952 2078 5009 virtutum

489 5055 703 5099 summa
745 5043 996 5098 consistit
1025 5060 1037 5096 :
1066 5057 1186 5112 qua:
1229 5043 1393 5097 etiam
1441 5043 1718 5098 hominem
1764 5044 1832 5114 ad
1867 5046 2084 5102 celsitu-

488 5133 672 5188 dinem
695 5131 1049 5203 perfectionis
1070 5133 1376 5204 provehunt
1403 5142 1459 5188 et
1496 5136 1564 5190 ad
1587 5136 1815 5191 caeleste
1856 5152 2081 5208 regnum

491 5227 810 5298 perducunt.
851 5227 908 5280 In
953 5228 1039 5282 his
1065 5236 1244 5282 autem
1273 5227 1378 5282 duo
1398 5227 1747 5284 Testamenta
1774 5231 2083 5302 intelligun-

490 5327 612 5382 tur,
643 5324 738 5371 aut
785 5318 890 5372 duo
931 5317 1113 5388 pepuli
1166 5317 1402 5374 ﬁdelium
1438 5338 1450 5373 :
1482 5334 1548 5374 ex
1595 5319 1798 5377 Iudaeis
1831 5323 2084 5378 videlicet

489 5416 546 5464 et
563 5409 846 5479 gentibus,
877 5424 1012 5478 quos
1040 5410 1224 5482 auriga
1275 5411 1514 5466 ctelestis
1551 5413 1850 5468 secundum
1889 5413 2078 5468 volun-

491 5509 661 5555 tatem
705 5514 859 5556 suam
903 5501 1095 5555 ducit:
1125 5503 1266 5558 unde
1296 5513 1352 5559 et
1384 5503 1667 5561 Psalmista
1706 5506 1780 5561 ait
1829 5523 1842 5559 :
1900 5505 2076 5560 Deduc

489 5606 594 5658 me,
640 5589 882 5658 nomine,
912 5594 967 5646 in
1011 5594 1095 5648 eia
1124 5603 1238 5658 tua,
1279 5605 1328 5648 et
1354 5597 1628 5652 ambulabo
1658 5599 1711 5653 in
1742 5601 1956 5653 veritate
1986 5609 2078 5652 tua

492 5684 642 5741 Psal.
674 5685 894 5757 Lxxxv).

1189 347 1248 402 Β.
1291 345 1543 400 RABANI
1583 345 1802 403 MAURI
1833 345 2151 402 ARCHIEP.
2192 345 2500 403 MOGUNT.
2543 345 2824 403 OPERUM
2865 346 3045 403 PARS
3083 347 3146 403 II.

2111 4538 2164 4598 D

2734 459 2962 515 CAPUT
3001 461 3215 516 XXXII.

2712 551 2790 605 De
2811 562 3001 621 septem
3029 553 3228 620 spatiis.

2257 643 2473 712 Septem
2518 643 2688 714 spatia
2723 644 2997 713 quadrigae
3030 641 3276 707 currunt,
3326 645 3633 699 referentes
3665 645 3771 701 hoc

2184 735 2254 788 ad
2285 743 2733 803 cursum-septem
2771 733 3051 788 stellarum
3081 775 3094 797 ,
3134 735 3329 803 quibus
3360 735 3619 789 mundum
3651 735 3770 805 regi

2186 826 2368 880 dicunt
2399 845 2412 878 :
2443 826 2555 880 sive
2579 826 2644 878 ad
2681 841 2899 880 cursum
2927 834 3133 895 septem
3157 825 3366 881 dierum
3389 827 3772 895 praesentium,

2184 917 2381 988 quibus
2412 917 2647 987 peractis
2682 917 2806 971 vita:
2841 917 3109 972 terminus
3137 925 3547 972 consummatur
3569 957 3587 985 ,
3632 932 3775 988 quo-

2186 1024 2305 1062 rum
2325 1007 2449 1063 finis
2477 1015 2554 1062 est
2585 1017 2754 1075 creta,
2781 1009 2834 1062 id
2857 1017 2963 1074 est,
2987 1008 3269 1080 judicium.

2715 1120 2945 1177 CAPUT
2981 1121 3218 1178 XXXIII.

2791 1191 2869 1246 De
2892 1194 3170 1263 equitibus.

2257 1282 2426 1338 Porro
2455 1282 2665 1353 equites
2704 1283 3006 1354 singulares
3062 1285 3185 1340 ideo
3222 1301 3443 1343 currere
3469 1289 3776 1345 dicuntur:

2187 1375 2310 1443 quia
2357 1374 2704 1446 singulariter
2750 1378 3121 1446 unusquisque
3177 1394 3398 1434 cursum
3442 1381 3568 1436 vitae
3608 1383 3778 1452 hujus

2185 1467 2394 1537 peragit
2431 1475 2593 1536 atque
2631 1468 2828 1522 transit
2873 1486 2885 1522 :
2935 1468 3072 1522 alius
3106 1469 3210 1524 alio
3249 1479 3490 1540 tempore
3535 1487 3778 1541 sequens

2187 1557 2369 1623 alium,
2397 1571 2495 1627 per
2522 1572 2685 1612 unam
2715 1567 2894 1613 tamen
2930 1560 3070 1614 viam
3121 1561 3466 1618 mortalitatis
3492 1578 3686 1634 usque
3707 1565 3778 1620 ad

2183 1649 2458 1720 propriam
2481 1658 2678 1705 metam
2709 1651 2917 1707 mortis.

2730 1741 2959 1799 CAPUT
2994 1741 3235 1799 XXXIV.

2783 1835 2861 1889 De
2887 1836 3165 1906 peditibus.

2259 1922 2473 1980 Pedites
2501 1933 2683 1980 autem
2710 1925 2861 1980 aiunt
2888 1933 3176 1996 propterea
3197 1928 3336 1997 pede
3357 1944 3583 1986 currere
3607 1949 3621 1986 :
3644 1934 3776 2003 quia

2185 2016 2413 2086 pedibus
2465 2016 2703 2070 curritur
2751 2016 3087 2071 mortalitati.
3135 2017 3216 2074 0b
3264 2019 3368 2074 hoc
3410 2036 3442 2074 a
3499 2024 3776 2092 superiori

2185 2117 2342 2179 parte
2368 2117 2593 2163 currunt
2621 2109 2688 2163 ad
2714 2108 2998 2176 inferiora,
3027 2111 3083 2165 id
3109 2120 3215 2177 est,
3250 2111 3319 2166 ab
3347 2111 3570 2168 Oriente
3598 2130 3776 2184 usque

2187 2202 2256 2256 ad
2284 2199 2628 2257 Occidentem
2655 2216 2668 2255 :
2701 2201 2828 2271 quia
2855 2201 3113 2274 mortales
3142 2203 3394 2258 oriuntur
3416 2215 3469 2258 et
3494 2207 3775 2262 occidunt.

2186 2290 2326 2346 Nudi
2363 2300 2592 2348 currunt
2617 2333 2632 2358 ,
2665 2291 2790 2362 quia
2819 2299 2875 2346 et
2901 2292 3108 2347 homini
3137 2294 3193 2347 in
3224 2293 3423 2349 saeculo
3454 2294 3616 2349 nullae
3647 2296 3779 2351 reli-

2186 2384 2327 2454 quia:
2350 2392 2492 2439 sunt.
2524 2383 2692 2438 Recto
2724 2383 2899 2452 spatio
2927 2390 3189 2450 currunt,
3243 2383 3370 2454 quia
3420 2384 3566 2439 inter
3605 2384 3779 2440 vitam

2185 2482 2241 2529 et
2269 2481 2500 2527 mortem
2531 2471 2664 2527 nihil
2688 2471 2872 2526 distat.
2898 2471 3003 2527 Sed
3025 2474 3142 2528 haec
3169 2473 3336 2544 igitur
3358 2482 3648 2544 propterea
3679 2474 3778 2530 ﬁn-

2186 2571 2338 2634 gunt,
2378 2570 2438 2617 ut
2482 2561 2746 2616 vanitates
2798 2576 2925 2617 suas
2968 2569 3024 2617 et
3056 2562 3341 2632 sacrilegia
3389 2577 3657 2618 excusare
3683 2579 3780 2620 co-

2185 2665 2402 2712 nentur.
2455 2656 2682 2726 Equites
2708 2663 2890 2733 autem
2913 2655 3232 2724 significant
3271 2671 3392 2720 eos,
3440 2657 3534 2727 qui
3573 2657 3778 2716 alienis

2185 2746 2526 2803 adminiculis
2553 2746 2720 2817 adjuti
2740 2760 2854 2801 rem
2877 2756 3162 2818 peragunt.
3198 2747 3414 2803 Pedites
3438 2757 3650 2816 autem,
3681 2751 3782 2820 qui

2183 2836 2402 2906 praprio
2453 2835 2638 2890 labore
2691 2836 3006 2890 certaminis
3072 2851 3293 2892 cursum
3349 2849 3776 2894 consummant:

2184 2930 2329 2984 unde
2374 2930 2440 2985 de
2474 2930 2750 3000 equitibus
2790 2929 3061 3002 Propheta
3109 2933 3176 2988 ad
3227 2933 3518 2988 Dominum
3575 2935 3712 2991 dicit
3759 2955 3776 2992 :

2184 3024 2479 3079 Ascendens
2503 3041 2658 3095 super
2681 3041 2836 3096 equos
2860 3035 2999 3093 tuos,
3022 3036 3071 3080 et
3096 3028 3360 3098 equitatus
3391 3037 3516 3083 tuus
3540 3031 3777 3097 sanitas,

2186 3116 2241 3171 id
2265 3124 2370 3183 est,
2402 3119 2653 3172 ascendis
2678 3119 2731 3172 in
2755 3119 2920 3174 corda
2941 3118 3236 3174 electorum
3265 3127 3481 3175 tuorum
3512 3136 3610 3192 per
3650 3122 3780 3178 illu-

2112 3185 2156 3248 Ο
2186 3209 2536 3264 minationem
2591 3211 2811 3280 gratiae,
2846 3225 2947 3280 per
2995 3225 3200 3281 quam,
3253 3221 3305 3267 te
3355 3185 3609 3284 regente,
3668 3215 3782 3271 iter

2184 3300 2448 3354 virtutum
2483 3301 2768 3366 incedant,
2806 3316 3010 3372 perque
3037 3303 3225 3358 orbem
3255 3312 3426 3360 totum
3458 3312 3512 3359 te
3537 3320 3779 3378 evange-

2117 3405 2121 3408 ‘
2183 3391 2400 3448 lizando
2435 3391 2674 3448 ferentes
2700 3401 2972 3463 perpetuae
3002 3393 3191 3450 salutis
3217 3396 3418 3450 mundo
3447 3396 3615 3452 vitam
3643 3412 3783 3465 pra:-

2185 3484 2387 3539 dicent.
2444 3483 2521 3538 De
2565 3485 2839 3555 peditibus
2889 3494 3068 3541 autem
3119 3487 3252 3543 item
3291 3488 3571 3560 Scriptura
3596 3491 3775 3547 dicit:

2187 3577 2357 3632 Pedes
2379 3587 2678 3632 sanctorum
2713 3595 2930 3632 suorum
2959 3580 3204 3646 servabit,
3231 3590 3279 3635 et
3305 3583 3452 3653 impii
3474 3585 3531 3637 in
3551 3588 3778 3641 tenebris

2192 3672 2532 3725 conticescent
2561 3669 2614 3742 (Ι
2645 3669 2774 3741 Reg.
2805 3672 2888 3743 ιι).
2920 3670 3093 3728 Pedes
3130 3674 3272 3728 enim
3301 3686 3611 3732 sanctorum
3643 3695 3776 3735 suo-

2192 3780 2311 3819 rum
2352 3764 2609 3819 Dominus
2635 3765 2905 3833 servabit,
2952 3767 3055 3823 hoc
3083 3777 3184 3833 est,
3218 3769 3513 3826 electorum
3547 3791 3774 3833 suorum

2185 3871 2348 3927 opera
2377 3856 2431 3910 in
2461 3856 2602 3910 viam
2621 3855 2847 3924 iustitia:
2869 3858 3065 3929 diriget
3105 3875 3121 3914 :
3149 3869 3204 3916 et
3233 3863 3382 3934 impii
3425 3864 3480 3918 in
3530 3868 3778 3925 tenebris

2187 3949 2594 4014 conticescent,
2625 3950 2751 4021 quia
2785 3952 3055 4006 mittentur
3085 3954 3142 4006 in
3184 3956 3421 4010 tenebras
3462 3961 3776 4027 exteriores,

2186 4039 2277 4093 ubi
2301 4041 2396 4094 erit
2428 4041 2582 4111 ﬂetus
2623 4051 2672 4095 et
2697 4042 2894 4096 stridor
2913 4043 3146 4098 dentium
3176 4044 3390 4118 (Matth.
3428 4063 3554 4113 vin,
3588 4052 3774 4122 xm);

2185 4131 2279 4186 ubi
2308 4140 2683 4200 concrescent,
2714 4133 2767 4188 id
2801 4142 2909 4200 est,
2935 4135 3003 4190 ab
3031 4137 3342 4207 arrogantia
3374 4141 3642 4213 superbia
3662 4158 3776 4200 suae

2186 4223 2493 4278 cessabunt.

2735 4317 2961 4376 CAPUT
2995 4319 3208 4378 XXXV.

2643 4406 2722 4462 De
2746 4409 3004 4464 coloribus
3030 4429 3300 4483 equorum.

2261 4497 2421 4555 Circa
2451 4514 2644 4555 causas
2667 4516 2884 4573 quoque
2915 4504 3302 4563 elementorum
3338 4510 3498 4567 iidem
3544 4517 3775 4587 gentiles

2189 4589 2354 4643 etiam
2407 4589 2619 4646 colores
2665 4607 2929 4662 equorum
2976 4596 3294 4666 junxerunt.
3352 4601 3562 4660 Roseos
3622 4608 3770 4663 enim

2189 4677 2313 4744 soli,
2340 4678 2394 4733 id
2416 4688 2502 4734 est
2526 4680 2668 4751 igni;
2703 4681 2853 4737 albos
2879 4685 3012 4750 aeri,
3039 4689 3290 4755 prasinos
3309 4698 3468 4748 terra:
3490 4733 3506 4756 ,
3545 4708 3772 4754 venetus

2190 4771 2326 4825 mari
2363 4771 2743 4828 assimilantes.
2795 4773 2928 4829 Item
2974 4791 3160 4834 roseos
3206 4783 3383 4836 aastati
3411 4799 3633 4841 currere
3679 4805 3775 4844 vo-

2188 4861 2425 4928 luerunt,
2457 4863 2602 4932 quod
2646 4863 2787 4933 ignei
2809 4865 3004 4921 coloris
3024 4868 3168 4935 sint,
3195 4879 3250 4924 et
3274 4883 3466 4928 cuncta
3517 4881 3646 4932 tunc
3679 4878 3772 4934 fla-

2187 4967 2432 5014 vescant.
2465 4957 2630 5013 Albos
2673 4958 2860 5024 hiemi,
2895 4963 3038 5029 quod
3073 4964 3147 5017 sit
3170 4964 3432 5033 glacialis,
3459 4979 3513 5023 et
3560 4969 3771 5042 frigori-

2185 5049 2287 5104 bus
2315 5049 2570 5104 universa
2592 5059 2905 5106 canescant.
2937 5052 3063 5109 Veri
3099 5058 3349 5125 prasinos
3397 5060 3557 5116 viridi
3591 5065 3770 5120 colore

2183 5140 2327 5210 quod
2357 5149 2484 5196 tunc
2524 5143 2810 5213 pampinus
2853 5145 3129 5202 densatur.
3176 5147 3411 5206 Venetos
3457 5153 3572 5210 sive
3621 5154 3770 5212 rufus

2185 5241 2442 5288 autumno
2471 5247 2714 5300 currere,
2743 5251 2878 5304 quos
2910 5247 2966 5292 et
3002 5237 3156 5293 Marti
3187 5243 3562 5310 sacraverant,
3601 5261 3631 5299 a
3659 5257 3770 5317 quo

2185 5322 2412 5376 Romani
2469 5323 2788 5378 exoriuntur
2834 5343 2848 5378 :
2891 5327 3015 5382 inde
3061 5335 3116 5383 et
3160 5331 3356 5386 vexilla
3397 5333 3768 5394 Romanorum

2183 5429 2346 5469 cocco
2389 5415 2731 5482 decorantur,
2781 5432 2848 5473 eo
2888 5420 3032 5488 quod
3064 5419 3205 5477 Mars
3251 5425 3513 5495 sanguine
3547 5431 3766 5499 gaudet.

2187 5506 2293 5562 Sed
2320 5506 2437 5563 hzec
2462 5523 2602 5563 vana
2625 5518 2754 5564 sunt
2781 5510 2904 5566 fidei
2929 5510 3249 5570 Christianm
3270 5521 3543 5576 contraria
3582 5541 3594 5575 :
3629 5525 3771 5580 unde

2185 5597 2611 5654 animadvertere
2648 5599 2841 5666 debes,
2873 5602 3210 5673 ChriStiane,
3248 5615 3387 5678 quot
3417 5611 3625 5667 circum
3674 5631 3771 5669 no-

2184 5691 2332 5746 mina
2359 5693 2633 5748 immunda
2671 5695 3002 5765 possideant.
3048 5699 3389 5774 Quapropter
3431 5705 3642 5760 alienus
3663 5711 3770 5764 erit

2187 5785 2281 5840 tibi
2318 5785 2489 5851 locus,
2521 5801 2683 5857 quem
2717 5787 2934 5857 plurimi
2959 5791 3173 5849 Satantc
3201 5796 3426 5865 spiritus
3469 5809 3770 5870 occupave-
