4038 6324
276 371 381 433 535

1213 377 1298 432 DE
1339 375 1684 434 UNIVERSO
1724 376 1897 432 LIBRI
1942 375 2102 430 XXII.
2146 407 2211 415 —-
2252 375 2378 429 LIB.
2422 375 2539 433 XX.

3431 372 3538 432 {ibi

277 496 400 545 runt
436 502 450 541 :
483 496 657 545 totutn
727 486 871 541 enim
930 485 1078 539 illum
1125 487 1370 543 diabolus
1422 498 1476 545 et
1527 490 1700 560 angeli
1740 491 1856 560 ejus
1884 491 1933 549 Α
1960 487 2178 553 theatri,
2225 503 2346 543 cum
2376 487 2758 557 amphitheatri
2800 487 3133 553 crudelitate,
3186 504 3307 545 cum
3336 491 3536 549 atroci--

279 579 639 651 repleverunt.
672 579 925 632 Attamen
969 578 1021 631 in
1054 578 1376 650 Apocalypsi
1420 581 1667 650 legimus,
1712 584 1856 651 quod

277 670 590 742 apparuerit
629 667 824 725 Joanni
863 684 1033 738 equus
1057 670 1231 735 albus,
1262 671 1434 738 rufus,
1461 674 1635 743 niger,
1668 682 1721 729 et
1750 674 1857 743 pal-

276 761 419 816 lidus
450 778 464 815 :
498 775 730 830 quorum
759 760 1046 815 diversitas
1081 761 1377 831 spiritalem
1426 765 1616 833 quaerit
1666 766 1859 819 intelli-

279 851 536 922 gentiam.
587 849 740 906 Unde
794 864 966 919 equus
1020 850 1174 907 albus
1230 852 1499 922 significat
1560 854 1855 909 Ecclesiam

279 954 443 1009 super
474 938 655 994 nivem
684 939 855 1009 gratia
884 939 1185 994 dealbatam
1217 957 1231 995 :
1264 940 1436 1012 Super
1460 958 1611 1014 quem
1649 940 1859 998 sedebat

278 1029 384 1094 ille,
411 1030 502 1100 qui
524 1028 745 1083 habebat
792 1045 995 1095 arcam,
1041 1029 1123 1082 cui
1168 1040 1215 1083 et
1267 1031 1391 1084 data
1431 1042 1508 1085 est
1555 1040 1860 1087 corona:et

276 1122 432 1174 exivit
471 1121 681 1174 vincens
706 1160 721 1186 ,
766 1130 822 1175 ut
860 1122 1078 1175 obiceret
1111 1122 1292 1193 (Apoc.
1324 1123 1433 1196 v1);
1475 1124 1618 1194 quod
1646 1124 1859 1180 Domini

276 1224 437 1279 supra
485 1208 785 1266 Ecclesium
838 1209 1031 1265 sedens
1080 1211 1339 1281 spiritalis
1388 1213 1647 1267 doctrinm.
1673 1223 1861 1268 contra

278 1300 472 1371 impios
496 1313 648 1355 arma
679 1298 860 1353 ferens
893 1300 1173 1355 victoriam
1214 1303 1326 1357 suis
1374 1303 1621 1373 percipit.
1678 1302 1861 1373 Equus

276 1402 456 1447 autem
481 1391 653 1457 rufus,
684 1407 847 1464 super
871 1407 1033 1461 quem
1053 1393 1273 1448 sedebat
1301 1392 1412 1461 ille,
1439 1394 1529 1464 qui
1561 1402 1864 1464 sumpserat

275 1494 467 1552 pacem
496 1481 564 1537 de
595 1491 740 1538 terra
767 1523 782 1547 ,
814 1482 1083 1552 signiﬁcat
1129 1483 1381 1551 populum
1427 1484 1707 1539 sinistrum
1732 1525 1747 1550 ,
1794 1500 1862 1540 ex

279 1586 494 1629 sessore
541 1587 642 1629 suo
694 1572 906 1629 diabolo
954 1574 1421 1645 sanguinulentam
1452 1616 1466 1641 ,
1513 1575 1599 1629 cui
1650 1590 1864 1645 semper

277 1664 553 1721 discordia
580 1665 778 1736 placet.
813 1666 996 1737 Equus
1038 1680 1168 1721 vero
1196 1668 1368 1736 niger,
1402 1680 1565 1736 super
1590 1680 1749 1735 quem
1778 1682 1863 1721 se-

280 1758 461 1823 debat,
487 1757 579 1827 qui
607 1766 865 1813 stateram
902 1758 1135 1813 habebat
1165 1756 1219 1812 in
1249 1774 1409 1812 manu
1440 1773 1537 1813 sua
1558 1800 1573 1823 ,
1605 1759 1859 1813 falsorum

1958 585 2069 632 tate
2104 594 2299 642 arenae,
2333 593 2456 632 cum
2482 577 2694 631 luxuria
2724 577 2855 633 ludi.
2888 580 3055 633 Deum
3077 580 3219 634 enim
3244 591 3422 651 negat,
3445 583 3539 653 qui

1958 666 2086 721 talia
2115 668 2419 737 praesumit,
2476 668 2597 723 fidei
2644 664 2963 723 Christianae
2991 670 3374 738 praevaricator
3408 669 3538 725 effe--

1958 767 2078 814 ctus
2106 777 2119 811 :
2150 760 2241 829 qui
2266 759 2317 814 id
2345 759 2522 815 denuo
2551 759 2771 830 appetit,
2804 758 2946 829 quod
2972 760 3025 813 in
3053 759 3269 814 lavacro
3290 757 3402 827 jatn
3432 762 3542 831 pri-

1959 848 2081 904 dem
2115 850 2463 918 renuntiavit,
2493 850 2546 905 id
2570 856 2674 915 est,
2711 850 2922 906 diabolo
2948 866 3067 907 cum
3095 854 3304 922 pompis
3330 861 3383 907 ct
3408 868 3540 923 ope-

1959 938 2110 995 ribus
2135 939 2270 1009 ejus.

2487 1031 2713 1089 CAPUT
2761 1034 2999 1089 XXXIX.

2593 1166 2670 1221 De
2702 1170 2936 1224 natibus.

2031 1296 2243 1351 Artium
2301 1298 2653 1366 quarumdam
2729 1299 3032 1365 vocabula,
3095 1301 3289 1370 quibus
3342 1301 3548 1371 aliquid

1962 1385 2289 1451 fabricatur,
2345 1386 2603 1456 deinceps
2668 1403 2732 1443 ex
2794 1397 2947 1459 parte
3001 1393 3234 1446 notanda
3292 1393 3543 1447 decerno.

1962 1475 2170 1530 Artifex
2210 1476 2459 1548 generale
2500 1493 2695 1533 nomen
2741 1498 2752 1531 :
2799 1490 3038 1547 vocatus,
3076 1483 3218 1552 quod
3258 1495 3429 1539 artem
3465 1484 3546 1539 fa-

1966 1569 2071 1622 ciat
2100 1587 2112 1622 :
2145 1568 2285 1624 sicut
2318 1567 2545 1636 aurifex,
2600 1571 2691 1641 qui
2727 1587 2939 1628 aurum.
2972 1573 3119 1628 Faxo
3159 1576 3300 1631 enim
3336 1592 3434 1646 pro
3469 1575 3550 1630 fa-

1965 1658 2050 1713 cio
2080 1659 2284 1727 antiqui
2314 1659 2582 1715 dicebant.
2626 1661 2921 1717 Nanclcrus
2964 1665 3212 1720 dominus
3264 1667 3419 1720 navis
3466 1676 3551 1721 est

1964 1750 2300 1822 appellatus:
2333 1752 2409 1806 ita
2434 1754 2575 1821 quod
2600 1754 2752 1809 navis
2798 1756 2849 1808 in
2888 1764 3032 1811 sorte
3060 1755 3174 1825 ejus
3223 1758 3312 1814 sit.
3360 1757 3549 1813 Cleros

279 1855 499 1901 caterva
523 1853 605 1900 est
636 1844 861 1900 fratrum
897 1863 911 1900 :
938 1846 996 1900 hi
1025 1854 1285 1901 stateram
1327 1855 1487 1901 rectae
1514 1843 1865 1917 professionis

1970 1839 2110 1893 enim
2133 1838 2319 1896 Crmce
2341 1857 2460 1897 sors
2487 1841 2698 1898 dicitur.
2727 1843 2917 1900 Caeteri
2946 1854 3123 1902 autem
3147 1848 3198 1901 in
3229 1849 3348 1902 navi
3372 1849 3425 1903 in
3453 1865 3549 1920 gn-

280 1936 485 1991 habent
521 1953 535 1989 :
582 1943 638 1991 et
688 1937 864 1991 socios
908 1936 1108 1991 laedunt
1158 1950 1255 2007 per
1292 1952 1454 2007 opera
1496 1939 1861 1993 tenebrarum.

279 2024 417 2081 Nam
449 2039 621 2097 equus
645 2026 875 2096 pallidus
901 2067 915 2093 ,
947 2026 1002 2080 in
1030 2041 1137 2096 quo
1158 2025 1377 2081 sedebat
1402 2026 1518 2093 ille,
1557 2028 1640 2082 cui
1669 2042 1865 2083 nomen

280 2126 401 2174 erat
418 2126 598 2183 'mors,
631 2126 686 2173 et
719 2132 883 2187 quem
930 2117 1174 2174 infernus
1223 2120 1572 2188 sequebatur,
1628 2119 1865 2175 haeretici

281 2219 406 2266 sunt
437 2229 451 2265 :
480 2212 571 2282 qui
599 2225 657 2266 se
686 2210 779 2283 [si]
810 2211 1109 2267 catholicos
1142 2211 1333 2266 fallunt
1378 2220 1549 2267 morte
1599 2212 1868 2268 inhabita-

282 2304 422 2360 trice
452 2304 619 2372 digni,
656 2304 993 2373 perditorum
1020 2311 1142 2374 post
1180 2318 1239 2359 se
1280 2304 1497 2375 rapiunt
1543 2305 1862 2360 exercitum.

282 2393 541 2448 Diabolus
562 2395 704 2447 enim
735 2402 789 2449 ct
814 2393 1050 2448 ministri
1072 2394 1189 2464 ejus
1218 2394 1609 2465 metonymicds
1638 2410 1785 2450 mors
1815 2404 1869 2450 et

280 2482 530 2538 infernus
572 2484 697 2539 dicti
725 2493 850 2538 sunt
880 2502 893 2536 :
923 2498 989 2539 eo
1018 2485 1162 2554 quod
1193 2484 1376 2540 multis
1404 2500 1566 2541 causa
1594 2485 1786 2541 mortis
1814 2495 1868 2541 et

281 2571 620 2628 infernarum
648 2582 791 2628 sunt.

819 2659 1050 2719 CAPUT
1089 2662 1327 2718 XXXVI.

900 2753 979 2809 De
1010 2756 1214 2809 theatro

350 2843 646 2900 Theatrum
679 2853 783 2911 est,
833 2860 941 2914 quo
968 2860 1131 2901 scena
1168 2846 1462 2901 includitur
1485 2888 1498 2912 ,
1541 2847 1868 2903 semicirculi

280 2933 509 3005 ﬁguram
561 2934 768 2990 habens
796 2976 809 2999 ,
864 2936 917 2989 in
955 2949 1062 3006 quo
1090 2943 1299 2991 stantes
1336 2952 1525 2993 omnes
1554 2937 1865 3009 inspiciunt.

281 3021 449 3092 Cujus
474 3021 647 3077 forma
670 3024 908 3093 primum
935 3025 1166 3079 rotunda
1193 3035 1313 3081 erat
1352 3027 1492 3082 sicut
1531 3028 1870 3098 amphithea-

284 3121 427 3167 trum
481 3129 495 3166 :
550 3122 739 3183 postea
792 3131 857 3171 ex
922 3115 1101 3171 medio
1157 3118 1555 3187 amphitheatro
1594 3118 1865 3174 theatrum

284 3202 506 3258 factum.
541 3180 838 3260 'I‘heatrum
886 3210 1064 3262 autem
1099 3222 1129 3262 a
1178 3180 1483 3279 Spectaculo
1526 3211 1863 3266 nominatum
1892 3180 1937 3242 Ο

284 3310 382 3364 apo
402 3305 477 3349 tes
504 3295 750 3362 theorias,
779 3300 922 3369 quod
941 3299 994 3353 in
1011 3313 1076 3355 eo
1096 3301 1325 3370 populus
1346 3310 1498 3357 stans
1522 3317 1684 3372 super
1703 3312 1865 3374 atque

280 3394 533 3455 spectans
580 3385 734 3444 ludos
791 3390 1268 3461 contemplaretur.
1318 3391 1465 3448 Idem
1523 3409 1657 3449 vero
1711 3396 1866 3450 thea-

285 3482 450 3541 trum,
494 3475 638 3532 idem
686 3486 738 3532 et
776 3481 1150 3548 prostibulum
1175 3521 1191 3548 ,
1248 3496 1314 3538 eo
1363 3484 1507 3552 quod
1554 3492 1677 3555 post
1711 3485 1865 3542 ludos

282 3575 505 3621 exactos
566 3570 886 3625 meretrices
944 3579 1270 3640 prostarent.
1323 3572 1467 3628 Idem
1529 3583 1584 3629 et
1641 3575 1868 3646 lupanar

282 3669 536 3714 vocatum
563 3660 635 3713 ab
658 3660 865 3715 eisdem
905 3664 1284 3719 meretricibus
1303 3704 1317 3729 ,
1354 3680 1473 3734 qua:
1503 3675 1727 3736 propter
1751 3666 1868 3722 vul-

279 3751 393 3824 gati
422 3752 668 3820 corporis
693 3752 950 3808 vilitatem
976 3754 1114 3823 lupae
1136 3765 1533 3825 nuncupantur.
1571 3757 1703 3812 Nam
1731 3759 1869 3827 lupae

281 3842 603 3898 meretrices
634 3851 757 3897 sunt
802 3860 833 3897 a
864 3845 1160 3914 rapacitate
1200 3854 1422 3914 vocatae,
1452 3861 1517 3902 eo
1543 3848 1684 3917 quod
1711 3848 1778 3902 ad
1809 3864 1870 3905 se

283 3933 502 4003 rapiant
529 3932 782 3999 miseros,
831 3943 887 3989 et
939 3937 1367 4006 apprehendant.
1393 3936 1695 4008 Lupanaria
1722 3939 1869 3993 enim

284 4037 325 4093 aq
341 4022 567 4094 paganis
589 4024 884 4078 constituta
910 4034 1054 4087 sunt»,
1088 4034 1148 4079 ut
1175 4024 1349 4095 pudor
1377 4025 1663 4081 mulierum
1691 4025 1869 4082 infeli-

280 4104 428 4167 cium
467 4111 540 4167 ibi
563 4112 958 4181 publicaretur,
989 4122 1044 4170 et
1067 4114 1302 4170 ludibrio
1326 4116 1660 4172 haberentur
1677 4126 1787 4172 tam
1814 4120 1868 4173 hi

284 4203 376 4273 qui
408 4202 653 4258 facerent
680 4244 694 4270 ,
725 4219 889 4273 quam
923 4207 1013 4275 qui
1044 4214 1379 4276 paterentur.
1420 4208 1646 4280 Mystice
1686 4220 1868 4265 autem

286 4297 558 4351 theatrum
609 4306 931 4367 praesentem
977 4301 1235 4357 mundum
1290 4301 1599 4372 signiﬁcare
1639 4313 1863 4373 potest:

284 4385 339 4440 in
363 4401 475 4456 quo
491 4386 572 4453 hi,
601 4389 691 4457 qui
730 4389 914 4444 luxum
954 4389 1113 4458 hujus
1142 4393 1323 4447 saeculi
1359 4403 1681 4464 sequuntur,
1728 4396 1867 4452 ludi-

283 4476 405 4532 brio
433 4478 636 4533 habent
663 4494 850 4536 servos
877 4481 970 4536 Dei
996 4523 1011 4548 ,
1043 4491 1098 4536 et
1126 4499 1313 4540 eorum
1343 4500 1534 4555 poenas
1571 4491 1867 4557 spectando

284 4568 557 4623 laetantur.
587 4568 743 4627 Unde
765 4572 1054 4641 Apostolus
1077 4573 1208 4629 dicit
1237 4594 1251 4628 :
1284 4576 1653 4646 Spectaculum
1681 4596 1861 4635 sumus

284 4658 412 4728 facti
433 4659 487 4712 in
512 4660 609 4714 Itoc
630 4662 827 4717 mundo
852 4662 1049 4733 angelis
1068 4674 1114 4716 et
1137 4665 1434 4719 hominibus
1459 4678 1668 4737 propter
1693 4669 1863 4725 Deum

286 4750 342 4820 (ι
365 4747 490 4806 Cor.
523 4751 619 4821 ιν).

813 4844 1039 4900 CAPUT
1076 4843 1335 4900 XXXVII.

775 4937 852 4992 De
880 4937 1033 5006 ferali
1070 4938 1370 4990 certamine.

357 5026 617 5082 Ferarum
645 5042 822 5100 pugna
850 5037 989 5093 erat,
1028 5028 1261 5082 emissas
1298 5028 1500 5084 bestias
1533 5029 1759 5097 juvenes
1781 5048 1875 5088 ex-

281 5118 501 5187 cipere:
537 5119 795 5176 adversus
844 5134 941 5175 eas
969 5118 1215 5174 ultroneo
1255 5116 1444 5174 funere
1486 5129 1717 5187 certare,
1768 5138 1877 5178 non

283 5210 530 5277 crimine,
565 5214 665 5267 sed
689 5211 892 5268 furore.

801 5302 1026 5357 CAPUT
1068 5301 1348 5358 XXXVIII.

605 5394 679 5447 De
702 5393 887 5448 borum
917 5397 1269 5450 exsecratione
1297 5394 1559 5451 ludorum.

356 5485 486 5541 Haec
517 5487 717 5557 quippe
752 5487 1055 5556 spectacula
1087 5487 1421 5543 crudelitatis
1442 5527 1457 5553 ,
1508 5499 1587 5543 et.
1610 5490 1871 5559 inspectio

282 5578 607 5642 vanitatem,
639 5593 745 5633 non
771 5576 944 5633 solum
972 5578 1251 5633 hominum
1270 5579 1438 5643 vitiis,
1464 5580 1556 5634 sed
1582 5591 1637 5636 et
1673 5582 1875 5636 «Ianuar»

282 5681 417 5725 ωιω
451 5665 620 5734 jussis
670 5666 912 5720 instituta
941 5676 1085 5721 sunt.
1122 5665 1352 5721 Proinde
1402 5668 1533 5721 nihil
1567 5684 1685 5722 esse
1714 5669 1873 5723 debet

281 5756 599 5819 Christiano
645 5775 763 5812 cum
811 5758 1040 5813 circensi
1092 5757 1323 5812 insania.
1369 5773 1489 5811 cum
1538 5759 1870 5820 inpudicitia

651 5854 918 5913 Parnm"
972 5848 1134 5912 CXI.

1894 4528 1946 4588 D

1965 1928 2281 1985 bernatiouc
2307 1930 2423 2002 ejus
2448 1941 2591 1988 sunt.
2644 1932 2936 2003 Gubernio,
2987 1938 3081 2007 qui
3120 1947 3175 1993 et
3196 1940 3549 2009 gubernator,

1965 2021 2117 2088 quasi
2145 2022 2549 2089 cohibernator,
2579 2025 2723 2095 quod
2761 2027 3010 2082 cohibeat
3034 2030 3320 2100 prudentia
3349 2046 3445 2086 sua
3468 2032 3551 2087 hi-

1965 2114 2155 2181 berna,
2199 2116 2251 2170 id
2301 2125 2403 2181 est,
2439 2125 2788 2187 tempestates
2812 2120 2998 2173 maris.
3038 2119 3208 2176 Nauta
3234 2138 3263 2176 a
3306 2138 3441 2178 nave
3471 2122 3553 2179 di-

1967 2214 2086 2260 ctus
2146 2220 2245 2276 per
2303 2205 2732 2261 derivationem:
2787 2211 2965 2263 navita
3018 2220 3196 2266 autem
3243 2229 3342 2283 pro
3386 2224 3555 2272 nauta

1966 2296 2173 2366 poetice
2197 2296 2393 2351 dicitur
2422 2312 2435 2350 :
2469 2297 2607 2351 sicut
2628 2297 2838 2353 Mavors
2862 2314 2960 2369 pro
2982 2300 3125 2356 Mars
3151 2320 3161 2355 :
3192 2319 3314 2356 nam
3345 2314 3549 2359 rectum

1967 2393 2049 2441 est
2079 2395 2262 2441 nauta.
2297 2387 2498 2442 Rcmex
2533 2396 2774 2455 vocatur,
2807 2390 2950 2460 quod
2995 2406 3199 2446 remum
3248 2393 3384 2465 gerit
3420 2412 3430 2446 :
3475 2396 3553 2449 sic

1969 2488 2150 2534 autem
2200 2494 2402 2545 remex,
2447 2481 2715 2550 quomodo
2756 2482 2950 2548 tuhex,
2998 2482 3194 2538 dicitur
3223 2486 3554 2540 nouiinalivo

1969 2580 2117 2624 casu.
2151 2570 2377 2641 Epibata
2406 2569 2594 2627 Graeco
2625 2573 2845 2628 nomine
2876 2574 3196 2645 appellatur,
3237 2577 3325 2646 qui
3362 2577 3555 2633 Latine.

1970 2661 2167 2716 dicitur
2196 2664 2622 2731 superveniens:
2668 2664 2757 2720 hic
2806 2666 2938 2719 nihil
2992 2666 3155 2723 habet
3186 2671 3405 2740 negotii,
3460 2674 3558 2727 scd

1968 2750 2129 2807 naulo
2170 2751 2298 2806 dato
2328 2752 2380 2805 in
2420 2753 2552 2809 alias
2584 2764 2755 2810 terras
2794 2757 3028 2812 transire
3056 2758 3309 2828 disponit.
3367 2759 3557 2817 Navim

1969 2844 2188 2914 quidam
2219 2845 2506 2915 perhibent
2554 2847 2773 2915 dictam,
2823 2864 2889 2905 eo
2940 2850 3082 2921 quod
3112 2867 3344 2922 gnavum
3376 2863 3553 2910 recto;

1970 2949 2084 2990 rem
2124 2944 2353 3005 quaerat,
2382 2937 2433 2991 id
2482 2945 2581 3001 est,
2614 2938 2866 3008 peritum,
2900 2941 3215 3011 sapientem,
3252 2954 3556 3012 strenuum,

1970 3026 2058 3095 qui
2090 3027 2366 3082 continere
2412 3035 2466 3080 et
2510 3028 2811 3097 gubernare
2840 3030 2991 3085 novit
3016 3042 3238 3104 propter
3285 3037 3560 3093 maritima

1969 3116 2207 3186 pericula
2237 3124 2290 3171 et
2312 3131 2502 3191 casus:
2538 3120 2675 3173 unde
2720 3126 2775 3174 ct
2806 3117 2936 3176 illud
2968 3121 3309 3180 Salomonis:
3348 3126 3557 3183 Intelli-

1967 3225 2091 3279 gens
2133 3210 2488 3281 gubernacula
2534 3213 2814 3282 possidebit
2868 3212 3048 3287 (Prov.
3091 3217 3152 3288 ι).
3201 3215 3366 3275 Navis
3411 3220 3561 3276 enim

1967 3305 2196 3374 mystice
2248 3312 2340 3359 aut
2388 3304 2686 3360 Ecclesiam
2738 3306 3045 3377 signiﬁcat,
3102 3317 3160 3364 ut
3192 3318 3278 3367 est
3328 3311 3457 3367 illud
3502 3312 3561 3367 in

1967 3391 2258 3463 Evangelio
2290 3413 2303 3449 :
2355 3394 2521 3450 Navis
2551 3406 2724 3451 autem
2737 3398 3049 3467 jactabatur
3085 3402 3139 3456 in
3167 3402 3351 3457 mediis
3377 3405 3557 3473 ﬂucti—

1969 3483 2064 3537 bus
2092 3482 2303 3554 (Matth.
2336 3485 2485 3555 xw);
2534 3494 2589 3541 et
2625 3488 2679 3541 in
2704 3487 2913 3557 psalmo
2940 3507 2952 3541 :
2988 3489 3102 3544 Hoc
3136 3509 3280 3547 mare
3309 3512 3559 3565 magnum

1967 3583 2015 3627 et
2037 3574 2353 3644 spatiosum,
2400 3586 2506 3631 etc.
2526 3617 2541 3642 ,
2592 3595 2761 3649 usque
2783 3620 2799 3646 ,
2831 3581 2941 3636 illic
2988 3601 3141 3639 nares
3168 3588 3559 3656 pertransibunt

1971 3661 2145 3734 (Paul.
2176 3668 2314 3738 cm).
2364 3666 2421 3721 In
2451 3669 2679 3727 navibus
2727 3680 2907 3727 autem
2950 3676 3144 3731 merito
3183 3677 3561 3748 signiﬁcantur

1968 3756 2246 3823 Ecclesia},
2274 3775 2393 3829 qua:
2416 3763 2750 3830 periculosos
2775 3763 2971 3825 ﬂuctus
3007 3770 3197 3825 mundi
3238 3784 3336 3839 per
3355 3770 3562 3842 lignum

1970 3848 2216 3917 gloriosae
2237 3853 2416 3907 crucis
2434 3854 2687 3929 evadunt,
2710 3865 2986 3926 portantes
3010 3861 3258 3931 populos,
3290 3863 3382 3932 qui
3403 3863 3561 3934 signo

1971 3937 2096 3994 fidei
2129 3940 2496 3998 crediderunt.
2555 3944 2613 3999 In
2642 3944 2727 4001 his
2756 3949 2985 4003 navibus
3012 3950 3222 4006 habitat
3263 3950 3515 4008 Christus
3541 3972 3555 4007 :

1971 4029 2064 4098 qui
2108 4030 2155 4084 si
2201 4046 2234 4085 a
2281 4033 2627 4090 credentibus
2663 4037 2954 4104 excitetur,
2992 4039 3126 4095 dicit
3156 4041 3563 4099 immanissima:

1972 4122 2279 4189 tempestati
2308 4130 2367 4176 ut
2392 4124 2657 4193 quiescat,
2716 4134 2771 4182 et
2798 4129 3051 4197 quiescit.
3102 4129 3235 4186 Item
3262 4130 3390 4187 alibi
3415 4132 3561 4190 idem

1969 4209 2232 4279 propheta
2273 4211 2390 4265 ait:
2451 4211 2519 4267 In
2563 4216 2752 4285 spiritu
2796 4218 3076 4274 vehementi
3114 4230 3344 4277 conteres
3402 4238 3561 4279 nares

1974 4300 2188 4357 Tharria
2215 4300 2385 4374 (Paul.
2433 4305 2637 4378 van);
2679 4308 2806 4379 quia
2850 4325 2946 4380 per
2973 4310 3208 4382 Spiritus
3236 4315 3409 4370 sancti
3433 4332 3561 4386 gra-

1970 4394 2099 4449 tiam
2122 4395 2566 4467 phiIOSOphorum
2588 4400 2801 4471 dogma,
2826 4402 2917 4472 qui
2940 4403 2993 4457 in
3020 4420 3173 4462 mare
3196 4406 3354 4464 istius
3372 4407 3558 4464 seaculi

1971 4485 2293 4557 disputando
2325 4490 2672 4554 transierunt,
2701 4507 2800 4561 per
2825 4495 3206 4563 praedicatores
3233 4508 3558 4554 evacuatuut

1972 4584 2076 4632 est.
2108 4577 2368 4634 Dominus
2397 4595 2527 4650 ergo
2567 4582 2720 4637 navis
2743 4583 3003 4650 ecclesiae,
3030 4587 3146 4655 ipse
3178 4588 3428 4644 Salvator
3454 4599 3558 4654 est,

1975 4667 2066 4736 qui
2102 4676 2156 4723 et
2200 4671 2567 4738 gubernator:
2627 4675 2753 4742 quia
2801 4689 2896 4741 per
2949 4676 3213 4746 Spiritum
3250 4695 3408 4734 suum
3441 4682 3562 4751 ipse

1974 4773 2092 4813 eam
2118 4760 2256 4828 regit
2280 4768 2443 4829 atque
2478 4762 2765 4830 gubernat,
2790 4765 2961 4819 donec
2989 4781 3108 4821 eam
3130 4768 3199 4822 ad
3223 4776 3442 4837 portum
3469 4786 3562 4825 sa-

1976 4849 2103 4905 lutis
2134 4858 2348 4905 aeternae
2390 4851 2668 4920 perducat.
2719 4851 2853 4906 Item
2900 4854 2955 4909 in
2983 4855 3146 4909 aliam
3172 4866 3381 4925 partem
3405 4860 3565 4915 navis

1978 4939 2258 5008 accipitur,
2293 4948 2352 4994 ut
2394 4940 2449 4994 in
2484 4938 2659 4995 Isaia:
2710 4937 2956 5007 Ulalate,
3011 4960 3163 4997 naves
3208 4947 3371 4999 maris
3420 4946 3557 5016 (Isn.

1978 5029 2136 5101 xxnt)
2163 5046 2177 5094 ;
2209 5046 2315 5099 quo
2346 5031 2563 5086 nomine
2587 5031 2936 5099 designantur
2970 5034 3292 5104 pliilosOplti,
3337 5037 3415 5090 vel
3444 5038 3560 5092 hae-

1977 5118 2131 5183 retici
2164 5118 2411 5173 inanibus
2430 5120 2818 5187 quaestionibus
2845 5124 3179 5178 nheri-antes.
3231 5125 3415 5190 Butes,
3446 5128 3558 5195 pri-

1977 5224 2124 5263 mum
2178 5216 2234 5263 ct
2280 5210 2713 5279 antiquissimum
2768 5212 2965 5283 navigii
3010 5229 3219 5280 genus,
3261 5230 3293 5270 e
3328 5216 3555 5272 rudibus

1978 5300 2141 5369 tignis
2181 5301 2562 5370 asseribusque
2607 5311 2957 5357 consertum:
3007 5303 3073 5359 al
3102 5305 3255 5374 cujus
3303 5306 3557 5362 similitu-

1978 5390 2157 5445 dinem
2184 5389 2458 5446 fabricatae
2501 5406 2665 5446 naves
2703 5392 2916 5446 ratariae
2939 5392 3113 5448 dictae.
3163 5394 3315 5450 Nunc
3331 5396 3443 5466 jam
3473 5412 3559 5451 ra-

1979 5494 2059 5539 tes
2084 5484 2305 5539 abusive
2344 5499 2544 5539 navcs:
2580 5498 2704 5538 nam
2727 5484 2939 5553 proprie
2963 5491 3109 5540 rates
3149 5493 3275 5540 sunt
3297 5501 3559 5541 connexa:

1977 5578 2204 5632 invicem
2231 5577 2430 5632 trabes.
2475 5574 2677 5631 Trieris
2707 5576 2862 5631 navis
2901 5592 3117 5651 magna,
3166 5591 3326 5646 quam
3369 5574 3557 5633 Graece

1976 5668 2269 5722 dureonem
2298 5674 2513 5730 vocant,
2542 5666 2607 5720 de
2626 5680 2733 5734 qua
2761 5666 2813 5720 in
2842 5664 2976 5719 Isaia
3006 5683 3017 5717 :
3056 5665 3179 5719 Non
3201 5664 3438 5719 transibit
3466 5678 3550 5732 μιν

1976 5774 2089 5813 eam
2132 5754 2303 5811 tricris
2348 5772 2534 5826 magna
2590 5754 2723 5828 (Isa.
2780 5756 2990 5827 xxxm).
3043 5755 3293 5810 Liburna:
3339 5755 3490 5808 dicta?
3525 5766 3556 5809 a

3050 5847 3122 5906 13
