4038 6324
497 376 602 433 555

490 575 747 665 Horatius
770 591 783 628 :

711 703 739 738 δ
757 684 835 736 bis
855 683 1084 736 Liburnis
1108 685 1241 735 inter
1270 679 1369 734 alta
1397 683 1611 732 navium.

559 789 829 844 Rostrata:
857 802 1021 842 naves
1053 793 1256 842 vocatae
1302 785 1371 840 ab
1401 799 1468 840 eo
1495 783 1638 855 quod
1667 783 1722 838 in
1768 782 1948 840 fronte
1977 796 2068 838 ro-

487 870 600 937 stra
625 892 766 934 aerea
791 877 1024 932 habeant
1050 883 1273 948 propter
1292 873 1562 946 scopulos,
1610 887 1681 928 ne
1727 873 1992 928 feriantur
2015 879 2070 925 et

486 972 828 1028 collidantur.
874 970 1072 1042 Longa:
1105 983 1271 1023 naves
1299 977 1444 1030 sunt,
1491 982 1628 1036 quas
1653 966 1942 1021 dromones
1975 979 2069 1018 vo-

485 1077 674 1118 camus
701 1079 716 1117 :
757 1061 913 1117 dictae
934 1076 1000 1117 eo
1031 1059 1174 1130 quod
1203 1058 1470 1128 longiores
1499 1058 1608 1112 sint
1632 1057 1842 1112 caeteris
1871 1075 1882 1109 :
1917 1056 2069 1125 cujus

484 1155 788 1212 contrarius
814 1152 1108 1218 musculus,
1140 1159 1355 1206 curtum
1394 1149 1686 1220 navigium.
1747 1149 1944 1202 Dromo
1967 1162 2063 1200 au-

483 1255 592 1300 tem
620 1262 649 1299 a
685 1243 1018 1300 decurrendo
1048 1243 1224 1297 dictus
1252 1259 1266 1295 :
1314 1256 1532 1296 cursum
1560 1241 1706 1294 enim
1725 1237 1912 1293 Graece
1943 1238 2067 1292 ὁτο-

481 1351 606 1390 ιηοη
631 1343 846 1390 vocant.
896 1332 1098 1389 Classis
1133 1333 1280 1389 dicta
1325 1340 1408 1386 est
1439 1330 1628 1385 Graeco
1656 1327 1918 1384 vocabulo
1964 1343 2066 1397 apo

480 1433 572 1479 ton
611 1424 784 1488 calon,
834 1422 887 1477 id
912 1433 1017 1489 est,
1048 1423 1209 1494 lignis
1237 1435 1251 1474 :
1281 1421 1424 1476 unde
1452 1429 1507 1475 et
1535 1418 1752 1474 calones
1777 1418 2060 1483 naviculae,

481 1529 596 1582 qua:
622 1512 764 1584 ligna
793 1511 1054 1567 militibus
1081 1518 1320 1582 portant.
1354 1509 1524 1563 Barca
1567 1515 1670 1573 est,
1718 1522 1838 1576 quae
1869 1514 2063 1562 cuncta

437 1649 446 1666 .
476 1605 630 1659 navis
660 1603 985 1659 connuercia
1015 1603 1086 1658 ad
1107 1601 1258 1656 littus
1285 1607 1468 1670 portat
1494 1617 1506 1652 :
1533 1597 1672 1652 hanc
1701 1597 1853 1652 navis
1884 1597 1938 1651 in
1971 1611 2062 1667 pe-

473 1694 595 1766 lago
621 1703 843 1764 propter
883 1692 1080 1747 nimias
1116 1692 1289 1746 undas
1318 1705 1417 1745 suo
1445 1689 1669 1758 suscipit
1695 1688 1938 1759 gremio:
1970 1689 2060 1743 ubi

473 1797 657 1843 autem
686 1784 1200 1857 appropinquaverit
1237 1791 1484 1852 portum,
1518 1781 1693 1836 reddit
1721 1780 1893 1835 vicem
1931 1780 2058 1834 bar-

473 1895 536 1932 ca
561 1878 704 1943 navi,
730 1892 892 1946 quam
917 1875 1126 1945 accepit
1151 1874 1204 1928 in
1225 1875 1436 1944 pelago.
1455 1872 1595 1926 Paro
1621 1871 1892 1943 navigium
1916 1871 2060 1940 pira-

469 1979 651 2023 tarum
693 1978 899 2039 aptum,
929 1975 986 2023 et
1022 1982 1087 2022 ex
1121 1968 1205 2022 his
1231 1967 1304 2020 ita
1329 1972 1598 2020 vocatum.
1626 1965 1878 2036 Myoparo
1903 1964 2057 2034 quasi

473 2063 730 2117 minimus
757 2076 890 2132 paro
915 2078 927 2114 :
953 2067 1036 2114 est
1054 2059 1196 2114 enim
1224 2059 1421 2128 scapha
1447 2073 1514 2112 ex
1536 2057 1734 2111 vimine
1752 2055 1918 2118 facta,
1940 2071 2058 2125 quae

470 2159 717 2207 contecta
741 2151 906 2206 crudo
935 2150 1084 2205 corio
1108 2163 1276 2217 genus
1314 2147 1511 2216 navigii
1539 2147 1739 2216 praebet
1767 2164 1778 2199 :
1810 2146 2057 2217 qualibus

469 2247 694 2296 utuntur
724 2237 1115 2296 Germanorum
1145 2236 1333 2306 pirata:
1364 2235 1416 2289 in
1445 2235 1635 2290 oceani
1666 2234 1936 2290 littoribus
1969 2235 2053 2289 vel

467 2331 749 2400 paludibus
774 2331 844 2385 ob
869 2328 1188 2401 agilitatem,
1221 2328 1286 2382 de
1314 2327 1510 2396 quibus
1532 2325 1757 2381 historia
1790 2344 1801 2378 :
1837 2345 1854 2377 ι
1888 2324 2047 2390 Gens,

467 2422 662 2491 inquit,
695 2420 970 2476 Saxonum
1011 2419 1448 2490 myoparonibus,
1496 2433 1602 2472 non
1631 2417 1838 2472 viribus
1874 2417 2051 2472 nitun-

464 2520 574 2574 tur,
607 2510 744 2581 fuga:
770 2511 948 2580 potius
975 2525 1134 2579 quam
1182 2509 1320 2564 bello
1371 2508 1567 2578 parati.
1625 2507 1864 2573 Ccloees,
1915 2524 2050 2578 quas

463 2601 638 2656 Gn'eei
679 2601 880 2657 eeletas
929 2609 1147 2666 vocant,
1189 2600 1240 2654 id
1282 2608 1367 2656 cst
1414 2600 1626 2656 veloces
1666 2601 1918 2663 biremes,
1965 2601 2048 2655 vel

464 2694 715 2749 triremes
740 2693 929 2764 agiles,
956 2701 1010 2748 ct
1040 2692 1106 2746 ad
1133 2691 1491 2747 ministerium
1525 2691 1717 2747 classis
1758 2701 1914 2762 apta:.
1945 2691 2050 2747 En-

461 2781 586 2836 nius
616 2799 627 2833 :

591 2871 792 2922 Labitur
813 2876 958 2922 uncta
981 2871 1145 2921 carina
1173 2881 1261 2932 per
1281 2882 1476 2933 aequora
1503 2881 1622 2920 cana
1654 2867 1848 2919 eelocis.

461 2952 696 3008 Lembus
729 2951 979 3007 navicula
1031 2951 1234 3016 brevis,
1281 2965 1400 3020 qua:
1429 2950 1533 3005 alia
1579 2950 1934 3022 appellatione
1967 2948 2048 3004 di-

459 3045 602 3100 citur
622 3053 677 3099 et
705 3044 896 3114 cymba
919 3053 973 3098 et
995 3044 1275 3113 eaupolus,
1306 3045 1450 3098 sicut
1485 3052 1539 3098 et
1569 3043 1748 3108 linter,
1772 3042 1825 3096 id
1847 3050 1930 3096 est
1956 3057 2048 3095 ca-

459 3136 644 3200 rabns,
676 3150 783 3204 quo
831 3135 884 3188 in
913 3134 1057 3189 Pado
1102 3134 1494 3204 paludibusque
1531 3141 1775 3188 utuntur.
1806 3131 2047 3187 Carabus

456 3235 541 3282 est
560 3243 725 3298 parva
748 3228 952 3297 scapha
975 3241 1043 3280 ex
1058 3226 1257 3281 vimine
1273 3224 1437 3290 facta,
1459 3241 1580 3296 qua:
1602 3231 1848 3280 contecta
1871 3224 2042 3278 crudo

457 3320 608 3375 corio
633 3335 803 3391 genus
838 3318 1038 3388 navigii
1082 3318 1302 3388 praebet.
1343 3316 1505 3372 Varia
1533 3317 1679 3371 enim
1707 3314 1928 3370 navium
1953 3330 2050 3386 ge-

456 3425 590 3466 nera
617 3410 830 3465 diversa
875 3407 1249 3465 conventicula
1278 3414 1507 3477 possunt
1531 3405 1835 3476 exprimere
1882 3406 2052 3460 bono-

457 3515 580 3558 rum
611 3509 667 3555 et
709 3499 993 3554 malorum.
1022 3497 1081 3552 In
1107 3497 1304 3567 quibus
1352 3496 1478 3552 boni
1525 3496 1687 3561 bona,
1715 3495 1840 3550 mali
1868 3504 2049 3550 autem

458 3589 598 3645 mala
635 3589 1031 3644 machinantur.
1079 3587 1346 3643 Similiter
1367 3595 1419 3644 et
1447 3587 1810 3642 instrumenta
1831 3586 2051 3641 navium

458 3682 608 3737 varia
639 3682 883 3737 diversas
913 3688 1058 3736 artes
1087 3679 1420 3751 significant,
1450 3680 1504 3735 in
1537 3680 1733 3750 quibus
1768 3679 1892 3736 boni
1920 3692 2048 3750 pro-

459 3773 619 3828 desse
647 3772 885 3837 student,
917 3771 1047 3825 mali
1071 3779 1251 3825 autem
1275 3784 1488 3825 nocere.

1062 3879 1291 3936 CAPUT
1334 3880 1444 3935 XL.

731 3951 810 4006 De
840 3951 1077 4022 partibus
1103 3953 1313 4007 navium
1348 3961 1398 4006 et
1431 3953 1788 4007 armamentis.

529 4041 729 4113 Puppis
758 4041 1024 4112 posterior
1050 4057 1177 4112 pars
1205 4041 1358 4095 navis
1387 4049 1488 4106 est,
1517 4041 1670 4110 qttasi
1698 4050 1820 4111 post
1849 4059 1860 4095 :
1893 4055 2054 4112 prora

459 4139 645 4188 autem
675 4133 937 4198 anterior,
967 4133 1123 4202 quasi
1153 4133 1355 4202 priora.
1381 4131 1584 4186 Cumba
1612 4131 1762 4188 locus
1793 4132 1934 4186 imus
1960 4147 2055 4186 na-

461 4222 566 4288 vis,
596 4221 741 4293 quod
766 4222 920 4290 aquis
949 4221 1243 4275 incumbat.
1295 4220 1492 4275 Carina
1532 4237 1562 4276 a
1589 4221 1856 4276 currendo
1886 4222 2052 4287 dicta,

463 4312 618 4381 quasi
655 4311 894 4365 currina.
952 4310 1079 4364 Fori
1114 4311 1365 4374 navium,
1425 4310 1594 4364 latera
1634 4325 1871 4365 concava
1901 4326 1931 4363 a
1971 4309 2054 4365 fe-

465 4401 636 4454 rendo
665 4414 831 4453 onere
865 4399 1033 4464 dicta,
1065 4400 1180 4454 sive
1209 4399 1449 4454 tabulata
1481 4401 1716 4466 navium,
1765 4418 1884 4471 quae
1911 4410 2055 4457 ster-

465 4497 668 4544 nuntur
703 4502 719 4542 :
764 4489 907 4544 dicta
937 4490 1004 4543 ab
1035 4504 1100 4544 eo
1129 4489 1272 4560 quod
1316 4489 1561 4544 incessus
1597 4488 1775 4546 ferant
1803 4490 1883 4545 vel
1922 4490 2056 4546 foris

462 4580 757 4636 emineant.
798 4577 1058 4634 Transtra
1078 4587 1202 4634 sunt
1229 4578 1440 4643 tabulae,
1469 4578 1559 4633 ubi
1587 4579 1774 4634 sedent
1802 4580 2054 4650 remiges,

464 4673 607 4743 quod
648 4673 700 4727 in
727 4681 1036 4728 transverso
1055 4672 1163 4728 sint
1191 4673 1356 4739 dicta,
1385 4688 1504 4742 qua:
1527 4673 1780 4744 Virgilius
1803 4674 1931 4746 juga
1953 4689 2054 4743 ap-

461 4765 642 4835 pellat.
669 4763 859 4821 Tonsa:
885 4766 1017 4820 renti
1040 4781 1070 4820 a
1096 4766 1434 4821 removendis
1453 4775 1506 4820 et
1525 4765 1858 4821 decutiendis
1879 4765 2056 4820 ﬂucti-

464 4858 588 4919 bus,
612 4857 752 4910 sicut
775 4866 1022 4912 tonsores
1037 4875 1067 4911 a
1089 4858 1376 4912 tondendis
1393 4866 1448 4912 et
1466 4857 1802 4913 decutiendis
1820 4857 2048 4928 capillis.

467 4947 704 5000 Palmula
724 4959 807 5002 est
822 4958 1062 5004 extrema
1085 4949 1314 5003 latitudo
1336 4951 1492 5013 remi,
1515 4964 1543 5002 a
1565 4948 1738 5016 palma
1761 4949 1922 5011 dicta,
1942 4963 2052 5017 qua

467 5053 618 5091 mare
669 5039 976 5106 impellitur.
1030 5038 1292 5093 Anter-na:
1318 5046 1499 5092 autem
1532 5039 1707 5104 dieue,
1749 5038 1892 5107 quod
1928 5045 2055 5092 ante

468 5141 685 5178 amnem
737 5126 844 5180 sint
895 5129 1123 5196 positae:
1173 5126 1487 5197 praeterfluit
1529 5127 1672 5182 enim
1711 5142 1804 5182 eas
1855 5127 2049 5182 amnis.

467 5215 703 5280 Cornua,
729 5225 986 5272 extrema:
1014 5227 1195 5287 partes
1223 5229 1580 5273 antennarum
1610 5225 1755 5282 sunt,
1785 5217 1929 5272 dicta
1954 5231 2053 5285 per

469 5316 704 5376 tropum.
753 5307 923 5364 Malus
950 5317 1034 5365 est
1076 5310 1238 5366 arbor
1265 5311 1418 5365 navis
1437 5351 1452 5376 ,
1495 5325 1601 5380 qua
1633 5309 1749 5365 vela
1779 5307 2052 5364 sustinen-

469 5407 576 5453 tur.
627 5398 794 5454 Malus
821 5411 1000 5456 autem
1022 5402 1214 5468 dictus,
1257 5403 1384 5474 quia
1433 5403 1594 5457 habet
1617 5404 1789 5458 instar
1833 5401 1959 5456 mali
1991 5403 2047 5457 in

468 5491 827 5548 summitate:
893 5494 974 5548 vel
1029 5495 1154 5565 quia
1207 5497 1360 5565 quasi
1420 5496 1740 5566 quibusdam
1788 5495 2050 5552 malleolis

471 5581 662 5650 ligneis
714 5583 968 5653 cingitur,
1024 5601 1251 5654 quorum
1296 5585 1623 5640 volubilitate
1668 5587 1784 5639 vela
1840 5586 2050 5641 facilius

471 5671 770 5726 elevantur.
817 5674 1009 5729 Clavus
1041 5686 1140 5741 est,
1199 5693 1305 5745 quo
1359 5678 1557 5746 regitur
1607 5677 2044 5745 gubernaculum,

472 5763 545 5823 de
568 5780 677 5839 quo
705 5765 908 5822 Ennius
938 5788 948 5819 :

1167 377 1227 429 ιι.
1271 375 1521 430 RABANI
1564 374 1780 430 unum
1818 373 2133 429 ARCIIIEP.
2174 342 2478 430 nocuii‘i.
2521 374 2803 431 omnem
2842 373 3022 430 rans
3061 373 3124 428 ιι.

489 490 675 560 Libyis
708 506 720 540 :
762 501 926 542 naves
968 487 1116 542 enim
1153 494 1277 541 sunt
1319 485 1731 556 negotiatorum,
1784 485 1850 540 de
1885 485 2079 555 quibus
2107 486 2156 546 Α

2084 4549 2134 4607 D

3653 374 3765 432 556

2310 485 2370 534 Ut
2391 485 2576 536 clavum
2601 490 2791 536 rectum
2812 495 3026 548 teneam,
3054 497 3324 549 navemque
3343 486 3638 548 gubernem.

2245 566 2546 622 Porticulus
2591 567 2814 624 malleus
2851 569 2918 622 in
2947 582 3107 623 manu
3136 576 3398 638 portatus,
3431 585 3539 639 quo
3567 571 3768 628 modus

2171 657 2490 730 signumque
2519 659 2678 714 datur
2700 659 3108 730 remigantibus,
3141 659 3205 714 de
3229 675 3337 730 quo
3365 659 3591 716 Plautus
3617 680 3632 716 :

2232 746 2308 798 Ad
2327 747 2625 809 loquendum
2643 754 2791 811 atque
2815 747 3070 799 tacendum
3110 752 3219 796 tute
3245 749 3427 799 habeas
3448 749 3763 811 porticulum.

2171 830 2437 892 Tonsilla,
2472 831 2702 886 uncinus
2751 830 2960 885 ferreus
2985 831 3068 886 vel
3120 832 3351 903 ligneus,
3396 834 3462 888 ad
3491 849 3657 904 quem
3705 836 3765 890 in

2169 919 2350 974 littore
2379 918 2613 973 defixum
2645 918 2803 974 funes
2829 920 3045 976 navium
3073 921 3366 993 illigantur,
3415 923 3483 980 de
3509 939 3617 994 quo
3652 924 3770 980 En-

2168 1009 2291 1064 nius
2315 1026 2330 1063 :
3210 1037 3216 1043 ι

2289 1098 2526 1150 Tonsillas
2546 1101 2760 1162 rapiunt,
2785 1099 3037 1163 conﬁgunt
3059 1099 3195 1151 littus
3216 1101 3444 1152 aduncas.

2235 1179 2486 1234 Anchora
2513 1179 2646 1235 dens
2675 1179 2883 1235 ferreus
2907 1195 2974 1234 ex
2994 1179 3182 1236 Graeca
3201 1180 3528 1254 etymologia
3558 1197 3768 1239 nomen

2165 1269 2356 1324 ducit:
2408 1269 2552 1339 quod
2578 1269 2735 1338 quasi
2786 1270 3020 1326 hominis
3065 1287 3278 1338 manus,
3334 1273 3772 1343 comprehendat

2163 1360 2247 1415 vel
2273 1360 2520 1431 scopulos
2549 1361 2633 1416 vel
2669 1376 2860 1418 arenas
2888 1377 2902 1416 :
2929 1377 3054 1417 nam
3080 1378 3274 1419 manus
3295 1362 3484 1419 Grmee
3509 1365 3656 1419 cheir
3687 1366 3769 1420 di-

2162 1452 2323 1506 citur.
2372 1451 2528 1521 Apud
2579 1451 2796 1508 Graecos
2845 1463 3024 1508 autem
3075 1454 3461 1523 aspirationem
3507 1470 3616 1511 non
3655 1456 3764 1510 ha-

2162 1542 2255 1598 bet
2287 1557 2301 1597 :
2341 1558 2464 1598 nam
2501 1560 2695 1613 ancyra
2729 1544 2944 1599 dicitur.
2993 1543 3146 1599 Unde
3189 1545 3329 1614 apud
3362 1545 3597 1616 majores
3639 1546 3769 1600 sine

2161 1633 2489 1701 aspiratione
2517 1632 2913 1703 proferebatur.
2968 1632 3249 1704 Signiﬁcat
3293 1643 3476 1690 autem
3515 1636 3766 1691 anchora

2163 1721 2513 1777 in:entionem
2553 1737 2760 1787 sanam,
2791 1732 2847 1779 et
2888 1722 3139 1780 all‘cctum
3186 1725 3352 1778 animi
3386 1725 3611 1790 bonum,
3647 1741 3769 1795 quo

2163 1813 2323 1869 homo
2351 1815 2518 1869 tendit
2545 1815 2613 1870 ad
2665 1815 2832 1871 Deum
2863 1826 2919 1871 et
2940 1817 3008 1870 ad
3054 1817 3221 1872 vitam
3265 1825 3546 1872 aeternam.
3600 1817 3768 1874 Unde

2167 1906 2453 1976 Apostolus
2472 1907 2720 1963 hortatur
2741 1924 2839 1964 nos
2859 1910 3043 1964 dicens
3068 1927 3080 1963 :
3109 1909 3478 1964 Fortissimum
3505 1910 3764 1966 solatium

2162 1997 2469 2064 habeamus,
2513 2000 2601 2070 qui
2647 1999 2976 2070 confugimus
3017 2000 3086 2052 ad
3120 2000 3396 2054 tenendam
3431 2001 3766 2070 propositam

2160 2105 2326 2158 spem,
2347 2105 2502 2160 quant
2525 2090 2658 2143 sicut
2680 2090 2961 2144 anchoram
2989 2089 3238 2144 habemus
3268 2091 3462 2144 animm
3483 2098 3653 2144 tutam
3692 2107 3764 2144 ac

2158 2181 2368 2248 [inuam
2392 2221 2408 2248 ,
2449 2191 2496 2235 et
2547 2181 2867 2235 incedentem
2899 2197 3057 2251 usque
3083 2181 3151 2233 ad
3182 2181 3433 2234 interiora
3456 2179 3763 2245 voluminis,

2158 2270 2246 2324 ubi
2283 2287 2578 2340 prtecursor
2622 2270 2853 2325 introivit
2895 2286 2991 2342 pro
3032 2269 3178 2326 nobis
3213 2268 3397 2338 Iesus,
3446 2280 3554 2328 etc.
3588 2268 3759 2344 (lleb.

2155 2360 2251 2426 vi).

2753 2452 2980 2509 CAPUT
3020 2452 3155 2508 XLI.

2817 2541 2895 2595 De
2934 2542 3077 2596 velis.

2221 2633 2352 2688 Vela
2375 2632 2546 2689 Graeci
2572 2650 2790 2688 armena
2817 2635 3022 2700 dicunt,
3043 2634 3270 2703 proinde
3299 2634 3442 2703 quod
3468 2647 3597 2690 aere
3631 2650 3760 2690 mo-

2149 2732 2361 2778 ventur.
2393 2724 2547 2792 Apud
2569 2723 2788 2780 Latinos
2810 2734 2992 2780 autem
3017 2725 3132 2779 vela
3167 2741 3198 2778 a
3232 2725 3411 2780 volatu
3437 2725 3602 2780 dicta.
3639 2725 3761 2780 Un-

2147 2815 2215 2871 de
2235 2824 2317 2871 est
2338 2815 2468 2872 illud
2494 2831 2509 2870 :

2698 2907 2931 2960 Veiorum
2957 2909 3209 2973 pandimus
3243 2907 3359 2960 alas.

2147 2991 2280 3048 Vela
2330 3007 2461 3063 ergo
2520 2992 2735 3047 navium
2799 2994 2977 3066 typiee
3026 2995 3330 3064 exprimere
3371 2999 3607 3063 possunt
3658 3009 3758 3048 vo-

2147 3083 2383 3140 luntates
2411 3083 2712 3147 hominum,
2743 3098 2862 3153 qua:
2891 3093 3071 3148 vento,
3102 3087 3207 3140 hoc
3235 3095 3338 3150 est,
3363 3083 3597 3155 spiritali
3642 3084 3757 3138 im-

2150 3173 2308 3244 pulsu
2333 3175 2402 3230 ad
2423 3189 2642 3229 cursum
2662 3175 2788 3230 vita:
2817 3175 2993 3241 boum,
3024 3176 3139 3230 sive
3169 3175 3324 3230 mala:
3341 3175 3418 3229 ad
3464 3174 3758 3228 interitum

2153 3264 2515 3335 impelluntur.
2545 3263 2780 3335 Spiritus
2803 3265 2947 3321 enim
2975 3267 3068 3321 Dei
3094 3266 3268 3322 bonus
3285 3265 3502 3320 deducit
3520 3265 3574 3319 in
3601 3263 3757 3319 viam

2151 3362 2355 3411 rectam
2383 3372 2395 3407 :
2436 3363 2492 3410 et
2521 3369 2753 3425 nequam
2781 3355 3004 3425 spiritus
3031 3355 3083 3426 in
3112 3356 3253 3411 viam
3281 3370 3528 3426 pravam.

2730 3467 2958 3524 CAPUT
2999 3468 3155 3522 XLII.

2775 3557 2852 3611 De
2889 3557 3122 3626 funibus.

2219 3649 2400 3706 Funes
2439 3649 2568 3705 dicti
2621 3648 2762 3719 quod
2806 3657 2964 3704 antea
2995 3649 3050 3702 in
3089 3663 3242 3703 usum
3281 3648 3498 3704 luminis
3524 3648 3755 3706 fuerunt

2151 3741 2467 3796 circumdati
2500 3755 2624 3796 cera
2657 3759 2670 3794 :
2705 3739 2846 3794 unde
2873 3749 2925 3794 et
2958 3739 3178 3793 funalia.
3214 3739 3407 3794 Resles
3446 3748 3592 3806 sunt,
3628 3741 3750 3795 sive

2151 3834 2295 3904 quod
2323 3841 2470 3889 rates
2490 3832 2826 3897 contineant,
2851 3847 2946 3887 seu
2974 3832 3117 3900 quod
3145 3831 3228 3886 his
3251 3841 3394 3886 retes
3427 3833 3744 3887 tendantur.

2054 3911 2058 3919 ’
2152 3924 2427 3980 Rudentes
2465 3933 2589 3980 sunt
2638 3922 2795 3978 funes
2825 3924 3039 3976 navium
3081 3937 3146 3976 ex
3175 3921 3342 3975 nimio
3388 3921 3623 3981 stridore
3665 3921 3748 3976 ita

2153 4015 2302 4070 dicti.
2336 4015 2512 4070 Funes
2531 4029 2658 4069 vero
2687 4013 2799 4068 sive
2827 4013 3078 4066 rudentes
3110 4011 3406 4066 retinacula
3436 4013 3750 4082 exprimere

2151 4115 2377 4175 possunt
2405 4105 2757 4174 voluptatum,
2783 4120 2902 4174 qua:
2924 4112 2977 4157 et
3001 4104 3210 4158 animas
3240 4103 3540 4167 hominum,
3592 4120 3662 4160 ne
3687 4105 3747 4160 in

2153 4196 2507 4265 prmeipitinm
2535 4203 2712 4257 ruant,
2755 4195 3002 4249 retinent.
3052 4192 3091 4247 F
3099 4193 3238 4258 unis,
3278 4194 3410 4246 fides
3434 4193 3745 4259 Trinitatis,

2155 4297 2214 4341 ut
2238 4287 2291 4341 in
2310 4286 2593 4340 Salomone
2615 4300 2628 4337 :
2647 4282 2813 4337 Funis
2835 4283 3022 4354 triplex
3039 4284 3246 4354 difﬁcile
3262 4285 3521 4349 rurnpisur
3537 4283 3744 4354 (ἔξει-ω.

2155 4378 2250 4450 tv).
2305 4377 2481 4432 Funes
2509 4376 2686 4446 populi
2721 4375 2907 4429 ﬁdeles
2938 4375 2988 4428 in
3037 4375 3320 4428 Trinitatis
3349 4374 3450 4428 fide
3475 4377 3746 4439 contexti,
3783 4392 3787 4394 ·

2155 4478 2214 4524 ιιι
2244 4469 2297 4521 in
2345 4467 2586 4537 psalmo:
2643 4465 2819 4520 Funes
2849 4466 3142 4520 ceciderunt
3193 4467 3320 4521 mihi
3367 4467 3422 4520 in
3468 4466 3748 4535 pra'claris

2162 4559 2334 4632 (l’sal.
2369 4559 2480 4629 xv).
2547 4559 2724 4613 Funes
2779 4557 3116 4631 prolongatio
3171 4568 3534 4629 peccatorum,
3589 4567 3651 4611 nt
3686 4557 3744 4611 in

2161 4651 2323 4706 Isaia:
2352 4649 2440 4703 Va:
2457 4651 2546 4720 qui
2572 4650 2776 4703 trahitis
2806 4650 3104 4718 iniquitates
3132 4650 3184 4702 in
3217 4649 3464 4716 funiculis
3493 4651 3746 4703 uanitatis

2161 4740 2295 4812 (lsa.
2326 4740 2398 4811 v).

2733 4827 2958 4882 CAPUT
3011 4827 3193 4882 XLIII.

2789 4919 2866 4972 De
2889 4921 3100 4974 retibus.

2227 5036 2390 5091 Rctcs
2411 5044 2614 5089 vocatzn
2631 5034 2744 5089 sive
2765 5052 2794 5089 a
2816 5035 3110 5090 retinendis
3123 5035 3381 5104 piscibus,
3399 5037 3511 5090 sive
3532 5051 3562 5090 a
3588 5040 3744 5092 resti-

2153 5128 2274 5191 bus,
2299 5125 2494 5197 quibus
2517 5126 2827 5179 tenduntur.
2852 5125 3025 5180 Minus
3052 5135 3229 5180 autem
3258 5137 3374 5181 rete
3397 5127 3741 5197 simplaginm

2152 5217 2349 5272 dicitur
2387 5231 2416 5270 a
2449 5216 2621 5285 plagis
2656 5233 2669 5268 :
2713 5231 2834 5269 nam
2865 5216 3079 5286 proprie
3104 5217 3288 5286 plagas
3314 5218 3543 5272 dicimus
3583 5218 3748 5272 funes

2150 5307 2271 5361 illos
2311 5306 2506 5375 quibus
2533 5307 2668 5361 retia
2697 5307 2988 5361 tenduntur
3015 5309 3160 5362 circa
3190 5308 3354 5363 imam
3383 5317 3438 5363 et
3469 5325 3742 5363 summam

2154 5406 2380 5470 partem.
2410 5397 2596 5453 Funda
2620 5413 2788 5469 genus
2812 5407 2896 5454 est
2916 5399 3219 5468 piscatoria:
3243 5401 3396 5466 retis,
3419 5401 3561 5456 dicta
3585 5401 3656 5456 ab
3678 5417 3744 5456 eo

2155 5486 2298 5558 quod
2328 5489 2384 5541 in
2415 5486 2641 5542 fundum
2663 5487 2910 5542 mittatur
2949 5507 2960 5542 :
3002 5489 3190 5544 eadem
3226 5490 3389 5545 etiam
3418 5506 3448 5544 a
3477 5489 3743 5559 jactando

2149 5582 2387 5653 iaculum
2415 5582 2629 5636 dieitur.
2660 5581 2879 5636 Plautus
2903 5600 2915 5635 :
2944 5579 3148 5636 Probus
3181 5583 3390 5653 quidem
3411 5591 3565 5636 antea
3580 5582 3743 5651 jacu-

2155 5676 2294 5730 lator
2320 5691 2456 5728 cras.
2485 5675 2718 5744 Tragnm
2745 5691 2911 5744 genus
2940 5677 3088 5740 retis,
3121 5675 3188 5729 ab
3209 5691 3276 5729 eo
3305 5675 3448 5746 quod
3485 5675 3737 5734 trahitur.

2160 5778 2541 5837 nuncupatum.
2593 5767 2708 5840 Ipsa
2736 5778 2815 5823 est
2857 5777 2909 5822 ct
2941 5769 3258 5823 verriculum
3293 5787 3304 5821 :
3335 5783 3551 5824 verrere
3591 5767 3738 5824 enim
