4038 6324
302 368 404 423 557

300 568 436 624 stice
457 568 740 639 designant
761 567 1052 638 Evangelii.
1088 567 1240 622 Unde
1265 576 1319 622 et
1341 567 1601 636 Apostoli,
1626 566 1785 638 typici
1806 566 1880 635 pi-

303 667 568 724 scatores,
598 674 630 713 a
656 659 884 713 Domino
923 657 1210 711 mittuntur
1237 658 1288 711 in
1317 672 1468 711 mare
1498 657 1653 711 istius
1677 655 1880 721 saeculi,

304 757 366 803 ut
408 747 748 820 dogmatibus
796 746 908 802 suis
950 755 1142 801 eruant
1191 747 1437 802 homines
1493 747 1560 800 ab
1608 745 1883 800 erroribus

307 840 613 906 mundanis,
641 848 698 893 et
724 839 1021 908 perducant
1046 839 1111 893 ad
1132 846 1336 892 rectam
1368 838 1524 892 ﬁdem
1554 838 1665 890 Dei.
1695 837 1770 890 De
1798 851 1884 889 sa-

306 949 441 1004 gena
469 947 598 987 vero
624 932 698 986 ita
727 932 780 984 in
798 930 1084 1000 Evangelio
1107 929 1300 1000 legitur
1329 948 1341 982 :
1371 927 1550 983 Simile
1575 937 1646 982 est
1672 943 1884 996 regnum

307 1022 549 1077 caelorum
569 1038 775 1092 sugente
805 1021 976 1074 missa:
1008 1022 1061 1074 in
1084 1037 1245 1086 mare,
1277 1030 1323 1072 et
1347 1036 1410 1073 ea:
1434 1020 1573 1073 omni
1601 1035 1784 1088 genere
1808 1018 1888 1087 pi-

305 1117 469 1170 scium
488 1115 840 1184 congreganti.
875 1113 1067 1178 Quam,
1089 1129 1206 1166 cum
1228 1112 1436 1182 impleta
1468 1121 1620 1176 esset,
1661 1111 1885 1164 educen-

307 1213 382 1258 tes
406 1212 452 1257 et
475 1220 621 1258 secus
653 1203 796 1256 littus
819 1203 1054 1256 sedentes
1073 1201 1330 1273 elegerunt
1351 1202 1509 1255 bonos
1531 1203 1583 1254 in
1607 1217 1752 1265 vasa,
1783 1217 1890 1252 ma-

307 1295 384 1349 los
408 1305 582 1348 autem
609 1294 753 1363 foras
783 1295 1032 1348 miserunt
1062 1291 1274 1364 (Matth.
1306 1291 1448 1363 xm).
1502 1290 1614 1346 Sub
1638 1293 1740 1345 hac
1760 1304 1890 1360 ergo

305 1384 560 1454 parabola
607 1391 791 1438 sancta
835 1382 1074 1437 Ecclesia
1115 1397 1324 1451 sagente
1350 1389 1696 1449 comparatur
1722 1397 1736 1410 θ
1765 1380 1890 1447 quia

306 1485 363 1531 et
389 1474 748 1545 piscatoribus
798 1481 881 1527 est
910 1474 1226 1536 commissa,
1277 1481 1328 1527 et
1377 1486 1475 1541 per
1499 1487 1617 1525 eam
1646 1471 1711 1524 ad
1737 1479 1893 1525 aeter-

307 1582 432 1622 num
457 1580 680 1636 regnum
707 1579 737 1618 a
767 1564 1046 1633 praesentis
1067 1563 1245 1617 saeculi
1274 1562 1523 1617 fluctibus
1551 1561 1801 1626 trahitur,
1828 1566 1894 1615 ne

307 1656 362 1711 in
391 1663 607 1710 interna:
635 1655 824 1709 mortis
852 1653 1117 1722 profunda
1156 1662 1432 1724 mergatur
1456 1693 1471 1715 ,
1503 1667 1622 1722 quae
1649 1667 1714 1706 ex
1748 1647 1894 1705 omni

309 1760 506 1819 genere
540 1746 771 1816 piscium
798 1752 1087 1816 congregat
1113 1763 1125 1797 :
1177 1745 1302 1814 quia
1333 1744 1400 1798 ad
1432 1752 1778 1812 peccatorum
1805 1756 1896 1796 ve-‘

1277 367 1365 422 DE
1402 365 1749 422 UNIVERSO
1785 363 1963 420 LIBRI
2000 365 2160 419 XXII.
2201 396 2270 404 —
2305 364 2432 420 LIB.
2471 365 2590 419 XX.
3448 357 3567 434 5,58.

302 478 517 534 trahere
543 484 647 531 est.
681 475 834 530 Retia
863 475 974 532 sive
1025 488 1235 545 sagenae
1281 475 1720 545 praedicationem
1765 489 1877 544 my-
1905 479 1955 538 Α
2544 473 2770 531 CAPUT
2806 473 2984 530 XLIV.

2544 473 2770 531 CAPUT
2806 473 2984 530 XLIV.
3556 529 3561 536 .

2365 549 2369 553 i
2460 567 2533 620 De
2565 567 2832 635 fabrorum
2859 567 3090 636 fornace.
3291 565 3294 568 ’

2051 657 2227 711 Faber
2267 673 2297 710 a
2334 657 2577 712 faciendo
2600 655 2742 710 ferro
2769 656 3077 725 impositum
3121 668 3315 710 nomen
3347 647 3553 709 habet":

1984 746 2108 799 hinc
2133 747 2436 800 derivatum
2466 756 2547 800 cst
2577 761 2772 800 nomen
2809 747 2875 799 ad
2898 745 3031 800 alias
3077 745 3273 799 artium
3305 746 3562 799 materias

1984 835 2164 890 fabros
2189 837 2274 890 vel
2312 835 2544 891 fabricas
2589 836 2806 891 dicere:
2861 836 2956 890 sed
2995 850 3116 890 cum
3148 834 3462 903 adiectione,
3487 829 3563 886 'ut

1984 925 2136 981 faber
2175 927 2454 996 lignarios,
2507 933 2564 980 et
2604 925 2808 995 reliqua
2835 965 2848 988 ,
2886 934 3104 994 propter
3135 924 3313 994 operis
3357 923 3568 977 scilicet

1987 1015 2327 1071 firmitatem:
2358 1016 2411 1070 in
2434 1015 2707 1070 fabrorum
2740 1021 2920 1068 autem
2951 1014 3168 1068 fornace
3188 1006 3570 1083 gentiles'Vt’iI-"a

1986 1123 2180 1162 canum
2225 1115 2498 1162 auctorem
2549 1107 2770 1162 dicunt:
2825 1105 3118 1177 ﬁguraliter
3147 1121 3242 1176 per
3267 1103 3573 1160 Vulcanum

1989 1198 2166 1269 ignem
2214 1198 2604 1268 significantes,
2648 1198 2762 1251 sine
2795 1211 2901 1266 quo
2941 1195 3145 1250 nullum
3173 1194 3374 1250 metalli
3399 1199 3573 1265 genus

1991 1287 2140 1342 fundi
2180 1287 2501 1354 extendique
2535 1294 2729 1354 potest.
2783 1285 2922 1340 Nihil
2948 1294 3031 1340 est
3074 1285 3217 1338 enim
3254 1286 3570 1355 pene'quod

1992 1377 2115 1447 igne
2141 1391 2247 1430 non
2273 1373 2552 1430 efﬁciatur.
2611 1375 2748 1429 Alibi
2777 1375 2918 1428 enim
2963 1373 3162 1428 vitrum
3182 1415 3196 1438 ,
3229 1373 3574 1442 alibi-argere:

1993 1477 2128 1532 tmn,
2159 1467 2286 1521 alihi
2312 1467 2587 1536 plumbum
2609 1507 2622 1530 ,
2670 1466 2792 1520 alibi
2827 1467 3070 1530 minium,
3119 1466 3244 1520 alibi
3273 1461 3573 1536 pigmenta;

1996 1556 2122 1610 alibi
2145 1557 2500 1610 medicamina
2533 1555 2713 1611 efﬁcit.
2743 1556 2869 1626 Igne
2897 1557 3100 1627 lapides
3123 1559 3173 1612 in
3191 1571 3264 1612 res
3291 1547 3571 1612 resolvunt-

1997 1658 2101 1703 tur.
2148 1649 2275 1718 Igne
2305 1649 2505 1703 ferrum
2539 1649 2773 1719 gignitur
2800 1665 2862 1704 ac
2896 1650 3162 1704 domatur.
3217 1648 3345 1719 Igne
3381 1641 3575 1702 aurum

1995 1738 2291 1808 perﬁcitur.
2345 1739 2468 1810 Igne
2495 1749 2734 1794 cremato
2761 1740 2935 1808 lapide
2961 1751 3230 1793 crementa
3266 1748 3322 1794 et
3337 1729 3576 1810 pariewd

308 1839 452 1894 niam
483 1837 756 1907 sapientes
803 1843 858 1890 et
908 1835 1107 1902 fatuos,
1140 1835 1339 1890 liberos
1366 1844 1420 1890 et
1454 1850 1664 1901 servos,
1697 1834 1889 1889 divites
1917 1842 1963 1901 Β
1993 1829 2242 1899 ligantur.
2299 1829 2526 1898 Lapides
2554 1830 2737 1899 nigros
2783 1828 2921 1899 ignis
2951 1830 3227 1898 coquendo
3247 1829 3577 1885 cundiam:

306 1937 362 1984 et
386 1943 670 1998 pauperes,
702 1925 870 1980 fortes
895 1938 950 1980 et
981 1926 1222 1980 inﬁrmos
1247 1935 1422 1981 vocat.
1454 1926 1606 1981 Unde
1628 1941 1724 1994 per
1747 1925 1894 1979 Psal-

306 2019 524 2074 mistam
550 2018 616 2072 de
643 2032 705 2071 ea
727 2017 924 2070 dicitur
950 2031 964 2069 :
992 2015 1074 2069 Ad
1105 2026 1154 2070 te
1184 2017 1351 2069 ontnis
1383 2033 1504 2069 caro
1537 2017 1699 2068 veniet
1722 2015 1892 2086 (Psal.

309 2110 478 2180 utv.)
510 2109 642 2175 Qure
683 2121 881 2177 sagena
909 2107 1116 2160 scilicet
1146 2115 1271 2160 tunc
1312 2106 1693 2160 universaliter
1724 2104 1897 2174 reple-

311 2210 416 2265 tur,
463 2215 584 2255 cum
621 2200 671 2252 in
697 2198 800 2251 fine
827 2213 924 2252 suo
953 2197 1171 2251 humani
1201 2197 1412 2267 generis
1435 2212 1639 2250 summa
1683 2195 1897 2250 conclu-

312 2292 479 2356 ditur,
509 2305 668 2358 quam
699 2290 935 2343 educunt
962 2296 1016 2342 et
1039 2303 1196 2342 secus
1215 2287 1365 2341 littus
1386 2288 1572 2341 sedent
1597 2304 1610 2340 :
1637 2287 1761 2357 quia
1793 2287 1899 2340 sic-

312 2391 374 2436 ut
413 2397 565 2436 mare
593 2382 862 2443 szeculum,
905 2381 977 2434 ita
1025 2380 1205 2434 saeculi
1238 2379 1398 2434 linem
1442 2380 1709 2450 significat
1750 2379 1898 2433 littus

313 2473 501 2538 maris,
544 2473 596 2525 in
624 2487 730 2540 quo
777 2471 984 2526 scilicet
1014 2470 1119 2524 ﬁne
1161 2471 1287 2525 boni
1323 2470 1497 2539 pisces
1524 2471 1575 2524 in
1613 2470 1754 2524 vasis
1798 2470 1898 2523 eli-

313 2570 557 2634 guntur,
605 2561 732 2615 mali
776 2560 1134 2631 projiciuntur
1192 2560 1384 2615 foras:
1432 2563 1557 2630 quia
1610 2571 1664 2616 et
1697 2562 1899 2616 electus

315 2651 544 2722 quisque
594 2653 645 2704 in
699 2651 1043 2705 tabernacula
1087 2659 1288 2704 aeterna
1319 2653 1615 2720 recipitur;
1667 2659 1721 2706 et
1749 2661 1901 2705 teter-

315 2743 372 2798 ni
397 2743 518 2798 luce
551 2742 702 2813 regni
737 2742 968 2811 perdita,
1001 2741 1068 2795 ad
1090 2742 1387 2796 exteriores
1414 2743 1665 2797 tenebras
1687 2742 1899 2810 reprobi

317 2832 719 2902 pertrahuntur.
792 2830 925 2883 Nam
978 2831 1114 2884 retia
1188 2830 1480 2900 aliquando
1526 2832 1898 2900 deceptionem

319 2922 518 2976 diaboli
550 2921 852 2992 designant,
875 2928 935 2973 ut
971 2920 1022 2973 in
1046 2920 1262 2974 Psalmo
1299 2938 1312 2973 :
1345 2918 1544 2974 Cadent
1571 2922 1624 2974 in
1652 2919 1900 2973 retiacqu

319 3009 433 3077 ejus
460 3020 752 3079 peccatores
777 3006 948 3079 (Psaf.
972 3008 1118 3079 cur).
1147 3008 1457 3079 ConOpeum
1483 3019 1647 3074 retes,
1677 3024 1782 3078 qua
1808 3025 1902 3064 cu-

322 3099 453 3153 lices
481 3099 843 3154 excluduntur
864 3099 916 3152 in
945 3100 1160 3153 modum
1185 3101 1425 3165 tentorii,
1449 3115 1556 3170 quo
1579 3101 1748 3171 magis
1778 3100 1903 3155 Ale-

1994 1917 2136 1987 ligna
2165 1917 2391 1972 candida
2441 1918 2645 1972 urendo
2693 1917 2958 1972 obfuscat.
2993 1917 3577 1987 vCarbones'ex‘pbttlta

1996 2004 2193 2076 fulgida
2223 2007 2404 2076 nigros
2428 2006 2574 2070 facit,
2603 2007 2669 2060 de
2699 2007 2856 2078 lignis
2876 2007 3025 2061 duris
3055 2008 3386 2079 fragilesyéde
3404 2011 3581 2078 μηιτμ

1994 2095 2191 2150 bilibus
2235 2096 2591 2166 imputribiles
2626 2099 2820 2163 reddit,
2860 2099 3046 2152 stricta
3074 2098 3254 2163 solvit,
3283 2099 3580 2154 salutatur».

1997 2185 2226 2255 stringit,
2261 2187 2395 2240 dura
2451 2187 2641 2251 mollit,
2683 2189 2860 2241 mollia
2910 2189 3044 2243 dura
3073 2191 3277 2254 reddit,
3303 2211 3306 2216 ·
3331 2190 3583 2245 habitum

1997 2276 2370 2332 medicaminis
2399 2292 2572 2331 usum.
2625 2277 2760 2330 Nam
2804 2292 2946 2346 saepe
2994 2279 3101 2332 ruri
3132 2279 3579 2348 ριόιιθὲιιωσωμ

1997 2367 2176 2422 lentiae
2197 2383 2409 2438 quoque
2432 2409 2447 2434 ,
2493 2385 2612 2439 qua)
2638 2369 3020 2425 obscuratione
3053 2370 3180 2425 solis
3205 2364 3580 2435 'bontttllh'itbn

1999 2458 2246 2512 auxiliari
2275 2467 2482 2512 eertum
2533 2467 2634 2512 est.
2682 2459 2737 2511 ln
2783 2453 3583 2529 operev'quoquealiddtgiguit

1997 2547 2186 2616 primis
2212 2547 2446 2616 ignibus,
2475 2546 2619 2602 aliud
2645 2547 2915 2613 secundis,
2969 2544 3588 2608 aliudue-"ﬁscellam

1999 2650 2212 2704 quoque
2243 2643 2298 2688 et
2337 2635 2496 2688 aliam
2524 2635 2578 2688 in
2609 2650 2667 2688 se
2696 2635 3060 2690 diversitatem
3087 2632 3587 2705 ignistatnam-nﬁtls

2000 2733 2112 2790 cst,
2146 2725 2238 2794 qui
2261 2726 2380 2780 usui
2411 2725 2682 2780 humano:
2715 2725 2870 2789 alius,
2918 2725 3010 2794 qui
3044 2725 3097 2778 ln
3136 2724 3590 2796 judicium

2002 2816 2219 2870 divino:
2257 2817 2370 2870 sive
2391 2815 2482 2883 qui
2517 2815 2582 2869 de
2615 2814 2752 2869 coelo
2777 2814 2978 2868 fulmen
3025 2814 3278 2884 astringit
3307 2831 3318 2867 :
3353 2814 3591 2882 siveequi

2002 2905 2068 2960 de
2097 2913 2240 2960 terra
2263 2920 2361 2974 per
2387 2906 2620 2960 vertices
2643 2903 3588 2974 montiumeruomattulguisitabtem

2003 2996 2196 3063 dictus,
2227 2997 2372 3066 quod
2397 2997 2529 3050 nihil
2551 2997 2692 3067 gigni
2721 3005 2899 3066 potest
2921 3011 2987 3052 ex
3013 3012 3097 3063 eo,
3129 2984 3592 3052 est."enitttill’dlﬁtutL

2003 3089 2163 3143 labile
2217 3089 2586 3154 elementum,
2642 3104 2923 3144 assumens
2975 3089 3335 3161 [absumensf
3370 3079 3587 3153 cuneta,

320 3191 574 3244 xandrini
610 3199 857 3256 utuntur,
884 3192 1010 3259 quia
1031 3191 1104 3245 ibi
1133 3206 1196 3244 ex
1225 3190 1344 3246 Nilo
1370 3191 1569 3245 culices
1597 3191 1798 3260 copiosi
1823 3206 1914 3246 na-
1940 3192 1984 3256 C
2016 3200 2134 3254 quae
2166 3184 2320 3253 ιθρίι.
2348 3183 2423 3236 De
2452 3183 2592 3253 ignis
2618 3192 2798 3237 autem
2824 3184 3050 3254 mystica
3067 3173 3593 3254 signiﬁeaﬁbné'lm

324 3293 585 3337 scuntur:
621 3283 760 3337 unde
787 3292 841 3336 et
865 3298 1166 3352 conopeum
1201 3282 1400 3337 dicitur
1444 3299 1456 3336 :
1497 3298 1620 3336 nam
1655 3283 1904 3351 Canopea

325 3371 591 3442 [Egyptus
629 3381 730 3426 est.
782 3373 1003 3442 Legitur
1025 3387 1238 3442 quoque
1261 3374 1314 3426 in
1343 3373 1480 3427 libro
1505 3372 1688 3427 Judith
1717 3373 1783 3425 de
1805 3372 1908 3426 llo-

325 3463 582 3532 lopherne
605 3464 832 3531 (Judit/z.
852 3465 928 3534 χ),
956 3465 1098 3531 quod
1118 3464 1366 3518 habuerit
1386 3479 1684 3532 conopeum
1709 3471 1909 3517 etusus

326 3560 472 3606 esset
498 3552 606 3606 illo.
656 3552 937 3618 Columna,
981 3567 1101 3621 qua:
1128 3562 1244 3606 erat
1281 3553 1348 3606 ad
1391 3558 1554 3622 caput
1592 3552 1772 3606 lectuli
1803 3550 1908 3606 Ho-

325 3642 629 3712 lophernis,
659 3642 925 3710 significat
973 3644 1227 3696 duritiam
1261 3644 1409 3712 pravi
1445 3645 1643 3708 cordis,
1679 3661 1798 3714 qum
1825 3659 1911 3699 er—

328 3747 510 3786 rorem
529 3732 713 3798 genuit
737 3730 996 3786 maleﬁdae
1017 3732 1324 3785 securitatis
1353 3751 1364 3784 :
1391 3733 1624 3801 gladius,
1651 3734 1744 3803 qui
1767 3734 1820 3786 in
1846 3747 1909 3786 ea

328 3822 530 3892 ligatus
577 3821 886 3890 pendebat,
943 3821 1145 3874 malitia
1192 3830 1275 3876 est
1336 3822 1533 3890 iniquae
1577 3822 1907 3877 intentionis.

298 3913 499 3971 .Coma
534 3911 728 3980 capitis
762 3911 926 3966 elatio
971 3912 1216 3980 superbae
1265 3912 1500 3966 mentis:
1556 3913 1738 3967 cervix
1782 3928 1913 3967 vero

329 4002 668 4059 contumacia
698 4001 895 4070 iniquae
915 4001 1182 4056 actionis:
1220 4010 1274 4054 et
1303 4017 1620 4070 conopeum,
1661 4002 1764 4056 hoc
1808 4011 1910 4066 est,

334 4104 478 4148 retes
517 4108 827 4148 muscarum
857 4091 1082 4146 insidias
1108 4091 1376 4162 signiﬁcat
1404 4092 1599 4146 dolosa:
1631 4093 1913 4163 cogitatio-

333 4185 436 4238 uis.
477 4181 1166 4254 CommemlatergoJudith
1198 4190 1377 4236 nostra
1404 4183 1590 4251 puella:
1615 4199 1725 4238 suze
1750 4184 1914 4238 ostio-

335 4289 452 4327 rum
509 4274 850 4327 custodiam:
908 4273 1033 4340 quia
1089 4283 1275 4326 sancta
1335 4273 1572 4327 Ecclesia
1629 4274 1914 4342 unicuique

334 4365 571 4420 fidelium
624 4365 904 4419 catholica:
954 4364 1074 4419 fidei
1107 4365 1350 4435 praecipit
1392 4365 1591 4420 habere
1623 4367 1915 4420 observan-

337 4455 487 4508 tiam.
533 4453 663 4509 Orat
703 4455 816 4524 ipsa
857 4471 977 4512 cum
1003 4455 1255 4525 lacrymis
1292 4471 1304 4505 :
1339 4455 1462 4524 quia
1499 4473 1789 4525 supernum
1820 4473 1915 4511 au-

335 4546 520 4599 xilium
549 4546 723 4614 poscit
744 4545 932 4600 intima
959 4545 1241 4600 devotione
1263 4546 1460 4600 cordis.
1490 4545 1711 4601 Accedit
1741 4547 1809 4601 ad
1829 4562 1915 4601 co-

295 4687 300 4692 .
335 4637 606 4702 lumnam,
659 4646 714 4691 et
753 4635 981 4700 exsolvit
1028 4637 1314 4706 pugionem
1339 4677 1353 4702 ,
1401 4651 1498 4705 per
1540 4651 1699 4706 quem
1741 4639 1913 4693 hostis

335 4725 651 4794 nequissimi
693 4736 931 4794 amputet
972 4735 1168 4795 caput:
1216 4741 1338 4781 cum
1393 4727 1658 4780 denudata
1708 4727 1914 4781 malitia

335 4815 458 4869 duri
487 4815 666 4870 cordis
704 4816 936 4880 abscidit
974 4816 1042 4870 ab
1089 4817 1244 4871 hoste
1275 4817 1613 4870 occasionem
1649 4828 1915 4887 proterva:

337 4906 674 4961 tentationis.
737 4907 929 4961 Aufert
979 4915 1034 4962 et
1090 4922 1384 4976 conopeum
1443 4925 1456 4960 :
1503 4910 1627 4978 quia
1694 4908 1915 4965 fraudes

336 4998 714 5076 ejusdetegit,
742 5000 936 5068 quibus
967 4999 1236 5067 simplices
1266 5008 1318 5052 et
1352 4999 1593 5054 incautos
1639 5000 1915 5069 implicare

335 5073 654 5145 contendit:
707 5091 891 5158 sicque
948 5099 1196 5143 truncum
1243 5090 1412 5144 hostis
1456 5106 1652 5159 corpus
1696 5090 1916 5157 evolvit,

317 5195 464 5248 cum
490 5181 662 5250 ipsum
699 5181 972 5235 inimicum
1003 5198 1069 5235 ex
1101 5181 1245 5234 omni
1279 5189 1429 5250 parte
1453 5181 1724 5236 infirmum
1747 5191 1801 5236 et
1829 5184 1920 5238 de-

331 5270 504 5353 bilem
532 5286 651 5325 esse
694 5271 963 5325 ostendit:
993 5280 1051 5325 ut
1079 5287 1143 5325 co
1178 5269 1390 5326 facilius
1417 5272 1701 5328 bellatores
1719 5273 1918 5328 Christi

311 5351 615 5418 "conﬁdant
678 5365 886 5418 hostem
934 5365 1322 5434 ncquissimum
1372 5380 1429 5419 se
1474 5366 1688 5421 vincere
1738 5383 1914 5437 posse,

347 5469 598 5527 quocum
635 5454 861 5525 plcnitcr
894 5458 1140 5511 ediscunt
1169 5457 1411 5528 fragilem
1459 5471 1512 5514 et
1561 5461 1916 5529 superabilem

352 5546 481 5600 fore.

1033 5713 1235 5725 μὴ*

2007 3276 2252 3344 superius
2275 3275 2474 3329 dictum
2507 3281 2611 3339 est,
2641 3275 2731 3328 ubi
2757 3277 2821 3328 de
2846 3279 3079 3343 quatuor
3105 3269 3597 3342 elementis‘dibp‘tlb

2009 3374 2179 3419 tatum
2215 3375 2317 3419 est.
2351 3365 2407 3418 Si
2438 3374 2614 3419 autem
2648 3365 2768 3433 quis
2796 3364 2912 3419 haec
2941 3349 3409 3433 qu'm‘ihld'sci‘ipt‘tl
3433 3353 3591 3427 sum»,

2009 3451 2114 3509 illis
2139 3469 2454 3522 comparare
2475 3455 2725 3519 voluerit,
2768 3470 2866 3525 per
2891 3443 3420 3509 eﬁicientias’eardttt
3440 3453 3597 3508 tam

2009 3554 2099 3598 tan
2148 3547 2320 3599 adhuc
2372 3545 2524 3614 plura
2577 3547 2831 3616 mysteria
2869 3527 3593 3616 inde’prerit-eitpl'antiw.

2010 3636 2186 3692 Faber
2221 3652 2346 3692 vero
2374 3638 2514 3692 Deus
2542 3638 2857 3708 intelligitur
2884 3680 2898 3704 ,
2940 3639 3326 3709 proco-quod
3353 3623 3596 3692 ιΰιῦὶιειιι

2011 3725 2270 3782 fabricam
2292 3727 2416 3781 coeli
2441 3737 2495 3782 et
2519 3727 2952 3798 terrm'operatus
2981 3725 3068 3794 sit,
3097 3728 3236 3782 ut‘iit
3257 3715 3593 3798 maugitus:

2014 3817 2202 3871 Nonne
2230 3818 2312 3871 hic
2339 3828 2410 3871 est
2442 3817 2579 3886 fabri
2603 3818 2786 3886 ﬁlius?
2813 3813 3026 3887 (Malm.
3063 3818 3227 3888 xm.)
3247 3805 3595 3884 Fabri-{satis-

2012 3908 2084 3962 cti
2105 3909 2504 3977 praedicatores,
2535 3910 2674 3962 sicut
2700 3908 2904 3977 Regum
2942 3909 3080 3964 liber
3108 3909 3239 3963 dicit
3270 3927 3283 3961 :
3315 3907 3482 3962 Porro
3513 3909 3595 3976 fa-

2013 3996 2101 4050 ber
2121 3997 2374 4065 ferrarius
2408 4015 2510 4050 non
2538 3997 2894 4050 inveniebatur
2921 3999 2976 4049 in
3005 3996 3188 4072 Israel-
3208 3981 3419 4066 (I‘iReg.
3447 3997 3592 4066 xm).

2012 4089 2175 4143 Fabri
2219 4105 2382 4157 regna
2424 4089 2661 4158 gentium
2689 4103 2717 4140 a
2749 4089 2980 4156 quatuor
3001 4084 3190 4141 mundi
3216 4072 3596 4157 partibuspe-

2011 4181 2194 4250 pulum
2231 4180 2416 4245 Israel,
2452 4180 2533 4234 vel
2562 4189 2784 4234 caeteros
2807 4178 3041 4234 humiles
3057 4171 3596 4248 Servitutis‘puthre

2013 4273 2396 4342 deprimentcs,
2429 4281 2487 4325 ιιι
2527 4273 2579 4325 in
2623 4259 2881 4326 Zacharia
2910 4289 2922 4324 :
2958 4266 3182 4346 Etlec’ce
3202 4251 3434 4350 ιγπᾶῆὸοέ
3457 4257 3599 4337 fasti

2015 4363 2197 4435 (Zaclt.
2232 4365 2294 4437 1).
2346 4365 2572 4419 Fabi-ica
2601 4365 2808 4434 duabus
2833 4355 3018 4420 'rebits
3053 4359 3601 4431 ὸοιιὲιίιιίδινιξιιιῖέέέι

2013 4455 2245 4510 flamma.
2305 4455 2546 4510 Flamma
2587 4447 2722 4511 vero
2770 4437 3598 4531 proprie‘fornac_is"'e'st-’illbta,

1942 4532 1992 4591 D
2019 4546 2160 4616 quod
2194 4544 2322 4599 flatu
2357 4543 2558 4600 follium
2606 4535 2890 4625 excitetur.
2933 4535 3326 4602 ruinarum
3367 4537 3602 4620 air'fllgiie

2019 4644 2250 4689 vocata:
2282 4635 2419 4703 pbos
2458 4634 2600 4686 enim
2648 4633 2930 4704 ignis'est.“
2965 4629 3220 4688 caminus
3259 4629 3596 4710 es't-‘lfd‘rn'ax,

2022 4727 2267 4781 Graecum
2302 4735 2385 4780 est
2415 4725 2714 4778 derivatum
2747 4727 2792 4778 a"
2813 4721 3272 4797 canina-etaim:
3291 4707 3604 4800 ‘eiiim'jﬁVe

2023 4817 2268 4871 caminus
2285 4824 2378 4869 aut
2397 4813 2792 4869 tribulationem
2809 4797 3603 4884 niinidm'prteseittis’tempoﬁs

2025 4909 2200 4980 typice
2246 4907 2556 4979 exprimere
2578 4891 2792 4986 potest:
2845 4903 2905 4962 ut
2929 4916 3030 4963 est
3062 4905 3204 4962 illud
3233 4893 3602 4986 {estimotiinin

2024 5000 2392 5071 propheticum
2417 5007 2434 5052 :'
2455 4992 2722 5053 Liberaeit
2738 4983 2824 5053 eos
2848 4999 3104 5053 Dominus
3120 4989 3206 5078 3de
3225 4983 3459 5076 ifornaée‘
3472 4983 3477 5024 ἶ
3491 4985 3605 5068 ‘fér-

2022 5111 2108 5148 rea
2162 5092 2293 5166 (Jer.
2345 5100 2422 5166 x1)
2444 5135 2458 5160 ,
2507 5095 2609 5149 hoc
2641 5087 2760 5158 est,’
2796 5085 3047 5165 JEgypto,
3080 5083 3206 5148 Eubi'
3239 5088 3480 5164 papulas:
3507 5091 3604 5149 ﬁci

2022 5191 2209 5261 grandi
2230 5191 2575 5246 tribulatione
2605 5192 2901 5243 vexabatur
2926 5179 2948 5242 ;¹
2971 5171 3062 5242 aut
3089 5167 3608 5274 geliennze'_'tor‘ni’ép-'

2025 5293 2136 5335 tum
2175 5281 2462 5350 signiﬁcat,
2505 5289 2562 5334 ut
2591 5289 2674 5336 est
2702 5281 2831 5334 illud
2861 5281 2912 5334 in
2942 5267 3603 5354 ErangelidTMittite'eos

2024 5374 2073 5427 in
2101 5374 2364 5425 caminum
2411 5371 2565 5441 ignis,
2601 5371 2687 5424 ubi
2717 5372 2812 5424 erit
2856 5367 3004 5440 ﬂetus
3046 5381 3092 5426 et
3117 5355 3602 5452 _'strldor‘jt;ieittiiitn

2027 5462 2237 5533 (.iIatlh.
2273 5460 2410 5531 xm).
2717 5461 2719 5464 ’
2969 5471 2974 5476 ’
3233 5461 3249 5479 ί

2100 5549 2254 5603 Incus
2281 5561 2386 5612 eSt,
2438 5543 2627 5618 inquo
2658 5548 2859 5602 ferrum
2887 5539 3148 5614 tunditur,
3187 5549 3216 5603 ἀ
3254 5543 3605 5604 ευδωδσίιί-

2031 5648 2151 5694 ctus
2179 5657 2190 5691 :
2222 5653 2285 5694 eo
2308 5625 2453 5708 quod
2483 5637 2588 5693 illic
2614 5639 2812 5709 aliquid
2837 5631 3198 5705 cudamusfi‘d
3221 5641 3327 5704 υςι,
3361 5631 3604 5716 {animo

2033 5729 2409 5798 producamus.
2445 5728 2650 5787 Cudere
2675 5731 2817 5786 enim
2852 5732 3056 5789 czederc
3090 5733 3151 5787 'e't'
3176 5719 3476 5788 ferire'eSL'
3501 5725 3606 5784 ’Ve-
