4038 6324
492 327 599 424 si}.

489 455 798 566 ornamenti
817 491 873 540 et
895 487 1106 542 decoris
1131 501 1291 544 causa
1314 489 1555 546 aediﬁciis
1579 491 1808 556 additur,
1824 501 1881 546 ut
1909 501 2073 548 tecto-
2100 499 2148 556 Λ

491 589 613 657 rum
659 591 794 634 auro
835 577 1088 634 distincta
1115 578 1391 650 laquearia
1411 621 1428 648 ,
1452 591 1508 636 et
1533 583 1753 654 pretiosi
1783 586 2069 641 marmoris

489 677 710 755 crusta,
736 676 800 738 et
819 669 1065 738 colorum
1091 671 1336 743 picturae.

1126 781 1354 840 CAPUT
1376 785 1442 840 γ.

1053 873 1134 928 De
1193 872 1492 945 laqueariis.

485 793 598 844 :‘t.-‘~n
623 810 683 842 sr-
731 795 740 803 ’

521 965 634 1022 ille
674 964 962 1034 laqueariis
1003 963 1120 1036 iam
1164 968 1366 1024 dictum
1407 978 1508 1036 est,
1553 970 1678 1041 quia
1729 971 2064 1042 splendorem

486 1059 874 1130 simpliciorum
914 1061 1117 1118 Christi
1157 1060 1506 1130 famulorum,
1540 1073 1594 1119 et
1640 1073 1817 1120 tamen
1866 1066 2064 1122 virtute

483 1152 795 1210 sublimium
813 1153 1275 1225 ﬁguramrtenent,
1299 1164 1354 1210 et
1378 1155 1627 1212 decorem
1649 1156 1904 1214 Ecclesia:
1928 1173 2058 1228 prae.

483 1244 630 1298 bent.
829 1277 836 1282 -
1053 1267 1056 1270 ’

650 1339 654 1386 ζ
1093 1330 1324 1388 CAPUT
1355 1331 1440 1388 Vl.

1115 1420 1194 1475 De
1222 1423 1432 1475 crustis.

487 1512 984 1579 -ειει-υειειεωιθω
1047 1516 1240 1570 tabula:
1286 1525 1412 1572 sunt
1470 1516 1965 1573 marmorisznndo
2005 1525 2060 1571 ct

473 1606 806 1662 inasmorati
827 1607 1062 1676 parietes
1088 1607 1314 1662 crustati
1340 1609 1609 1663 dicuntur.

473 1715 550 1748 ι’¹ε’
625 1724 628 1732 ’
1075 1717 1303 1774 CAPUT
1344 1717 1453 1772 νη.

469 1811 493 1832 ι.
519 1809 580 1843 ιιτα
611 1807 649 1835 .:
698 1809 725 1840 ::
777 1811 786 1823 ν
1040 1806 1118 1862 De
1163 1807 1490 1863 lithostrotis.

473 1879 873 1951 7"Li‘th'ostrota
909 1906 1036 1952 sunt
1059 1899 1333 1954 elaborata
1380 1908 1498 1955 arte
1541 1901 1765 1972 pictura:
1812 1902 2052 1971 parvulis

469 1987 670 2042 crustis
693 2001 758 2042 ac
787 1988 1015 2044 tessellis
1041 1990 1224 2045 tinctis
1252 1991 1306 2046 in
1340 1991 1519 2048 varios
1544 1991 1772 2048 colores.
1800 1993 2051 2050 Tessella:

467 2078 651 2132 autem
675 2091 705 2132 a
731 2078 950 2134 tesseris
984 2081 1302 2147 nominatae,
1333 2081 1388 2136 id
1425 2090 1508 2137 est
1540 2083 1817 2153 quadratis
1855 2083 2052 2153 lapillis

467 2166 565 2234 per
589 2165 1017 2235 diminutionem.
1048 2169 1123 2225 De
1141 2169 1450 2226 lithostroto
1473 2181 1653 2228 autem
1681 2173 1734 2228 in
1758 2165 2050 2245 Evangelio

465 2254 792 2336 tlt'm‘entio,
825 2261 914 2316 ubi
957 2261 1010 2316 in
1047 2263 1298 2332 passione
1339 2265 1551 2320 Domini
1594 2265 1797 2322 Pilatus
1840 2267 2049 2323 sedisse

460 2339 840 2415 plbtribu‘nali
871 2351 1122 2407 scribitur
1162 2353 1217 2408 in
1247 2353 1368 2410 loco
1397 2355 1488 2425 qui
1521 2355 1722 2411 dicitur
1747 2353 2048 2412 Lithostro-

457 2433 768 2517 ἴὺξπυυαη.
799 2439 946 2512 xxx),
989 2439 1252 2500 llebraice
1283 2453 1462 2500 autem
1501 2443 1802 2501 Gabbatha.
1846 2445 1903 2501 ln
1939 2463 2046 2517 quo

457 2515 856 2597 titanil'e‘statur,
882 2531 1025 2602 quod
1047 2531 1307 2588 falsorum
1329 2543 1706 2591 accusatorum
1729 2537 1879 2592 varia
1900 2515 2045 2594 ﬁctio

457 2614 570 2698 non
594 2621 768 2690 potuit
804 2621 1022 2679 vincere
1049 2624 1349 2696 simplicem
1393 2627 1751 2684 assertionem
1777 2631 2041 2698 veritatis,

457 2695 679 2782 séd’qiil
702 2720 1025 2784 potestatem
1050 2695 1236 2772 habuit
1264 2719 1498 2788 ponendi
1531 2721 1768 2775 animam
1793 2737 1964 2788 suam,
1988 2695 2044 2778 et

452 2794 658 2880 iterata
683 2803 930 2859 sumendi
955 2819 1095 2871 eam,
1123 2807 1265 2862 dedit
1286 2809 1634 2878 semetipsum
1656 2825 1755 2880 pro
1782 2812 1958 2877 nobis,
1986 2821 2044 2868 ut

451 2877 557 2964 per
567 2887 882 2951 eﬁ'usionem
903 2897 1183 2967 sanguinis
1207 2898 1288 2954 sui
1311 2877 1548 2956 maculas
1569 2899 1813 2956 diversas
1832 2910 2044 2958 nostro-

455 2986 595 3039 mnu,
610 2971 836 3042 dilueret
863 2996 1231 3058 peccatorum.

1047 3097 1277 3154 CAPUT
1314 3098 1442 3155 Vlll.

476 3188 505 3248 ξ,
1085 3188 1166 3243 De
1203 3189 1406 3248 plastis.

476 3237 486 3248 '
1085 3207 1166 3243 ue
1238 3207 1406 3245 ιαδιιε.

474 3237 758 3354 έξθῐίισεὶἰὸθ
791 3287 875 3334 est
908 3280 1174 3350 parietum
1201 3207 1284 3336 lex
1319 3295 1486 3352 gypso
1534 3279 1736 3353 είιῖεῑϐε
1778 3282 2036 3354 είεηειίιυε

446 3339 776 3444 ἒξιῃιῆμιθῖθ,
805 3339 1134 3444 ρὶηέειιοίιιιθ
1163 3339 1452 3427 coloribus.
1497 3339 1728 3426 Platlein
1752 3339 2039 3428 sulem-di-

448 3439 814 3537 ‘dluinllrmce,
831 3439 972 3530 quod
999 3439 1190 3514 Latine
1205 3468 1288 3515 est
1301 3459 1504 3530 ﬁngere
1519 3467 1662 3514 terra
1685 3459 1770 3515 vel
1783 3475 1952 3531 gypso
1965 3462 2039 3517 si-

451 3540 804 3611 militudines.
831 3546 962 3603 Nam
987 3555 1042 3602 et
1059 3548 1316 3618 impressa
1343 3547 1530 3618 argilla
1553 3547 1781 3604 formam
1801 3549 2037 3620 aliquam

450 3622 654 3709 licere,
681 3637 872 3708 plastis
907 3648 1014 3701 est,
1045 3637 1188 3692 unde
1223 3646 1278 3693 et
1316 3639 1680 3709 protoplastus
1727 3648 1811 3695 est
1859 3640 2036 3697 dictus

451 3704 636 3791 llb‘m'o,’
659 3715 749 3796 qui
781 3743 847 3783 ex
878 3725 1008 3784 limo
1035 3728 1244 3798 primus
1268 3737 1349 3783 est
1373 3730 1642 3784 conditus.

469 3815 485 3893 ‘.
589 3814 597 3834 ’
1067 3838 1292 3896 CAPUT
1329 3838 1422 3894 ix.

471 3158 574 3192 ’τ’νξι

491 3994 493 3996 η
562 3927 574 3978 ⁷,
1067 3927 1146 3984 De
1172 3929 1397 3999 pictura.

436 4009 444 4018 ’
515 4006 736 4108 Ρὶειιίηι
763 4028 847 4076 est
866 4020 1042 4091 imago
1069 4020 1380 4091 exprimens
1409 4020 1646 4090 speciem
1677 4020 1754 4076 rei
1783 4019 2030 4092 alicujus,

449 4093 726 4189 quieidum
757 4113 872 4168 visa
900 4109 1084 4178 fuerit,
1111 4112 1178 4168 ad
1219 4111 1652 4168 recordationem
1681 4122 1917 4167 mentem
1951 4126 2035 4168 re-

448 4203 620 4272 duxit.
674 4199 680 4204 ’

608 4274 618 4282 ’
699 4339 706 4347 .
1073 4290 1300 4348 CAPUT
1335 4291 1404 4347 Χ.

771 4379 814 4407 ’⁵
865 4389 876 4403 ‘
993 4367 997 4372 .
1046 4381 1125 4436 De
1148 4382 1427 4438 coloribus.

460 4529 574 4572 lltt‘l
607 4529 664 4572 .li

1160 373 1222 428 Β.
1262 369 1515 431 [MBAN]
1551 375 1774 436 MAURI
1812 374 2129 433 ARCHIEP.
2175 379 2478 436 MOCUNT.
2519 381 2803 440 OPERUll
2845 383 3023 440 PARS
3061 386 3128 442 ll.

3643 393 3755 452 δα

2787 495 3015 556 CAPUT
3054 499 3141 555 XI.

2519 583 2596 638 De
2622 585 2980 642 instrumentis
3004 587 3366 658 aediﬁciorum.

2239 669 2578 727 Structuram
2607 682 2786 730 autem
2807 676 3074 746 parietum
3088 680 3156 735 ad
3183 697 3429 742 normam
3445 685 3587 758 ﬁeri,
3607 693 3760 755 esu!

2167 761 2601 828 perpendiculum
2634 765 2965 835 respondere
3009 777 3239 838 oportet.
3273 768 3492 836 'Norma
3527 781 3674 839 dicta
3718 801 3757 842 ι

2163 847 2355 906 Gnaeo
2406 851 2687 922 vocabulo,
2712 864 2866 912 extra
2899 874 3060 930 quam
3082 870 3290 918 rectum
3313 867 3448 923 nihil
3507 871 3627 929 ﬁeri
3660 890 3762 946 po-

2164 946 2289 994 test.
2336 939 2692 1012 Componitur
2739 955 2922 1003 autem
2964 965 3032 1005 ex
3083 953 3258 1010 tribus
3304 960 3530 1031 regulis,
3567 939 3760 1023 ita—ut

2163 1029 2286 1126 duas
2313 1032 2422 1088 sint
2445 1033 2694 1090 binorum
2717 1037 2916 1106 pedum
2946 1059 2959 1094 :
2993 1043 3153 1098 tertia
3179 1029 3387 1104 habeat
3399 1053 3566 1120 pedes
3585 1057 3753 1126 duos,

2163 1121 2350 1178 uncias
2378 1139 2430 1188 ι,
2478 1139 2612 1194 quas
2638 1128 2828 1198 aequali
2859 1133 3218 1191 crassitudine
3247 1137 3446 1208 politas
3481 1121 3758 1204 extremis

2161 1214 2530 1272 cacuminibus
2543 1217 2642 1272 sibi
2666 1217 2879 1290 jungat,
2909 1229 2968 1277 ut
2989 1239 3224 1280 scemam
3252 1225 3515 1306 [schema]
3547 1236 3754 1308 trigoni

2160 1301 2382 1359 faciant.
2417 1304 2474 1360 ld
2515 1307 2622 1362 erit
2653 1323 2864 1365 norma.
2895 1311 3102 1384 Regula
3149 1317 3318 1384 dicta,
3357 1301 3515 1391 quod
3556 1301 3752 1383 sitvre-

2161 1398 2268 1455 cta,
2318 1393 2473 1462 quasi
2510 1395 2733 1462 rectula,
2781 1407 2836 1454 et
2875 1400 3318 1472 impedimentum
3368 1425 3476 1464 non
3520 1413 3748 1470 habeat.

2161 1479 2609 1554 Perpendiculum
2627 1497 2730 1555 est,
2761 1492 2907 1562 quod
2952 1508 3166 1565 semper
3209 1499 3548 1568 appenditur.
3579 1505 3755 1562 Deni-

2159 1589 2268 1643 que
2296 1575 2349 1630 in
2375 1575 2576 1632 fabrica
2608 1579 2714 1634 nisi
2761 1582 2943 1636 omnia
2982 1584 3048 1638 ad
3069 1588 3512 1656 perpendiculum
3539 1603 3598 1648 et
3618 1610 3748 1651 cer-

2161 1669 2270 1718 tam
2322 1665 2559 1736 regulam
2606 1668 2784 1724 ﬁant:
2826 1685 3047 1727 necesse
3083 1684 3188 1742 est,
3242 1687 3437 1735 cuncta
3481 1685 3751 1742 mendosa

2159 1753 2510 1820 instruantur,
2554 1766 2614 1810 ut
2651 1759 2829 1830 aliqua
2858 1776 3023 1830 parva
3056 1764 3188 1831 sint,
3226 1767 3404 1839 aliqua
3456 1773 3746 1841 cubantia,

2083 1845 2131 1904 B
2158 1859 2326 1914 prona
2368 1848 2644 1914 nonnulla,
2685 1849 2788 1905 alia
2824 1852 3015 1922 supina
3044 1872 3058 1908 :
3095 1863 3151 1910 et
3191 1866 3416 1927 propter
3445 1861 3550 1918 hoc
3573 1873 3749 1920 ruant

2154 1934 2430 2000 universa,
2474 1951 2594 2006 qua:
2623 1947 2747 1994 sunt
2774 1941 3269 2008 malepconstructa.
3293 1947 3354 2002 ln
3379 1965 3570 2006 norma
3591 1955 3749 2010 enim

2153 2031 2212 2080 et
2241 2025 2421 2096 regula
2463 2036 2627 2096 atque
2650 2031 3032 2100 perpendiculo
3065 2037 3336 2106 aequitatis
3365 2041 3506 2096 ratio
3540 2041 3752 2098 intelli-

2152 2115 2326 2182 genda
2369 2122 2472 2180 est,
2510 2126 2570 2171 ut
2607 2125 2789 2174 omnia
2834 2136 3000 2192 opera
3041 2133 3227 2180 nostra
3271 2131 3565 2186 secundum
3610 2147 3750 2190 san-

2150 2211 2362 2260 ctarum
2406 2205 2811 2277 Scripturarum
2863 2213 3208 2271 traditionem
3253 2226 3310 2272 et
3354 2220 3598 2291 regulam
3645 2239 3747 2280 re-

2149 2306 2252 2352 cta:
2291 2297 2438 2362 ﬁdei,
2473 2301 3029 2373 perpendiculumque
3071 2321 3218 2362 sanae
3262 2308 3524 2366 doctrina:
3567 2311 3752 2368 facia-

2147 2402 2288 2453 mus,
2335 2397 2392 2444 et
2413 2392 2710 2446 secundum
2749 2392 2873 2460 hoc,
2923 2396 3069 2463 quod
3117 2397 3299 2453 divina
3341 2411 3614 2474 praecepta
3641 2405 3748 2461 do-

2144 2487 2288 2545 cent,
2319 2479 2398 2534 sic
2423 2495 2586 2550 opera
2629 2491 2816 2538 nostra
2835 2483 2904 2540 ad
2927 2485 3156 2543 salutem
3202 2489 3361 2545 nobis
3388 2496 3739 2561 proveniant.

2145 2569 2318 2626 Aliter
2352 2581 2532 2628 autem
2581 2575 2758 2643 perdit
2786 2591 2942 2631 suum
2967 2577 3228 2646 laborem,
3278 2583 3369 2652 qui
3409 2594 3567 2640 extra
3614 2586 3742 2642 base

2143 2658 2274 2716 facit
2313 2681 2328 2716 :
2365 2663 2492 2734 quia
2545 2665 2650 2720 nisi
2692 2664 2948 2722 Dominus
2993 2669 3326 2740 aediﬁcaverit
3387 2673 3622 2743 domum,
3673 2677 3742 2732 in

2143 2770 2335 2840 vanum
2374 2754 2634 2821 laborant,
2680 2759 2770 2828 qui
2814 2760 3084 2830 aediﬁcant
3137 2779 3254 2818 eam
3295 2762 3471 2834 (Psal.
3515 2769 3736 2840 cxxvr).

2144 2827 2339 2900 Trullae
2364 2861 2563 2902 nomen
2606 2827 2828 2916 factum,
2858 2827 2927 2907 eo
2970 2851 3114 2921 quod
3164 2827 3334 2910 trudit
3369 2865 3426 2910 et
3467 2827 3738 2925 detrudit,

2143 2933 2194 2988 id
2222 2943 2324 3002 est,
2353 2936 2580 2992 includit
2617 2939 2766 2994 calce
2785 2941 2870 2994 vel
2923 2941 3276 3012 lutolapides.
3329 2945 3514 3001 Trulla
3543 2956 3736 3006 autem

2141 3026 2473 3080 crementarii
2511 3026 2782 3098 signiﬁcat
2818 3029 3116 3098 spiritalem
3153 3033 3565 3092 mdiﬁcationem
3606 3037 3736 3105 Dei,

2140 3127 2303 3182 quam
2341 3114 2456 3184 ipse
2511 3114 2708 3170 artifex
2729 3117 2964 3185 optimus
2999 3119 3053 3172 in
3101 3123 3504 3179 constructione
3540 3125 3738 3182 Eccle-

2069 3193 2114 3256 C
2145 3204 2238 3260 sia:
2295 3220 2407 3260 sure
2449 3206 2580 3278 agit.
2623 3206 2778 3262 Unde
2822 3208 2877 3262 in
2940 3209 3108 3265 Amos
3149 3213 3413 3282 propheta
3461 3215 3733 3286 scriptum

2139 3301 2225 3349 est
2253 3312 2265 3346 :
2296 3293 2364 3347 Et
2415 3311 2532 3350 ecce
2565 3295 2828 3352 Dominus
2856 3307 3004 3354 stans
3042 3317 3202 3372 super
3236 3295 3446 3359 mur’um
3475 3305 3650 3372 litum,
3676 3317 3734 3362 et

2138 3383 2195 3436 in
2241 3399 2430 3438 manus
2467 3385 2584 3455 ejus
2635 3385 2796 3440 trulla
2825 3390 3168 3455 cwmentarii,
3206 3400 3256 3445 et
3293 3391 3428 3447 dixit
3465 3374 3734 3450 D'ominus

2137 3474 2206 3530 ad
2227 3491 2308 3528 me
2334 3488 2352 3526 :
2383 3475 2512 3545 quid
2535 3485 2594 3530 tu
2618 3477 2756 3531 vides
2777 3477 2978 3533 Amos?
3000 3489 3049 3534 et
3071 3479 3214 3534 dixi:
3240 3479 3478 3536 Trullam
3501 3499 3733 3539 clemen-

2135 3567 2260 3620 tarii
2281 3581 2300 3619 :
2327 3577 2375 3622 et
2397 3567 2534 3622 dixit
2558 3568 2814 3625 Dominus
2855 3587 2874 3626 :
2904 3570 3041 3626 Ecce
3072 3589 3166 3644 ego
3187 3589 3382 3644 ponam
3424 3575 3640 3630 trullam
3665 3579 3728 3632 in

2134 3657 2306 3713 medio
2341 3660 2522 3730 populi
2558 3663 2661 3716 mei
2699 3662 2892 3730 Israel,
2933 3682 3035 3720 non
3079 3667 3334 3738 adjiciam
3371 3669 3515 3724 ultra
3563 3687 3728 3742 super

2135 3746 2536 3814 aediﬁcationem
2600 3749 2678 3804 uel
2722 3751 3138 3808 misericordiam
3189 3756 3440 3811 inducere
3483 3775 3627 3825 cum,
3669 3769 3724 3815 et

2134 3835 2478 3891 demolientur
2502 3837 2708 3892 excelsa
2731 3839 2864 3894 idoli
2883 3851 2930 3894 et
2962 3843 3403 3912 sanctiﬁcationes
3428 3845 3602 3901 Israel
3627 3849 3726 3903 de-

2133 3923 2443 3981 solabuntur
2475 3928 2657 3998 (Amos
2689 3929 2810 4002 vn).
2839 3931 3099 3988 Dominus
3116 3942 3324 4002 autem,
3353 3937 3548 4006 quiest
3577 3949 3727 3996 stru-

2132 4021 2251 4070 ctor
2287 4019 2536 4073 maceria:
2567 4027 2624 4074 et
2657 4019 2800 4090 lapis
2824 4021 3119 4091 angularis,
3144 4028 3509 4082 comminatur
3533 4030 3724 4085 aufer-

2131 4121 2191 4160 re
2227 4121 2288 4162 se
2318 4107 2536 4164 trullam
2566 4111 2623 4164 in
2662 4111 2867 4168 auxilio
2904 4115 3264 4183 protectionis
3295 4117 3409 4174 suae"
3435 4132 3467 4172 a
3513 4120 3720 4190 populo

2129 4198 2317 4255 lsrael.
2355 4199 2598 4272 Cumque
2639 4203 2901 4262 Dominus
2940 4209 3334 4276 protectionem
3374 4225 3529 4267 suam
3555 4223 3612 4268 et
3631 4215 3719 4285 (ut

2129 4291 2201 4345 ita
2231 4290 2432 4364 dicam)
2461 4294 2686 4362 parietis
2707 4296 3092 4350 vestimentum
3125 4297 3288 4354 trulla
3316 4311 3568 4358 cessante
3587 4305 3720 4361 sub-

2129 4379 2358 4434 traxerit
2396 4398 2409 4434 :
2457 4390 2585 4438 tunc
2636 4383 2997 4440 demolientur
3051 4385 3267 4442 excelsa
3317 4388 3608 4458 idolorum,
3659 4403 3717 4449 et

2128 4469 2584 4529 sanctiﬁcationes
2657 4474 2843 4530 decem
2888 4475 3124 4532 tribuum
3191 4477 3580 4537 desolabuntur
3629 4483 3718 4538 vel

841 4539 1126 4633 sive'quod
1171 4537 1328 4618 initio
1355 4537 1691 4628 colabantur,
1715 4573 1776 4619 ut
1803 4579 2026 4621 summa:
2055 4540 2105 4600 D
2130 4561 2504 4620 destruentur.
2551 4564 2714 4620 Juxta
2755 4581 3052 4639 anagogem
3085 4569 3218 4625 dicit
3255 4571 3512 4628 Dominus
3547 4573 3712 4630 Chri-

385 4419 517 4505 71""
561 4426 956 4550 ⁵ἰὂέςεὲχίξρίίιεω
985 4460 1191 4554 dictos,
1222 4471 1365 4542 quod
1389 4471 1572 4527 calore
1609 4471 1750 4542 ignis
1787 4473 1872 4528 vel
1916 4474 2029 4530 sole

439 4529 815 4659 égljlgll'llilﬁ,
841 4545 1126 4633 sive'quod
1171 4561 1328 4618 initio
1355 4561 1691 4628 colabantur,
1715 4573 1776 4619 ut
1803 4579 2026 4621 summa:

439 4624 1094 4735 ξέβῇξῆςιᾷᾗίῥίξξζίεῐᾴνβηι.
1127 4654 1350 4726 Colores
1385 4664 1566 4710 autem
1594 4667 1892 4712 nascuntur
1933 4665 2030 4715 aut

621 4713 1008 4842 patientiam
1027 4735 1252 4816 sinopis,
1272 4746 1512 4814 rubrica,
1535 4747 1886 4816 paritonium,
1913 4763 2026 4803 mc-

905 4817 1380 4922 auripigmentum.
1411 4839 1604 4894 Caneri
1631 4840 1907 4912 ﬁnguntur
1931 4849 2025 4897 aut

434 4901 1318 5008 alia'perinistione."llolores
1343 4937 1524 4986 autem
1545 4931 1747 4987 diversi
1775 4931 2021 4986 diversas

434 4989 744 5108 signiﬁcant
765 4998 1256 5108 'sp‘iiec’ies'virtutum
1267 5062 1281 5086 ,
1293 5021 1490 5092 quibus
1507 5022 1794 5078 decoratur
1813 5023 2017 5092 plasma

678 5082 965 5200 imaginem
993 5088 1074 5167 sui
1100 5088 1431 5205 qonditoris,
1455 5121 1516 5167 ut
1539 5113 1791 5168 ruborem
1817 5113 2020 5182 sinopi-

548 5181 656 5276 ἶξεέι⁸
674 5181 827 5276 minii
867 5181 1115 5276 ostendat
1134 5182 1441 5260 ‘i‘n‘l‘ardore
1467 5202 1768 5268 charitatis,
1801 5211 1858 5258 et
1885 5181 2016 5273 pur-

757 5269 837 5368 "fin
857 5279 862 5291 ’
883 5269 1141 5365 martyrio
1161 5277 1236 5367 fet
1279 5278 1618 5362 passionibus
1669 5305 1769 5362 pro
1818 5269 2020 5348 Christi

701 5361 971 5458 espettsis,
1011 5383 1066 5438 in
1106 5379 1499 5456 auripigmento
1541 5383 1880 5456 splendorem
1905 5400 2017 5440 -sa-

433 5439 970 5573 veneto
991 5460 1151 5551 atque
1177 5475 1469 5547 hyacintho
1496 5475 1770 5533 caelestem
1787 5491 2014 5533 convcr-

1065 5542 1365 5624 Ycandorem
1397 5567 1689 5634 castitatis,
1722 5576 1780 5623 et
1803 5567 2016 5623 ctetcris

439 5643 720 5740 speciebus
735 5643 1028 5740 virtutum,
1060 5666 1120 5714 ut
1141 5667 1244 5730 pro’
1267 5675 1326 5716 se
1353 5661 1730 5732 opportunitas
1755 5659 2014 5730 temporis

439 5723 616 5814 imbri;
641 5725 706 5804 et.
730 5731 868 5805 ratio
892 5723 1121 5822 postulat
1142 5723 1375 5810 ordinis.

2125 4662 2265 4718 stus,
2312 4665 2369 4711 et
2393 4666 2502 4713 stat
2523 4673 2686 4728 super
2715 4675 2926 4715 murum
2959 4659 3354 4730 ﬁrmissimum,
3387 4679 3554 4736 super
3575 4681 3711 4736 apo-

2124 4744 2292 4801 stolos
2317 4757 2371 4801 et
2415 4757 2632 4804 sanctos
2661 4764 2810 4814 suos,
2855 4750 3052 4819 quibus
3091 4751 3258 4817 dedit,
3287 4761 3348 4808 ut
3375 4754 3479 4824 ipsi
3518 4769 3711 4811 murus

2125 4833 2468 4891 ﬁrmissimus
2509 4847 2851 4892 vocarentur.
2884 4837 3036 4894 Unde
3064 4847 3120 4894 et
3144 4839 3307 4896 Petro
3335 4841 3510 4896 dixit:
3547 4842 3626 4896 Tu
3653 4861 3711 4898 es

2124 4924 2339 4994 Petrus,
2377 4939 2426 4984 ct
2459 4947 2618 5002 super
2658 4932 2794 4986 hanc
2851 4941 3052 5002 petram
3091 4933 3366 5002 tediﬁcabo
3412 4933 3707 4991 Ecclesium

2124 5035 2294 5074 meum
2323 5033 2342 5071 :
2371 5031 2418 5074 et
2447 5029 2610 5090 porta:
2624 5021 2784 5092 inferi
2804 5039 2908 5077 non
2936 5022 3290 5093 prteualcbunt
3317 5025 3567 5081 adversus
3587 5041 3704 5082 eam

2127 5109 2340 5180 (Matth.
2371 5111 2503 5184 xvi).
2535 5110 2636 5179 Qui
2662 5129 2872 5181 murus,
2899 5115 3003 5170 nisi
3023 5115 3236 5170 Domini
3263 5117 3582 5173 defendatur
3607 5130 3706 5175 aus

2125 5200 2276 5268 xilio,
2297 5217 2512 5257 omnem
2535 5202 2902 5260 fortitudinem
2916 5205 3118 5260 amittit
3141 5221 3156 5259 :
3181 5206 3279 5262 sed
3304 5221 3370 5262 eo
3385 5215 3706 5280 protegente

2126 5295 2182 5348 in
2205 5303 2411 5350 tantum
2441 5296 2694 5352 robustus
2712 5306 2820 5362 est,
2839 5307 2901 5353 ut
2915 5297 3128 5353 dicatur
3150 5299 3218 5353 ad
3245 5313 3368 5354 eum
3399 5317 3412 5353 :
3445 5300 3506 5356 Si
3525 5311 3705 5356 trans‘

2124 5385 2247 5440 ieris
2301 5401 2394 5455 per
2459 5385 2652 5456 ignem,
2702 5389 2918 5458 ﬂamma
2975 5404 3079 5442 non
3128 5390 3392 5444 comburat
3445 5400 3498 5445 te
3523 5389 3698 5464 ’,(11αὲ

2122 5476 2306 5548 xuii);
2355 5487 2668 5550 quantoque
2738 5481 2910 5552 magis
2981 5481 3368 5538 tentalionibus
3433 5482 3702 5552 tunditur,

2124 5577 2272 5624 tanto
2309 5567 2428 5640 plus
2455 5569 2645 5626 fortior
2673 5569 2734 5627 ﬁt
2756 5580 2812 5628 et
2847 5587 2944 5641 pro
2975 5573 3191 5629 nomine
3217 5573 3514 5635 Saluatoris
3561 5575 3708 5632 inter

2121 5661 2327 5733 ﬂagella
2373 5663 2602 5719 laetatur.
2653 5663 2878 5722 Sralaca
2920 5669 3246 5733 scandendo,
3277 5657 3330 5722 id
3368 5673 3476 5733 est,
3500 5673 3690 5725 Ascen-

2121 5752 2294 5810 dendo
2325 5762 2550 5810 vocattc.
2604 5755 2818 5812 Hrcrcnt
2848 5758 2991 5814 enim
3019 5759 3474 5817 oarictcs:scalze
3513 5769 3702 5814 autem
