4038 6324
338 339 447 407 565

1305 340 1393 396 DE
1431 337 1780 397 UNIVERSO
1815 336 1993 393 LIBRI
2032 333 2195 397 XXII.
2231 368 2304 381 —
2339 337 2470 396 LIB.
2509 340 2652 396 XXI.

3493 332 3602 393 ιω

338 469 462 528 quae
489 451 765 517 dicuntur,
796 457 890 509 aut
917 465 1034 506 una:
1061 456 1186 506 sunt
1205 459 1300 507 aut
1327 450 1679 522 plures,quia
1700 449 1913 504 numeri
1942 454 1988 512 Α
2018 449 2260 507 trabibus
2300 460 2482 508 autem
2524 452 2580 508 in
2628 451 2765 506 libro
2802 449 3013 521 Regum
3027 450 3145 503 ita"
3164 450 3427 521 scriptum
3456 459 3542 505 est
3580 467 3596 505 :

337 550 554 601 tantum
604 539 835 615 pluralis
886 548 970 597 est
1022 534 1328 605 nomenfut
1363 539 1580 606 litterae,
1638 554 1759 610 quae
1801 540 1915 609 epi-

336 635 536 692 stolam
575 632 902 704 signiﬁcant.
936 630 1108 687 Scalae
1142 633 1289 688 enim
1340 632 1568 703 mystice
1610 630 1917 703 signiﬁcant

336 723 619 797 profectus
636 728 946 779 sanctorum
965 736 1065 791 per
1081 720 1499 792 praedicationes
1521 735 1729 776 eorum.
1763 716 1918 777 Unde

341 816 400 872 in
447 814 645 873 Genesi
675 812 875 885 legitur
915 810 1068 885 (Gen.
1104 812 1315 885 xxvnr).
1345 813 1491 883 quod
1522 810 1725 868 viderit
1749 809 1919 868 Jacob

343 907 400 963 in
428 906 631 962 somnis
658 904 860 961 scalam
874 912 1108 960 stantem
1140 919 1302 975 super
1322 912 1544 971 terram,
1569 911 1626 960 et
1657 916 1918 959 cacumen

342 996 461 1069 ejus
510 1006 735 1068 tangens
793 994 1010 1051 coelum.
1077 991 1314 1050 Somnus
1384 994 1490 1050 iste
1549 991 1719 1051 Jacob
1772 1007 1922 1049 mors

341 1088 457 1143 sive
498 1087 695 1158 passio-
721 1095 807 1141 est
857 1084 1080 1141 Christi.
1111 1084 1275 1156 Lapis
1314 1085 1383 1140 ad
1438 1092 1603 1156 caput
1643 1084 1782 1155 ejus,
1825 1083 1920 1154 qui

341 1177 662 1235 nominatim
704 1175 1102 1247 quodammodo
1137 1174 1314 1231 dictus
1354 1183 1439 1230 est
1490 1175 1654 1232 etiam
1703 1181 1919 1240 unctus,

340 1270 589 1326 Christus
643 1265 998 1338 signiﬁcatur.
1043 1264 1213 1336 Caput
1261 1266 1404 1321 enim
1444 1267 1541 1321 viri
1573 1266 1815 1323 Christus
1844 1276 1920 1321 est

339 1360 395 1433 (gl
420 1358 543 1415 Cor.
568 1358 689 1431 x1);
723 1357 845 1428 quis
872 1358 1016 1412 enim
1044 1356 1216 1412 nescit
1258 1355 1537 1415 Christum
1576 1359 1646 1415 ab
1666 1359 1922 1414 unctione

337 1444 642 1517 appellari?
681 1445 885 1500 Domus
935 1452 1116 1500 autem
1171 1444 1267 1501 Dei
1311 1445 1630 1502 Bethlehcm
1681 1445 1918 1502 dicitur:

338 1535 467 1605 quia
509 1535 585 1591 ibi
628 1542 786 1591 natus
822 1544 906 1591 est
939 1534 1207 1590 Christus.
1250 1534 1416 1591 Porta
1462 1551 1590 1592 vero
1621 1536 1766 1604 coeli,
1794 1534 1921 1607 quia

339 1624 415 1681 ibi
471 1624 528 1680 in
578 1633 782 1680 terram
844 1624 1147 1691 descendit,
1212 1624 1307 1680 ubi
1356 1625 1555 1682 iterum
1606 1625 1676 1680 ad
1724 1625 1922 1682 caelum

337 1716 673 1774 wnsceudit.
702 1717 919 1773 Erectio
961 1726 1143 1773 autem
1167 1716 1362 1787 lapidis
1403 1720 1731 1777 resurrectio
1764 1721 1922 1777 Chri-

2018 538 2205 597 Posuit
2235 541 2490 599 Salomon
2522 541 2694 596 trabes
2721 541 2776 596 in
2819 541 2975 595 domo
2999 557 3090 611 per
3119 540 3394 595 circuitum
3432 540 3602 611 forin-

2016 649 2189 699 secus,
2240 642 2297 687 ut
2341 649 2447 688 non
2475 633 2732 687 horrerent
2772 633 2940 687 muris
2961 631 3158 702 templi,
3183 639 3290 686 etc.
3323 629 3440 701 (III
3466 631 3598 705 Reg.
3644 692 3648 701 ,

2018 724 2119 797 vi.)
2164 724 2266 793 Qui
2294 724 2478 796 itaque
2506 726 2690 782 trabes
2735 724 3113 794 domus,=qu:e
3149 724 3393 780 tabulata
3418 732 3604 794 porta-

2018 814 2170 880 bant,
2201 813 2307 880 nisi
2340 814 2722 884 praedicatores
2740 814 2951 880 sancti,
2970 820 3100 869 sunt
3114 813 3297 885 typicc
3325 814 3603 886 designati

2021 905 2113 975 qui
2136 905 2263 961 dum
2284 904 2388 976 ipsi
2414 905 2703 963 sublimem
2726 913 2889 977 atque
2916 906 3290 962 honorabilem
3314 905 3373 962 in
3414 905 3609 964 Eccle-

2021 996 2102 1052 sia
2122 994 2220 1053 Dei
2244 995 2422 1054 locum
2449 1002 2691 1063 teneant,
2718 994 3046 1052 inﬁrmiores
3069 1010 3321 1067 quosque
3342 1010 3407 1052 ac
3429 995 3601 1067 fragi-

2021 1084 2102 1142 les
2118 1086 2234 1143 suis
2260 1086 2738 1157 prtedicationibus
2761 1087 2831 1143 ab
2851 1087 3192 1143 inﬁrmon
3213 1087 3455 1159 appetitu
3480 1102 3603 1143 sus-

2022 1176 2218 1232 tollunt
2245 1193 2260 1230 :
2303 1185 2468 1248 atque
2492 1177 2561 1233 ad
2593 1176 2837 1235 coelestia
2861 1177 3223 1234 desideranda
3245 1192 3324 1235 ac
3338 1177 3605 1248 speranda
3664 1250 3667 1255 _

2021 1267 2395 1336 suspendunt:
2429 1267 2543 1323 suis
2571 1268 2734 1322 etiam
2783 1267 3285 1334 intercessionibus,
3325 1277 3386 1323 ut
3415 1268 3472 1323 in
3499 1283 3604 1324 ca:-

2020 1357 2130 1428 ptis
2149 1356 2475 1427 persistant,
2500 1355 2855 1427 adjuvantur?
2880 1356 3014 1414 Item
3047 1358 3233 1414 trabes
3261 1360 3364 1415 sub
3388 1358 3497 1414 alia
3524 1358 3602 1415 si-

2021 1448 2364 1519 gniﬁcatione
2383 1448 2438 1502 in
2459 1447 2748 1519 Evangelio
2768 1447 2940 1518 posita
2965 1454 3068 1512 εει,
3094 1448 3185 1503 ubi
3210 1448 3468 1505 Dominus
3488 1447 3605 1504 ait:

2025 1538 2165 1606 Quid
2185 1550 2360 1595 autem
2382 1539 2528 1595 uides
2571 1538 2829 1608 festucam
2854 1539 2911 1593 in
2935 1536 3090 1592 oculo
3121 1538 3305 1610 fratris
3348 1537 3449 1604 tui,
3497 1545 3637 1593 trum

2023 1629 2136 1682 bem
2185 1636 2381 1693 autem,
2429 1644 2548 1699 qua
2571 1629 2630 1683 in
2654 1626 2807 1683 oculo
2835 1636 2929 1682 tuo
2981 1635 3079 1695 est,
3118 1644 3223 1683 non
3268 1627 3613 1686 consideras!l

2027 1718 2241 1791 (Matth.
2274 1719 2397 1791 vn.)
2424 1718 2526 1775 llic
2553 1720 2737 1775 trabes
2764 1727 3047 1791 peccatum
3075 1719 3273 1799 majus,
3295 1727 3352 1774 et
3371 1720 3614 1776 maxime

337 1807 410 1864 sti
455 1814 557 1864 est.
611 1807 782 1864 Porro
810 1807 957 1865 scala
1006 1808 1258 1866 Christus
1310 1818 1414 1877 est,
1445 1811 1539 1882 qui
1588 1811 1725 1868 dixit
1756 1826 1772 1867 :
1801 1809 1916 1885 Ego
1942 1807 1991 1869 Β
2018 1810 2220 1866 invidia
2255 1809 2479 1881 intelligi
2502 1818 2725 1885 potest:
2748 1810 2956 1866 festuca
2977 1818 3264 1881 peccatum
3286 1809 3469 1866 minus
3491 1811 3609 1866 sive

336 1915 458 1955 sum
500 1898 584 1953 via
608 1897 792 1970 (Joan.
825 1898 978 1972 xxv);
1010 1915 1108 1971 per
1151 1900 1293 1958 hanc
1331 1901 1699 1959 ascendebant
1729 1911 1786 1960 et
1823 1902 1920 1960 de-

337 1987 683 2044 scendebant
721 1985 1091 2061 angelilGen.
1124 1989 1341 2064 xxvm),
1396 1990 1454 2049 in
1500 1992 1695 2061 quibus
1718 1992 1923 2066 signiﬁ-

339 2080 449 2136 cati
485 2087 613 2135 sunt
638 2079 984 2152 evangelista:
1011 2082 1399 2151 praedicatores
1455 2082 1663 2139 Christi
1694 2102 1708 2139 :
1733 2100 1924 2142 ascen-

340 2171 531 2227 dentes
576 2170 789 2240 utique,
813 2185 937 2227 cum
961 2170 1029 2226 ad
1056 2172 1458 2245 intelligendam
1481 2175 1599 2246 ejus
1629 2175 1925 2245 superemi-

342 2261 713 2319 nentissimam
729 2262 1064 2318 divinitatem
1085 2266 1352 2320 excedunt
1374 2264 1687 2320 universam
1710 2274 1926 2322 creatu-

343 2368 463 2407 ram
487 2369 502 2406 :
527 2360 584 2406 ut
604 2366 729 2407 eum
750 2352 1031 2409 inveniant
1051 2352 1108 2409 in
1128 2353 1420 2424 principio,
1443 2351 1685 2410 Verbum
1706 2355 1921 2410 Domini
1954 2400 1959 2403 .

340 2443 486 2514 apud
498 2444 803 2511 Dominum,
816 2457 917 2514 per
936 2459 1099 2515 quem
1121 2443 1265 2500 facta
1280 2453 1408 2501 sunt
1429 2446 1613 2502 omnia
1634 2442 1817 2517 (Joan.
1841 2444 1882 2517 1)
1903 2461 1921 2512 ;

340 2535 732 2613 descendentes
767 2543 968 2601 autem,
1012 2542 1075 2590 ut
1121 2549 1245 2591 eum
1280 2535 1560 2592 inveniant
1600 2534 1804 2590 factum
1856 2549 1925 2592 ex

339 2625 589 2693 muliere,
611 2624 815 2681 factum
843 2627 944 2682 sub
957 2626 1112 2698 lege;
1138 2634 1326 2696 uteos,
1353 2626 1447 2697 qui
1475 2626 1576 2682 sub
1604 2625 1723 2697 lege
1744 2634 1931 2694 erant,

339 2713 791 2789 mdimeret(Gal.
828 2718 927 2789 tv).

950 2806 1178 2865 CAPUT
1216 2806 1330 2863 ΧΠ.

959 2900 1033 2955 De
1078 2899 1319 2972 lignariis

411 2988 721 3063 Lignarius,
746 2989 1074 3061 generaliter
1090 2989 1218 3062 ligni
1244 2989 1424 3061 opifex
1450 2988 1771 3061 appellatur.
1795 2987 1926 3045 Car-

339 3082 637 3155 pentarius,
683 3081 919 3153 speciale
982 3097 1181 3138 nomen
1216 3090 1301 3137 est
1346 3096 1361 3136 :
1401 3089 1719 3152 carpentum
1773 3080 1922 3145 facit,

2025 1899 2311 1956 subitanea
2330 1901 2631 1958 iracundia.
2659 1901 2887 1958 Asseres
2913 1899 2984 1957 ab
3000 1915 3123 1957 asse
3150 1901 3331 1967 dicti,.
3355 1902 3484 1970 quia
3508 1901 3613 1956 soli

2023 1999 2318 2062 ponuntur,
2344 2005 2523 2064 neque
2546 1990 2842 2062 conjuncti.
2871 1990 3142 2048 Scindulaa
3171 2006 3239 2047 eo
3279 1991 3424 2060 quod
3461 1990 3608 2047 scin-

2025 2085 2238 2150 dantur,
2267 2083 2322 2141 id
2344 2090 2450 2153 est,
2481 2084 2814 2141 dividantur.
2841 2084 2902 2140 In
2942 2084 3219 2141 asseribus
3252 2091 3434 2139 autem
3482 2082 3610 2152 quia

2024 2182 2169 2231 tecto
2192 2174 2385 2232 domus
2428 2175 2776 2240 conveniunt,
2798 2173 2938 2231 bene
2956 2164 3281 2246 ptenitenlia
3308 2173 3482 2243 accipi
3514 2186 3612 2242 po-

2025 2275 2152 2332 test,
2179 2266 2265 2323 vel
2286 2267 2546 2332 charitas,
2594 2282 2716 2338 quae
2748 2266 2927 2335 operit
2976 2264 3377 2321 multitudinem
3420 2278 3613 2333 pecca-

2025 2365 2204 2413 torum
2255 2356 2308 2429 (I
2351 2354 2624 2430 Petr.tv),
2669 2364 2727 2412 et
2774 2355 2829 2412 in
2875 2355 3101 2427 psalmo.
3130 2354 3404 2424 Propheta
3437 2353 3611 2409 dicit:

2023 2445 2175 2503 Beati
2202 2463 2428 2519 quorum
2475 2447 2707 2502 remissa:
2735 2454 2861 2500 sunt
2911 2444 3235 2515 iniquitates,
3284 2453 3335 2498 et
3389 2458 3639 2515 quorum-

2023 2545 2160 2592 tecta
2198 2546 2319 2592 sunt
2356 2546 2573 2608 peccata
2594 2533 2771 2609 (Psal.
2802 2534 2978 2606 xm).
3003 2533 3187 2606 Epigri
3211 2543 3270 2589 et
3292 2532 3446 2588 clavi
3462 2538 3613 2596 sunt,
3636 2579 3649 2583 -

2025 2627 2221 2698 quibus
2248 2627 2450 2700 lignum
2473 2627 2619 2699 ligno
2644 2627 2907 2683 adhaeret.
2937 2625 3091 2683 Clavi
3116 2625 3271 2691 dicti,
3297 2626 3454 2697 quasi
3482 2626 3614 2680 cha—

2024 2716 2155 2784 labi,
2194 2718 2329 2787 quia
2350 2733 2419 2774 ex
2465 2717 2693 2789 chalybe
2735 2716 2896 2784 ﬁunt,
2958 2716 3124 2773 idest
3149 2715 3343 2772 ferro:
3389 2716 3627 2787 chalybs:

2025 2809 2171 2865 enim
2219 2808 2422 2865 ferrum
2462 2817 2565 2865 est.
2604 2807 2755 2865 Clavi
2805 2815 2987 2865 autem
3028 2808 3258 2880 mystice
3303 2815 3615 2867 sanctorum

2024 2901 2437 2972 praedicationes
2462 2900 2629 2956 corda
2652 2900 2934 2956 hominum
2961 2899 3346 2971 transﬁgentes
3388 2898 3617 2970 intelligi

2024 3000 2254 3065 possunt
2281 3012 2295 3049 :
2320 2994 2463 3050 unde
2490 2993 2545 3049 in
2568 2991 2859 3049 Salomone
2885 2993 3148 3063 scriptum
3167 3000 3254 3049 est
3282 3010 3295 3045 :
3328 2989 3499 3046 Verba
3522 3006 3614 3046 sa-

2026 3086 2297 3154 pientium.
2327 3094 2375 3141 et
2416 3083 2617 3140 stimuli
2676 3093 2726 3140 et
2760 3084 2914 3156 quasi
2960 3081 3094 3137 clavi
3142 3082 3207 3137 in
3243 3079 3413 3136 altum
3453 3079 3615 3150 deﬁxi

342 3177 486 3233 sicut
531 3175 933 3232 navicularius:
968 3176 1096 3245 quia
1132 3183 1362 3230 tantum»
1379 3173 1598 3229 navium
1624 3182 1708 3229 est
1758 3172 1926 3229 fabri-
1951 3156 1996 3218 (ἶ
2028 3174 2226 3247 (Eccle.
2259 3174 2381 3248 xu).
2411 3174 2631 3231 Tabulae
2662 3189 2695 3229 a
2726 3173 3001 3230 veteribus
3028 3170 3225 3244 tegula:
3257 3169 3614 3232 vocabantur,

342 3275 498 3327 catur
537 3276 593 3323 et
620 3266 841 3322 artifex.
905 3265 1240 3321 Sarcitcctor
1271 3265 1467 3330 dictus,
1521 3264 1668 3334 quod
1693 3279 1757 3318 ex
1786 3262 1927 3318 mul-

344 3358 416 3413 tis
447 3358 575 3413 hinc
597 3365 651 3413 et
682 3357 809 3412 inde
838 3354 1143 3426 conjunctis
1194 3354 1394 3410 tabulis
1434 3369 1602 3409 unum
1648 3353 1779 3409 tecti
1806 3368 1925 3408 sar-

343 3449 454 3504 ciat
490 3462 687 3518 corpus
714 3465 727 3500 :
752 3446 895 3502 idem
920 3454 977 3502 et
1028 3445 1311 3518 lignarins,
1350 3444 1479 3515 quia
1516 3444 1743 3501 tectoria
1765 3442 1927 3515 lignis

342 3538 571 3594 inducit.
631 3537 869 3608 Lignarii
918 3551 1047 3607 ergo
1094 3553 1159 3593 ac
1206 3536 1537 3606 carpentarii
1564 3544 1728 3605 atque
1756 3535 1927 3591 sarci-

344 3637 586 3685 tectores
603 3636 832 3697 possunt
853 3627 1077 3699 intelligi
1099 3628 1271 3682 sancti
1293 3627 1546 3682 doctores
1586 3635 1751 3696 atque
1782 3642 1925 3698 pra:-

343 3722 618 3775 dicatores
665 3719 969 3790 Evangelii,
1027 3719 1120 3789 qui
1173 3718 1418 3789 spiritale
1474 3718 1765 3774 aediﬁcium
1815 3719 1927 3776 Deo

344 3811 460 3866 suis
508 3809 853 3865 sermonibus
895 3817 1059 3879 atque
1092 3809 1251 3863 bonis
1298 3807 1564 3879 exemplis
1598 3817 1927 3879 praeparant,

343 3912 400 3957 ει
444 3902 558 3958 sive
597 3916 665 3957 ex
717 3901 930 3957 noviter
963 3900 1314 3957 credentibus
1343 3901 1561 3956 domum
1602 3900 1716 3955 Deo
1763 3899 1930 3954 aediﬁ-

344 4002 494 4060 cant,
522 3992 637 4049 sive
658 4007 725 4048 εχ
763 3993 869 4057 his,
918 4007 1056 4063 quos
1083 3991 1326 4047 hteretici
1380 3998 1543 4061 atque
1594 3989 1930 4046 schismatici

344 4099 444 4156 per
469 4098 715 4139 errorem
764 4089 1140 4152 corruperant,
1193 4080 1390 4136 iterum
1421 4080 1543 4136 illos
1570 4080 1924 4150 increpando,

346 4184 507 4244 atque
528 4173 869 4245 corrigendo,
899 4175 967 4229 ad
1000 4172 1245 4245 spiritale
1274 4172 1561 4228 aediﬁcium
1591 4171 1687 4228 Dei
1718 4180 1928 4229 restau-

348 4273 489 4320 rant.
534 4264 687 4321 Unde
707 4272 763 4319 et
800 4265 853 4318 in
884 4264 1071 4319 Exodo
1119 4263 1454 4334 carpentarii
1478 4262 1750 4335 leguntur,
1778 4272 1836 4320 et
1872 4258 1929 4320 in

348 4359 487 4414 libro
536 4358 746 4429 Regum
799 4356 939 4411 fabri
986 4356 1299 4428 lignorum,
1349 4367 1406 4412 et
1449 4357 1779 4413 caemcntarii
1838 4358 1931 4415 de-

347 4450 678 4516 scribuntur,
728 4449 819 4520 qui
850 4449 1231 4504 instaurabunt
1254 4457 1555 4506 sartatecta
1584 4450 1779 4506 domus
1799 4450 1922 4507 Dei.

348 4540 573 4596 Materia
597 4540 723 4595 inde
761 4540 963 4595 dicitur
989 4554 1153 4595 omne
1178 4539 1406 4610 lignum,
1439 4542 1583 4610 quod
1639 4558 1707 4597 ex
1738 4557 1801 4598 ea
1828 4543 1926 4598 ali—

347 4632 477 4702 quid
527 4630 942 4687 elliciatur:vel
991 4630 1037 4685 si
1096 4631 1165 4685 ad
1188 4629 1413 4698 januam
1449 4629 1677 4697 referas,
1736 4632 1822 4687 vel
1856 4632 1926 4689 ad

346 4735 602 4790 statuam,
670 4723 905 4779 materia
955 4722 1083 4777 erit.
1129 4721 1214 4777 Ad
1264 4722 1467 4793 aliquid
1519 4723 1665 4778 enim
1712 4738 1928 4795 semper

346 4820 577 4875 materia
617 4820 933 4891 accipienda
987 4830 1095 4889 est,
1147 4822 1291 4879 sicut
1339 4822 1612 4879 elementa
1641 4822 1925 4877 materiam

349 4927 535 4967 rerum
566 4926 688 4969 esse
729 4912 1003 4969 dicimus:
1046 4913 1174 4983 quia
1222 4914 1347 4969 inde
1388 4927 1475 4978 ea,
1516 4927 1637 4982 qua:
1672 4919 1798 4967 sunt
1847 4910 1927 4966 fa-

347 5014 435 5061 cta
489 5004 780 5060 videmus:
809 5013 870 5061 et
915 5006 1169 5071 materia,
1212 5005 1367 5076 quasi
1416 5014 1615 5071 mater,
1657 5002 1824 5059 dicta.
1868 5003 1927 5060 ln

347 5098 586 5157 materia
609 5098 755 5155 enim
790 5099 1019 5170 mystice
1051 5097 1285 5170 intelligi
1312 5105 1494 5169 potest
1513 5099 1749 5153 humana
1777 5112 1928 5152 crea-

351 5199 473 5246 tura
498 5207 512 5245 :
537 5191 682 5247 unde
725 5188 922 5245 artifex
968 5204 1213 5245 summus
1248 5203 1348 5260 per
1400 5188 1628 5260 opiﬁces
1648 5204 1795 5255 suos,
1825 5189 1929 5245 hoc

349 5267 454 5349 est,
493 5282 743 5338 doctores
792 5288 1010 5337 sanctos
1060 5266 1421 5351 multiplicem
1459 5286 1730 5349 praeparat
1765 5293 1929 5334 orna-

350 5383 466 5429 tum
507 5371 768 5440 ecclesia},
825 5381 880 5428 et
914 5386 1043 5427 vasa
1091 5378 1215 5441 apta
1260 5371 1329 5427 ad
1368 5368 1734 5426 ministerium
1762 5383 1918 5424 suum

348 5464 603 5522 aediﬁcat.
657 5461 868 5520 Trabes
903 5470 1124 5528 vocata},
1189 5461 1332 5532 quod
1372 5461 1427 5515 in
1472 5469 1786 5516 transverso
1832 5476 1922 5530 po-

349 5557 470 5611 sitae
534 5562 798 5624 utrosque
844 5552 1085 5623 parietes
1149 5552 1481 5608 contineant.
1528 5549 1689 5606 Aliud
1739 5558 1918 5605 autem

351 5656 475 5701 sunt
505 5647 672 5717 tigna,
710 5645 853 5699 aliud
884 5645 1067 5699 trahes
1091 5660 1102 5696 :
1128 5642 1273 5715 tigna
1315 5642 1461 5698 enim
1487 5638 1673 5709 juncta
1713 5642 1920 5698 trabem

350 5738 571 5795 faciunt.
623 5737 833 5794 Trahcs
890 5744 1076 5793 autent
1122 5743 1266 5801 sunt,
1291 5752 1413 5807 cum
1453 5732 1813 5791 suutdolataz.
1846 5734 1921 5791 De

2027 3280 2057 3319 a
2088 3265 2315 3337 tegendo
2334 3264 2564 3331 scilicet,
2620 3266 2762 3320 unde
2796 3271 2853 3319 et
2880 3261 3094 3334 tagulae.
3143 3259 3513 3317 Commissura
3536 3259 3619 3315 dio

2026 3356 2167 3411 citur
2191 3355 2503 3412 tabularum
2534 3353 2863 3424 conjunctio.
2899 3352 3120 3408 Tabulae
3168 3358 3352 3409 autem
3390 3360 3621 3422 possunt

2026 3446 2333 3519 signiﬁcare
2360 3445 2548 3503 ﬁdeles
2575 3446 2877 3512 auditores,
2928 3444 3025 3516 qui
3067 3458 3100 3498 a
3145 3440 3394 3498 trabibus
3426 3439 3515 3497 vel
3548 3440 3620 3496 ti-

2026 3537 2169 3609 guis,
2205 3537 2308 3594 hoc
2334 3545 2439 3604 est,
2466 3553 2499 3593 a
2520 3537 2727 3594 sanctis
2754 3535 3065 3593 doctoribus
3091 3541 3505 3590 sustentantur:
3537 3532 3617 3590 sic

2026 3636 2082 3682 et
2108 3628 2465 3683 commissura
2489 3640 2678 3683 eorum
2701 3627 2880 3681 unitas
2908 3633 2966 3680 ει
3004 3625 3244 3681 charitas
3279 3623 3505 3693 intelligi
3524 3638 3618 3694 po-

2027 3725 2157 3775 test.
2184 3717 2367 3773 Sectio
2388 3727 2569 3774 autem
2589 3717 2731 3773 dicta
2762 3733 2794 3771 a
2818 3716 3098 3788 sequendo
3121 3730 3186 3772 ea
3222 3729 3343 3787 qua:
3361 3715 3617 3787 coeperit.

2028 3810 2165 3866 Nam
2196 3825 2386 3866 secare
2418 3811 2618 3866 sectari
2647 3817 2704 3865 et
2735 3808 2888 3880 sequi
2915 3817 3023 3864 est.
3057 3807 3238 3864 Serra:
3292 3813 3473 3862 autem
3517 3821 3619 3862 no-

2029 3918 2154 3958 men
2200 3904 2268 3957 de
2300 3916 2434 3958 sono
2482 3899 2687 3955 factum
2740 3908 2845 3963 est,
2886 3898 2943 3953 id
2989 3905 3094 3964 est,
3136 3912 3169 3951 a
3200 3896 3455 3953 stridore.
3486 3893 3618 3952 Haec

2030 3993 2462 4073 persecutionem
2509 3978 2579 4051 in;
2604 3993 2943 4051 Christianos
2984 3992 3181 4049 factam
3213 3993 3282 4048 ab
3311 3989 3618 4047 inﬁdelibus

2030 4082 2343 4156 signiﬁcare
2359 4094 2540 4156 potest
2563 4104 2576 4139 :
2608 4086 2753 4143 unde
2773 4095 2830 4141 et
2852 4085 2904 4140 in
2926 4083 3187 4156 Apostolo
3212 4083 3444 4154 legimus
3468 4099 3483 4136 :
3508 4079 3618 4135 La-

2028 4178 2196 4249 pidati
2221 4188 2362 4246 sunt,
2384 4180 2509 4235 secti
2543 4187 2686 4245 sunt,
2711 4179 2766 4233 in
2804 4177 3061 4233 occisione
3082 4175 3249 4248 gladii
3278 4174 3474 4230 mortui
3492 4182 3617 4229 sunt

2031 4266 2191 4339 (Heb.
2215 4268 2313 4341 xi).
2347 4260 2419 4325 Et
2434 4269 2629 4325 Isaiam
2651 4269 2972 4339 prophetam
3002 4267 3183 4339 lignea
3232 4280 3387 4322 serra
3427 4280 3612 4321 serra-

2033 4372 2146 4416 tum
2172 4361 2453 4432 Scriptura
2482 4371 2687 4417 narrat.
2720 4360 2967 4418 Circinus
2989 4360 3188 4427 dictus,
3215 4358 3358 4431 quod
3383 4372 3613 4429 vergen-

2032 4453 2101 4508 do
2125 4451 2322 4508 efﬁciat
2344 4451 2627 4519 circulum,
2672 4452 2828 4524 cujus
2853 4452 3047 4508 modus
3068 4450 3339 4521 duplicata
3369 4448 3511 4504 linea
3530 4448 3611 4514 ﬁt,

2032 4558 2154 4615 qua:
2181 4543 2409 4614 simplex
2451 4560 2551 4616 per
2596 4545 2932 4601 latitudinem
2977 4551 3203 4599 extensa
3249 4542 3446 4598 fuerat.
3473 4541 3618 4597 Pun-

2033 4642 2155 4689 ctus
2185 4642 2368 4689 autem
2402 4633 2455 4687 in
2481 4634 2660 4689 medio
2686 4632 2878 4689 circini
2913 4641 3160 4687 centrum
3191 4646 3221 4685 a
3249 4629 3454 4685 Gracis
3484 4628 3617 4685 dici-

2032 4730 2142 4787 tur,
2171 4722 2223 4777 in
2255 4722 2410 4792 cujus
2451 4722 2685 4778 medium
2710 4730 2905 4779 cuncta
2925 4727 3279 4790 convergunt.
3303 4718 3382 4773 De
3409 4716 3616 4773 circino

2034 4821 2216 4868 autem
2262 4822 2318 4868 et
2359 4813 2570 4868 caeteris
2621 4813 2995 4868 instrumentis
3044 4809 3331 4865 artiﬁcosis
3371 4808 3428 4864 in
3455 4806 3613 4874 [Saia,

2033 4904 2125 4960 ubi
2172 4905 2239 4960 de
2285 4905 2458 4976 plaste
2512 4903 2639 4960 idoli
2684 4903 2888 4960 mentio
2916 4903 2996 4970 ﬁt,
3049 4903 3124 4957 ita
3169 4901 3432 4972 scriptum
3481 4909 3613 4957 est:

2030 4993 2210 5048 Faber
2242 4994 2496 5064 ferrarius
2544 4994 2672 5048 lima
2724 5004 2971 5065 operatus
2998 4992 3157 5047 estin
3202 4992 3408 5062 prunis,
3462 5000 3513 5048 et
3557 4982 3611 5046 in

2029 5084 2235 5140 malleis
2288 5085 2531 5156 formavit
2579 5085 2734 5152 illud,
2785 5096 2833 5140 et
2879 5094 3123 5157 operatus
3160 5093 3237 5139 est
3294 5078 3349 5139 in
3400 5083 3615 5141 brachio

2030 5177 2356 5248 fortitudinis
2378 5194 2511 5232 sua'.
2565 5177 2772 5247 Artifex
2803 5175 3058 5247 lignarius
3079 5174 3307 5230 extendit
3350 5190 3611 5239 normam,

2031 5269 2276 5340 formavit
2304 5269 2438 5324 illud
2466 5270 2521 5324 in
2552 5270 2773 5324 runcina
2810 5281 2829 5321 :
2860 5268 2982 5338 fecit
3014 5266 3146 5321 illud
3174 5268 3230 5320 in
3257 5265 3526 5338 angulari,
3563 5247 3693 5333 et?"

2028 5358 2085 5413 in
2114 5359 2312 5438 circino
2342 5361 2566 5414 tornavit
2592 5357 2747 5425 illud,
2782 5368 2830 5414 et
2864 5358 2985 5429 fecit
3010 5358 3294 5429 imaginem
3317 5357 3436 5423 viri,
3457 5357 3612 5429 quasi

2027 5456 2319 5526 speciosum
2353 5455 2614 5510 hominem
2640 5454 2959 5509 habitantem
2994 5452 3049 5507 in
3070 5451 3226 5507 domo
3272 5449 3409 5523 (Isa.
3437 5452 3608 5525 xuv).

2028 5546 2299 5616 Quidquid
2329 5553 2511 5600 autem
2541 5546 2607 5601 de
2630 5545 2787 5601 idolis
2823 5544 3024 5601 dictum
3075 5550 3180 5609 est,
3206 5549 3385 5614 potest
3416 5542 3609 5600 referri

2028 5646 2081 5691 et
2121 5636 2187 5692 ad
2247 5638 2514 5692 haereseos
2566 5636 2854 5707 principes,
2907 5634 3000 5706 qui
3047 5632 3335 5688 simulacra
3388 5631 3610 5701 dogma-

2032 5740 2143 5785 tum
2174 5744 2393 5787 suorum
2439 5737 2603 5799 atque
2628 5726 2895 5784 mendacii
2944 5724 3141 5782 artiﬁci
3195 5723 3356 5779 corde
3387 5735 3604 5807 compo-
