4038 6324
431 295 536 352 3ὄῖ

1111 297 1169 352 Β.
1214 296 1463 353 MBAN!
1478 324 1487 332 ν
1502 296 1717 353 MAURI
1754 295 2012 354 ARCHIE

2116 295 2424 358 MOGUNT.
2461 297 2745 360 OPERUM
2781 302 2962 360 PARS
2997 303 3062 359 ll.

3586 301 3716 367 563

429 425 584 480 nunt,
599 420 656 468 et
679 423 1007 468 venerantur
1026 429 1110 477 ea,
1135 425 1266 482 'qure
1291 428 1322 466 a
1351 428 1408 469 se
1439 413 1617 469 sciunt
1660 426 1782 469 esse
1827 411 1999 468 simu—
2026 415 2078 475 Α
2102 423 2186 470 est
2213 415 2354 470 mala
2379 431 2544 486 opera
2571 431 2850 483 exercere,
2881 416 2966 474 vel
3000 417 3142 474 male
3170 422 3384 486 docere,
3415 427 3479 476 ut
3503 437 3562 479 ιιι
3589 417 3708 480 Sa-

429 499 569 581 luta:
597 523 703 564 non
729 507 924 564 sufﬁcit
967 508 1048 564 eis
1086 523 1242 563 error
1266 508 1538 580 proprius,
1585 509 1689 564 nisi
1738 508 2012 578 simplices

469 595 674 670 uosque
695 615 884 655 eorum
913 599 1222 655 adulatione
1252 599 1580 670 deceperint,
1623 601 1712 669 qui
1744 609 2008 670 quaestum

469 616 674 670 uosque
695 616 884 655 eorum
913 616 1222 655 adulatione
1252 616 1580 670 deceperint,
1623 616 1712 669 qui
1744 616 2008 670 qumswm

416 616 622 756 'gutant
645 697 766 740 esse
799 685 1082 756 pietatem,
1111 693 1168 740 et
1199 685 1468 741 devorant
1499 685 1691 739 domus
1729 685 2008 739 viduarum

430 775 479 846 (I
507 775 639 830 Tim.
666 775 764 846 Vl),
813 776 1205 846 abutentesque
1245 775 1388 846 vulgi
1428 776 1724 846 imperitia,
1772 777 1846 831 ita
1894 784 2012 830 arte

428 869 738 934 dialectica,
784 869 938 938 quasi
970 869 1137 933 ascia,
1179 868 1400 924 terebra
1429 877 1484 923 et
1518 868 1645 923 lima
1675 875 1732 922 et
1760 868 2010 931 runcina,

428 960 667 1015 formant
691 960 887 1031 dogma
909 975 1087 1023 suum,
1115 968 1170 1014 et
1217 961 1420 1015 cudunt
1448 959 1644 1014 malleo
1669 970 1831 1028 atque
1859 959 2015 1012 inau-

429 1062 554 1107 rant
604 1053 873 1107 sermonis
919 1052 1180 1107 rhetorici
1235 1059 1538 1118 venustate,
1588 1068 1810 1123 quorum
1873 1051 2012 1106 Deus

426 1151 602 1198 venter
618 1151 718 1208 est,
753 1152 803 1196 et
847 1141 1016 1210 gloria
1055 1143 1110 1196 in
1149 1143 1456 1214 confusione
1500 1159 1682 1198 eorum
1710 1142 1878 1213 (Phil.
1905 1143 2005 1210 ιιι).

429 1232 652 1288 Securis
671 1239 898 1288 vocatur
916 1247 981 1287 eo
995 1233 1137 1303 quod
1157 1247 1222 1288 ea
1234 1231 1456 1288 arbores
1477 1233 1839 1296 succidantur,
1859 1233 2011 1302 quasi

427 1330 690 1386 succuris.
713 1329 847 1386 Item
869 1329 1096 1392 securis,
1121 1329 1274 1399 quasi
1301 1329 1584 1384 semicuris
1613 1346 1626 1381 :
1651 1343 1716 1384 ex
1745 1343 1849 1382 una
1871 1327 2014 1382 enim

423 1429 582 1490 parte
608 1429 766 1476 acuta
793 1428 894 1485 est,
923 1436 988 1476 ex
1011 1421 1178 1476 altera
1213 1420 1462 1482 fossor-ia.
1489 1419 1613 1475 Haec
1643 1420 1782 1490 apud
1809 1428 2018 1476 veteres

427 1511 972 1578 pennavocabatur;
1018 1520 1304 1580 utramque
1353 1517 1534 1566 autem
1565 1510 1770 1566 habens
1818 1512 2014 1576 aciem,

423 1599 700 1671 bipennis.
749 1600 885 1656 Nam
925 1601 1174 1672 bipennis
1217 1602 1437 1668 dicitur,
1479 1603 1624 1673 quod
1671 1617 1737 1658 ex
1789 1613 2019 1676 utraque

425 1699 584 1759 parte
604 1691 802 1746 habeat
821 1701 1036 1747 acutam
1062 1692 1256 1758 aciem,
1281 1693 1436 1763 quasi
1457 1694 1592 1749 duas
1610 1709 1820 1764 pennas
1846 1713 1860 1750 :
1882 1711 2018 1766 pen-

2112 502 2326 560 lomoue
2357 504 2546 560 :Unus
2594 507 2889 576 wdiﬁcans,
2939 518 2988 563 et
3023 525 3158 563 unus
3193 510 3464 566 destruens
3502 511 3706 584 (Ecdi.

2112 593 2323 666 xxxrv).
2350 595 2418 650 Et
2447 595 2502 650 in
2526 597 2724 651 bonam
2755 606 2966 666 partem
2993 613 3091 668 per
3113 597 3404 654 Jeremiam
3445 602 3652 658 dicitur
3688 621 3710 658 :

2115 683 2444 742 Utdestruas
2497 698 2550 742 et
2599 687 2827 758 (ediﬁces
2893 689 3026 761 (θεν.
3079 690 3143 759 ι).
3207 691 3468 749 Mundare
3525 703 3612 750 est
3672 713 3713 751 ει

2112 774 2260 832 vitiis
2281 789 2601 848 expurgem,
2633 785 2694 831 ut
2719 785 2802 832 est
2818 777 2948 834 illud
2974 779 3255 852 Evangelii
3289 797 3301 833 :
3334 779 3528 852 Tetigit
3558 799 3710 846 eum,

2112 867 2290 924 dicens
2314 883 2332 920 :
2366 867 2520 935 Volo,
2551 870 2850 937 mundare;
2888 880 2936 926 et
2985 871 3260 941 confestim
3307 877 3563 928 mundata
3617 884 3710 928 est

2115 956 2258 1027 lepra
2281 956 2497 1027 (Matth.
2529 959 2670 1032 vui).

2706 1068 2932 1125 CAPUT
2967 1070 3102 1126 XIII.

2553 1157 2630 1211 De
2659 1158 2887 1226 lane/icii
2914 1160 3224 1215 inventione.

2185 1247 2478 1302 Minervam
2503 1249 2792 1318 quamdam
2817 1249 3061 1304 Gentiles
3103 1250 3288 1304 multis
3315 1250 3547 1321 ingeniis
3567 1267 3720 1321 pne—

2116 1339 2320 1394 dicant.
2363 1339 2513 1396 Hanc
2555 1341 2700 1395 enim
2756 1341 2990 1412 primam
3044 1339 3281 1396 lanelicii
3342 1357 3498 1396 usum
3549 1357 3718 1396 mon—

2118 1439 2340 1486 strasse.
2380 1430 2530 1488 Hanc
2555 1433 2720 1488 etiam
2752 1432 2914 1487 telam
2957 1432 3188 1495 ordisse,
3220 1441 3274 1486 et
3299 1432 3578 1488 colorasse
3632 1434 3716 1486 la-

2115 1536 2216 1600 nas
2238 1522 2530 1593 perhibent
2560 1541 2574 1578 :
2599 1521 2763 1579 olivae'
2783 1538 3001 1594 quoque
3033 1524 3176 1578 baiic
3207 1523 3397 1578 dicunt
3443 1524 3721 1579 inventri-

2119 1628 2258 1680 cem,
2299 1621 2355 1670 et
2383 1612 2622 1682 fabricae,
2648 1613 3052 1686 multarumque
3093 1613 3293 1668 artium
3324 1615 3713 1685 repertricem.

2117 1703 2245 1760 Ideo
2271 1702 2347 1759 illi
2389 1704 2549 1776 vulgo
2569 1704 2794 1776 opiﬁces
2815 1704 3118 1780 supplicant
3148 1723 3160 1759 :
3191 1704 3288 1760 sed
3329 1705 3436 1761 hoc
3487 1706 3712 1776 poetice

427 1773 556 1832 tium
586 1787 768 1868 autem
797 1767 1006 1852 ειιιιίῳιί
1042 1789 1261 1843 acutum
1287 1780 1559 1836 dicebant.
1591 1781 1668 1838 De
1701 1798 1890 1839 secure
1915 1800 2015 1838 au-
2045 1759 2092 1820 B
2120 1793 2356 1868 ﬁngitur.
2384 1759 2512 1852 N0]:
2531 1759 2678 1852 enim
2707 1759 2948 1854 Μίηθιιὶοξι
2981 1796 3212 1852 istarum
3228 1797 3426 1852 artium
3456 1759 3722 1866 ρῖιίηοεβ

427 1877 535 1930 tem
571 1865 809 1925 Joannes
844 1870 1082 1942 Baptista
1107 1872 1175 1928 ad
1217 1869 1432 1928 Judaeos
1460 1872 1534 1928 ita
1562 1873 1678 1930 ait:
1709 1872 1834 1930 Iam
1879 1876 2018 1930 enim

426 1961 627 2015 securis
659 1961 732 2016 ad
780 1963 984 2022 radices
1021 1965 1270 2042 arborum
1305 1967 1477 2036 posita
1531 1977 1607 2022 est
1652 1967 1868 2039 (Matth.
1911 1972 2013 2042 ιιι).

425 2050 608 2105 Arbor
645 2051 1020 2135 hujus’mundi
1045 2064 1128 2112 est
1154 2055 1465 2124 universum
1496 2073 1667 2130 genus
1695 2061 2012 2116 humanum.

431 2143 657 2199 Securis
675 2149 802 2200 vero
831 2153 916 2200 est
945 2145 1272 2222 Redemptor
1289 2156 1497 2216 noster,
1523 2151 1614 2220 qui
1643 2151 1790 2208 velut
1815 2166 1883 2207 ex
1905 2169 2018 2208 ma-

427 2234 624 2289 nubrio
649 2243 705 2290 et
734 2233 882 2291 ferro
907 2245 1123 2292 constat
1160 2256 1174 2290 :
1209 2223 1528 2309 teneturque
1556 2256 1625 2296 ex
1659 2243 2012 2310 humanitate,

425 2315 526 2379 sed
540 2323 730 2382 incidit
746 2340 814 2380 ex
838 2325 1118 2382 divinitate
1142 2345 1156 2380 :
1181 2342 1306 2398 quae
1321 2327 1574 2385 videlicet
1591 2330 1799 2386 securis
1813 2330 1926 2400 jam
1949 2333 2016 2388 ad

425 2413 668 2470 radicem
699 2415 912 2472 arboris
946 2415 1105 2473 istius
1129 2419 1304 2488 posita
1326 2429 1412 2476 est
1443 2433 1458 2475 :
1487 2421 1613 2492 quia
1647 2431 1702 2478 et
1727 2422 1772 2478 si
1798 2437 1905 2493 per
1924 2440 2018 2496 pa-

427 2498 676 2560 tientiam
711 2515 1011 2576 exspectat,
1043 2505 1256 2566 videtur
1291 2518 1475 2566 tamen
1505 2511 1635 2582 quid
1673 2511 1880 2567 factura
1912 2523 2012 2569 est.

427 2593 615 2652 Potest
632 2587 691 2651 et
705 2599 914 2654 securis
938 2601 1158 2659 nomine
1171 2589 1490 2678 praedicatio
1503 2606 1770 2660 sermonis
1781 2619 2014 2678 evange-

425 2685 523 2742 lici‘
539 2688 764 2760 intelligi
782 2703 797 2743 :
815 2691 965 2760 quia,
987 2692 1282 2748 secundum
1310 2693 1649 2764 Apostolum,
1671 2697 1820 2751 vivus
1845 2713 2014 2752 sermo

427 2777 620 2859 Deiet
663 2781 847 2852 efﬁcax
892 2783 1343 2852 etpenetrabilior
1386 2787 1528 2838 omni
1567 2785 1745 2856 gladio
1775 2788 2012 2859 ancipiti,

426 2879 476 2924 et
499 2857 792 2942 pertingens
817 2889 982 2944 usque
1021 2875 1092 2928 ad
1131 2874 1438 2931 divisionem
1482 2876 1697 2943 animm,
1742 2879 1917 2933 carnis
1965 2890 2014 2933 et

425 2961 667 3036 spiritus,
690 2979 997 3034 compagum
1037 2981 1238 3036 quoque
1270 2975 1317 3022 et
1339 2966 1712 3037 medullarum,
1742 2978 1790 3022 et
1813 2969 2013 3024 discre-

427 3061 513 3104 ιον
547 3053 923 3123 cogitationum
969 3054 1127 3120 (Meo.
1172 3057 1271 3128 Iv).
1327 3057 1396 3112 Et
1443 3057 1712 3116 Jeremias
1743 3062 2010 3132 propheta

427 3144 657 3200 verbum
703 3145 917 3202 Domini
951 3149 1130 3204 securi
1173 3159 1455 3220 comparat
1496 3153 1726 3212 credenti
1755 3161 2006 3224 petram:

427 3235 544 3318 sive
569 3237 778 3292 securis
805 3239 1134 3294 sententiam
1166 3241 1359 3312 judieii
1405 3241 1669 3298 Altissimi
1719 3242 2010 3314 signiﬁcat,

427 3344 550 3399 quae
586 3329 656 3384 ad
707 3331 918 3386 radices
958 3331 1236 3398 arborum,
1285 3332 1340 3388 id
1393 3341 1498 3399 est,
1537 3333 1606 3388 ad
1654 3332 1815 3388 ﬁnem
1859 3333 2010 3404 regni

425 3421 612 3494 pepuli
665 3421 874 3478 Judaici
908 3424 1080 3492 posita
1111 3433 1197 3480 est
1229 3433 1328 3479 :ut
1365 3441 1485 3491 eos,
1515 3425 1608 3495 qui
1639 3425 1694 3479 in
1731 3423 2009 3482 Christum

428 3515 656 3571 credere
710 3515 1022 3584 noluerunt,
1073 3518 1142 3574 de
1203 3526 1346 3574 terra
1387 3517 1686 3572 viventium
1743 3517 2008 3574 abscidat.

425 3607 588 3666 Ascia
635 3609 704 3664 ab
732 3609 961 3664 hastulis
989 3610 1131 3668 dicta
1153 3649 1168 3674 ,
1208 3624 1346 3679 quas
1377 3625 1406 3663 a
1435 3609 1581 3681 ligno
1617 3607 1826 3673 eximit,
1856 3606 2010 3677 cujus

426 3700 810 3766 diminutivum
835 3709 922 3757 est
965 3701 1188 3756 asciola.
1219 3701 1316 3756 Est
1344 3710 1525 3756 autem
1555 3700 1842 3756 manubrio
1859 3701 2010 3756 brevi

427 3800 484 3844 et
534 3790 762 3846 adversa
799 3798 952 3862 parte
992 3790 1237 3848 referens
1273 3791 1356 3846 vel
1408 3791 1708 3862 simplicem
1729 3791 2008 3858 malleum,

426 3892 532 3954 aut
555 3893 804 3939 cavatum
827 3883 920 3942 vel
948 3883 1168 3942 hicorne
1202 3891 1454 3940 rastrum.
1483 3885 1560 3940 De
1595 3885 1772 3941 securi
1805 3891 2009 3946 autem,

373 4017 376 4020 .
425 3979 572 4033 ascia
613 3987 670 4033 et
726 3977 959 4048 bipenne
1019 3978 1076 4034 in
1132 3977 1398 4036 Psalterio
1433 3978 1694 4050 scriptum
1759 3987 1865 4043 est,
1918 3978 2010 4032 ubi

425 4068 726 4127 destructio
788 4068 974 4138 templi
1017 4069 1230 4124 Domini
1287 4078 1746 4124 commemoratur
1777 4069 2010 4124 :securi-

427 4159 524 4212 bus
565 4160 870 4232 exciderunt
904 4161 1108 4230 januas
1159 4160 1368 4229 ejus-in
1405 4160 1655 4230 idipsum,
1711 4159 1921 4231 bipenni
1959 4170 2008 4215 et

423 4251 902 4322 asciatdejecerunt
949 4267 1066 4306 eam
1113 4250 1552 4323 (Psal.,uxm).
1591 4253 1650 4306 In
1695 4251 1878 4307 securi
1919 4249 2012 4306 tri-

422 4343 759 4414 bulationem
785 4343 957 4414 .hujus
995 4343 1179 4398 smculi
1198 4337 1568 4402 demonstrat:
1604 4345 1658 4398 in
1687 4333 1854 4408 ascia,
1878 4357 2008 4415 pra-

423 4450 622 4504 votum
651 4435 1133 4503 persecutionem,
1182 4449 1292 4504 qua
1335 4442 1556 4492 sanctos
1601 4424 1774 4507 usque
1819 4435 1886 4492 ad
1927 4435 2006 4490 ine
2040 4466 2088 4525 υ

425 4525 738 4591 teritionem
767 4533 1190 4596 persequuntur.
1217 4526 1276 4580 In
1301 4527 1536 4596 bipenne
1565 4526 1836 4598 geminam
1867 4525 2006 4582 ami-

423 4614 696 4687 ctionem.
730 4629 837 4684 qua
881 4613 1085 4671 electos
1130 4614 1407 4685 Deizpravi
1457 4617 1706 4672 homines
1747 4615 1933 4672 verbis
1951 4623 2008 4672 et

422 4708 586 4778 facitis
635 4706 901 4778 obligant,
965 4708 1262 4779 designat...
1295 4707 1567 4778 Sealprus-
1601 4709 1818 4774 dictus,
1863 4707 2008 4780 quod

423 4799 714 4870 scalpturis
755 4807 816 4858 et
859 4797 1227 4855 foraminibus
1267 4800 1345 4856 sit
1382 4810 1564 4870 aptus,
1607 4800 1762 4869 quasi
1811 4797 2007 4854 scaifo-

421 4906 542 4956 rus,
555 4889 736 4958 ,cujus.
760 4889 1160 4950 diminutivum
1173 4911 1178 4926 ι
1192 4890 1499 4960 scalpellus.
1519 4881 1766 4944 Terebra
1811 4898 2004 4943 vocata

422 4997 455 5036 a
483 4993 669 5043 verme
694 4979 851 5051 ligni,
885 4979 978 5049 qui
1007 4988 1350 5050 nuncupatur
1379 4981 1617 5043 terebra,
1644 4992 1804 5048 quem
1830 4978 2006 5032 Graeci

424 5071 683 5134 teredona
733 5079 948 5126 vocant.
974 5070 1117 5136 Hine
1141 5071 1296 5128 dicta
1317 5072 1531 5126 terebra
1563 5087 1576 5123 :
1610 5070 1772 5140 quod,
1806 5075 1866 5122 ut
1894 5083 2010 5123 ver~

419 5165 571 5232 mis”
599 5163 821 5227 terendo
859 5162 1128 5234 perforat,
1192 5164 1346 5234 quasi
1408 5161 1662 5227 terefora,
1708 5160 1796 5216 vel
1851 5160 2004 5231 quasi

421 5254 782 5334 transferens-
825 5254 1426 5314 JEdiﬁeare'est'bona
1472 5268 1642 5326 opera
1669 5255 1884 5319 facere,
1917 5254 2002 5308 vel

421 5356 574 5407 recte
599 5347 822 5414 doceret:
862 5357 944 5404 ut.
975 5347 1319 5418 in-Apostolo
1355 5359 1374 5402 :
1407 5342 1472 5403 Si
1485 5342 1608 5418 quis
1655 5349 1838 5401 autem
1880 5346 2006 5401 tedi-

422 5436 549 5507 βοιιί
577 5453 738 5508 supra
765 5439 1172 5509 fundamentum
1199 5439 1320 5504 hoc,
1349 5447 1564 5503 aurum,
1607 5431 1904 5510 argentum,
1933 5436 2007 5490 la.

421 5526 570 5598 pides
609 5531 880 5604 .pnrtiosos
906 5529 976 5602 ια
1015 5529 1140 5584 Cor.
1189 5529 1316 5601 ut)»
1350 5525 1417 5584 Et
1474 5529 1534 5586 in
1585 5529 1746 5584 aliam
1791 5534 2004 5600 partem

423 5636 524 5689 pro
560 5621 758 5693 popqu
781 5621 1237 5690 Judazommrper
1254 5619 1590 5676 Malachiam'
1621 5619 1826 5675 dieitur
1848 5637 1861 5672 :
1887 5616 2001 5688 Ipsi
2039 5629 2044 5636 ‘

429 5711 786 5783 udi/icabunt,
834 5721 881 5771 et
918 5727 1012 5781 ego
1036 5711 1302 5769 destruat
1329 5709 1586 5782 (Matura.
1619 5710 1684 5780 ι).
1707 5711 2001 5770 Destruere

2120 1891 2204 1942 est
2231 1903 2244 1940 :
2277 1883 2372 1942 sed
2397 1887 2523 1957 quia
2553 1887 2818 1958 sapientia
2853 1887 2907 1942 in
2945 1887 3122 1957 capite
3153 1901 3279 1942 esse
3305 1885 3507 1941 dicitur
3532 1886 3721 1941 homi-

2119 1977 2228 2043 nis,
2271 1985 2328 2033 et
2355 1975 2595 2033 Minerva
2641 1977 2708 2032 de
2751 1977 2928 2048 capite
2959 1975 3110 2032 Jovis
3147 1983 3275 2032 nata
3324 1975 3566 2048 ﬁngitur,
3603 1977 3723 2032 hoc

2117 2078 2220 2138 est,
2248 2070 2563 2140 ingenium;
2598 2069 2826 2141 ideoque
2855 2085 3048 2127 sensus
3069 2068 3352 2140 sapientis,
3384 2068 3479 2138 qui
3500 2067 3724 2124 invenit

2116 2162 2319 2227 omnia,
2359 2163 2412 2216 in
2446 2161 2624 2232 capite
2657 2171 2785 2216 est:
2819 2161 2940 2216 ideo
2981 2169 3038 2216 et
3076 2159 3188 2216 Dea
3229 2160 3425 2214 artium
3465 2159 3720 2216 Minerva

2117 2252 2314 2306 dicitur
2343 2270 2354 2305 :
2387 2251 2512 2320 quia
2542 2250 2679 2306 nihil
2701 2250 3054 2308 excellentius
3083 2258 3168 2306 est
3193 2249 3430 2321 ingenio,
3467 2248 3580 2319 ‘quo
3624 2263 3719 2303 re-

2118 2351 2316 2420 guntur
2343 2341 2617 2396 universa.

2681 2433 2904 2490 CAPUT
2954 2432 3094 2489 XIV.

2545 2523 2624 2580 De
2646 2525 2868 2582 restibus
2907 2523 3256 2578 sacerdotum.

2187 2615 2322 2672 Octo
2343 2623 2470 2670 sunt
2493 2615 2545 2670 in
2565 2615 2684 2686 lege
2709 2629 2907 2684 genera
2939 2611 3357 2668 sacerdotalium
3406 2609 3718 2666 vestimen-

2116 2719 2316 2763 torum.
2340 2707 2564 2763 Poderis
2587 2715 2674 2762 est
2717 2704 3072 2763 sacerdotalis
3096 2703 3238 2759 linea
3267 2703 3480 2773 corpori
3545 2701 3717 2757 astri-

2119 2808 2231 2864 cta,
2272 2809 2329 2854 et
2355 2812 2526 2868 usque
2547 2799 2614 2852 ad
2641 2797 2808 2869 pedes
2857 2795 3188 2852 descendens
3217 2812 3229 2848 :
3253 2793 3396 2848 unde
3421 2799 3479 2848 et
3501 2805 3716 2844 nuneu-

2119 2899 2266 2960 pata,
2291 2905 2454 2960 quam
2463 2889 2654 2962 vulgus
2675 2890 2956 2946 camisiam
2971 2895 3145 2944 vocat.
3161 2885 3408 2942 Abaneth
3421 2892 3506 2940 est
3519 2883 3714 2952 cingu-

2118 2981 2228 3036 lum
2260 2979 2612 3042 sacerdotale,
2644 2980 2955 3045 rotundum,
2983 2977 3240 3049 polymita
3269 2983 3384 3032 arte
3425 2989 3494 3030 ex
3521 2988 3707 3037 cocco,

2117 3086 2374 3142 purpura,
2397 3071 2795 3142 byacinthoque
2817 3077 3148 3131 contextum,
3173 3067 3247 3122 ita
3270 3075 3330 3121 ut
3359 3063 3521 3120 ﬂores
3541 3073 3714 3134 atque

2117 3175 2344 3234 gemmae
2370 3162 2422 3216 in
2454 3177 2520 3217 eo
2545 3177 2666 3218 esse
2696 3163 3008 3217 viderentur
3049 3159 3337 3215 distinctae.
3366 3157 3577 3212 Pileum
3623 3165 3712 3211 est

2115 3267 2182 3306 ex
2216 3254 2380 3324 bysso
2401 3253 2712 3318 rotundum,
2743 3253 2901 3321 quasi
2936 3253 3148 3321 splizera
3179 3250 3380 3316 media,
3413 3257 3576 3319 caput
3618 3257 3707 3303 te—

2115 3357 2247 3414 gens
2267 3342 2624 3408 sacerdotale,
2661 3352 2714 3398 et
2768 3343 2821 3396 in
2849 3342 3104 3413 occipitio
3133 3341 3266 3396 vitta
3291 3339 3650 3396 constrictum
3685 3355 3705 3392 :

2115 3437 2218 3490 hoc
2242 3435 2416 3492 Grieci
2475 3443 2531 3491 et
2551 3435 2723 3490 nostri
2751 3435 2944 3490 tiaram
2997 3433 3081 3490 vel
3108 3433 3316 3505 galeam
3347 3439 3562 3488 vocant.
3590 3430 3707 3487 Ma-

2113 3529 2259 3594 chin,
2299 3528 2444 3598 quod
2472 3535 2557 3582 est
2576 3526 2754 3582 tunica
2786 3526 2989 3592 talaris,
3045 3533 3156 3582 tota
3184 3523 3556 3595 hyacinthina,
3600 3521 3706 3576 ha-

2113 3619 2248 3675 bens
2276 3619 2341 3674 ad
2364 3621 2529 3689 pedes
2553 3618 2892 3690 septuaginta
2907 3617 3014 3672 duo
3037 3615 3421 3680 tintinnabula,
3444 3613 3697 3670 totidem-

2113 3721 2219 3778 que
2242 3707 2544 3762 intermista
2575 3721 2640 3760 ac
2677 3705 3034 3776 dependentia
3059 3704 3203 3759 mala
3231 3703 3448 3772 punica.
3488 3700 3700 3772 Ephod.

2113 3795 2254 3866 quad
2287 3796 2674 3864 interpretatur
2721 3795 2912 3850 Latine
2954 3793 3476 3865 superindumentum
3509 3807 3530 3856 ;
3582 3796 3709 3844 erat

2113 3887 2259 3940 enim
2287 3885 2508 3956 pallium
2553 3884 3018 3955 superhumerale,
3052 3898 3119 3938 ex
3165 3891 3400 3952 quatuor
3429 3879 3708 3934 coloribus

2111 3985 2168 4032 et
2207 3992 2342 4031 auro
2371 3983 2705 4039 contextum,
2771 3973 2975 4029 habens
3005 3974 3060 4028 in
3090 3981 3322 4042 utroque
3365 3971 3595 4026 humero
3623 3969 3708 4023 la-

2110 4067 2264 4139 pides
2289 4069 2425 4124 duos
2449 4065 2821 4137 smaragdinos
2869 4079 3002 4119 auro
3035 4063 3334 4125 conclusos,
3363 4061 3446 4137 εἰη
3497 4061 3700 4130 quibus

2111 4157 2321 4229 sculpta
2347 4166 2504 4214 erant
2541 4158 2760 4214 nomina
2793 4155 3253 4228 patriarcharum.
3299 4153 3526 4225 Logion,
3558 4151 3708 4221 «mod

2068 4275 2072 4278 ·
2113 4249 2306 4304 Latine
2349 4249 2548 4305 dicitur
2599 4245 2878 4312 rationale,
2936 4260 3148 4318 pannus
3195 4243 3414 4314 duplex,
3461 4257 3596 4297 auro
3649 4249 3710 4296 et

2111 4347 2347 4408 quatuor
2375 4345 2554 4394 textus
2579 4336 2876 4402 coloribus,
2905 4335 3114 4391 habens
3142 4331 3569 4402 magnitudinem
3593 4329 3707 4399 pal-

2113 4437 2188 4496 mi
2215 4451 2312 4506 per
2340 4434 2628 4506 quadrum,
2647 4433 2738 4489 ο·ιί
2759 4431 2952 4486 intexti
2980 4438 3138 4486 erant
3163 4427 3448 4484 duodecim
3488 4425 3701 4495 pretio-

2111 4527 2547 4598 sissimilapides.
2577 4525 2676 4581 Hie
2701 4539 2913 4596 pannus
2939 4519 3364 4594 superhumerali
3395 4526 3582 4574 contra
3603 4531 3702 4587 pe—

2111 4597 2231 4678 ctus
2265 4597 2540 4691 pontiﬁcis
2569 4616 2978 4672 annectebatur.
3007 4612 3276 4676 Petalum,
3303 4625 3468 4666 aurea
3500 4609 3703 4664 lamina

2113 4713 2166 4767 in
2197 4711 2370 4767 fronte
2397 4708 2688 4781 pontiﬁcis,
2728 4721 2848 4776 qua:
2892 4720 3086 4760 nomen
3127 4702 3338 4758 Domini
3378 4709 3705 4770 tetragram-

2115 4813 2294 4858 maton
2323 4799 2594 4856 hebraicis
2623 4797 2818 4853 litteris
2844 4796 3078 4852 habebat
3104 4794 3388 4864 scriptum.
3414 4789 3603 4845 Badim
3625 4789 3704 4843 si-

2114 4912 2176 4950 ve
2205 4891 2504 4957 feminalia,
2529 4890 2582 4944 id
2612 4897 2716 4952 est,
2763 4889 2944 4943 bracae
2985 4887 3144 4940 linea:
3198 4897 3371 4954 usque
3403 4881 3469 4935 ad
3521 4895 3700 4952 genua

2109 4984 2498 5054 pertingentes,
2549 4979 2744 5051 quibus
2773 4977 3078 5032 verecunda
3108 4973 3412 5030 sacerdotis
3441 4971 3701 5028 velaban-

2111 5085 2216 5130 tur.
2243 5073 2466 5145 Mystice
2494 5081 2672 5126 autem
2700 5069 2920 5140 poderis
2941 5067 3214 5139 signiﬁcat
3238 5066 3547 5122 castitatem
3578 5079 3699 5120 cor-

2104 5164 2256 5235 poris
2287 5172 2340 5218 et
2361 5163 2552 5218 animae
2573 5173 2744 5231 usque
2773 5158 2828 5212 in
2859 5156 3039 5212 ﬁnem.
3089 5153 3377 5228 Cingulum
3405 5170 3533 5210 vero
3562 5169 3695 5210 cou-

2104 5254 2388 5310 tinentiam
2437 5261 2600 5324 atque
2639 5249 3046 5314 abstinentiam,
3104 5248 3696 5320 mortiﬁcationcmque

2118 5343 2414 5401 carnalium
2447 5341 2861 5398 desideriorum.
2923 5339 3168 5407 Quatuor
3217 5339 3436 5408 quidem
3485 5339 3696 5394 colores

2119 5435 2394 5505 praecipui,
2439 5435 2544 5489 hoc
2567 5440 2671 5498 est,
2723 5429 3070 5502 hyacinthus,
3099 5445 3340 5500 purpura
3392 5443 3693 5497 coccusque

2117 5528 2199 5581 bis
2227 5527 2447 5592 tinctus,
2480 5539 2544 5580 ac
2578 5523 2774 5596 byssus
2798 5531 3022 5586 retorta,
3059 5535 3126 5574 ex
3177 5521 3372 5590 quibus
3422 5520 3694 5590 pontiﬁcis

2114 5617 2331 5672 habitus
2377 5623 2660 5671 contextus
2697 5623 2816 5670 erat
2857 5613 3018 5668 simul
3047 5628 3168 5667 cum
3215 5627 3366 5676 auro,
3407 5611 3692 5681 mysticam

2113 5707 2561 5779 signiﬁcationem
2608 5705 2832 5776 habent,
2857 5705 2959 5762 hoc
2991 5713 3094 5773 est,
3139 5718 3330 5761 aurum
3360 5687 3570 5774 'ﬁgurat
3610 5717 3692 5757 sa-
