4038 6324
292 364 398 421 569

1253 360 1342 415 DE
1384 359 1729 417 UNIVERSO
1764 360 1940 417 LIBRI
1983 360 2144 417 XXII.
2182 392 2252 402 —
2289 362 2416 417 LIB.
2460 360 2599 420 XXI.

3428 321 3551 427 sic

291 458 1250 548 pientiamspiritalem:hyacinthus
1271 473 1544 529 ccelestem
1569 488 1857 530 eonversa-
1885 476 1937 537 Α
1963 474 2177 544 proprie
2248 473 2555 546 designant,
2615 476 2734 531 sine
2788 489 2889 545 qua
2949 466 3110 532 nemo
3164 476 3248 533 vel
3294 460 3551 562 ἐπίεέὲᾳᾷ-

292 568 493 622 tionem
538 580 550 617 :
594 578 830 632 purpura
887 562 1206 633 martyrium
1237 581 1249 616 :
1280 578 1475 620 coccus
1530 565 1615 618 bis
1669 564 1868 619 tinetus

290 655 573 710 eharitatis
600 652 1009 722 perfectionem,
1054 669 1173 723 qua:
1207 655 1260 709 in
1306 656 1515 710 duobus
1564 656 1865 726 prmceptis,

291 750 397 803 hoc
418 755 521 811 est,
564 744 850 801 dilectione
875 746 969 799 Dei
1012 753 1068 800 et
1093 747 1323 815 proximi
1360 764 1373 801 :
1404 748 1599 817 byssus
1621 761 1750 802 vero
1778 763 1867 802 ca-

292 838 532 892 stitatem
557 846 715 904 atque
741 834 1061 889 munditiam
1092 852 1104 888 :
1136 835 1334 903 pileum
1356 850 1571 905 quoque
1592 836 1704 891 sive
1732 836 1866 890 tiara

292 927 536 999 byssina,
562 940 681 994 quae
709 933 868 995 caput
898 925 1111 995 tegebat
1165 933 1220 980 et
1275 927 1504 981 ornabat
1546 926 1867 990 sacerdotis,

295 1019 548 1072 admonet
579 1031 702 1071 eum
730 1031 921 1070 omnes
940 1016 1134 1086 capitis
1156 1031 1349 1071 sensus
1375 1017 1487 1071 Deo
1515 1026 1854 1074 consecrato!

292 1107 510 1172 habere,
540 1123 609 1162 ne
635 1107 720 1162 vel
749 1107 889 1163 oculi
916 1105 1033 1175 ejus
1085 1108 1306 1163 videant
1327 1108 1640 1171 vanitatem,
1665 1109 1749 1164 vel
1775 1124 1871 1163 an-

290 1213 380 1253 res
434 1197 689 1253 libentius
740 1197 1008 1252 audiendo
1044 1198 1395 1268 opprobrium
1445 1199 1716 1268 accipiant
1772 1199 1870 1253 ad-

288 1308 478 1348 versus
525 1293 829 1362 proximum
880 1308 1036 1347 suum
1065 1312 1077 1346 :
1106 1308 1168 1347 os
1217 1293 1456 1349 abundet
1503 1294 1747 1364 nequitia
1779 1302 1870 1349 :et

288 1386 472 1455 lingua
524 1385 798 1440 contineat
835 1384 1016 1438 dolum
1049 1403 1060 1438 :
1090 1384 1204 1439 sive
1234 1384 1399 1439 etiam
1441 1400 1535 1440 eor
1559 1384 1777 1454 crapula
1812 1393 1868 1440 et

290 1480 554 1535 ebrietate
598 1486 893 1550 gravetur:
927 1478 1013 1532 vel
1054 1477 1285 1532 olfactus
1325 1493 1606 1548 aspersum
1629 1478 1868 1550 myrrha,

289 1571 407 1627 aloe
435 1580 489 1626 et
516 1571 878 1636 cinnamomo,
915 1571 1111 1626 lectum
1139 1572 1444 1628 meretricis
1484 1572 1865 1642 amplectatur.

287 1661 492 1717 'l‘unica
525 1677 656 1717 vero
696 1661 1047 1734 hyacinthina
1092 1664 1348 1730 ostendit,
1385 1663 1561 1734 qualis
1605 1678 1728 1719 esse
1777 1664 1873 1718 de-

286 1753 413 1807 beat
445 1753 554 1828 vita
578 1752 951 1820 sacerdotalis,
986 1755 1091 1809 hoc
1115 1764 1218 1821 est,
1247 1756 1499 1826 supernis
1526 1755 1867 1812 solummodo

1968 542 2105 623 tium
2156 542 2473 638 suscipere,
2525 569 2610 624 vel
2662 570 2730 624 ad
2790 542 2979 625 altaris
3048 579 3228 642 potest
3280 542 3544 631 ’ministe:

1966 662 2131 729 rium,
2147 666 2473 728 consecrari,
2494 666 2547 720 id
2573 673 2674 730 est,
2704 667 2869 721 sinon
2893 667 3151 739 autvirgo
3170 656 3550 739 permanserit,

1968 762 2061 807 aut
2100 756 2409 827 conjugium
2457 765 2645 812 contra
2693 759 2895 813 uxoria:
2921 757 3318 828 coniunctionis
3346 750 3550 829 fmdera

1967 843 2212 901 solverit.
2982 852 2989 857 '

2568 936 2797 994 CAPUT
2827 937 2944 993 XV.

2183 1026 2260 1081 De
2286 1027 2500 1081 diversis
2530 1027 2830 1083 nominibus
2859 1030 3303 1085 vestimentorum.

2041 1117 2337 1173 Diversitas
2361 1117 2804 1172 vestimentorum
2836 1137 2847 1171 :
2883 1127 3118 1189 tegmen,
3159 1129 3428 1191 tegumen,
3473 1114 3554 1175 in-

1971 1206 2307 1272 dumentum,
2323 1208 2728 1271 vestimentum,
2743 1212 2797 1261 et
2819 1207 3046 1278 reliqua.
3080 1209 3318 1281 Tegmen
3347 1211 3552 1281 dictum

1970 1312 2035 1351 eo
2059 1298 2202 1367 quod
2234 1305 2378 1368 tegat
2403 1298 2666 1364 membra,
2696 1299 2836 1353 si'cut
2862 1308 3111 1368 tegumen
3141 1310 3308 1369 tecta,
3334 1317 3453 1371 qua:
3476 1308 3556 1358 te-

1970 1400 2100 1460 gunt
2120 1387 2780 1459 corpora.Vestimentum
2809 1405 2936 1446 vero
2964 1400 3068 1457 est,
3100 1392 3243 1462 quod
3285 1409 3458 1462 usque
3484 1376 3555 1450 ad

1971 1479 2254 1549 vestigium
2306 1479 2682 1548 protenditur,.
2724 1479 2879 1547 quasi
2934 1481 3372 1552 vestigimentum
3424 1466 3553 1535 z’ut

1971 1578 2054 1623 est
2084 1568 2262 1622 tunica
2310 1567 2513 1630 talaris,
2570 1568 2662 1622 sed
2708 1578 2764 1622 et
2794 1569 2898 1623 hoc
2926 1550 3557 1647 consuetudo'sermonis

1973 1668 2255 1713 auctorum
2303 1657 2606 1714 confundit.
2656 1659 3062 1727 ludumentum,
3114 1664 3256 1731 quod
3308 1656 3454 1718 intus
3488 1648 3559 1742 ad

1971 1766 2167 1821 corpus
2191 1751 2447 1816 induitur,
2467 1753 2620 1821 quasi
2636 1754 3015 1808 intumentum.
3031 1738 3561 1839 Discerni‘turau'tem:

288 1841 573 1897 desideriis
624 1841 960 1897 incessanter
1011 1843 1242 1909 intenta,
1294 1852 1351 1899 et
1404 1845 1868 1901 conversationem
1896 1831 1945 1890 Β
1971 1843 2202 1900 vestitus
2229 1859 2258 1896 a
2292 1843 2460 1906 cultu,
2503 1845 2758 1913 quoniam
2794 1845 2956 1901 latius
2998 1844 3319 1916 intelligitur
3344 1831 3558 1927 cultus,

286 1927 438 1997 iuxta
469 1929 783 2001 Apostolum
821 1930 987 2003 (Phil.
1026 1933 1111 2005 ιιι)
1148 1932 1355 1988 habens
1406 1932 1461 1987 in
1491 1933 1668 2000 caelis,
1695 1949 1759 1989 ac
1786 1934 1870 1989 sui

290 2019 985 2077 Salvatorisindesinentcr
1010 2033 1334 2095 exspectans
1381 2026 1692 2081 adventum.
1740 2025 1871 2093 Quae

289 2109 539 2164 videlicet
562 2110 763 2176 tunica,
808 2111 950 2166 sicut
979 2122 1035 2168 et
1077 2113 1321 2185 byssina,
1369 2115 1437 2170 ad
1484 2116 1649 2185 pedes
1701 2131 1871 2185 usque

290 2203 631 2273 pertingebat
668 2221 681 2256 :
710 2203 851 2258 unde
876 2214 1103 2275 uterque
1127 2204 1316 2263 Graece
1344 2207 1563 2277 poderis
1588 2215 1673 2262 est
1698 2207 1869 2271 dicta,

291 2301 353 2347 ut
379 2295 768 2361 ostenderetur,
794 2296 868 2350 nil
898 2297 954 2351 in
979 2298 1302 2354 sacerdotali
1350 2299 1460 2354 vita
1504 2299 1780 2353 inﬁrmum
1808 2315 1871 2355 ac

293 2383 573 2438 sordidum
604 2399 885 2440 remanere
917 2403 929 2440 :
958 2387 1053 2441 sed
1079 2403 1261 2454 omne,
1293 2389 1437 2458 quod
1480 2397 1684 2458 ageret,
1718 2390 1872 2459 quasi

293 2473 529 2529 aethereo
551 2474 732 2530 colore
762 2476 1220 2545 speciosissimum
1249 2478 1304 2532 in
1351 2480 1604 2535 universa
1629 2482 1871 2535 membra

293 2562 410 2631 ejus
431 2579 461 2618 a
488 2566 662 2635 capite
696 2581 866 2636 usque
895 2568 962 2622 ad
990 2568 1152 2638 pedes
1177 2570 1355 2640 gratia
1399 2570 1661 2625 virtutum
1688 2580 1875 2627 conte-

293 2662 384 2709 cta
405 2671 524 2711 esse
555 2657 771 2713 debere.
816 2658 1025 2729 Ephod,
1066 2656 1208 2729 quo‘d
1253 2678 1386 2717 auro
1429 2672 1485 2719 et
1511 2672 1746 2733 quatuor
1776 2681 1871 2720 co-

293 2744 498 2800 loribus
537 2757 850 2803 contextum
900 2760 1039 2819 erat,
1088 2760 1143 2806 et
1195 2752 1398 2822 lapides
1430 2755 1700 2824 pretiosos
1740 2772 1875 2813 con-

295 2840 524 2908 scriptos
551 2842 859 2897 nominibus
886 2842 1116 2899 ﬁliorum
1146 2845 1311 2900 Israel
1355 2844 1587 2903 insertos
1625 2848 1870 2913 habebat,

296 2930 571 3000 signiﬁcat
614 2933 812 2988 bonam
865 2937 1237 3006 operationem
1270 2937 1427 3007 juxta
1470 2940 1716 3010 exempla
1751 2957 1877 2997 san-

1969 1931 2105 1988 Item
2140 1931 2319 1987 cultus
2358 1932 2428 1987 ab
2468 1933 2677 1987 habitu.
2721 1932 2856 1987 Nam
2915 1935 3129 1991 habitus
3180 1936 3247 1989 ad
3302 1926 3556 2011 naturam

1968 2024 2201 2094 pertinet
2224 2041 2241 2091 ;
2271 2025 2450 2080 cultus
2463 2025 2530 2079 ad
2544 2025 2808 2081 homines.
2832 2026 3111 2097 Plerzeque
3124 2036 3305 2083 autem
3332 2010 3561 2117 vestium

1972 2121 2064 2168 aut
2088 2129 2119 2168 a
2150 2123 2414 2183 tempore,
2441 2131 2549 2186 quo
2574 2117 2814 2171 maxime
2863 2118 2918 2171 in
2951 2133 3052 2172 usu
3079 2125 3226 2183 sunt,
3270 2118 3554 2194 appellan-

1972 2213 2098 2258 tur:
2130 2212 2221 2259 aut
2249 2221 2281 2259 a
2317 2205 2473 2272 locis,
2518 2206 2609 2261 ubi
2637 2207 2720 2262 vel
2747 2208 2980 2276 primum
3008 2208 3293 2277 confectas,
3316 2209 3422 2279 vel
3444 2196 3575 2301 ma-p

1974 2295 2121 2351 xime
2150 2297 2538 2352 venditantur:
2571 2305 2663 2351 aut
2699 2314 2730 2352 a
2772 2314 2968 2367 genere
3007 2300 3205 2355 coloris
3230 2342 3245 2367 ,
3283 2308 3374 2377 aut
3400 2317 3429 2354 a
3457 2295 3558 2383 ngf

1974 2385 2121 2440 mine
2146 2395 2506 2457 repertorum.
2543 2386 2784 2443 Vestitus
2812 2398 2993 2443 autem
3028 2390 3243 2459 quando
3279 2384 3582 2467 in‘bonam“

1974 2485 2184 2548 partem
2210 2480 2506 2549 accipitur,
2539 2481 2766 2551 mystice
2801 2480 3071 2550 signiﬁcat
3099 2476 3205 2536 aut'
3226 2462 3427 2561 ﬁdem,

1976 2564 2269 2621 induuntur
2310 2569 2480 2622 renati
2520 2569 2573 2621 in
2603 2570 2927 2638 baptismate
2960 2568 3164 2624 Christi
3199 2588 3212 2623 :
3245 2579 3339 2643 aut
3373 2562 3581 2633 chari?

1980 2662 2165 2751 tatem.
2198 2656 2353 2751 Unde
2380 2667 2465 2751 est
2492 2658 2812 2751 illud,_quod
2836 2659 3098 2751 propheta
3123 2660 3267 2751 dicit
3288 2660 3357 2716 de
3374 2650 3587 2751 nectam

1978 2742 2071 2797 sim
2115 2752 2306 2799 ornatu
2337 2745 2392 2799 in
2431 2744 2696 2801 Psalterio
2723 2764 2736 2801 :
2771 2747 2951 2801 Astitit
2975 2749 3155 2819 regina
3178 2766 3211 2802 a
3232 2734 3587 2843 dext‘ri'slnis"{

1979 2832 2034 2885 in
2063 2833 2249 2886 vestitu
2267 2834 2542 2899 deaurato,
2561 2836 2887 2889 circumdata
2915 2837 3163 2891 varietate
3190 2834 3364 2906 (Psal.
3392 2830 3560 2909 xitv).

1979 2922 2131 2990 Quod
2157 2924 2309 2990 dicit,
2337 2927 2393 2979 in
2421 2927 2605 2980 vestitu
2630 2926 2910 2992 deaurato,
2962 2942 3154 2982 aurum
3183 2929 3252 2982 ad
3281 2928 3568 3007 charitatis

296 3032 505 3078 ctorum
567 3034 781 3095 patrum
808 3068 822 3092 ,
871 3036 926 3083 et
969 3031 1289 3086 exercitium
1338 3032 1619 3087 virtutum.
1669 3032 1878 3102 Logion
1983 3015 2241 3072 debemus
2268 3025 2454 3087 θρωΓο
2486 3016 2773 3089 fulgorem.
2817 3018 2944 3088 ‘1“ia
2983 3019 3184 3073 νίνιυῑθ
3229 3010 3594 3101 Circumlata,

295 3127 443 3183 ergo,
474 3116 615 3182 quod
649 3125 730 3171 est
773 3118 1054 3186 rationale,
1079 3122 1221 3190 quod
1251 3122 1305 3175 in
1329 3128 1549 3191 pectore
1576 3123 1869 3180 sacerdotis

1985 3115 2174 3162 sancta
2201 3107 2514 3178 resplendet
2546 3108 2809 3163 Ecclesia.
2840 3109 2909 3163 Et
2947 3123 3015 3163 ne
3057 3107 3227 3164 solam
3261 3108 3334 3163 ibi
3367 3108 3568 3177 intelli-

292 3203 609 3271 ponebatur,
640 3207 891 3273 ostendit,
947 3173 1373 3277 quod‘sacerdots
1396 3219 1452 3265 et
1488 3218 1670 3265 rector
1691 3213 1869 3281 populi

1981 3213 2138 3268 geres
2178 3214 2301 3255 esse
2329 3200 2647 3255 charitatem
2683 3218 2696 3252 :
2724 3201 2778 3253 in
2807 3201 3011 3264 uestitu,
3060 3199 3194 3255 dixit
3224 3239 3239 3264 ,
3290 3192 3593 3285 deaurato,'

294 3294 391 3350 Dei
423 3298 602 3352 omnia
633 3297 789 3353 debet
817 3299 1208 3357 rationabiliter
1228 3318 1411 3373 agere,
1443 3314 1498 3361 et
1526 3306 1712 3362 subtili
1732 3320 1869 3360 sem-

1979 3303 2088 3343 non
2134 3304 2300 3344 aureo
2329 3303 2344 3343 :
2378 3290 2702 3344 deauratum
2738 3291 2883 3344 enim
2920 3290 3151 3345 dicimus
3177 3331 3191 3356 ,
3227 3288 3444 3359 quando
3473 3290 3567 3344 su'-

296 3402 395 3457 per
420 3388 669 3444 examine
689 3390 831 3445 bona
878 3391 1128 3462 malaque
1154 3394 1486 3450 discernere.
1514 3396 1668 3463 Quod
1690 3405 1872 3450 autem
1977 3377 2234 3447 perducta
2269 3378 2481 3448 species
2509 3379 2629 3432 auri
2656 3378 2710 3431 in
2741 3377 2920 3448 aliqua
2952 3378 3181 3433 materia
3233 3379 3571 3473 glutinatur:

295 3476 349 3529 in
392 3478 638 3531 rationali
659 3486 891 3547 quatuor
910 3481 1128 3536 ordines
1149 3481 1366 3548 fuerint,
1388 3492 1443 3539 et
1464 3486 1656 3539 horum
1682 3484 1874 3554 singuli
1978 3471 2102 3525 me"
2123 3481 2305 3528 amem
2333 3487 2494 3543 supra
2529 3472 2759 3563 virtutes
2790 3473 2905 3563 galia
2937 3474 3112 3543 gratia
3149 3475 3433 3529 Charilaus
3468 3468 3573 3563 3P}:

294 3566 495 3635 quique
546 3576 657 3622 tres
690 3567 929 3623 habuere
957 3569 1166 3639 lapides
1198 3589 1214 3625 ι
1240 3570 1371 3641 quid
1400 3573 1557 3628 nobis
1598 3573 1869 3628 intimatur

1978 3562 2179 3629 paruit,
2205 3562 2332 3631 quia
2370 3563 2550 3616 omnia
2573 3560 2690 3629 ejus
2728 3561 2941 3632 fulgore
2964 3563 3203 3619 excellit.
3236 3564 3425 3645 Addit,
3456 3560 3561 3619 εἱνέ

294 3634 496 3726 (mica,
526 3658 629 3711 nisi
659 3666 716 3711 ιιι
750 3658 804 3711 in
839 3634 1130 3715 virum-bus
1154 3634 1276 3729 qua;
1312 3662 1718 3733 distinguuntur
1746 3678 1879 3733 qua.
1982 3651 2295 3704 cumamicta
2366 3652 2633 3706 varietate.
2691 3651 3106 3708 Perscrutemur
3172 3634 3607 3733 cutr“Eéclesiaf'

294 3720 419 3800 tuor
441 3746 827 3816 principaliter,
850 3748 1009 3803 fidem
1040 3720 1242 3805 sancta:
1265 3720 1549 3806 Trinitatis
1572 3768 1679 3807 non
1695 3720 1869 3806 ﬁelam

1979 3740 2078 3794 Dei
2103 3739 2171 3795 de
2196 3741 2360 3796 vestis
2388 3741 2650 3798 varietate
2688 3742 2960 3809 laudetur,
2991 3744 3075 3798 eui
3111 3752 3283 3798 totum
3333 3720 3597 3825 δίιθὴριὼὶίἱ

298 3844 599 3890 teneamus.
654 3836 946 3891 Possumus
973 3853 1104 3892 sane
1138 3838 1194 3893 in
1224 3840 1375 3893 vario
1404 3840 1599 3895 decore
1641 3840 1877 3909 lapidum
1979 3832 2228 3887 convenit
2260 3841 2423 3903 atque
2449 3835 2659 3890 unum?
2688 3833 2794 3890 Sed
2816 3836 2920 3890 hac
2947 3837 3216 3892 varietate
3234 3846 3329 3892 aut
3355 3822 3580 3908 linguas1
3609 3832 3616 3845 ’
3680 3838 3689 3841 ⁴

302 3942 409 3980 non
439 3926 611 3980 solum
638 3926 941 3983 claritatem
972 3927 1321 3984 multifariam
1352 3930 1706 3986 sacerdotalis
1726 3940 1869 3987 actus

1978 3921 2303 3992 multiplices
2350 3922 2617 3993 signiﬁcat
2654 3942 2665 3977 :
2699 3925 2826 3994 quia
2870 3927 3051 3982 omnis
3106 3942 3240 3997 gens
3271 3924 3568 3983 secundum
3600 3924 3605 3945 '

299 4024 355 4071 ct
405 4018 690 4087 cogitatus,
739 4034 930 4073 verum
987 4019 1156 4074 etiam
1215 4021 1580 4090 spiritualium
1627 4022 1869 4092 accipere

1979 4025 2132 4064 suam
2186 4010 2421 4082 patriam
2473 4012 2529 4067 in
2557 4011 2802 4068 Ecclesia
2850 4013 3034 4083 psallit
3055 4015 3627 4085 auctori:ant‘vir$"7

298 4108 627 4162 charismata
683 4109 967 4174 virtutum,
1015 4124 1079 4165 ac
1133 4109 1396 4165 miracula
1443 4112 1758 4179 sanitatum,
1809 4112 1876 4167 de
1978 4109 2151 4155 tutum
2205 4101 2625 4172 pulcherrimam
2680 4100 3605 4163 diversitatem..'0rnatur'eniin'

216 4193 228 4265 l
298 4199 491 4269 quibus
519 4199 631 4269 ipse
656 4198 917 4255 Dominus
948 4201 1226 4271 apostolis,
1254 4200 1512 4270 inﬁrmos,
1561 4201 1758 4273 inquit,
1784 4218 1877 4255 cn-
1977 4211 2112 4252 auro
2131 4198 2518 4268 apostolorum,
2546 4206 2774 4269 argento
2791 4190 3449 4272 prophetarumgemmis
3464 4198 3591 4256 vir’-"
3618 4184 3626 4211 ξ

296 4298 427 4354 rate,
458 4298 689 4343 mortuos
730 4290 1000 4357 suscitate,
1042 4289 1271 4361 leprosos
1317 4290 1586 4357 mandate,
1614 4291 1869 4347 daemones

1976 4286 2181 4356 ginum,
2204 4302 2367 4343 cocco
2392 4296 2712 4360 martyrum,
2740 4298 2980 4360 purpura
3004 4277 3433 4359 apteniteat‘rum.‘
3450 4289 3631 4346 tua“

296 4377 470 4447 ejicite
494 4377 710 4450 (Matth.
740 4378 818 4451 χ).
858 4376 1103 4435 Petalum
1131 4387 1313 4436 autem
1353 4395 1601 4444 aureum,
1629 4381 1733 4434 hoc
1768 4388 1872 4446 est,
1976 4389 2206 4451 estergo
2227 4376 3285 4453 varietasunitatis,quaeocuios'Domirii
3308 4364 3635 4438 exanimi”

240 4511 251 4519 .
296 4468 494 4522 lamina
518 4482 679 4523 aurea
703 4468 756 4522 in
782 4467 960 4524 fronte
987 4469 1277 4539 pontificis,
1299 4470 1352 4523 in
1378 4485 1485 4540 qua
1506 4479 1752 4526 sanctum
1769 4469 1873 4525 Do-
1907 4523 1951 4542 “
1978 4472 2080 4527 bus
2107 4471 2359 4541 gentibus
2384 4471 2473 4541 pia
2501 4471 2911 4541 conversatione
2939 4471 3205 4542 placitura
3222 4474 3631 4528 uomuisse-2‘”

294 4559 447 4625 mini,
479 4559 583 4613 hoc
629 4568 728 4625 est,
766 4574 961 4615 nomen
1015 4560 1225 4615 Domini
1254 4560 1521 4631 seulptum
1549 4570 1655 4627 est,
1684 4576 1872 4618 sacra-
1900 4523 1954 4582 Β
1982 4564 2164 4620 Vestis
2223 4563 2599 4633 antiquissima
2649 4563 2944 4620 hominhmt
2978 4556 3639 4634 M';pe1v'rzurt1a“,'"‘-'id"”

297 4650 406 4704 tius
450 4651 661 4705 (χειρί-ῖς
721 4660 841 4706 erat
882 4651 1257 4706 indumentum
1332 4652 1472 4708 illius
1507 4661 1602 4708 :et
1655 4653 1869 4709 merito.
1979 4660 2082 4720 est,
2111 4654 2553 4720 succinetorium,
2591 4668 2707 4723 quo
2729 4661 2938 4709 tantum
2980 4646 3645 4735 genitalia"euntegtttlu"f

293 4744 431 4811 Quia
456 4744 595 4797 sicut
631 4744 811 4798 divina
850 4744 1094 4813 potentia
1114 4744 1348 4809 cunctis,
1372 4758 1494 4813 qua:
1536 4744 1875 4817 creavit,su-
1982 4752 2088 4798 tur.
2138 4743 2255 4799 lloc
2279 4743 2516 4814 primum
2566 4743 2726 4813 primi
2767 4731 3645 4799 mortales'efoliis”arborum“l

293 4834 597 4904 pcreminet
637 4854 648 4887 :
683 4834 756 4889 ita
786 4836 1089 4905 oportebat,
1117 4843 1175 4889 ut
1198 4850 1393 4889 nomen
1451 4834 1591 4906 ejus,
1615 4843 1872 4891 caeterum
1979 4834 2080 4889 sibi
2125 4834 2406 4901 fecerunt,
2455 4835 2670 4905 quando
2690 4842 2811 4905 post
2843 4834 3344 4904 przzevarieatidném
3364 4833 3583 4888 crithe.“
3610 4841 3641 4857 ’ί

292 4923 568 4993 pontiﬁcis
594 4926 840 4980 habitum
870 4933 1229 4994 ornatumque
1253 4925 1669 4993 transcenderis,
1709 4925 1889 5005 altius
1981 4933 2193 4982 scentes
2218 4924 2464 4995 pudenda
2497 4923 2764 4980 velarunt.
2793 4920 3645 4995 Cujm'usmmdamtbar-rw

292 5018 697 5088 prmemineret,
728 5024 782 5071 et
827 5016 971 5071 velut
997 5024 1191 5071 cuncta
1224 5016 1588 5083 sanctiﬁcans,
1617 5016 1873 5073 eximiam
1977 5021 2124 5075 hara:
2158 5027 2366 5090 gentes,
2402 5019 2528 5074 dum
2573 5019 2684 5072 sint
2728 5018 2907 5083 nudae,
2938 5016 3317 5086 usque'bodie
3352 5004 3560 5070 timent.
3631 5022 3635 5041 ‘

296 5111 351 5163 in
381 5106 496 5180 ejus
524 5103 697 5163 fronte
728 5108 911 5164 sedem
934 5117 1160 5165 teneret.
1186 5107 1468 5181 Signiﬁcat
1493 5118 1674 5166 autem
1701 5110 1875 5182 ipsam
1979 5108 2106 5165 llaec
2133 5117 2189 5164 et
2216 5109 2538 5180 campestria
2565 5115 2945 5177 nuneupantur
2961 5106 3563 5177 pro‘eo'qu'od‘hisdem
3626 5104 3651 5129 "

294 5204 645 5273 professionis
683 5213 881 5259 nostra:
934 5203 1186 5260 ﬁduciam
1211 5221 1374 5275 quam
1402 5206 1455 5259 in
1486 5205 1665 5262 fronte
1699 5215 1879 5276 porta-
1972 5200 2238 5271 juvenes,
2271 5201 2362 5270 qui
2401 5201 2528 5256 nudi
2574 5205 2899 5263 exerceam
2952 5199 3009 5253 in
3039 5206 3230 5268 campo
3254 5192 3565 5269 {pudenda
3646 5202 3655 5232 ³

292 5287 435 5359 mus,
467 5295 706 5351 dicentes
730 5296 923 5366 singuli
952 5312 1073 5350 eum
1106 5296 1362 5368 Apostoio
1389 5316 1401 5351 :
1430 5295 1564 5350 Mihi
1583 5306 1755 5351 autem
1778 5297 1875 5351 ab-
1977 5295 2251 5367 operiunt.
2276 5293 2561 5349 Perizoma
2587 5307 2717 5362 ergo
2738 5291 2881 5360 quod
2907 5286 3244 5345 consuerunt
3263 5288 3657 5359 primi'ip'aé'”

292 5382 363 5435 sit
408 5368 648 5453 gloriari,
690 5383 791 5437 nisi
838 5383 892 5438 in
924 5401 1076 5438 crure
1110 5384 1501 5449 Domininostri
1530 5385 1656 5439 Jesu
1682 5383 1876 5440 Citriin
1979 5394 2162 5440 rentes
2193 5384 2363 5439 nostri
2412 5385 2479 5438 de
2519 5382 2660 5437 foliis
2712 5380 2822 5446 ﬁci,
2861 5389 2918 5436 et
2943 5395 3002 5436 se
3036 5380 3435 5452 contegebant;
3460 5376 3583 5434 hoc"
3624 5382 3661 5413 ἰ

293 5464 578 5549 (natm).
627 5475 982 5549 Verumquia
1027 5476 1092 5531 de
1135 5478 1348 5533 caeteris
1398 5492 1559 5548 supra
1584 5485 1875 5533 tractatum
1979 5475 2248 5547 signiﬁcat
2308 5473 2455 5543 quod
2505 5471 2760 5528 sacculum
2820 5484 3071 5541 aSperum
3127 5470 3577 5540 amplectuntur)?
3620 5460 3661 5493 λ

290 5556 409 5631 est,
446 5546 718 5647 fetnina‘lia
913 5571 979 5626 ad
1029 5570 1371 5640 operiendam
1434 5586 1655 5624 carnem
1709 5570 1877 5639 turpi—
1980 5567 2072 5636 qui
2119 5565 2396 5637 prurigine
2444 5563 2739 5633 voluptatis
2776 5561 3014 5618 carnalis
3066 5557 3667 5629 hareutp'quiquet

295 5650 499 5714 tudinis
532 5642 672 5715 ﬁeri
717 5642 1067 5726 mandantur,
1102 5661 1246 5715 illam
1283 5660 1614 5716 castimonia:
1671 5659 1875 5729 portio-
1982 5658 2193 5727 decepti
2221 5656 2473 5712 hieretica
2502 5654 2877 5726 pravitate,-et
2900 5654 3074 5727 gratia
3101 5647 3563 5712 Dei'nhdatia'te:
3622 5660 3625 5669 ‘

296 5766 440 5815 nem,
498 5768 615 5820 quae
662 5734 954 5824 appetitum
1020 5754 1223 5825 copulae
1297 5772 1324 5810 c
1366 5751 1591 5825 njugalis
1638 5752 1871 5820 cohibet,
1981 5760 2232 5823 gumenta
2259 5750 2968 5821 mendaciorumytanquam
2993 5746 3122 5805 folia
3154 5741 3560 5814 ﬁci,colligum,
3598 5756 3618 5771 -’
