4038 6324
465 281 563 338 5'"

466 396 726 452 facientes
752 396 857 452 sibi
877 395 1236 450 succinctoria
1279 390 1584 463 pravitatis,
1613 405 1736 447 cum
1763 388 1831 444 de
1859 387 2044 444 Domi-
2069 388 2120 452 Α

463 503 536 544 no
587 485 674 544 vel
731 485 974 541 Ecclesia
1018 485 1374 540 incutiuntur.
1425 483 1634 538 Tunica
1675 481 1847 536 vestis
1900 475 2042 536 anti-

464 577 726 649 quissima
772 573 1058 645 appellata,
1089 589 1212 646 quas
1237 574 1290 630 in
1321 581 1468 629 motu
1505 571 1804 629 incedentis
1848 583 2040 625 sonum

465 667 620 721 facit.
647 665 832 721 Tenus
851 665 997 720 enim
1028 680 1211 720 sonus.
1251 663 1494 719 Primum
1523 671 1702 719 autem
1748 661 1899 718 fuere
1931 659 2042 731 pel-

466 753 619 810 licem
649 755 864 820 tunicae,
885 755 1078 824 quibus
1103 763 1225 824 post
1252 753 1508 810 oll‘ensam
1539 760 1594 809 et
1631 753 1950 824 ejectionem
1975 750 2042 806 de

464 843 718 912 paradiso
763 843 936 898 Adam
965 851 1021 899 et
1065 843 1177 898 Eva
1226 844 1402 900 induti
1434 851 1583 900 sunt.
1615 843 1827 898 Talaris
1859 842 2042 899 tunica

463 931 630 998 dicta,
673 947 739 988 eo
779 933 924 1002 quod
960 933 1030 988 ad
1077 933 1216 988 talos
1269 947 1442 1003 usque
1499 932 1814 998 descendat,
1863 941 1924 988 et
1974 930 2044 987 ad

462 1022 632 1091 pedes
661 1019 887 1088 defluat,
935 1023 1074 1078 sicut
1111 1025 1421 1095 pectoralis,
1451 1025 1578 1095 quia
1623 1025 1764 1096 apud
1789 1024 2042 1096 antiquos

463 1109 645 1166 brevis
673 1118 817 1176 erat,
863 1119 924 1166 ut
963 1121 1170 1168 tantum
1201 1121 1388 1186 pectus
1428 1115 1690 1184 operiret,
1723 1115 1854 1170 licet
1895 1129 2042 1170 nunc

463 1199 740 1270 profusior
765 1202 854 1257 sit.
907 1202 1224 1260 Manicleata
1272 1205 1498 1272 tunica,
1532 1206 1586 1261 id
1618 1213 1704 1262 est
1747 1206 2042 1273 manicata,

463 1302 530 1344 eo
568 1289 712 1357 quod
750 1289 948 1346 habeat
989 1293 1254 1357 manicas,
1305 1311 1466 1364 quam
1505 1295 1840 1351 cheiridoton
1868 1295 2042 1351 Grzeci

461 1385 677 1432 vocant.
708 1378 914 1435 Tunica
945 1389 1126 1437 autem
1164 1383 1540 1439 indumentum
1587 1384 1858 1457 signiﬁcat
1916 1384 2044 1440 ﬁdei

461 1467 859 1541 integritatem,
891 1487 1052 1542 quam
1104 1474 1298 1530 Petrus
1345 1476 1620 1545 apostolus
1667 1477 1922 1532 habuisse
1961 1477 2042 1532 di-

463 1561 756 1631 gnoscitur,
774 1563 840 1618 de
861 1579 968 1633 quo
988 1565 1042 1618 in
1065 1564 1356 1635 Evangelio
1370 1565 1606 1634 loquitur
1623 1584 1635 1620 :
1653 1564 1786 1620 Cum
1813 1567 2044 1622 audisset

463 1648 655 1706 Petrus
679 1654 803 1723 quia
829 1652 1086 1709 Dominus
1109 1664 1207 1720 est,
1237 1657 1416 1710 tunica
1462 1658 1720 1712 succinxit
1747 1675 1804 1713 se
1827 1668 1874 1713 et
1903 1659 2043 1713 misit

1099 279 1161 334 Β.
1199 277 1455 335 MBAN!
1493 278 1712 354 Μᾼυω
1745 276 2062 333 ARCIIIEP.
2103 275 2412 332 MOGUNT.
2455 275 2742 335 OPERUH
2779 276 2958 334 PARS
2993 277 3056 334 II.

3616 276 3744 340 επ

2147 384 2229 456 (ut
2252 385 2470 455 quidam
2495 385 2704 458 volunt)
2726 387 2985 452 Charitas,
3010 397 3068 441 ut
3089 388 3144 442 in
3169 385 3450 458 evangelio
3477 407 3491 441 :
3517 388 3734 454 Amice,

2137 476 2398 546 quomodo
2419 477 2520 530 huc
2547 477 2781 544 intrasti,
2807 495 2910 532 non
2941 478 3137 533 habens
3177 487 3364 533 vestem
3393 479 3689 550 nuptialem
3710 482 3746 536 ἵ

2141 563 2356 638 (Matth.
2388 566 2544 639 xm).
2580 567 2973 624 Vestimentum
3006 569 3208 626 lineum
3235 611 3250 636 ,
3281 571 3456 626 virtus
3500 571 3732 636 animae,

2142 658 2255 714 sive
2297 660 2557 716 munditia
2601 661 2891 727 castitatis,
2929 669 2990 717 ut
3040 663 3094 717 in
3123 661 3410 720 Levitieo:
3446 663 3742 720 Vestietur

2139 749 2382 804 sacerdos
2417 751 2728 806 vestimentis
2771 751 2921 807 lineis
2944 761 2994 808 et
3019 751 3358 823 femoralibus
3391 753 3584 824 (Leuit.
3619 754 3734 825 vn).

2139 837 2308 895 Linea
2333 841 2550 907 dicitur,
2579 843 2707 912 quia
2729 857 2796 898 ex
2826 842 2941 899 solo
2970 842 3080 899 lino
3109 843 3188 898 ﬁt.
3221 843 3532 900 Linostema
3552 846 3738 901 vestis

2140 936 2225 984 est
2253 943 2320 984 ex
2365 928 2486 984 lana
2515 929 2734 1002 linoque
2786 939 3040 988 contexta
3071 950 3086 987 :
3113 942 3170 989 et
3209 933 3352 990 dicta
3405 932 3733 999 linostema,

2141 1019 2268 1089 quia
2295 1017 2349 1074 in
2377 1020 2607 1074 stamine
2637 1019 2829 1086 linum,
2848 1020 2902 1075 in
2926 1028 3100 1076 trama
3129 1019 3306 1076 lanam
3335 1021 3519 1076 habet.
3547 1021 3731 1078 Linea

2141 1108 2359 1180 quidem
2407 1109 2570 1165 vestis
2613 1109 2886 1182 signiﬁcat
2925 1109 3398 1166 mortiﬁcationem
3425 1113 3551 1167 vita
3599 1127 3736 1168 car—

2143 1197 2304 1255 nalis.
2335 1198 2643 1256 Linostema
2671 1214 2824 1266 vero,
2851 1214 2973 1270 qua:
2999 1215 3066 1256 ex
3097 1199 3222 1256 lana
3247 1199 3466 1272 linoque
3489 1209 3732 1257 contex-

2143 1293 2199 1342 ta
2246 1295 2352 1355 est,
2401 1287 2812 1360 hypocritarum
2856 1303 3144 1358 personam
3184 1289 3385 1360 signat,
3435 1291 3528 1361 qui
3569 1292 3736 1348 heni-

2143 1379 2407 1449 gnitatem
2437 1394 2564 1450 erga
2581 1379 2857 1450 proximos
2878 1379 3189 1446 ostendunt,
3213 1387 3270 1434 et
3291 1381 3506 1437 dolosas
3523 1382 3736 1452 iniqui-

2144 1477 2283 1526 tates
2325 1478 2622 1540 opponunt.
2661 1469 2800 1537 Quid
2825 1484 2955 1540 ergo
2999 1485 3096 1540 per
3145 1469 3348 1537 lanam,
3377 1471 3484 1526 nisi
3514 1471 3734 1542 simpli.—

2145 1563 2314 1618 citas?
2337 1569 2394 1618 et
2417 1561 2546 1632 quid
2571 1578 2670 1632 per
2693 1561 2886 1628 linum,
2911 1562 3016 1617 nisi
3049 1562 3339 1627 subtilitas,
3371 1562 3734 1634 designatur!

2144 1661 2199 1708 et
2223 1668 2366 1724 saepe
2390 1651 2794 1708 homo-subtilis
2823 1663 2880 1708 et
2903 1661 3094 1708 acutus
3134 1653 3377 1709 exterius
3404 1653 3732 1724 simplicitau

462 1758 518 1796 σε
552 1745 609 1796 in
654 1760 800 1798 mare
841 1744 1022 1813 (1mm,
1053 1744 1200 1815 3m);
1231 1747 1356 1816 quia
1385 1746 1509 1802 ﬁdei
1551 1747 1806 1804 ﬁrmitate
1829 1749 2041 1818 pericu.
2068 1732 2118 1794 B
2148 1750 2254 1798 tem
2281 1742 2710 1799 mansuetudinis
2737 1742 2993 1808 ostendit,
3025 1749 3083 1798 et
3105 1742 3336 1798 interius
3365 1744 3729 1800 subtilitatem

463 1829 514 1884 la
557 1833 730 1886 evasit
780 1833 938 1888 istius
986 1833 1205 1900 saeculi,
1275 1844 1330 1891 et
1371 1837 1696 1892 tentationes
1743 1839 2040 1908 superavit.

463 1918 598 1974 Item
627 1921 682 1974 in
703 1922 899 1978 Genesi
924 1922 1119 1993 legitur
1143 1922 1298 1996 (Gen.
1331 1926 1563 1998 xxxvii),
1589 1929 1730 1999 quod
1755 1927 1922 1996 Iacob
1947 1945 2045 2000 pa-

467 2010 701 2066 triarcha
731 2010 930 2082 Joseph
958 2013 1070 2070 ﬁlio
1097 2029 1194 2070 suo
1218 2014 1438 2072 fecisset
1460 2017 1698 2072 tunicam
1723 2019 2042 2090 polymitam

465 2106 581 2162 sive
619 2107 869 2176 talarem,
920 2109 1024 2166 hoc
1063 2119 1168 2178 est,
1217 2112 1524 2183 astralogon
1565 2111 1918 2186 [astragalon]
1946 2128 2044 2169 seu

465 2198 832 2267 manicatam,
885 2217 1006 2272 qua:
1051 2203 1276 2259 haberet
1328 2205 1614 2261 manicas:
1645 2205 1853 2276 antiqui
1897 2205 2042 2261 enim

465 2289 642 2360 magis
693 2290 918 2347 colobiis
943 2294 1252 2350 utebantur.
1297 2293 1502 2351 Tunica
1549 2304 1730 2352 autem
1758 2297 2041 2370 polymita,

462 2395 628 2450 quam
654 2379 782 2436 fecit
797 2382 847 2436 ei
870 2391 1044 2452 pater,
1066 2385 1363 2440 secundum
1395 2385 1707 2456 allegoriam
1719 2388 2042 2442 varietatem

461 2469 784 2540 populorum
818 2485 886 2525 ex
921 2473 1170 2529 omnibus
1197 2475 1450 2546 gentibus
1487 2477 1540 2530 in
1570 2493 1799 2548 corpore
1841 2477 2044 2535 Christi

463 2569 846 2631 congregatam
873 2563 1216 2633 signiﬁcavit.
1239 2564 1374 2620 Item
1403 2565 1508 2622 alio
1530 2567 1689 2622 modo
1704 2565 1924 2639 Joseph,
1951 2569 2045 2638 qui

465 2649 608 2705 inter
638 2649 834 2706 fratres
859 2653 1108 2708 undecim
1139 2670 1309 2725 usque
1344 2657 1412 2712 ad
1451 2656 1614 2712 ﬁnem
1646 2657 1825 2729 justus
1857 2674 2046 2730 perse-

468 2754 686 2796 verasse
709 2741 1050 2807 describitur,
1088 2744 1237 2798 solus
1265 2744 1490 2801 talarem
1522 2748 1760 2802 tunicam
1787 2749 2045 2804 habuisse

465 2827 801 2900 perhibetur.
837 2827 974 2896 Quid
1003 2840 1087 2886 est
1122 2847 1251 2904 ergo
1281 2835 1468 2890 talaris
1515 2837 1718 2904 tunica,
1747 2838 1854 2894 nisi
1901 2840 2044 2896 actio

465 2923 876 2976 consummata?
899 2923 1052 2992 quasi
1074 2923 1218 2980 enim
1239 2941 1510 2996 propensa
1532 2929 1714 2984 tunica
1732 2929 1899 2985 talum
1925 2945 2048 2986 eor-

463 3005 616 3078 poris
655 3011 914 3080 cooperit,
969 3027 1092 3066 cum
1140 3014 1281 3069 bona
1335 3017 1478 3072 actio
1527 3024 1654 3073 ante
1703 3018 1801 3074 Dei
1855 3019 2044 3076 oculos

466 3073 642 3168 usque
669 3097 737 3153 ad
755 3073 1009 3156 viue’nos
1039 3103 1327 3158 terminum
1360 3105 1509 3174 tegit.
1541 3105 1842 3161 Dalmatica
1876 3108 2043 3164 vestis
2069 3073 2116 3136 Ο

465 3185 702 3256 primum
745 3187 801 3240 in
846 3186 1114 3244 Dalmatia
1157 3192 1436 3262 provincia
1481 3192 1702 3249 Graecia:
1747 3203 1894 3250 texta
1938 3182 2040 3264 esi,

468 3278 647 3332 tunica
675 3281 1026 3338 sacerdotalis
1053 3284 1280 3338 candida
1310 3299 1433 3339 cum
1475 3285 1644 3340 clavis
1686 3303 1752 3342 ex
1782 3303 2041 3360 purpura.

465 3369 653 3426 Serica
703 3379 789 3426 est
817 3388 849 3426 a
891 3373 1073 3428 serico
1121 3375 1266 3430 dicta
1296 3417 1312 3441 ,
1359 3375 1446 3430 vel
1495 3378 1642 3446 quod
1711 3393 1833 3433 eam
1881 3378 2048 3437 Seres

465 3461 627 3532 primi
651 3462 938 3518 miserunt.
967 3464 1298 3530 Holoserica,
1321 3473 1431 3520 tota
1453 3469 1627 3523 serica
1657 3487 1670 3522 :
1701 3469 1874 3524 Holon
1901 3472 2045 3525 enim

467 3559 658 3606 totum.
686 3551 1078 3621 Tramoserica,
1108 3558 1342 3612 stamine
1366 3559 1530 3625 lineo,
1561 3567 1730 3616 trama
1751 3576 1818 3616 ex
1848 3564 2042 3620 serico.

467 3639 875 3714 IIoloporphyra
915 3652 1024 3700 tota
1058 3661 1124 3700 ex
1153 3663 1388 3718 purpura
1426 3667 1440 3700 :
1473 3650 1635 3705 holon
1671 3652 1815 3707 enim
1851 3661 2043 3708 totum.

463 3731 689 3803 Byssina
715 3736 939 3791 candida
969 3736 1212 3794 confecta
1237 3755 1303 3794 ex
1327 3741 1558 3810 quodam
1573 3757 1768 3812 genere
1790 3743 2048 3814 linigros-

465 3825 630 3880 sioris
659 3841 673 3878 :
703 3834 850 3891 sunt,
880 3829 972 3898 qui
994 3835 1050 3883 et
1078 3843 1246 3899 genus
1279 3831 1545 3900 quoddam
1578 3832 1671 3888 lini
1689 3833 1912 3906 hyssum
1927 3849 2046 3890 esse

464 3914 798 3970 existimant.
815 3914 1207 3974 Vestimentum
1220 3929 1304 3976 est
1315 3921 1568 3978 Ecclesire
1582 3922 1732 3986 ﬁdes,
1750 3923 1864 3978 sive
1876 3923 2046 3978 virtu-

465 4005 540 4063 tis
568 4007 822 4075 varietas,
850 4008 935 4066 vel
959 4011 1238 4068 nationum
1253 4013 1560 4078 diversitas,
1589 4022 1652 4069 ut
1669 4016 1724 4070 in
1739 4014 2041 4071 Psalterio:

466 4093 644 4151 Astilit
665 4099 844 4169 regina
863 4115 897 4152 α
919 4100 1116 4154 dextris
1129 4103 1231 4155 tuis
1251 4103 1306 4156 in
1331 4103 1515 4157 vestitu
1528 4104 1805 4170 deaurato,
1821 4105 2047 4159 circum-

467 4188 596 4242 data
609 4191 856 4243 varietate
879 4187 1049 4260 (Psal.
1069 4192 1237 4260 κων).
1263 4191 1332 4245 Et
1351 4192 1404 4246 in
1424 4191 1560 4247 Isaia
1582 4213 1594 4248 :
1613 4193 1897 4265 Consurge,
1924 4211 2047 4250 con-

468 4293 644 4347 surge,
657 4278 874 4334 induere
884 4281 1189 4349 fortitudine
1203 4290 1314 4346 tua,
1333 4279 1480 4349 Sion,
1507 4284 1721 4340 induere
1734 4287 2044 4342 vestimentis

471 4367 656 4438 gloria:
682 4377 805 4434 tuae,
837 4369 1189 4436 Hierusalem,
1228 4372 1408 4426 civitas
1437 4386 1618 4429 sancta
1649 4375 1783 4448 (Isa.
1808 4377 1903 4450 LI).
1933 4377 2039 4434 Ve-

472 4459 715 4514 stimenti
761 4471 978 4526 nomen,
1027 4459 1230 4516 Christi
1276 4477 1472 4534 corpus
1495 4476 1852 4537 assumptum,
1899 4469 2041 4524 sicut

470 4547 732 4619 prepheta
751 4548 883 4604 dicit
908 4567 923 4602 :
954 4548 1026 4604 Et
1044 4565 1158 4606 ecce
1177 4552 1256 4606 vir
1268 4554 1480 4608 uestitus
1500 4554 1652 4610 lineis
1680 4555 1898 4629 (Ezech.
1934 4559 2033 4631 Ix).

468 4641 601 4695 Item
625 4643 1010 4698 vestimentum
1039 4642 1260 4711 Christi,
1289 4647 1471 4716 populi
1498 4648 1700 4705 ﬁdeles.
1735 4650 2042 4706 Vestimen-

467 4736 584 4787 tum
614 4743 950 4802 sanctorum,
991 4750 1155 4805 opera
1173 4737 1422 4806 iustitiae,
1452 4738 1566 4794 sive
1592 4725 1780 4795 ﬁdeles
1811 4739 2036 4808 Christi,

467 4829 530 4876 ut
558 4822 611 4876 in
632 4823 886 4892 Apostolo
911 4839 928 4878 :
960 4823 1268 4896 Quicunque
1288 4826 1342 4881 in
1370 4824 1579 4882 Christo
1607 4827 1858 4899 baptizati
1889 4829 2038 4897 estis,

469 4910 736 4968 Christum
753 4914 1000 4970 ind‘uistis
1014 4913 1158 4987 (Gal.
1184 4916 1286 4989 ιιι).
1317 4915 1704 4974 Vestimentum
1730 4920 2038 4990 impiorum,

469 5009 636 5070 opera
651 5002 948 5070 iniquitatis
966 5013 1115 5070 sunt,
1140 5014 1202 5060 ut
1223 5005 1352 5064 illud
1373 5007 1674 5064 Psalmistce
1698 5026 1712 5064 :
1737 5008 2042 5064 Induantur

469 5093 603 5148 sicut
657 5091 907 5164 diploide,
961 5097 1267 5166 confusione
1311 5116 1408 5154 sua
1436 5097 1608 5173 (Psal.
1655 5101 1829 5175 cvm).
1863 5103 2040 5158 Vesti-

461 5188 708 5238 mentum
751 5189 880 5240 caro
909 5185 1158 5252 hominis,
1191 5189 1331 5244 sicut
1361 5190 1414 5244 in
1457 5189 1748 5248 Salomone
1795 5193 2033 5264 legitur:

468 5270 627 5329 Omni
649 5283 874 5344 tempore
891 5277 997 5332 sint
1021 5282 1320 5337 vestimenta
1342 5293 1433 5338 tua
1459 5285 1686 5338 candida
1709 5282 1903 5357 (Eccle.
1932 5285 2034 5357 rx),

468 5364 523 5420 Id
561 5373 656 5420 est
697 5365 840 5422 nulla
895 5368 1189 5438 pollutione
1227 5375 1280 5428 in
1330 5373 1543 5432 luxuria
1591 5376 1828 5431 sordida.
1860 5375 2038 5432 Vesti-

468 5465 708 5512 mentum
735 5453 1018 5516 simulatio
1054 5463 1480 5536 h'ypocritarum,
1529 5475 1591 5521 ut
1628 5466 1684 5521 in
1711 5467 1988 5539 evangelio
2020 5487 2033 5522 :

477 5544 691 5602 Venient
715 5547 892 5605 atinas
911 5552 966 5607 in
987 5557 1301 5612 vestimentis
1329 5558 1522 5624 avium,
1552 5559 1692 5613 intus
1719 5569 1892 5614 autem
1913 5569 2036 5614 sunt

467 5635 811 5708 lapi'rapaces
842 5633 1062 5710 (Matth.
1077 5645 1195 5715 vn).
1227 5647 1405 5704 Vestis
1438 5649 1713 5719 nuptialis,
1760 5649 1914 5716 ﬁdes,
1945 5648 2031 5704 vel

2067 4417 2119 4475 D

2145 1835 2366 1890 malitia:
2392 1835 2648 1903 contegit.
2689 1833 2798 1890 Iste
2839 1849 2972 1903 ergo
2999 1842 3208 1890 vestem
3241 1849 3302 1890 se
3346 1835 3579 1890 actionis
3612 1851 3748 1892 sua:-

2143 1927 2297 1996 quasi
2325 1941 2391 1982 ex
2419 1927 2544 1980 lana
2585 1932 2640 1980 et
2667 1925 2781 1980 lino
2811 1924 3002 1992 induit,
3035 1923 3258 1994 quando
3286 1925 3356 1979 ab
3390 1940 3458 1980 eo
3487 1933 3548 1980 et
3584 1926 3744 1981 sim-7

2141 2016 2355 2086 plicitas
2379 2024 2714 2072 monstratur
2747 2017 2802 2071 in
2849 2016 3160 2087 superﬁcie,
3207 2025 3264 2073 et
3287 2018 3562 2076 subtilitas
3599 2034 3728 2075 mae

2142 2103 2272 2158 litize
2323 2113 2570 2160 servatur
2620 2104 2675 2159 in
2721 2113 2920 2160 mente.
2950 2104 3221 2161 Lumbare
3270 2116 3528 2173 vocatur,
3575 2108 3730 2178 quod

2143 2195 2340 2250 lumbis
2384 2195 2662 2268 religetur,
2687 2196 2772 2252 vel
2823 2197 2967 2265 quod
3013 2195 3212 2252 lumbis
3259 2199 3484 2253 haereat.
3516 2197 3639 2254 Hoc
3671 2199 3742 2254 in"

2143 2286 2378 2358 Egypto
2409 2295 2464 2342 et
2506 2285 2662 2358 Syria
2693 2303 2800 2342 non
2833 2295 3038 2342 tantum
3080 2287 3328 2354 femina),
3376 2289 3472 2344 sed
3519 2299 3579 2344 et
3621 2290 3730 2348 viri

2142 2383 2386 2432 utuntur.
2414 2376 2566 2434 Unde
2595 2385 2650 2434 et
2679 2376 2982 2434 Hieremias
3030 2387 3182 2434 trans
3228 2377 3564 2450 Euphratem
3602 2379 3741 2435 tulit

2143 2467 2388 2522 lumbare
2419 2481 2599 2533 suum,
2629 2467 2810 2537 ibique
2838 2467 2972 2524 illud
3000 2467 3056 2523 in
3091 2467 3361 2525 foramine
3405 2477 3578 2540 petrae
3599 2471 3727 2548 abs-

2143 2553 2358 2620 condit,
2397 2563 2450 2608 et
2479 2561 2667 2624 postea
2714 2553 2946 2612 scissum
2977 2555 3202 2626 reperit.
3244 2555 3360 2612 Hoc
3384 2557 3729 2628 Quibusdam

2143 2649 2199 2697 et
2224 2641 2407 2697 renale
2429 2642 2646 2710 dicitur,
2686 2644 2831 2714 quod
2856 2644 2914 2699 in
2939 2645 3160 2702 renibus
3182 2645 3456 2718 alligatur.
3482 2647 3562 2704 De
3589 2648 3730 2704 lum-

2142 2730 2275 2786 bare
2299 2746 2429 2802 ergo
2445 2731 2704 2798 Dominus
2723 2733 2793 2788 ad
2817 2732 3148 2790 Hieremiam
3168 2735 3246 2790 ita
3269 2736 3386 2791 ait:
3415 2734 3566 2792 Sicut
3585 2740 3732 2794 enim

2145 2820 2378 2876 udhreret
2406 2820 2642 2876 lumbare
2665 2822 2735 2877 ad
2765 2821 2967 2879 lumbos
2991 2824 3109 2892 viri,
3141 2825 3219 2880 sic
3247 2824 3570 2897 agglutinam'
3595 2827 3743 2882 mihi.

2143 2927 2346 2966 omnem
2371 2910 2544 2966 Israel
2562 2921 2611 2968 et
2639 2929 2842 2969 omnem
2866 2913 3079 2969 domum
3091 2913 3132 2969 Ι
3135 2915 3261 2982 uda,
3291 2916 3420 2971 dicit
3444 2915 3736 2984 Dominus,

2145 3011 2202 3057 ut
2230 3013 2360 3059 esset
2385 3004 2514 3058 mihi
2537 3004 2592 3060 in
2626 3006 2900 3078 populum,
2927 3015 2977 3062 et
3005 3009 3060 3062 in
3091 3025 3299 3077 nomen,
3325 3019 3376 3065 et
3404 3011 3460 3064 in
3483 3010 3724 3079 Iaudem,

2145 3095 2270 3150 etin
2295 3094 2606 3166 gloriam,et
2629 3113 2733 3153 non
2759 3097 3040 3153 audierunt
3057 3096 3194 3171 (Jer.
3225 3101 3732 3174 xm).Cinctorium

2147 3185 2260 3240 sive
2311 3184 2576 3254 lumbare,
2625 3189 2769 3258 quod
2799 3189 2857 3243 in
2905 3189 3126 3246 renibus
3163 3190 3414 3262 jungitur
3437 3233 3454 3260 ,
3493 3195 3736 3265 populus

2143 3274 2310 3331 Israel
2341 3285 2446 3344 est,
2479 3277 2574 3348 qui
2611 3279 2668 3333 in
2719 3277 2816 3334 lini
2852 3278 3258 3337 similitudinem
3296 3293 3612 3355 assumptus
3657 3286 3735 3342 de

2145 3371 2314 3432 terra,
2353 3374 2410 3424 et
2445 3367 2646 3435 illotus,
2674 3385 2778 3426 nec
2813 3369 3210 3426 mollitudinem
3231 3372 3444 3440 habuit,
3473 3390 3578 3430 nec
3596 3391 3734 3431 can-

2145 3457 2352 3527 dorem,
2398 3469 2456 3514 et
2489 3468 2669 3516 tamen
2697 3477 2798 3532 per
2843 3461 2986 3517 illius
3034 3463 3464 3522 misericordiam
3496 3466 3738 3524 adhmsit

2145 3547 2278 3602 Deo.
2323 3546 2567 3619 Cumque
2609 3561 2894 3622 peccasset
2918 3551 3294 3622 hujuscemodi
3347 3555 3520 3611 linum
3561 3565 3736 3627 atque

2145 3636 2404 3702 lumbare,
2437 3639 2662 3694 ductum
2681 3649 2764 3695 est
2787 3649 2936 3698 trans
2959 3643 3294 3713 Euphraten,
3325 3645 3380 3700 id
3411 3653 3519 3712 est,
3541 3646 3598 3700 in
3619 3647 3732 3702 As-

2145 3724 2344 3794 syrios,
2395 3735 2449 3781 et
2485 3726 2560 3782 ibi
2607 3729 2998 3797 absconditur,
3057 3732 3162 3788 hoc
3215 3741 3330 3800 est,
3373 3734 3732 3792 multitudine

2144 3831 2462 3886 magnarum
2491 3825 2545 3872 et
2567 3819 3042 3878 innumerabilium
3061 3825 3301 3896 gentium
3317 3827 3734 3896 quodammodo

2145 3907 2432 3978 absorptus
2483 3917 2539 3966 et
2589 3913 2724 3967 nihil
2765 3923 3065 3984 reputatus.
3101 3917 3229 3972 Post
3275 3917 3498 3991 longum
3539 3932 3730 3978 autem

2145 4006 2360 4070 tempus
2391 3999 2503 4070 ipse
2531 4002 2796 4074 propheta
2826 4005 2880 4060 in
2924 4013 3108 4077 typum
3138 4008 3352 4064 Domini
3379 4011 3638 4082 populum
3661 4012 3738 4068 Ii-

2144 4093 2300 4148 berat
2329 4096 2395 4151 de
2407 4097 2742 4168 captivitate,
2764 4100 2857 4170 qui
2879 4101 3230 4158 nihilominus
3253 4111 3308 4160 et
3335 4112 3461 4175 post
3485 4106 3730 4162 reditum

2146 4185 2356 4241 Domini
2373 4198 2640 4261 praecepta
2653 4206 2759 4246 non
2779 4191 2910 4247 fecit
2939 4210 2952 4246 :
2977 4193 3073 4248 sed
3099 4204 3322 4250 secutus
3343 4195 3474 4252 deos
3493 4195 3732 4263 alienos,

2145 4275 2212 4329 ad
2239 4285 2540 4334 extremum
2571 4281 2734 4335 etiam
2769 4281 2825 4336 in
2865 4283 2962 4337 Dei
2990 4282 3188 4338 Filium
3237 4285 3390 4341 misit
3419 4303 3637 4354 manus,
3670 4298 3731 4346 et

2144 4370 2346 4418 aeterna
2398 4368 2701 4436 perditione
2757 4370 3052 4426 contabuit.
3120 4371 3312 4430 Omnis
3374 4389 3592 4446 quoque
3641 4378 3732 4433 vir

2145 4463 2365 4508 sanctus
2389 4455 2632 4514 lumbare
2655 4459 2751 4514 Dei
2775 4468 2879 4527 est,
2911 4460 3005 4531 qui
3033 4469 3346 4534 assumptus
3373 4465 3441 4520 de
3469 4473 3640 4532 terra,
3670 4477 3734 4522 et

2145 4543 2212 4600 de
2234 4554 2394 4602 terrm
2418 4546 2568 4616 limo,
2593 4551 2688 4606 Dei
2701 4554 2974 4608 consortio
2999 4553 3282 4624 copulatur
3293 4555 3721 4626 quodammodo:

2144 4651 2266 4709 quae
2293 4639 2346 4694 in
2375 4639 2618 4698 Ecclesia
2664 4643 2782 4714 ejus
2807 4645 3061 4699 videntur
3082 4645 3339 4713 obscena,
3381 4645 3590 4717 majore
3632 4649 3721 4704 di-

2145 4728 2364 4800 ligentia
2402 4730 2578 4799 operit
2626 4740 2789 4802 atque
2834 4733 3180 4800 circumdat,
3223 4749 3294 4790 ne
3325 4734 3609 4806 gentilium
3671 4745 3732 4794 et

2145 4819 2528 4877 haereticorum
2577 4823 2848 4880 morsibus
2893 4831 3132 4900 pateant,
3175 4823 3330 4892 Quod
3379 4824 3626 4882 lumbare
3674 4827 3724 4883 si

2148 4924 2345 4980 aquam
2376 4913 2572 4986 tetigit,
2599 4921 2656 4971 et
2680 4915 2972 4986 Euphratis
2991 4915 3190 4972 ﬂuenta
3215 4917 3520 4983 transierit,
3551 4919 3626 4974 ita
3662 4927 3726 4975 ut

2145 5003 2383 5076 Assyria:
2411 5007 2644 5077 regionis
2672 5007 2968 5064 honoribus
3007 5007 3374 5083 [humoribus]
3404 5010 3720 5066 imbuatur:

2145 5099 2322 5166 perdit
2343 5099 2622 5168 pristinam
2653 5099 3046 5168 fortitudinem,
3062 5110 3118 5158 et
3139 5101 3530 5173 computrescit
3556 5110 3724 5174 atque

2146 5187 2458 5244 dissolvitur
2485 5203 2501 5244 :
2531 5197 2586 5244 et
2619 5190 2867 5260 quamvis
2889 5191 2944 5247 in
2987 5208 3144 5248 usum
3167 5193 3264 5249 Dei
3289 5193 3511 5262 redeat,
3534 5201 3720 5248 tamen

2145 5281 2428 5353 pristinam
2469 5282 2924 5352 pulchritudinem
2949 5285 3152 5340 habere
3199 5301 3306 5341 non
3347 5293 3562 5357 potest,
3607 5301 3725 5342 non

2146 5373 2340 5428 duritia
2366 5373 2484 5438 Dei,
2512 5375 2604 5430 sed
2638 5390 2734 5431 suo
2756 5375 2889 5431 vitio
2920 5393 2932 5430 :
2965 5377 3089 5446 quia
3127 5375 3318 5432 nolunt
3343 5377 3533 5434 audire
3551 5377 3720 5434 verba

2146 5463 2281 5534 ejus,
2309 5471 2364 5519 et
2389 5465 2667 5522 ambulant
2693 5466 2746 5522 in
2767 5467 3040 5538 pravitate
3061 5467 3240 5524 cordis
3265 5467 3348 5525 sui
3375 5486 3389 5522 :
3416 5469 3550 5536 sive,
3575 5469 3719 5540 quod

2145 5555 2250 5612 sibi
2287 5563 2497 5614 rectum
2520 5558 2755 5626 videtur,
2795 5560 2900 5616 hoc
2919 5558 3140 5616 faciunt.
3177 5559 3465 5630 Cingulum
3488 5561 3720 5632 mystice

2146 5647 2466 5722 intelligitur
2494 5651 2750 5722 spiritalis
2779 5651 2959 5722 Operis
2985 5651 3260 5708 accinctus
3298 5651 3354 5707 in
3403 5650 3670 5707 Psalterio
3701 5671 3715 5706 :
