4038 6324
290 391 394 447 575

1245 386 1332 442 DE
1369 381 1714 442 UNIVERSO
1752 379 1930 437 LIBRI
1969 379 2132 438 XXII.
2172 414 2242 424 —
2276 383 2400 439 LIB.
2445 383 2583 441 XXI.

3430 380 3542 441 δη

288 500 631 558 Prwcinxisti
676 516 760 557 me
796 498 978 555 lwtitia
1003 495 1171 571 (Psal.
1200 497 1374 569 xxix).
1407 494 1649 551 Balteum
1680 493 1862 551 accin-
1889 490 1940 551 Α
1966 493 2163 549 bantur
2189 495 2264 560 hi,
2293 495 2385 565 qui
2411 493 2759 565 reportabant
2786 494 2851 550 de
2878 494 3123 551 hostibus
3163 495 3390 564 palmas.
3417 496 3539 569 Ipsa

288 601 411 649 ctus
467 592 754 659 virtutum,
808 592 922 648 sive
972 590 1382 659 circumspectio
1434 586 1674 643 mentis:
1718 585 1863 640 unde

284 682 491 756 legitur
512 683 570 739 in
595 679 1011 754 Denteronomio
1040 696 1053 733 :
1083 675 1311 732 Habebis
1329 675 1585 748 paxillum
1618 675 1671 728 in
1694 674 1862 728 balteo

290 774 477 848 (Deut.
517 771 698 845 xxut),
726 770 781 827 id
806 779 909 836 est,
950 767 1221 827 stimulum
1246 766 1692 836 compunctionis.
1718 765 1786 819 Et
1808 764 1862 818 in

290 866 456 922 aliam
501 872 716 934 partem
745 860 801 916 in
824 857 926 914 Job
958 872 973 913 :
1009 856 1250 911 Balteum
1300 871 1477 927 regum
1516 852 1774 917 dissolvit,
1816 860 1863 906 et

290 956 566 1028 praecingat
597 951 723 1022 fune
770 966 916 1004 renes
960 964 1140 1002 eorum
1177 944 1320 1018 (Job.
1376 944 1499 1008 xu).
1546 942 1862 997 Armelausa

294 1032 451 1115 vulgo
480 1050 689 1107 vocata,
732 1041 875 1112 quod
899 1047 1024 1092 ante
1046 1045 1099 1092 et
1122 1045 1270 1091 retro
1295 1035 1467 1090 divisa
1493 1045 1654 1103 atque
1676 1038 1863 1103 aperta

292 1143 395 1200 est,
455 1135 511 1188 in
565 1148 750 1187 armos
794 1138 1002 1185 tantum
1056 1129 1260 1193 clausa,
1301 1126 1457 1197 quasi
1516 1123 1861 1188 armiclausa,

291 1241 416 1282 cum
446 1225 630 1279 littera
672 1222 872 1278 ablata.
903 1220 1149 1277 Camisas
1182 1233 1462 1282 vocamus,
1517 1214 1662 1285 quod
1696 1214 1749 1267 in
1778 1212 1867 1268 his

291 1317 593 1371 dormimus
621 1315 676 1369 in
721 1313 911 1379 carnis,
943 1312 996 1367 id
1036 1319 1135 1375 est,
1193 1309 1249 1364 in
1279 1308 1466 1363 stratis
1516 1305 1738 1361 nostris.
1762 1303 1865 1359 Fe-

251 1408 257 1421 ’
291 1406 517 1461 moralia
549 1403 837 1475 appellata,
867 1418 934 1458 eo
976 1400 1118 1471 quod
1147 1399 1355 1454 femora
1379 1403 1565 1467 tegant
1594 1413 1608 1449 :
1649 1394 1763 1463 ipsa
1810 1399 1867 1447 et

291 1496 527 1560 brachae,
551 1493 695 1565 quod
716 1500 841 1548 sunt
861 1491 1075 1555 breves,
1100 1496 1154 1545 et
1181 1485 1483 1542 verecunda
1517 1483 1759 1552 corporis
1780 1481 1869 1536 his

290 1583 557 1639 velentur.

875 1670 1103 1747 CAPUT
1144 1671 1281 1725 xvr.

505 1764 584 1821 De
616 1765 825 1837 proprio
847 1764 1197 1836 quarumdam
1231 1763 1459 1833 gentium
1483 1761 1686 1816 habitu.

1962 583 2254 639 vocabatur
2306 592 2361 640 et
2418 593 2539 655 toga
2579 584 2723 655 picta
2751 623 2766 651 ,
2814 599 2881 640 eo
2934 585 3077 655 quod
3114 585 3372 642 victorias
3411 603 3539 645 cum

1960 673 2153 744 palmis
2174 674 2411 730 intextas
2428 675 2667 731 haberet.
2691 674 2917 730 Pallium
2947 675 3176 746 mystice
3204 676 3261 730 in
3281 676 3427 733 bono
3452 692 3541 734 ac-

1962 763 2176 835 cipitur,
2201 773 2260 819 ut
2286 771 2371 819 est
2394 764 2524 819 illud
2549 783 2561 818 :
2598 762 2828 818 Pallium
2855 764 3030 819 laudis
3054 783 3148 836 pro
3177 767 3386 837 cingulo
3414 784 3539 824 mtt-

1964 854 2098 906 roris
2125 852 2260 923 (Isa.
2284 853 2418 926 LXI).
2457 854 2590 909 Item
2631 854 2686 908 in
2724 855 3054 911 contrariam
3082 864 3288 925 partem
3314 858 3367 910 in
3397 857 3542 928 psal-

1963 958 2051 997 mo
2098 943 2319 1013 pallium
2362 944 2597 1015 positum
2626 953 2708 1000 est
2740 986 2755 1011 ,
2786 946 2876 999 ubi
2911 945 3107 1017 legitur
3140 947 3206 1001 de
3250 946 3491 1003 Ecclesia
3523 967 3537 1003 :

1965 1030 2068 1097 Qui
2104 1032 2342 1100 fundavit
2371 1044 2567 1089 terram
2598 1052 2754 1105 super
2795 1035 3129 1090 stabilitatem
3151 1036 3289 1106 ejus,
3318 1053 3423 1092 non
3459 1039 3543 1093 in-

1963 1119 2242 1174 clinabitur
2270 1121 2323 1175 in
2349 1122 2600 1175 saeculum
2626 1123 2827 1178 saeculi.
2862 1124 3112 1194 Abyssus,
3141 1125 3276 1180 sicut
3299 1126 3539 1198 pallium,

1963 1209 2181 1263 amictus
2203 1209 2316 1279 ejus
2344 1208 2517 1282 (Psal.
2550 1212 2688 1284 cui).
2718 1214 2960 1285 Ahyssus
2985 1217 3130 1273 enim
3156 1218 3357 1275 dicitur
3382 1232 3546 1288 aqua.

1964 1312 2085 1351 rum
2133 1298 2504 1368 copiosissima
2538 1302 2849 1367 multitudo,
2888 1320 3006 1374 quae
3035 1315 3091 1360 et
3136 1307 3191 1361 in
3220 1307 3363 1363 bono
3395 1317 3451 1363 et
3486 1308 3542 1363 in

1965 1389 2106 1444 malo
2149 1390 2463 1462 plerumque
2506 1395 2743 1463 ponitur.
2784 1397 2910 1454 Haec
2940 1400 3133 1455 merito
3157 1402 3248 1457 hic
3278 1404 3543 1472 supersti-

1968 1481 2115 1535 tiasis
2145 1491 2305 1552 atque
2326 1486 2760 1551 persecutoribus
2788 1500 3172 1558 comparantur
3203 1494 3367 1562 :quia
3403 1494 3546 1549 sicut

1964 1573 2185 1642 pallium
2222 1573 2463 1643 subjecta
2494 1578 2736 1646 cooperit
2768 1597 2781 1632 :
2816 1580 2890 1635 ita
2937 1582 3013 1635 illi
3056 1584 3311 1639 mundum
3360 1584 3546 1642 Redis-

1965 1664 2100 1719 sima
2133 1665 2515 1734 superstitione
2538 1675 2808 1734 texerunt,
2838 1677 2898 1723 ut
2925 1687 3029 1726 non
3051 1672 3223 1727 solum
3245 1674 3548 1732 mediocres

1967 1754 2235 1823 homines,
2261 1756 2357 1811 sed
2395 1756 2449 1809 in
2480 1759 2776 1825 perniciem
2803 1775 2954 1815 suam
2993 1763 3137 1831 ipsos
3176 1777 3389 1833 quoque
3418 1778 3549 1821 san-

362 1857 635 1913 Sarabara
672 1864 799 1911 sunt
841 1853 986 1909 ﬂuxa
1039 1871 1102 1909 ac
1145 1855 1365 1909 sinuosa
1422 1852 1765 1915 vestimenta,
1796 1850 1865 1907 de
1894 1837 1940 1896 Β
1969 1854 2084 1901 ctos
2124 1846 2269 1903 viros
2316 1854 2479 1917 atque
2521 1849 2980 1907 eminentissimos
3038 1855 3322 1909 tormentis
3348 1870 3545 1924 corpo-

290 1948 486 2017 quibus
513 1947 713 2018 legitur
739 1946 796 2000 in
839 1946 1102 2001 Daniele:
1148 1945 1217 1998 Et
1257 1943 1513 1998 sarabara
1552 1958 1731 1997 eorum
1762 1958 1866 1996 non

291 2048 411 2093 sunt
441 2040 739 2092 immutata.
770 2035 839 2090 Et
885 2035 1107 2090 Publius
1139 2052 1150 2087 :
1182 2032 1247 2087 Ut
1273 2033 1398 2104 quid
1426 2048 1546 2102 ergo
1594 2033 1650 2084 in
1692 2040 1866 2084 ventre

292 2136 381 2179 tuo
430 2122 618 2177 Parthi
657 2121 912 2176 sarabara
953 2119 1354 2189 suspenderunt.
1400 2117 1556 2186 Apud
1601 2116 1866 2185 quosdam

292 2222 473 2269 autem
527 2213 783 2268 sarabara
822 2210 1073 2281 quaedam,
1097 2209 1335 2278 capitum
1381 2206 1618 2278 tegmina
1657 2221 1869 2260 nuncu-

290 2313 509 2377 pantur,
564 2305 742 2376 qualia
767 2304 1011 2359 videmus
1055 2302 1106 2356 in
1137 2301 1313 2370 capite
1364 2314 1647 2368 magorum
1693 2299 1872 2368 picta..

295 2400 563 2453 Mastruca
632 2397 798 2451 vestis
873 2394 1044 2449 Sarda
1109 2408 1177 2448 ex
1241 2390 1508 2461 pelliculis
1587 2389 1864 2454 ferarum,

292 2492 359 2545 de
404 2504 511 2559 qua
543 2486 732 2544 Cicero
770 2502 869 2558 pro
916 2484 1122 2540 Scauro
1155 2501 1167 2537 :
1201 2482 1365 2548 Quem
1400 2497 1635 2552 purpura
1679 2478 1867 2550 regalis

292 2600 397 2637 non
444 2581 746 2646 commovit,
790 2596 909 2634 eum
961 2575 1252 2633 Sardorum
1311 2583 1576 2627 mastruca
1627 2571 1866 2625 mutavit.

291 2673 560 2727 Mastruca
609 2646 829 2735 autem:I
844 2667 999 2737 quasi
1050 2673 1413 2729 monstruosa,
1478 2678 1543 2716 eo
1583 2660 1727 2731 quod
1776 2661 1868 2729 qui

290 2778 353 2814 ea
390 2762 704 2825 induuntur,
750 2758 907 2828 quasi
942 2759 995 2812 in
1033 2757 1274 2811 ferarum
1306 2754 1555 2809 habitum
1605 2751 1868 2807 transfor-

295 2863 533 2909 mantur.
567 2855 791 2925 Legitur
818 2855 872 2907 in
900 2851 1157 2923 Apostolo
1201 2850 1266 2905 de
1291 2841 1612 2918 quibusdam
1643 2847 1867 2910 sanctis,

293 2951 387 3020 qui
432 2947 651 3005 fuerunt
679 2948 778 3002 sub
815 2945 999 3000 Veteri
1035 2925 1423 2998 Testamento:
1458 2938 1868 3003 Circumieruut,

296 3036 493 3108 inquit,
524 3020 801 3091 in'melotis
828 3044 875 3088 et
900 3031 1120 3104 pellibus
1150 3031 1401 3102 caprinis,
1440 3038 1665 3099 egentes,
1698 3042 1870 3097 angu-

293 3130 461 3194 stiati,
488 3127 685 3200 amicti,
705 3126 891 3198 quibus
915 3126 1103 3195 dignus
1147 3140 1251 3178 non
1279 3131 1390 3176 erat
1425 3121 1651 3175 mundus
1678 3117 1866 3191 (Hebr.

294 3217 396 3288 ιιι).
426 3215 486 3271 In
514 3232 621 3285 quo
658 3214 1056 3279 manifestatur,
1102 3214 1246 3281 quod
1276 3210 1397 3264 viri-
1429 3209 1638 3274 sancti,
1671 3208 1870 3276 quibus

296 3309 364 3363 ad
408 3316 664 3362 aeternam
713 3305 879 3359 vitam
908 3302 1185 3375 gradiendi
1235 3315 1389 3355 amor
1438 3297 1722 3361 incumbit,
1761 3311 1871 3351 non

292 3396 582 3470 praesentis
608 3395 736 3449 vitae
787 3393 994 3451 deliciis
1036 3407 1135 3463 per
1163 3391 1495 3460 voluptatem
1530 3389 1609 3442 uti
1660 3387 1873 3441 deside-

297 3496 421 3541 rent
448 3506 461 3540 :
495 3487 589 3542 sed
622 3501 723 3557 per
744 3484 1136 3541 continentiam
1162 3482 1336 3553 magis
1365 3481 1627 3535 virtutum
1659 3478 1872 3547 copiam

296 3576 502 3631 habere
540 3575 813 3629 studeant.
848 3572 906 3627 In
934 3573 1130 3641 quibus
1159 3571 1333 3626 ornati
1383 3570 1451 3624 ad
1501 3568 1691 3623 aeterni
1729 3566 1873 3637 regis

295 3667 602 3722 convivium
629 3664 835 3719 intrare
862 3670 1195 3717 mereantur.

868 3751 1095 3806 CAPUT
1135 3749 1298 3805 XVII.

800 3842 880 3896 De
908 3841 1084 3914 palliis
1112 3842 1360 3894 virorum.

367 3935 597 3990 Pallium
646 3941 729 3988 est
758 3973 773 3997 ,
826 3947 933 4002 quo
966 3929 1389 3985 ministrantium
1422 3926 1655 3997 scapulze
1687 3932 1874 3980 eonte-

299 4037 516 4103 guntur,
573 4034 650 4093 ut,
705 4026 832 4082 dum
876 4023 1226 4090 ministrant,
1282 4020 1517 4091 expediti
1546 4019 1873 4075 discurrant.

297 4120 561 4174 Plautus:
596 4115 658 4172 Si
689 4114 815 4187 quid
869 4114 1108 4184 {acturus
1144 4128 1220 4178 es,
1266 4110 1499 4182 appende
1544 4110 1600 4163 in
1646 4108 1897 4163 humeris.

298 4208 537 4280 pallium.
562 4205 628 4260 Et
649 4214 847 4278 pergat,
870 4215 1123 4276 quantum
1143 4203 1299 4270 valet,
1317 4212 1524 4257 tuorum
1546 4202 1735 4273 pedum
1759 4218 1878 4271 per-

300 4297 506 4351 nicitas.
538 4296 748 4351 Dictum
770 4304 948 4351 autem
975 4295 1193 4364 pallium
1218 4310 1248 4347 a
1277 4293 1507 4363 pellibus
1533 4311 1546 4347 :
1576 4292 1701 4364 quia
1724 4292 1878 4362 prius

299 4388 772 4459 superindumeuta
816 4387 1025 4457 pellicia
1072 4394 1284 4441 veteres
1338 4386 1627 4440 utebantur
1654 4426 1669 4449 ,
1720 4384 1877 4454 quasi

299 4480 472 4555 pellea
502 4493 516 4532 :
546 4478 658 4534 sive
683 4493 713 4532 a
739 4478 880 4548 palla
910 4493 1006 4548 per
1031 4477 1441 4533 derivationem.
1474 4476 1727 4547 Chlamys
1748 4484 1832 4531 cst
1858 4518 1873 4542 ,

301 4586 421 4641 quae
453 4585 521 4625 ex
547 4584 654 4623 una
696 4577 847 4639 parte
895 4568 1151 4633 induitur,
1200 4585 1377 4639 neque
1406 4571 1687 4626 consuitur
1710 4612 1726 4637 ,
1783 4572 1877 4627 sed

300 4659 466 4716 ﬁbula
495 4658 794 4714 infrenatur
830 4677 845 4714 :
897 4660 1025 4714 hinc
1063 4668 1118 4714 et
1150 4658 1336 4715 Graece
1392 4675 1589 4715 nomen
1647 4665 1875 4733 accepit.

301 4752 556 4824 Chlamys
600 4753 774 4807 laudis
813 4762 897 4808 est
941 4762 1182 4817 ornatus,
1240 4761 1298 4806 ut
1333 4754 1387 4808 in
1447 4753 1733 4811 Salomone
1766 4774 1779 4810 :
1809 4757 1879 4812 Et

304 4846 629 4916 chlamydem
662 4845 778 4914 fecit
805 4846 915 4900 viro
940 4847 1125 4911 suo,id
1155 4854 1257 4909 cst,
1283 4847 1664 4901 vestimentum
1694 4866 1705 4900 :
1736 4848 1880 4917 quod

305 4942 564 5003 tanquam
588 4933 655 4988 de
681 4933 887 4989 duobus
913 4932 1273 4990 Testamentis
1293 4936 1595 4990 confectum
1619 4939 1709 4991 sit.
1735 4938 1883 5009 Toga.

308 5022 471 5090 dicta,
500 5023 645 5093 quod
669 5022 970 5078 velamento
995 5024 1078 5078 sui
1119 5039 1314 5093 corpus
1365 5034 1511 5096 tegat
1551 5034 1714 5096 atque
1747 5042 1879 5097 ope.

306 5111 433 5169 riat.
467 5112 563 5168 Est
593 5121 771 5168 autem
814 5113 1037 5183 pallium
1076 5128 1269 5182 purum
1318 5114 1489 5169 forma
1543 5120 1774 5173 rotunda
1803 5118 1881 5173 el-

304 5203 530 5272 fusiore,
557 5214 611 5261 et
639 5207 791 5275 quasi
821 5206 1113 5261 inundante
1148 5207 1265 5261 sinu
1293 5248 1307 5273 ,
1350 5216 1404 5263 et
1438 5210 1537 5265 sub
1565 5210 1758 5266 dextro
1786 5227 1880 5267 ve-

306 5296 465 5352 niens
493 5313 652 5368 supra
680 5298 964 5352 humerum
996 5299 1271 5354 sinistrum
1301 5301 1519 5371 ponitur
1546 5321 1558 5355 :
1597 5304 1752 5374 cujus
1801 5304 1879 5361 si-

309 5384 666 5441 militudinem
710 5387 767 5441 in
817 5388 1162 5459 operimentis
1206 5389 1615 5446 simulacrorum
1666 5393 1747 5447 vel
1800 5395 1882 5463 pi-

309 5471 591 5535 cturarum
612 5478 920 5549 aspicimus,
938 5493 1135 5548 easque
1156 5486 1360 5535 statuas
1384 5489 1593 5552 togatas
1612 5498 1882 5542 vocamus.

310 5562 459 5645 Toga
486 5572 668 5627 autem
704 5570 933 5626 Romani
960 5571 1013 5626 in
1046 5587 1177 5642 pace
1203 5573 1515 5639 utebantur,
1547 5575 1674 5630 belli
1704 5556 1893 5645 autem:

310 5665 557 5745 tempore
580 5662 1010 5737 paludamentis:
1044 5679 1296 5718 mensura
1329 5674 1464 5737 toga:
1484 5654 1627 5733 justa
1652 5707 1668 5732 ,
1701 5667 1747 5721 si
1790 5681 1884 5724 sex

315 5750 472 5807 ulnas
503 5753 718 5810 haheat.
749 5753 891 5825 Toga
931 5755 1162 5822 palmata
1196 5748 1487 5820 dicebatur,
1518 5771 1680 5827 quam
1710 5772 1911 5820 mere-.

1968 1952 2087 1991 rum
2135 1937 2366 1993 obruere
2409 1939 2744 1996 viderentur.
2793 1942 2999 2012 Diplois
3049 1943 3296 2001 Graecum
3351 1960 3551 2002 nomen

1966 2027 2034 2081 ab
2063 2043 2128 2083 eo
2152 2029 2295 2096 quod
2332 2029 2402 2083 sit
2431 2030 2627 2100 duplex
2655 2032 2905 2090 amictus.
2940 2035 3195 2091 lloratius
3223 2055 3239 2090 :

2091 2121 2267 2173 Contra
2284 2135 2431 2183 quem
2454 2122 2630 2185 duplici
2657 2137 2816 2186 panno
2840 2128 3071 2187 patientia
3094 2127 3247 2178 velat.

1966 2211 2061 2265 Eal
2088 2219 2269 2266 autem
2301 2212 2468 2267 vestis
2495 2212 2765 2277 militaris,
2803 2214 2960 2283 cujus
2999 2230 3129 2269 usus
3169 2214 3389 2271 Gallicis
3443 2217 3556 2286 pri—

1967 2318 2114 2358 mum
2144 2302 2574 2373 expeditionibus
2613 2305 2777 2373 cmpit
2817 2321 2849 2358 e
2888 2307 3067 2374 praeda
3102 2307 3305 2370 hostili,
3344 2309 3411 2361 de
3444 2322 3550 2376 qua

1966 2402 2050 2448 est
2102 2408 2206 2448 vox
2245 2393 2336 2448 illa
2365 2403 2584 2449 senatus
2632 2413 2645 2448 :
2694 2413 2712 2444 ι
2762 2394 2924 2464 Togis
2967 2397 3244 2466 depositis,
3290 2397 3553 2465 Quirites,

1967 2485 2035 2538 ad
2076 2498 2203 2554 saga
2259 2482 2420 2555 (ite).
2477 2503 2496 2535 ι
2538 2484 2738 2554 Sagum
2793 2494 2972 2539 autem
3024 2485 3287 2542 Gallicum
3355 2502 3553 2543 nomen

1968 2580 2069 2627 est.
2099 2572 2310 2627 Dictum
2355 2582 2534 2627 autem
2568 2589 2755 2644 sagum
2785 2575 3069 2644 quadrum,
3120 2590 3185 2632 eo
3228 2578 3373 2646 quod
3412 2577 3557 2648 apud

1968 2680 2062 2720 eos
2081 2656 2312 2735 primum
2339 2667 2659 2737 quadratum
2682 2668 2766 2721 vel
2788 2668 3120 2739 quadruplex
3147 2676 3313 2724 esset.
3342 2669 3475 2724 Nam
3498 2669 3556 2725 in

1967 2754 2240 2825 Propheta
2278 2757 2537 2827 scriptum
2568 2766 2690 2812 est:
2726 2757 3065 2826 Operiantur,
3112 2760 3247 2812 sicut
3277 2758 3506 2829 diploide
3538 2797 3555 2824 ,

1971 2848 2279 2917 confusione
2298 2866 2395 2902 sua
2427 2848 2599 2921 (Psal.
2635 2841 2809 2920 cvttt).
2836 2850 3000 2904 Petiit
3022 2866 3152 2921 ergo
3194 2860 3254 2905 ut
3275 2852 3557 2921 utriusque

1970 2936 2102 3008 legis
2153 2937 2506 3009 intelligentia
2568 2941 2867 2995 vestiantur
2901 2980 2915 3006 ,
2968 2941 3061 3009 qui
3098 2957 3243 2997 nunc
3286 2953 3556 3011 utraque,

1969 3028 2197 3098 perﬁdia
2225 3028 2475 3093 faciente,
2507 3031 2693 3086 nudati
2723 3040 2868 3086 sunt.
2897 3031 3158 3089 Confusio
3184 3034 3328 3088 enim
3349 3033 3562 3089 Iudaeo-

1973 3133 2094 3174 rum
2130 3129 2215 3175 cst
2253 3119 2423 3199 legem
2459 3136 2568 3176 non
2613 3121 2952 3190 intelligere,
3001 3138 3123 3193 quae
3172 3123 3333 3178 toties
3378 3122 3563 3178 Salva-

1978 3218 2147 3265 torem
2191 3211 2475 3266 Dominum
2509 3213 2794 3282 praecinuit
2822 3213 3077 3268 advenire
3109 3232 3122 3266 ε
3154 3215 3268 3268 sive
3303 3213 3433 3268 illud
3469 3227 3563 3282 ge-

1976 3317 2080 3356 nus
2117 3302 2232 3357 vult
2260 3304 2580 3374 exprimere,
2613 3305 2759 3374 quod
2807 3304 2945 3359 solet
2974 3305 3027 3359 in
3068 3305 3377 3375 proverbiis
3404 3305 3513 3359 dici
3541 3322 3557 3359 :

1976 3392 2030 3446 id
2056 3400 2139 3447 est
2168 3411 2180 3446 :
2217 3391 2554 3462 Confusionis
2602 3393 2801 3463 duplici
2832 3392 2994 3465 pallio
3045 3395 3329 3449 vestiantur
3359 3434 3374 3459 ,
3430 3391 3561 3448 dum

1978 3493 2103 3537 ante
2157 3484 2443 3538 Dominum
2498 3493 2554 3540 et
2600 3485 2847 3540 homines
2901 3486 3245 3540 erubescunt.
3294 3484 3560 3554 Sagorum

1978 3582 2159 3629 autem
2204 3575 2465 3645 mysticus
2494 3590 2685 3629 sensus
2712 3576 2766 3630 in
2801 3576 3134 3631 tabernaculi
3163 3575 3382 3630 Mosaici
3429 3589 3560 3629 con-

1979 3665 2275 3718 structione
2308 3665 2441 3718 satis
2478 3665 2798 3734 explanatus
2827 3674 2929 3731 est,
2974 3667 3041 3725 ad
3074 3665 3228 3734 cujus
3273 3665 3561 3720 lectionem

1976 3755 2232 3812 lectorem
2273 3754 2555 3810 mittimus.
2580 3755 2804 3811 Paenula
2832 3765 2916 3811 est
2939 3756 3159 3825 pallium
3184 3771 3306 3811 cum
3333 3753 3563 3810 ﬁmbriis
3616 3800 3620 3805 .

1976 3844 2169 3913 longis,
2199 3843 2354 3912 cujus
2381 3844 2583 3899 mentio
2606 3844 2660 3897 in
2684 3844 2921 3914 Epistola
2946 3845 3096 3899 Pauli
3118 3846 3187 3899 ad
3218 3844 3562 3899 Timotheum

1980 3936 2039 3989 ﬁt
2074 3935 2155 4007 (II
2192 3935 2326 3988 Tim.
2362 3934 2457 4005 tv).
2500 3935 2697 3990 Casula
2742 3944 2826 3990 est
2869 3937 3039 3991 vestis
3065 3935 3360 3996 cucullata,
3416 3933 3562 3988 dicta

1977 4042 2075 4095 per
2101 4027 2510 4080 diminutionem
2536 4041 2569 4079 a
2597 4040 2742 4090 casa,
2776 4027 2919 4096 quod
2958 4033 3131 4080 totum
3181 4026 3455 4080 hominem
3483 4032 3564 4079 te-

1982 4124 2090 4188 gat,
2120 4116 2274 4185 quasi
2299 4116 2480 4171 minor
2499 4129 2627 4182 casa
2657 4133 2668 4169 :
2697 4115 2823 4173 inde
2847 4123 2903 4170 et
2922 4115 3152 4181 cuculla,
3186 4115 3342 4186 quasi
3386 4114 3566 4169 minor

1978 4206 2133 4262 cella.
2161 4206 2253 4262 Sic
2278 4217 2331 4262 et
2353 4204 2541 4262 Graece
2561 4206 2777 4276 planeta
2821 4206 2985 4270 dicta,
3010 4206 3137 4275 quia
3173 4206 3284 4261 oris
3323 4205 3559 4261 erranti-

1977 4301 2079 4356 bus
2119 4308 2395 4369 evagatur.
2428 4299 2581 4355 Unde
2623 4306 2680 4353 et
2709 4299 2877 4354 stellae
2894 4298 3148 4367 planetas,
3180 4298 3236 4353 id
3263 4307 3349 4353 est
3392 4312 3562 4368 vagas,

1979 4407 2044 4447 eo
2076 4395 2220 4463 quod
2260 4408 2410 4463 vaga:
2440 4407 2539 4447 suo
2578 4407 2764 4447 errore
2810 4400 3066 4462 motuque
3108 4391 3438 4447 discurrunt.
3466 4390 3566 4445 Ca-

1980 4485 2097 4539 sula
2139 4484 2294 4555 juxta
2332 4484 2641 4555 allegoriam
2687 4492 2847 4539 recta:
2884 4483 3012 4537 ﬁdei
3050 4491 3231 4554 potest
3256 4483 3564 4553 exprimere

1982 4576 2357 4631 indumentum
2386 4614 2401 4640 ,
2456 4575 2511 4628 in
2547 4589 2655 4643 quo
2697 4574 2969 4637 bonorum
3013 4588 3238 4641 operum
3287 4572 3563 4640 plenitudo

1985 4665 2249 4721 consistit.
2297 4663 2448 4719 Unde
2488 4660 2747 4731 scriptum
2787 4673 2873 4718 est
2914 4680 2927 4715 :
2974 4661 3040 4715 In
3064 4660 3247 4716 casula
3280 4661 3445 4730 ipsius
3476 4675 3562 4713 re-

1983 4757 2251 4825 quiescunt
2290 4754 2427 4807 bona
2469 4770 2561 4823 per
2599 4769 2717 4806 eum
2753 4751 2941 4822 (Eccli.
2984 4751 3120 4823 xw).
3153 4751 3395 4815 Melotes,
3444 4764 3565 4819 qua)

1987 4846 2148 4900 etiam
2181 4859 2308 4914 pera
2336 4851 2594 4908 vocatur,
2642 4843 2796 4912 pellis
2825 4851 2913 4898 est
2948 4842 3167 4911 caprina
3188 4882 3204 4907 ,
3247 4841 3387 4897 collo
3429 4856 3564 4910 pen.

1989 4938 2141 5003 deus,
2167 4936 2454 5006 przecincta
2481 4949 2648 5004 usque
2679 4935 2747 4989 ad
2785 4934 3016 4989 lumbos.
3057 4933 3151 4989 Est
3178 4932 3322 4987 enim
3348 4931 3565 4987 habitus

1984 5027 2197 5098 proprie
2213 5026 2550 5081 necessarius
2563 5025 2631 5080 ad
2643 5025 2822 5096 operis
2837 5022 3154 5093 exercitium
3172 5040 3185 5076 :
3204 5022 3366 5077 ﬁebat
3378 5031 3566 5079 autem

1984 5119 2136 5189 prius
2158 5118 2239 5190 (ut
2268 5118 2486 5197 quidam
2514 5115 2847 5185 existimant)
2873 5131 2944 5179 ex
2961 5113 3237 5184 .pelliculis
3256 5113 3560 5175 melonum:

1986 5212 2128 5267 unde
2149 5220 2203 5267 et
2232 5211 2443 5267 melotae
2471 5220 2676 5266 vocatae
2700 5217 2845 5279 sunt,
2862 5208 3123 5277 Fimbriae:
3142 5220 3408 5271 vocata)...
3436 5207 3565 5267 0m

1986 5304 2453 5368 vestimentorum,
2475 5303 2579 5357 hoc
2600 5311 2706 5368 est,
2738 5299 3214 5372 ﬁne§,,~chrazco
3239 5300 3567 5361 vocabulum

1989 5395 2231 5448 trahttnt.
2249 5394 2422 5449 Graeci
2442 5392 2585 5453 enim
2608 5392 2897 5467 terminari]
2909 5407 3050 5463 Iurpn
3064 5399 3286 5457 vocant.
3310 5390 3569 5451 Fimbria:

1989 5486 2305 5557 spiritaliter
2322 5544 2325 5549 ,
2343 5484 2652 5561 signiﬁcant
2690 5485 2983 5559 mysteria:
3017 5482 3409 5549 incarnationis
3434 5482 3569 5535 “Dea

1988 5578 2154 5643 mini,
2203 5593 2322 5649 qua:
2356 5577 2532 5648 tetigit
2578 5575 3233 5649 mulierhzntnarrboissa,
3262 5581 3335 5635 et
3376 5571 3565 5633 statim

1988 5678 2172 5726 sanata
2214 5678 2319 5747 est.
2356 5669 2493 5735 Item
2538 5668 2767 5746 ﬁnibrim
2788 5663 3565 5741 ,zsignilicant.:extremitatem

1987 5761 2111 5817 vita:
2136 5759 2412 5817 hominum
2444 5776 2457 5814 :
2482 5757 2624 5815 unde
2650 5759 2703 5814 in
2736 5758 2943 5828 psalmo
2966 5758 3032 5815 de
3058 5756 3300 5815 Ecclesia
3324 5752 3521 5824 legitur
3540 5767 3560 5805 ε
