4038 6324
217 347 319 403 577

1174 339 1262 396 DE
1295 338 1641 397 UNIVERSO
1682 338 1859 411 LIBRI
1902 339 2063 396 XXII.
2104 372 2171 381 --
2210 341 2337 398 LIB.
2382 339 2539 411 ΧΧίη

3374 343 3477 399 578

215 454 524 527 quiescendi
555 450 891 522 designat.ln
911 448 1175 519 tapetibus
1191 466 1317 505 vero
1347 451 1503 522 pictis
1533 466 1599 506 ex
1633 450 1799 522 Egy-

1925 455 2290 525 :orrumpi:ne
2320 454 2575 510 falsorum
2603 452 2989 510 catholicorum
3018 453 3365 523 improbitate
3379 455 3495 512 [αι-τ

216 553 311 616 pto
368 541 533 597 etiam
578 539 862 594 oculorum
912 545 1081 592 tentat
1128 537 1432 603 illecebras,
1470 540 1664 608 quibus
1714 556 1801 594 ne-

220 633 381 689 fando
408 638 631 701 aspectu
661 629 889 684 irretitis
927 626 1139 683 facilius
1176 629 1246 683 ad
1275 630 1579 685 scducenda
1607 631 1802 686 mentis

220 738 419 780 arcana
444 729 709 794 penetrat.
726 720 861 788 Quia
889 736 1020 775 vero
1042 722 1259 777 nomine
1281 719 1485 775 funium
1516 721 1803 793 aliquando

220 816 401 870 solent
440 813 618 869 divina
669 820 935 882 praecepta
973 811 1189 883 figurari
1212 853 1227 877 ,
1266 827 1373 882 quo
1413 828 1443 866 a
1471 813 1672 869 nostris
1706 829 1804 868 nos

220 903 587 975 voluptatibus
624 900 935 956 coercendo
960 901 1212 971 religant,
1240 903 1566 973 promittunt
1595 919 1653 959 sc
1696 904 1805 958 hm-

224 995 379 1050 retici
414 999 668 1048 contextu
695 991 984 1047 verborum
1015 991 1315 1046 caelestium
1341 992 1556 1048 salubre
1577 994 1689 1048 suis
1711 1009 1806 1046 au-

221 1086 487 1143 ditoribus
527 1084 681 1154 quasi
726 1091 954 1138 stratum
980 1092 1195 1152 parare,
1220 1083 1275 1137 in
1304 1099 1411 1154 quo
1437 1084 1691 1138 vitiorum
1724 1092 1807 1137 tu—

223 1176 483 1233 multibus
510 1175 684 1229 libero
711 1172 878 1229 corde
918 1174 1231 1242 quiescant;
1252 1160 1259 1165 ’
1283 1174 1378 1228 sed
1406 1174 1673 1229 veraciter
1703 1174 1807 1230 illis

225 1266 440 1321 funibus
488 1273 838 1334 peccatorum
884 1271 1209 1319 construunt
1245 1263 1423 1319 locum
1467 1266 1807 1334 perditionis,

222 1358 315 1413 ubi
362 1364 624 1428 perpetuo
652 1355 819 1425 pedes
849 1368 1146 1424 manusque
1192 1353 1397 1425 alligati
1436 1354 1761 1411 damnentur
1790 1375 1803 1410 :

224 1449 291 1504 de
318 1462 428 1519 quo
448 1445 707 1502 Dominus
734 1444 792 1500 in
834 1443 1192 1516 Apocalypsi:
1229 1444 1297 1499 Et
1323 1445 1465 1511 dedi,
1511 1445 1699 1515 inquit,
1734 1444 1812 1499 illi

223 1549 449 1609 tempus,
486 1548 543 1591 ut
570 1535 926 1607 paenitentiam
968 1543 1170 1607 ageret,
1210 1543 1258 1589 et
1290 1550 1395 1591 non
1436 1536 1544 1590 uult
1570 1537 1812 1606 paenitere

224 1647 258 1684 a
288 1628 636 1699 fornicatione
663 1642 780 1681 sua.
816 1625 953 1680 Ecce
986 1625 1133 1679 mitto
1163 1642 1277 1680 eam
1318 1627 1374 1681 in
1409 1625 1618 1691 lectum,
1649 1637 1696 1682 et
1723 1628 1813 1697 qui

225 1720 553 1774 merebantur
577 1732 697 1771 eum
719 1716 857 1771 eain
884 1713 1275 1770 tribulationem
1305 1718 1590 1771 maximam
1627 1717 1808 1789 (Apoc.

226 1809 325 1880 ιι).
348 1809 408 1863 In
444 1808 715 1878 tapetibus
749 1820 881 1861 vero
907 1805 1068 1876 pictis
1095 1819 1162 1860 ex
1191 1803 1429 1878 Egypto
1456 1817 1678 1863 ornatus
1703 1807 1813 1863 elo-
1843 1788 1889 1847 B

228 1900 461 1970 quentiae
479 1905 538 1954 et
562 1898 860 1953 dialectica:
889 1897 1022 1953 artis
1053 1901 1311 1967 versutia,
1337 1916 1458 1973 qua:
1487 1902 1554 1957 ab
1582 1901 1814 1957 ethnicis

227 1992 492 2065 originem
530 1991 783 2061 sumpsit,
816 1990 1153 2062 intelligitur,
1182 2007 1279 2062 per
1321 2009 1486 2064 quam
1533 2010 1684 2051 mens
1713 1996 1816 2051 hac-

229 2085 401 2140 retica
447 2097 669 2138 sensum
699 2082 957 2137 doctrina:
1001 2082 1331 2151 pestilentis,
1373 2085 1528 2154 quasi
1557 2086 1811 2140 meretrix

231 2174 451 2230 thorum
507 2172 787 2237 facinoris,
845 2186 906 2227 se
968 2173 1167 2227 texisse
1226 2173 1507 2243 gloriatur.
1563 2174 1813 2231 Mantelia

230 2278 381 2319 nunc
417 2276 516 2333 pro
553 2260 861 2333 operiendis
894 2259 1098 2316 mensis
1144 2269 1271 2317 sunt
1294 2302 1310 2327 ,
1358 2278 1478 2333 qua:
1503 2260 1587 2335 (ut
1619 2280 1813 2319 nomen

232 2355 412 2425 ipsum
443 2352 668 2425 indicat)
688 2351 820 2407 olim
846 2351 1121 2424 tergendis
1144 2352 1395 2407 manibus
1417 2353 1812 2423 praebebantur.

233 2444 440 2514 Mappa:
461 2442 695 2498 convivii
713 2451 769 2496 et
790 2441 1073 2511 epularum
1105 2441 1475 2513 appositarum
1511 2451 1639 2499 sunt
1661 2445 1815 2515 quasi

231 2538 505 2595 manubiae
547 2545 712 2607 atque
744 2535 815 2593 ob
837 2536 889 2591 id
918 2538 1230 2602 nominatae,
1257 2534 1410 2605 cujus
1438 2536 1816 2592 diminutivum

234 2627 500 2699 mappella
539 2635 624 2682 est
648 2628 763 2683 sive
800 2628 1065 2683 mandeba
1094 2642 1126 2683 a
1167 2628 1489 2683 mandendo.
1543 2627 1817 2684 Sabanutn

235 2717 483 2773 Grtucum
511 2723 615 2772 est.
630 2714 996 2789 Facitergium
1020 2725 1076 2771 et
1094 2716 1487 2788 manutergium
1509 2733 1538 2773 a
1566 2718 1822 2788 tergendo

237 2806 433 2861 faciem
455 2805 541 2860 vel
567 2818 761 2860 manus
787 2813 1061 2860 vocatum.
1094 2804 1222 2860 Haec
1262 2804 1573 2867 linteamina
1613 2806 1682 2861 ad
1711 2804 1822 2861 olli-

237 2898 382 2952 cium
409 2910 609 2952 mensm
636 2896 927 2966 pertinent,
950 2904 1005 2950 et
1021 2897 1088 2951 ad
1115 2896 1470 2952 ministerium
1491 2899 1819 2966 humanum;

239 2987 335 3043 sed
362 3001 470 3040 non
502 2986 680 3041 minus
709 2986 777 3040 ad
802 3000 960 3040 usum
995 2985 1137 3041 sacri
1165 2984 1471 3052 ministerii,
1498 2995 1553 3041 et
1598 2988 1665 3041 ad
1709 2986 1824 3041 otii-

238 3078 385 3132 cium
441 3076 631 3131 altaris
674 3075 951 3145 pertinere
1006 3083 1344 3142 noscuntur,
1398 3077 1612 3147 quando
1663 3093 1825 3149 supra

240 3182 506 3232 mensam,
548 3167 653 3222 hoc
680 3175 786 3232 est,
821 3160 1036 3221 sacrum
1062 3167 1231 3222 altare
1269 3136 1581 3223 linteamina
1628 3136 1826 3224 munda
1853 3136 1898 3198 (ἶ

239 3269 536 3331 ponuntur,
566 3272 621 3315 et
650 3259 915 3331 mappulze
954 3259 1204 3315 manibus
1255 3260 1593 3317 sacerdotum
1630 3268 1685 3315 et
1736 3260 1830 3315 mi-

241 3354 539 3407 nistrorum
569 3339 844 3417 tenentur,
873 3360 931 3406 ut
969 3349 1198 3421 populus
1225 3366 1322 3407 eos
1353 3366 1567 3423 semper
1601 3352 1669 3407 ad
1699 3368 1822 3407 ser-

243 3443 437 3497 vitium
490 3443 587 3498 Del
637 3450 854 3517 paratos
906 3441 1225 3510 conspiciat.
1278 3441 1403 3497 Vela
1459 3441 1640 3507 dicta,
1686 3441 1831 3513 quod

242 3534 458 3605 objecta
492 3549 593 3589 suo
636 3533 898 3588 interiora
921 3533 1205 3586 domorum
1233 3531 1434 3587 velent.
1476 3532 1683 3599 Anima,
1712 3532 1831 3589 vela

243 3625 415 3695 picta,
443 3633 500 3678 et
526 3622 778 3694 grandia,
826 3636 948 3691 qua:
983 3621 1104 3676 ideo
1134 3622 1255 3676 aula
1305 3622 1449 3677 dicta
1497 3630 1656 3689 sunt,
1689 3625 1834 3694 quod

242 3717 482 3789 primum
531 3715 585 3768 in
612 3712 733 3767 aula
760 3712 925 3767 Attali
957 3713 1098 3784 regis
1119 3713 1259 3769 Asiae
1281 3754 1295 3779 ,
1340 3715 1427 3769 cui
1457 3716 1717 3770 successit
1741 3731 1835 3785 po-

246 3806 413 3878 pulus
461 3804 759 3865 Romanus,
796 3803 1013 3857 inventa
1053 3810 1196 3858 sunt.
1228 3803 1463 3858 Cortinzc
1487 3812 1611 3859 sunt
1641 3804 1833 3869 aulaea,

248 3902 306 3956 id
330 3907 436 3964 est,
477 3897 596 3952 vela
623 3896 691 3951 de
715 3894 961 3964 pellibus,
992 3895 1172 3965 qualia
1196 3895 1247 3949 in
1286 3895 1473 3950 Exodo
1498 3896 1767 3967 leguntur,
1803 3913 1833 3952 a

249 3990 451 4062 quibus
468 3987 873 4045 tabernaculum
890 3987 1230 4042 extrinsecus
1248 3989 1547 4058 tegebatur.
1563 3990 1729 4044 Dicta:
1749 3988 1838 4044 au-

251 4093 366 4138 tem
395 4082 617 4136 cortina:
638 4094 669 4134 a
691 4079 876 4143 coriis,
916 4093 982 4133 eo
1010 4078 1151 4148 quod
1175 4078 1326 4149 prius
1349 4094 1415 4133 ex
1440 4078 1667 4151 pellibus
1710 4080 1840 4137 fuis-

253 4182 379 4229 sent
400 4173 553 4228 l‘actze
588 4190 600 4224 :
643 4169 785 4224 unde
806 4178 861 4223 et
908 4168 959 4223 in
991 4168 1181 4224 eodem
1214 4168 1560 4225 tabernaculo
1587 4169 1721 4241 legis
1751 4169 1841 4240 ju-

257 4267 457 4320 bentur
481 4263 704 4319 cortinze
752 4261 865 4315 lieri
893 4277 957 4315 ex
989 4260 1219 4332 pellibus
1263 4259 1499 4319 arietum
1534 4262 1714 4317 rubris
1735 4302 1750 4330 ,
1786 4270 1843 4317 et

257 4372 324 4410 ex
360 4354 587 4425 pellibus
628 4351 1015 4422 hyacintliinis.
1044 4350 1230 4406 Cilicia
1272 4350 1482 4407 Arabes
1528 4362 1865 4422 nuncupant.

258 4440 562 4501 velamenta
606 4444 728 4514 pilis
756 4459 1036 4506 caprarum
1077 4453 1347 4509 contexta,
1384 4458 1452 4499 ex
1495 4445 1840 4523 quibussibi

264 4537 495 4593 tentoria
548 4534 771 4591 faciunt.
815 4533 938 4588 Vela
966 4533 1109 4589 enim
1147 4541 1201 4588 et
1231 4534 1468 4589 cortinas
1511 4544 1673 4605 atque
1716 4550 1841 4607 saga

264 4630 477 4685 cilicina
496 4630 547 4682 in
565 4626 913 4682 tabernaculo
941 4624 1177 4690 Domini,
1192 4625 1370 4679 divino
1396 4634 1681 4696 praecepto,
1698 4627 1847 4695 quis-

263 4723 388 4792 quis
416 4721 659 4775 Exodum
692 4718 898 4789 legerit,
923 4716 1062 4771 facta
1088 4716 1288 4785 poterit
1306 4730 1615 4786 agnoscere,
1643 4725 1698 4772 et
1723 4717 1860 4789 inde.

266 4810 588 4884 mysterium
653 4827 950 4883 congruum
1008 4825 1142 4866 sano
1193 4824 1352 4865 sensu
1416 4811 1560 4866 valet
1616 4811 1844 4874 rimari,

1905 542 2022 605 dari
2061 562 2075 597 :
2117 559 2184 598 ne
2209 545 2529 599 tentantiutn
2549 544 2801 599 vitiorum
2831 542 2991 599 sorde
3023 543 3331 599 altantinari
3366 564 3380 598 :
3413 562 3507 602 ne.

1906 634 2281 703 temporalium
2322 635 2683 691 subsidiorum
2710 633 2893 705 inopia
2917 634 3090 706 possit
3116 634 3184 688 ad
3209 634 3482 690 tristitiam

1905 723 2114 778 deducL

2493 813 2719 871 CAPUT
2783 813 2902 869 XX.

2440 904 2519 960 De
2555 905 2681 961 lana
2720 914 2768 959 et
2813 904 2939 958 lino.

1977 996 2121 1073 Lana
2159 1012 2189 1050 a
2236 995 2509 1058 laniando,
2534 995 2588 1049 id
2617 1003 2724 1059 est,
2753 1009 2782 1047 a
2811 994 3053 1050 vellendo
3088 1001 3280 1051 vocata
3308 1008 3321 1047 :
3365 994 3491 1049 hinc

1907 1094 1962 1141 et
1988 1087 2155 1140 vellus
2197 1087 2421 1149 dictum,
2454 1085 2597 1154 quod
2639 1085 2790 1154 prius
2819 1083 2955 1138 laute
3006 1084 3347 1148 vellet-eatur,
3381 1100 3488 1139 non

1910 1176 2278 1229 tenderentur.
2309 1173 2506 1227 Linum
2556 1188 2622 1228 ex
2668 1182 2815 1227 terra
2868 1173 3061 1237 oritur,
3118 1172 3493 1241 deﬂexumque

1909 1282 2107 1321 nomen
2149 1263 2264 1343 ejus
2291 1281 2320 1318 a
2350 1266 2540 1319 Graeco
2584 1281 2597 1317 :
2635 1279 2757 1319 nam
2808 1264 2976 1319 linum
3023 1264 3193 1321 ϐταξεί
3238 1266 3490 1320 linarium

1910 1357 2117 1421 dicunt,
2152 1357 2265 1410 sive
2295 1355 2438 1425 quod
2469 1356 2541 1410 sit
2580 1354 2738 1411 molle
2767 1362 2824 1409 et
2863 1354 3003 1410 lene.
3035 1353 3270 1423 Possunt
3310 1364 3492 1411 autem

1914 1449 2137 1520 mystice
2164 1448 2217 1503 in
2241 1446 2382 1513 lana,
2420 1447 2547 1518 quia
2572 1447 2765 1503 ovinus
2793 1454 2877 1502 est
2904 1447 3138 1513 habitus,
3163 1446 3345 1502 omnia
3374 1447 3493 1517 pie-

1915 1540 2042 1594 tatis
2079 1546 2131 1594 et
2159 1537 2520 1608 simplicitatis
2548 1551 2733 1605 opera,
2771 1551 2892 1606 qua:
2937 1537 3202 1606 DIOXimis
3226 1536 3495 1607 impendi-

1915 1642 2059 1691 mus,
2106 1626 2301 1696 accipi.
2342 1625 2529 1682 Potest
2581 1625 2636 1679 in
2669 1624 2803 1687 lino,
2849 1625 2991 1694 quod
3018 1639 3084 1679 ex
3129 1633 3272 1680 terra
3316 1627 3497 1681 virens
3538 1674 3545 1683 .

1915 1720 2108 1785 oritur,
2139 1717 2232 1773 sed
2277 1718 2438 1785 longo
2488 1732 2553 1797 ac
2590 1714 2872 1785 multiplici
2920 1715 3182 1772 exercitio
3206 1716 3496 1791 humorem
3538 1764 3541 1767 .

1917 1811 2159 1869 nativum
2189 1810 2390 1864 amittit
2418 1817 2578 1879 atque
2598 1808 2665 1862 ad
2692 1807 2919 1878 gratiam
2943 1806 3066 1865 novi
3092 1807 3343 1867 candoris
3373 1822 3496 1876 νει·-
3546 1858 3551 1863 .

1918 1904 2079 1967 venit,
2106 1901 2390 1973 castigatio
2414 1908 2613 1955 nostra:
2639 1898 2819 1953 carnis
2849 1898 3108 1962 intimari,
3135 1898 3222 1954 cui
3264 1899 3390 1959 dum
3419 1900 3500 1952 in.
3526 1942 3529 1951 .

1916 1996 2128 2066 genitas
2170 1993 2428 2049 vitiorum
2466 1991 2653 2048 sordes
2680 2006 2779 2061 per
2810 1991 3198 2049 continentiam
3247 1990 3501 2059 excoqui-

1917 2103 2061 2150 mus,
2087 2086 2304 2156 dignam
2320 2084 2576 2155 Aprol‘ecto
2595 2098 2736 2148 eam,
2758 2098 2869 2153 qua
2892 2082 3171 2159 Christum
3194 2081 3501 2145 induamus,
3554 2126 3560 2131 .

1916 2174 2196 2239 ellicimus,
2211 2174 2363 2244 juxta
2388 2172 2518 2227 illud
2540 2170 2781 2241 Apostoli
2800 2190 2813 2225 :
2830 2170 3097 2241 Quotquot
3118 2186 3240 2240 ergo
3261 2171 3315 2224 in
3350 2170 3507 2226 Chri-

1917 2282 1997 2327 sto
2028 2270 2279 2342 baptizati
2323 2268 2480 2334 estis,
2530 2265 2795 2329 Christum
2826 2265 3072 2321 induistis
3101 2262 3245 2334 (Gal.
3272 2261 3379 2333 ιιι).
3436 2262 3510 2315 De
3550 2290 3555 2299 ε

1918 2363 2039 2419 lana
2068 2379 2196 2434 ergo
2217 2372 2272 2417 et
2298 2361 2412 2417 lino
2440 2361 2495 2416 in
2520 2358 2830 2421 Proverbiis
2852 2358 2918 2419 de
2944 2355 3169 2413 muliere
3214 2353 3341 2408 forti
3367 2352 3507 2407 scri-
3552 2398 3555 2399 ν

1919 2470 2069 2532 ptum
2098 2466 2182 2514 est
2227 2477 2239 2512 :
2275 2456 2528 2524 Quaesivit
2556 2453 2734 2508 lanam
2771 2461 2822 2507 et
2848 2450 3038 2515 linum,
3084 2457 3131 2504 et
3168 2455 3380 2517 operata
3429 2452 3504 2499 est

1919 2550 2135 2604 consilio
2182 2562 2435 2601 manuum
2471 2559 2691 2599 suarum
2722 2540 2906 2612 (Prov.
2936 2538 3111 2609 xui).
3144 2536 3349 2605 Quaerit
3375 2548 3506 2603 ergo
3532 2572 3565 2581 ..

1920 2639 2115 2695 mulier
2145 2636 2301 2691 fortis
2344 2634 2521 2689 lana'n
2561 2642 2619 2688 et
2662 2632 2850 2695 linum,
2892 2637 2948 2685 et
2996 2633 3252 2698 operatur
3279 2623 3504 2680 consilio
3564 2660 3567 2667 ι

1922 2742 2177 2782 manuum
2207 2740 2451 2789 suarum,
2474 2738 2597 2778 cum
2622 2718 2853 2776 ecclesia
2890 2726 3077 2774 sancta
3121 2714 3351 2771 sollicite
3374 2729 3502 2784 per-

1922 2814 2318 2888 quirit,quibus
2340 2828 2397 2870 se
2422 2812 2642 2885 pietatis
2657 2809 2923 2866 fructibus
2950 2814 3220 2871 exerceat,
3236 2803 3510 2875 quomodo

1923 2923 1954 2962 a
1970 2904 2276 2962 carnalibus
2294 2902 2549 2959 emundet
2570 2899 2929 2965 illecebris,‘et
2941 2898 3045 2952 hoc
3066 2905 3359 2964 utrumque
3372 2908 3505 2946 con-

1924 2998 2044 3055 silio
2069 2995 2509 3069 prudentissimo,
2538 2993 2642 3049 hoc
2667 2998 2772 3056 est,
2797 3002 3045 3059 superna:
3067 2984 3403 3045 solummodo
3428 2998 3511 3037 re—

1930 3088 2239 3146 tributionis
2266 3086 2396 3142 facit
2416 3083 2632 3138 intuitu.
2660 3080 2865 3152 Stuppa
2888 3094 3017 3134 vero
3044 3075 3272 3133 eannabi
3298 3087 3382 3129 est
3403 3071 3516 3125 sive

1930 3179 2025 3234 lini
2054 3193 2069 3232 :
2094 3179 2208 3233 haec
2238 3175 2531 3231 secundum
2562 3171 2839 3242 antiquam
2870 3165 3313 3238 orthographiam
3336 3162 3512 3232 stippa

1932 3270 2097 3335 dicta,
2126 3267 2268 3339 quod
2289 3282 2357 3321 ex
2382 3280 2444 3320 ea
2474 3264 2626 3319 rimae
2653 3262 2867 3318 navium
2900 3259 3203 3329 stippentur
3232 3274 3245 3309 :
3279 3269 3350 3309 un
3373 3255 3421 3307 ie
3462 3260 3523 3306 et

1933 3361 2258 3431 stippatores
2280 3358 2548 3418 dicuntur,
2575 3354 2666 3423 qui
2688 3354 2741 3407 in
2764 3349 2993 3407 vallibus
3014 3362 3135 3403 eam
3165 3352 3516 3415 componunt.
3560 3392 3565 3397 .

1934 3450 2059 3506 Haec
2081 3456 2259 3520 potest
2282 3445 2588 3518 signiﬁcare
2629 3445 2938 3513 despectam
2973 3438 3125 3494 verbi
3159 3435 3459 3493 doctrinam
3489 3449 3521 3488 a

1934 3539 2201 3610 superbis,
2234 3551 2354 3608 qua:
2381 3544 2565 3589 tamen
2592 3533 2905 3602 frequenter
2930 3528 3149 3598 adjuvat
3185 3522 3555 3589 necessitatig

1934 3631 2035 3685 bus
2057 3627 2375 3699 populorum
2392 3625 2445 3678 in
2466 3622 2717 3679 ﬂuctibus
2742 3617 2903 3689 hujus
2930 3616 3113 3685 saeculi
3137 3613 3521 3670 laborantium.

1936 3720 2135 3792 Byssus
2176 3731 2343 3790 genus
2386 3724 2469 3770 est
2496 3711 2765 3784 quoddam
2815 3710 2913 3765 lini
2958 3707 3188 3764 nimium
3227 3702 3441 3761 candidi
3468 3712 3525 3758 ct
3574 3740 3579 3749 .

1938 3810 2259 3875 mollissimi,
2298 3808 2442 3878 quod
2497 3805 2671 3862 Gnaei
2704 3815 2953 3876 papatem
2987 3806 3202 3856 vocant.
3254 3796 3332 3852 De
3361 3794 3526 3867 bysso

1938 3914 2153 3970 quoque
2179 3898 2234 3952 in
2263 3895 2572 3951 Proverbiis
2602 3895 2859 3964 scriptum
2904 3900 2988 3947 est
3019 3909 3031 3944 :
3062 3887 3281 3958 .Byssus
3326 3899 3529 3955 quoque

1941 3999 1989 4044 et
2011 4004 2246 4059 purpura
2284 3985 2647 4041 indumentum
2680 3986 2795 4053 ejus
2823 3980 3005 4054 (Prov.
3040 3978 3216 4048 xxxi).
3249 3977 3452 4048 Byssus
3475 3974 3528 4027 in

1942 4079 2193 4141 castitate
2219 4093 2365 4148 pura:
2390 4075 2819 4131 conversationis
2850 4092 2863 4127 :
2903 4083 3143 4143 purpura
3184 4068 3241 4123 in
3267 4064 3532 4125 eﬂ'usione

1940 4171 2160 4242 pretiosi
2184 4177 2485 4239 martyrum
2509 4166 2805 4238 sanguinis.
2831 4165 3033 4236 Byssus
3058 4174 3293 4231 namque
3312 4155 3529 4221 candidi
3580 4198 3589 4209 ,

1942 4261 2138 4317 coloris
2158 4269 2243 4316 est
2258 4278 2281 4335 ,ξ
2307 4273 2609 4329 purpureus
2638 4244 2827 4335 autem}
2845 4253 2993 4325 color
3020 4252 3088 4317 de
3120 4248 3380 4321 sanguine
3407 4262 3559 4315 (tona1
3588 4300 3593 4311 ,

1900 4350 2249 4422 ,.ο1ιγιίοιτιιιιι
2273 4348 2608 4425 marinorum
2625 4345 2930 4419 tinguitur”
2955 4343 3098 4413 quod
3121 4350 3175 4403 et
3195 4349 3613 4409 Q$ﬂljlﬂﬁ0ylw

1945 4452 2121 4513 catur,
2152 4456 2217 4495 eo
2239 4434 2413 4517 .quoil,
2427 4452 2495 4511 ex.
2508 4490 2513 4503 ι
2528 4443 2680 4492 testm
2695 4437 2941 4517 hutnore
2964 4434 3186 4504 tingitur
3203 4448 3227 4499 ;.
3248 4431 3389 4513 unde
3400 4427 3544 4501 τρια-ε
3556 4466 3561 4473 .
3574 4468 3603 4501 ,ι

1906 4524 2079 4592 Ῡαιιτὸ
2120 4535 2325 4589 dietunt
2372 4539 2455 4599 est
2505 4546 2535 4601 a
2579 4530 2832 4586 Patribus
2874 4529 2998 4599 quin
3056 4535 3241 4591 sancta
3292 4524 3594 4591 Ecclesiaste.

1951 4628 2245 4699 electorum
2277 4623 2500 4683 ﬂoribus
2534 4637 2789 4687 vernans,
2818 4621 2872 4675 in
2914 4634 3049 4689 pace
3095 4614 3547 4681 liabeatliliay'tttl

1906 4776 1912 4787 ,
1952 4716 2091 4772 bello
2123 4730 2294 4789 rosas.
2316 4713 2448 4769 Item
2476 4712 2600 4782 quia
2626 4712 2820 4780 byssus
2846 4709 2912 4777 de
2945 4716 3092 4775 terra
3121 4707 3306 4765 virens
3335 4702 3532 4769 cpitur,
3556 4740 3597 4763 ,»,

1908 4807 2045 4877 ,νεθά
2069 4821 2166 4875 per
2193 4792 2628 4881 exercitationes”
2646 4799 2835 4883 longas
2870 4814 2934 4853 ac
2964 4794 3308 4865 ntultifarias,

269 4904 507 4960 maxime
546 4917 669 4956 cum
690 4896 767 4958 ibi
814 4895 1001 4957 decem
1030 4892 1254 4957 cortina:
1275 4888 1597 4971 jussze'sunt
1624 4902 1740 4957 ﬁeri
1767 4902 1869 4975 di-r

269 5008 552 5050 versurum
574 4992 815 5047 colorum
837 4991 1015 5061 specie
1034 4991 1296 5046 varietate
1326 4989 1690 5063 [variegatm];
1720 4990 1847 5061 quia

269 5091 458 5137 sancta
482 5079 804 5135 universalis
838 5079 1078 5133 Ecclesia
1106 5094 1173 5133 ex
1204 5076 1386 5132 multis
1414 5077 1707 5132 electorum
1729 5094 1853 5148 per-

1955 4882 2181 4953 ltumor'e
2201 4911 2265 4951 ac
2285 4894 2464 4963 virore
2488 4882 2691 4961 nativo,
2714 4890 3059 4967 aquilecomm
3089 4883 3573 4956 candidas-ptimum,
3604 4908 3629 4941 ξι

1950 4987 2281 5058 perducitur.
2306 4985 2550 5055 Purpura
2572 4992 2750 5061 autem
2784 4980 2982 5053 regalis
3001 4988 3085 5034 est
3112 4977 3346 5043 habitus.
3370 4976 3539 5046 Bysso
3570 5010 3597 5039 ..

1954 5078 2191 5133 induitur
2210 5062 2607 5141 Ecclesia,eum
2624 5073 2893 5143 castigant
2912 5084 3138 5140 corpora
3168 5081 3268 5133 sua
3288 5065 3469 5135 electi,
3484 5072 3545 5129 et
3590 5114 3615 5153 ,Ι

271 5173 444 5240 souis,
481 5189 549 5227 ex
578 5172 762 5227 multis
785 5186 882 5242 per
907 5173 1095 5225 orbem
1137 5169 1411 5235 ecclesiis,
1442 5185 1507 5224 ex
1544 5164 1711 5224 variis
1740 5172 1877 5243 vir-K
1906 5226 1909 5233 ,
1955 5154 2198 5241 servituti
2213 5163 2533 5239 subjiciunt;
2548 5177 2789 5237 purpura
2802 5168 3142 5231 autem,cum
3154 5154 3399 5233 eamdem
3416 5170 3573 5229 οριιτ,
3604 5206 3633 5225 Α,

275 5272 447 5319 tutum
495 5261 743 5337 tioribus,
774 5261 1108 5337 aediﬁcatur,
1165 5258 1319 5330 cujus
1366 5260 1543 5315 omnis
1596 5260 1827 5331 perfecti

1942 5250 2393 5337 Atinentiamnqn.
2410 5254 2480 5310 ob
2508 5254 2750 5337 favorem
2776 5251 2942 5333 vulgi,
2965 5248 3062 5321 sed
3087 5265 3186 5320 pro
3210 5246 3553 5327 acquirth
3570 5290 3597 5317 ,,

275 5354 331 5408 in
382 5328 604 5431 denario
648 5334 875 5409 numero
901 5318 1248 5407 continetur:
1276 5350 1441 5421 Saga,
1484 5318 1633 5423 ergo,
1662 5336 1933 5431 quibus}
1956 5318 2290 5417 beatitudine
2334 5318 2484 5422 regni
2509 5328 2767 5419 perennis
2807 5318 3082 5423 exercent.
3112 5343 3229 5405 Sed
3256 5318 3346 5415 hic
3370 5322 3559 5413 virtu:
3588 5384 3609 5409 ,ν

274 5441 520 5519 operitur
545 5424 982 5519 tabernaculum,
1012 5449 1253 5495 rectores
1280 5448 1405 5519 sunt
1434 5440 1699 5519 Ecclesia;
1730 5426 1856 5519 san-
1958 5450 2073 5496 tum
2100 5428 2317 5511 habitus
2340 5440 2392 5493 in
2422 5438 2671 5519 praesenti
2690 5436 2921 5515 quidem
2942 5434 3319 5515 nescientibus
3332 5432 3561 5503 videtur.
3620 5490 3625 5497 κ

275 5508 673 5613 οίπξςῐρδςιιιιϊ
694 5508 956 5603 industria
990 5544 1055 5593 ac
1084 5528 1267 5613 labore
1300 5514 1470 5613 pecus
1497 5508 1855 5599 ejusdet‘nlec-
1959 5508 2401 5613 contemptibilis,
2554 5512 2630 5605 ‘in
2652 5508 2885 5609 loturo,
2911 5508 3323 5609 qualis'ltfuet‘it,
3360 5521 3549 5609 amitti-,1
3578 5566 3623 5603 με

278 5596 785 5725 ειεείἐιῖγιιξιίέεὶιιιι·
804 5630 973 5703 atque
991 5604 1292 5677 incessabili
1323 5606 1455 5707 cura
1483 5610 1725 5703 munitur
1742 5614 1760 5677 ἐ
1792 5642 1823 5678 ιι

1948 5612 2097 5679 "este
2124 5596 2351 5707 υέῑειθὶιέ
2394 5596 2546 5707 Πηλάέ
2566 5596 2797 5705 ιῠιιξίιδτθ
2825 5619 2877 5673 in
2898 5596 3609 5699 .irossiyrsi'snallm:

281 5692 1240 5803 videlicét'vita'lldcsquc‘electorum
1262 5702 1519 5803 haeretica
1548 5692 1869 5771 seductioue
1962 5728 2058 5771 nes
2084 5692 2407 5775 sanctorum
2427 5692 2718 5797 servoch
2745 5692 2969 5785 audisse
2990 5692 3171 5781 refert,
3205 5706 3499 5783 dicentitqn
3530 5744 3539 5755 .

402 5784 586 5822 ς-ἰέΗΓί
614 5790 638 5819 ίρ
