4038 6324
521 336 634 398 5τῦ

1167 334 1229 389 ιι.
1270 331 1522 389 mam
1557 329 1778 406 unum
1811 327 2084 386 ARCHIEI

2186 327 2476 386 uocum.
2520 325 2805 416 ornavit
2839 325 3021 383 rans
3055 325 3121 382 ιι.

3683 332 3802 390 580

519 445 858 505 Gaudeamus
876 454 926 501 et
945 445 1262 504 exsultemus
1283 459 1302 498 :
1323 446 1449 517 quia
1473 452 1723 500 venerunt
1747 443 1942 514 nuptia:
1955 441 2100 512 agni,
2131 444 2178 506 A
2209 448 2534 496 mentorum.
2564 439 2690 496 iisne
2735 447 2793 495 et
2837 437 3144 508 hujusmodi
3187 441 3354 506 bona,
3384 454 3509 498 cum
3553 441 3800 498 Domino

516 547 568 596 et
591 555 728 596 uxor
751 538 866 609 ejus
893 537 1205 609 prazparavit
1235 554 1313 604 se,
1337 548 1386 593 et
1413 537 1598 592 datum
1620 545 1695 592 est
1735 537 1802 600 ei,
1828 545 1884 588 ut
1917 550 2101 604 coope-

519 628 622 684 riat
669 643 726 682 se
771 627 1036 699 byssinum
1086 626 1361 698 splendens
1414 627 1697 684 candidum
1728 625 1910 699 (Apoc.
1960 626 2100 699 XIX).

515 719 802 791 Byssinum
850 719 994 774 enim
1043 717 1461 787 iustiﬁcationes
1505 729 1630 775 sunt
1670 727 2001 774 sanctorum.
2039 719 2106 774 Et

517 811 572 864 in
623 811 952 866 contrariam
1001 820 1210 879 partem
1256 811 1403 882 byssi
1445 819 1500 866 et
1541 825 1794 880 purpurae
1833 809 2102 881 signiﬁca-

517 902 592 958 tio
617 901 674 958 in
714 901 1010 972 Evangelio
1039 902 1297 967 trahitur,
1327 901 1418 956 ubi
1450 902 1524 956 ita
1553 901 1752 973 legitur
1777 917 1792 954 :
1821 901 1952 954 Erat
1985 901 2104 970 qui-

514 992 640 1047 dam
667 993 840 1060 dives,
879 994 968 1065 qui
1011 993 1328 1046 induebatur
1367 1009 1600 1064 purpura
1649 1002 1698 1047 et
1731 992 1883 1063 bysso
1933 991 2099 1060 (Luc.

515 1081 629 1154 xvi)
649 1098 664 1147 ;
688 1081 779 1138 ubi
806 1081 1145 1137 saecularium
1173 1080 1486 1136 divitiarum
1505 1081 1729 1136 ambitio
1755 1081 2098 1151 exprimitur,

515 1188 636 1242 qua:
672 1174 739 1228 ad
771 1180 981 1243 tempus
1011 1172 1191 1227 avaris
1219 1171 1446 1239 arridet,
1495 1171 1592 1227 sed
1627 1171 1738 1228 cito
1782 1171 2008 1226 decidua
2033 1171 2101 1228 ad

514 1262 714 1318 luctum
743 1270 1006 1318 aeternum
1039 1276 1134 1316 eos
1157 1261 1430 1333 perducit.

1101 1373 1330 1430 CAPUT
1366 1372 1508 1428 XXI.

985 1442 1064 1498 De
1099 1442 1359 1498 coloribus
1395 1444 1636 1498 vestium.

579 1533 825 1604 Purpura
873 1534 1014 1604 apud
1067 1533 1289 1588 Latinos
1324 1550 1356 1588 a
1403 1535 1641 1604 puritate
1693 1533 1832 1590 lucis
1873 1543 2094 1601 vocata;

510 1623 651 1693 apud
677 1622 899 1678 Graecos
937 1630 1118 1678 autem
1150 1623 1422 1693 porphyra
1475 1622 1674 1677 dicitur
1719 1638 1842 1677 cum
1891 1624 2098 1692 aspira-

511 1715 680 1782 tione,
712 1715 856 1785 apud
895 1730 998 1770 nos
1047 1730 1287 1785 purpura
1315 1714 1433 1770 sine
1477 1714 1824 1784 aspiratione.
1855 1713 2096 1786 Ferrugo

2206 537 2492 608 largiente,
2535 533 3024 606 percipimus,,jam
3069 535 3249 590 lanam
3295 534 3421 606 agni
3451 535 3798 591 immaculati

2205 628 2272 684 de
2293 628 2410 684 colo
2427 626 2682 692 infusam,
2713 627 2780 682 de
2797 626 2929 682 laeva
2951 626 3006 681 in
3030 627 3278 682 dextram
3299 625 3633 696 trajicimus;
3658 627 3796 697 quia

2205 716 2271 771 de
2299 717 2453 772 bonis
2481 715 2653 771 nostri
2701 715 3101 787 Redemptoris,
3151 716 3220 771 de
3269 716 3530 786 exemplis
3559 730 3795 785 operum

2204 807 2322 877 ejus
2349 809 2542 865 stolam
2579 808 2738 864 nobis
2766 808 2949 878 gloria:
2972 808 3235 874 caelestis,
3264 823 3330 863 ac
3351 817 3558 862 vestem
3604 807 3798 862 chari-

2203 900 2333 956 tatis
2383 901 2676 972 nuptialem
2733 899 2980 955 facimus.
3021 899 3218 954 Netum
3268 899 3435 964 enim,
3490 901 3636 954 unde
3697 898 3794 953 [ila

2203 992 2584 1056 coniiciuntur,
2616 991 2851 1048 laborem
2889 990 3143 1060 exprimit
3169 997 3446 1043 terrenum
3479 1005 3492 1041 :
3523 989 3670 1044 unde
3689 989 3797 1044 ho-

2203 1082 2376 1136 mines
2416 1081 2516 1136 sibi
2572 1079 2765 1135 futura:
2819 1079 3274 1134 remunerationis
3323 1088 3589 1148 apparent
3627 1079 3798 1133 induo
3858 1151 3865 1158 .

2203 1181 2464 1226 mentum.
2497 1171 2575 1227 De
2601 1187 2708 1242 quo
2753 1172 3012 1227 Dominus
3037 1171 3093 1225 in
3126 1170 3437 1242 Evangelio,
3469 1171 3659 1225 volens
3685 1186 3794 1226 nos

2202 1262 2479 1316 retrahere
2503 1278 2531 1314 a
2561 1260 2831 1316 mundana
2856 1261 3317 1331 concupiscentia,
3345 1268 3400 1314 et
3434 1261 3501 1314 ad
3540 1259 3792 1315 futuram

2201 1351 2429 1422 gloriam
2458 1365 2791 1420 prteparare,
2829 1351 2907 1404 ait
2931 1368 2944 1404 :
2973 1349 3314 1404 Considerate
3335 1349 3448 1403 lilia
3486 1350 3626 1419 agri,
3655 1367 3822 1420 quo-3

2201 1445 2354 1498 modo
2381 1453 2650 1507 crescunt;
2681 1459 2785 1498 non
2807 1441 3066 1508 laborant,
3093 1457 3254 1512 neque
3274 1449 3543 1506 nent,etc.
3561 1440 3788 1514 (Matth.
3810 1455 3820 1501 ;

2198 1533 2310 1604 vi.)
2341 1535 2564 1588 Stamen
2592 1533 2819 1599 dictum,
2841 1533 2966 1602 quia
2999 1518 3208 1586 rectum
3232 1539 3363 1588 stat.
3393 1531 3616 1597 Trama,
3635 1533 3824 1612 quod;

2197 1626 2282 1680 via
2307 1634 2454 1681 recta
2483 1628 2884 1682 transmittatur
2905 1641 3006 1694 per
3026 1624 3190 1680 telam
3217 1643 3230 1678 :
3259 1631 3344 1680 est
3363 1624 3510 1678 enim
3533 1624 3686 1678 tilum
3711 1626 3794 1678 in-
3819 1615 3831 1666 ἓ

2199 1727 2282 1772 ter
2294 1727 2500 1774 stamen
2523 1733 2770 1783 currens,
2785 1732 2904 1787 quae
2924 1718 3030 1772 duo
3049 1725 3277 1786 possunt
3295 1715 3605 1786 signiﬁcare
3622 1715 3788 1770 ﬁdem

507 1806 657 1863 Color
697 1815 782 1862 est
815 1821 1072 1876 purpurae
1112 1806 1408 1875 subnigrm,
1452 1821 1572 1877 quae
1621 1805 1681 1860 lit
1712 1807 1766 1860 in
1795 1805 2050 1877 Hispania
2080 1825 2093 1858 :
2126 1817 2174 1876 Β
2204 1817 2406 1865 rectam
2433 1825 2555 1866 cum
2577 1809 2734 1866 bonis
2759 1809 3033 1879 operibus.

505 1911 608 1952 ut:
637 1895 934 1968 Ferrugine
973 1895 1150 1951 clarus
1202 1895 1380 1950 lbera.
1421 1895 1573 1951 Dicta
1618 1905 1799 1951 autem
1846 1897 2097 1968 ferrugo,

505 1986 652 2058 quod
672 1987 852 2042 omnis
876 2002 1114 2058 purpura
1135 1987 1312 2056 prima
1343 1986 1575 2042 tinctura
1609 1985 1876 2057 ejusmodi
1902 1989 2100 2044 coloris

505 2077 723 2131 existat.
751 2076 986 2132 Coccum
1013 2075 1206 2138 Grceci,
1244 2092 1344 2132 nos
1375 2077 1597 2130 rubrum
1622 2092 1717 2132 seu
1741 2078 2098 2135 vermiculum

504 2167 735 2249 dicimus
762 2181 778 2222 ;
805 2174 892 2222 est
936 2167 1080 2223 enim
1107 2166 1464 2222 vermiculum
1488 2182 1556 2222 ex
1578 2167 1921 2223 silvestribus
1949 2167 2098 2224 fron-

503 2259 680 2316 dibus.
714 2258 942 2324 Coccus,
971 2259 1099 2334 quia
1119 2259 1262 2330 ignis
1291 2259 1456 2314 habet
1481 2261 1742 2330 speciem,
1779 2261 1970 2316 merito
1998 2259 2096 2314 lla-

501 2348 861 2421 grantissimxe
890 2357 1206 2405 sanctorum
1230 2349 1511 2404 dilectioni
1546 2358 1912 2421 comparatur.
1945 2351 2096 2406 Unde

498 2448 558 2496 et
593 2438 814 2510 quidam
845 2455 912 2496 ex
949 2441 1051 2510 eis,
1077 2441 1170 2512 qui
1203 2442 1342 2498 hanc
1362 2483 1377 2508 ,
1407 2453 1677 2512 praesente
1709 2451 1772 2498 ‘et
1801 2437 2094 2499 comitante

497 2544 682 2586 secum
733 2530 998 2599 Domino,
1027 2539 1426 2602 conceperant,
1473 2532 1689 2586 aiebant
1721 2550 1733 2585 :
1769 2532 1959 2586 Nonne
2003 2550 2094 2587 cor

497 2628 735 2674 nostrum
779 2619 971 2676 ardens
1024 2630 1138 2676 erat
1186 2622 1242 2676 in
1293 2622 1472 2688 nobis,
1523 2639 1643 2676 cum
1687 2621 1986 2694 loqueretur
2036 2625 2092 2679 in

497 2709 602 2776 via,
646 2718 696 2764 et
743 2711 968 2782 aperiret
1019 2712 1165 2766 nobis
1209 2712 1558 2783 Scripturas?
1599 2711 1751 2786 (Luc.
1780 2713 1954 2786 xxw.)
1990 2714 2089 2770 Cui

495 2808 685 2856 contra
728 2801 796 2857 de
826 2803 1072 2872 reprobis
1113 2802 1357 2858 dicitur:
1406 2803 1474 2857 Et
1502 2806 1750 2875 quoniam
1803 2806 2090 2861 abundabit

493 2890 766 2962 iniquitas,
796 2891 1094 2964 refrigescet
1116 2893 1346 2947 charitas
1367 2892 1651 2947 multorum
1667 2892 1883 2963 (Matth.
1909 2895 2082 2964 xxxv).

493 2974 622 3035 Haec
646 2982 802 3050 quasi
836 2982 922 3038 bis
947 2981 1247 3054 tinguntur,
1281 2997 1403 3037 cum
1432 2997 1618 3038 amore
1649 2982 1745 3038 Dei
1769 2991 1825 3038 et
1852 2982 2086 3052 proximi

495 3069 940 3140 ﬂammescimus,
962 3088 1084 3128 cum
1105 3073 1253 3128 illum
1281 3087 1348 3128 ex
1376 3081 1486 3130 toto
1511 3074 1672 3129 corde
1691 3113 1706 3138 ,
1736 3080 1850 3128 tota
1880 3072 2080 3136 anima,

2763 1917 2992 1974 CAPUT
3027 1915 3169 1971 XXII
3198 1957 3212 1971 .

2707 1989 2793 2044 De
2853 1999 3259 2043 ornamento.

2268 2079 2598 2136 Ornamenta
2627 2088 2754 2133 sunt
2779 2079 2942 2143 dicta,
2988 2093 3054 2132 eo
3087 2077 3233 2147 quod
3283 2091 3474 2134 eorum
3501 2077 3656 2134 cultu
3682 2093 3788 2132 ora

2195 2171 2482 2242 vultusque
2511 2172 2852 2226 decorentur.
2879 2170 2935 2223 In
2961 2169 3296 2224 ornamentis
3315 2179 3498 2224 autem
3519 2169 3790 2224 virtutum

2195 2263 2488 2318 varietates
2539 2262 2623 2318 vel
2673 2260 2902 2316 diversae
2955 2259 3346 2315 charismatum
3395 2259 3616 2330 gratiae,
3664 2275 3791 2330 qua:

2196 2355 2408 2408 animas
2436 2353 2716 2408 hominum
2747 2359 2984 2415 ornant,.
3014 2349 3239 2421 intelligi
3269 2358 3526 2420 possunt;
3559 2351 3710 2406 unde
3731 2352 3789 2406 in

2195 2444 2481 2500 Ezechiele
2504 2443 2764 2499 Dominus
2785 2442 2852 2496 ad
2865 2439 3108 2496 Judteam
3127 2439 3288 2510 dicit:
3307 2439 3471 2494 Indui
3499 2449 3551 2495 te
3577 2439 3790 2495 subtili-

2193 2535 2311 2602 bus,
2331 2545 2379 2588 et
2401 2535 2584 2588 ornavi
2617 2543 2665 2586 te
2685 2531 2900 2604 (Ezech.
2927 2529 3060 2602 xvr).
3085 2529 3162 2584 Et
3187 2528 3315 2583 alibi
3337 2529 3611 2599 scriptum
3635 2547 3650 2583 :
3676 2529 3784 2584 οε.

2193 2627 2311 2680 navi
2325 2634 2376 2680 te
2389 2626 2443 2678 in
2460 2623 2741 2678 monilibus
2754 2622 2890 2694 (Isa.
2908 2622 3039 2692 th).
3056 2621 3100 2675 E
3119 2621 3400 2676 contrario
3413 2634 3543 2675 vero
3563 2619 3622 2674 in
3635 2619 3789 2675 Salo-

2191 2733 2352 2774 mone
2371 2718 2446 2772 ita
2467 2717 2696 2787 legitur:
2725 2715 2863 2770 Ecce
2896 2714 3088 2770 mulier
3115 2714 3172 2770 in
3199 2721 3510 2770 ornamento
3537 2716 3784 2769 meretri-

2189 2811 2270 2864 cio
2307 2806 2502 2881 (Prov.
2545 2805 2656 2878 vn)
2679 2847 2695 2873 ,
2746 2807 2852 2862 hoc
2885 2814 2996 2871 est,
3041 2807 3298 2862 heretica
3353 2805 3640 2876 pravitatis
3689 2819 3784 2861 ως

2188 2900 2424 2971 phistica
2449 2899 2742 2965 locutione,
2773 2906 2830 2954 et
2857 2897 2996 2954 falso
3017 2897 3280 2953 virtutum
3300 2897 3502 2953 colore.
3533 2896 3785 2952 Primum

2188 3001 2568 3050 ornamentum
2598 3000 2683 3047 est
2718 3005 2944 3056 corona,
2980 2991 3192 3061 insigne
3217 2989 3462 3045 victoria:
3488 2990 3606 3046 sive
3641 2990 3780 3062 regii

2187 3085 2410 3142 honoris
2459 3087 2705 3158 signum,
2767 3101 2890 3156 quae
2941 3085 2996 3139 in
3062 3084 3242 3156 capite
3305 3099 3493 3156 regum
3557 3085 3786 3154 ponitur

495 3171 610 3218 tota
633 3163 856 3229 virtute,
885 3164 1025 3220 sicut
1049 3171 1105 3220 et
1123 3181 1222 3221 nos
1242 3165 1408 3236 ipsos,
1431 3163 1722 3236 diligimus.
1748 3163 2081 3235 Hyacinthus
2107 3169 2152 3232 C
2185 3177 2254 3232 ad
2298 3175 2679 3247 signiﬁcandos
2715 3173 3076 3231 circumfusos
3102 3175 3157 3229 in
3197 3173 3332 3230 orbe
3367 3173 3630 3245 populos,
3655 3175 3784 3244 qui.

463 3237 752 3324 'quoniam
819 3255 963 3310 aeris
1001 3256 1062 3311 'et
1115 3255 1239 3310 caeli
1283 3256 1517 3326 speciem
1556 3255 1822 3321 imitatur,
1869 3269 2085 3309 eorum-

494 3353 617 3406 dem
649 3357 859 3406 mentes
906 3348 1202 3406 electorum
1236 3350 1385 3405 omni
1439 3364 1533 3419 spe
1577 3355 1632 3404 et
1665 3349 1934 3414 desiderio
1971 3363 2084 3404 cm-

494 3436 654 3494 lestia
682 3449 986 3508 quaerentes
1017 3438 1483 3510 signiﬁcatzcujus
1500 3437 1654 3493 nobis
1681 3437 1880 3493 coloris
1907 3452 2085 3492 sacra-

493 3536 736 3585 mentum
785 3530 1172 3586 commendans
1215 3529 1504 3599 Apostolus
1559 3529 1638 3583 ait
1687 3545 1702 3582 :
1756 3527 1815 3584 Si
1863 3545 2082 3584 consur-

494 3619 702 3674 rexistis
729 3637 848 3676 cum
877 3619 1110 3686 Christo,
1137 3638 1254 3694 qua:
1297 3638 1508 3676 sursum
1554 3631 1675 3676 sunt
1722 3625 1962 3693 quwrite,
1992 3622 2083 3678 ubi

493 3707 733 3764 Christus
761 3721 861 3778 est,
890 3711 946 3766 in
976 3711 1166 3766 dextra
1192 3711 1288 3766 Dei
1314 3712 1496 3766 sedens
1528 3711 1664 3784 (Col.
1695 3713 1801 3785 ιιι).

1074 3821 1302 3878 CAPUT
1333 3823 1498 3878 XXII.

488 3965 494 3972 '
919 3890 998 3946 De
1030 3889 1387 3948 instrumentis
1425 3895 1661 3948 uestium.

564 3981 695 4038 Tela
717 3999 817 4054 pro
849 3982 1182 4056 longitudine
1213 3985 1505 4041 staminum
1545 3985 1706 4048 dicta,
1755 3985 1911 4056 cujus
1936 3985 2078 4042 deri-

493 4075 732 4132 vativum
757 4083 843 4132 est
873 4075 1217 4132 telaria.Tela
1239 4092 1337 4148 pro
1357 4077 1690 4148 longitudine
1708 4077 1924 4133 dicitur.
1956 4076 2080 4132 Sta-

493 4180 618 4220 men
645 4165 916 4236 signiﬁcat
953 4173 1046 4219 aut
1071 4165 1534 4236 prolongationem
1566 4165 1651 4220 vel
1683 4165 2077 4221 ordinationem

486 4254 676 4326 iudicii
693 4274 707 4310 :
723 4256 865 4311 unde
889 4256 1082 4327 legitur
1107 4258 1161 4310 in
1185 4256 1482 4325 Propheta:
1503 4257 1567 4310 Et
1584 4256 1740 4311 telam
1764 4273 1923 4328 quam
1936 4259 2079 4312 ordi-

493 4357 578 4401 tus
605 4356 678 4400 est
699 4363 854 4420 super
872 4347 1140 4404 universas
1173 4346 1409 4400 nationes
1431 4355 1584 4402 terrae
1611 4346 1747 4418 (Ita.
1766 4348 1926 4420 xxv);
1951 4349 2076 4418 quia

494 4427 754 4521 Dominus
816 4436 1054 4506 undique
1114 4436 1336 4521 praemia
1379 4435 1720 4506 iudicaturus
1779 4437 2073 4524 secundum

2185 3268 2286 3323 bus
2310 3267 2592 3323 accinctus
2622 3266 2776 3336 quasi
2809 3272 2972 3336 caput
3007 3280 3166 3320 suum
3213 3273 3530 3321 coronatur.
3561 3263 3782 3321 Nomen

2184 3373 2400 3415 corona:
2420 3359 2524 3414 hac
2551 3374 2618 3413 ex
2644 3373 2808 3413 causa
2840 3365 3114 3422 vocatum,
3141 3371 3208 3412 eo
3234 3357 3377 3426 quod
3399 3356 3454 3411 in
3481 3356 3642 3412 initio
3661 3357 3780 3412 circ

2182 3465 2304 3505 cum
2339 3463 2466 3504 aras
2500 3456 2846 3514 curreretur,
2882 3456 3046 3518 atque
3079 3447 3146 3502 ad
3183 3446 3472 3518 imaginem
3509 3446 3783 3502 circuitus

2181 3539 2268 3595 vel
2317 3540 2466 3595 chori
2498 3547 2584 3592 est
2629 3536 2860 3592 formata
2897 3545 2952 3592 et
2997 3537 3274 3592 nominata
3315 3550 3538 3592 corona.
3589 3535 3781 3606 Impe-

2181 3636 2392 3685 ratores
2421 3627 2650 3683 Romani
2675 3636 2731 3682 et
2756 3641 2910 3698 reges
2941 3626 3161 3696 quidam
3187 3626 3428 3697 gentium
3455 3625 3642 3681 aureis
3673 3640 3780 3680 co-

2181 3722 2331 3777 ronis
2354 3729 2580 3776 utuntur
2610 3739 2623 3776 :
2649 3719 2832 3776 Persa:
2851 3721 3018 3776 tiaras
3032 3729 3248 3790 gemat,
3271 3717 3368 3774 sed
3386 3730 3548 3789 reges
3565 3725 3774 3782 rectas,

2180 3821 2412 3884 satrapa:
2445 3813 2718 3868 incurvas.
2750 3812 2988 3882 Reperta
3018 3818 3103 3867 est
3143 3817 3325 3864 autem
3352 3809 3494 3864 tiara
3522 3824 3552 3862 a
3587 3807 3775 3864 Semi-

2180 3905 2389 3960 ramide
2433 3905 2780 3976 Assyriorum
2808 3905 2994 3976 regina
3020 3922 3033 3958 :
3063 3902 3210 3974 quod
3253 3916 3425 3974 genus
3457 3904 3775 3958 ornamenti

2179 3995 2374 4051 exinde
2398 4011 2566 4066 usque
2604 3996 2765 4052 hodie
2811 4011 2943 4068 gens
2984 3996 3100 4066 ipsa
3153 3995 3371 4050 retinet.
3402 3994 3774 4050 Athenienses

2181 4085 2325 4141 enim
2375 4087 2590 4142 cicadas
2641 4101 2839 4142 aureas
2895 4085 3154 4158 gerebant
3197 4086 3397 4156 partim
3435 4085 3490 4140 in
3535 4087 3768 4150 vertice,

2179 4175 2420 4231 nonnulli
2449 4177 2506 4231 in
2543 4175 2740 4232 fronte.
2776 4175 2896 4232 Non
2941 4177 3088 4232 enim
3118 4175 3312 4232 eadem
3353 4185 3482 4232 sunt
3529 4176 3768 4246 insignia

2177 4266 2421 4320 omnium
2468 4281 2781 4336 regnorum.
2833 4267 3124 4322 Gentilium
3170 4275 3324 4322 vates
3369 4266 3558 4332 infula,
3606 4269 3768 4338 apice

2176 4356 2316 4426 pileo
2343 4357 2458 4412 sive
2507 4357 2693 4428 galero
2721 4358 3031 4412 utebantur.
3069 4357 3283 4413 Corona
3312 4367 3494 4414 autem
3529 4358 3768 4430 mystice

2175 4456 2391 4502 aeternae
2417 4449 2600 4519 gloriae
2628 4449 2932 4504 mercedem
2953 4465 3052 4519 pro
3069 4448 3280 4518 iustitia
3301 4449 3569 4524 signiﬁcat
3585 4469 3598 4504 :
3616 4451 3766 4508 unde

491 4514 711 4611 propria
735 4535 1004 4600 praeparat
1026 4514 1239 4582 merita.
1271 4525 1482 4593 Colum,
1507 4528 1650 4599 quod
1674 4514 1813 4584 sitin
1841 4528 2075 4602 longitu-

2186 4539 2464 4608 Apostolus
2490 4541 2565 4596 ait
2589 4559 2602 4595 :
2635 4541 2842 4596 Bonum
2869 4553 3130 4597 certamen
3153 4545 3367 4609 certari,
3396 4560 3612 4600 cursum
3637 4561 3762 4600 cors-

477 4602 615 4673 ‘di'n‘e
655 4626 712 4674 et
749 4618 1111 4688 rotunditate,
1156 4619 1310 4690 quasi
1355 4617 1624 4675 columna.
1673 4619 1878 4687 Fusus,
1923 4621 2072 4692 quod

471 4704 784 4799 iper-ipsum
819 4705 1094 4794 fundatur,
1130 4711 1280 4781 "quod
1319 4720 1500 4766 uelum
1535 4711 1638 4767 es't.
1659 4711 1745 4799 ΔΙιι
1775 4711 1894 4768 colo
1923 4711 2069 4767 enim

486 4787 876 4887 scripturarum
897 4787 1122 4860 scientia
1149 4807 1473 4876 exprimitur
1499 4826 1512 4862 :
1543 4815 1601 4863 et
1623 4795 1679 4862 id
1699 4809 1820 4883 {uso
1839 4805 2068 4864 intentio

471 4885 832 4976 discretionis
865 4912 880 4949 :
921 4887 1064 4952 unde
1107 4891 1372 4974 scriptum
1412 4907 1496 4954 est
1545 4898 1601 4952 in
1625 4891 1962 4955 Proverbiis
1999 4899 2067 4954 de

485 4985 712 5066 muliere
742 4981 868 5041 forti
903 5006 918 5043 ι
963 4986 1156 5044 Manus
1185 4990 1299 5060 ejus
1337 4990 1478 5054 misit
1507 4990 1576 5042 ad
1621 4989 1801 5058 fortia,
1833 4999 1884 5043 et
1915 4990 2068 5061 digiti

470 5072 602 5156 ‘ejus
627 5075 1074 5156 apprehenderunt
1101 5079 1278 5150 [usum
1304 5076 1486 5148 (Prov.
1507 5077 1682 5152 xxiii).
1709 5077 1895 5152 Solent
1918 5081 2065 5136 enim

466 5149 700 5254 (femina;
737 5149 946 5241 nentes,
985 5149 1164 5252 lusum
1195 5171 1249 5224 in
1281 5169 1520 5234 dextera,
1555 5149 1744 5254 colum'
1777 5149 1960 5226 tenere
2007 5171 2062 5228 in

463 5243 726 5346 Lsinistra.
746 5259 804 5318 In
827 5243 1112 5341 coloenim
1153 5261 1276 5318 lana
1302 5259 1540 5346 involuta
1561 5252 1810 5346 est’,’(juae
1833 5263 1937 5320 'lllo
1964 5265 2064 5320 du...

481 5347 654 5418 cenda
688 5359 744 5406 et
767 5351 945 5426 nenda
972 5337 1208 5407 transeat
1229 5349 1501 5408 infusum.
1520 5337 1802 5422 Suspedunl
1827 5354 1891 5408 in
1908 5353 2060 5410 Scri-

479 5439 660 5520 ptus-is
678 5438 900 5498 dextera
916 5441 1082 5495 vitam
1098 5450 1435 5510 perpetuam,
1450 5443 1580 5499 laeva
1606 5443 1896 5514 priesentla
1917 5445 2062 5503 dona

461 5519 879 5610 'Dei'signilicat
909 5547 921 5583 :
952 5525 1280 5610 opulentiam
1311 5532 1560 5590 videlicet
1607 5522 1829 5599 re'rdm‘,’
1865 5552 2062 5606 pacem

482 5607 786 5706 hunporuni
801 5658 818 5700 ε
835 5607 1159 5706 ’δοερξῑειιειη
1188 5621 1496 5706 corporum,
1533 5622 2066 5706 scientiamtquoque

479 5699 870 5782 seript'urartim
899 5751 915 5781 ,
942 5699 1375 5770 "'et"'coelcStium
1426 5700 1842 5786 p'ercepliiine'lu'
1880 5704 2062 5776 sacra-

904 5789 958 5812 ,ιι
1143 5803 1148 5810 1
1219 5806 1224 5814 1
1736 5800 1844 5832 ’.1,

2172 4633 2450 4697 cummari,
2489 4631 2646 4700 ﬁdem
2672 4633 2893 4699 servavi,
2926 4632 2992 4687 de
3037 4632 3236 4704 reliquo
3259 4635 3484 4704 reposita
3521 4645 3598 4691 est
3626 4636 3762 4691 mihi

2172 4736 2363 4776 corona
2397 4722 2620 4792 justitite
2658 4721 2745 4798 (II
2795 4722 2927 4776 Tim.
2982 4721 3078 4793 Iv).
3109 4722 3390 4789 Quomodo
3428 4723 3760 4794 spiritalium

2169 4811 2509 4880 profectuum
2565 4812 2959 4868 consummatio
3019 4813 3270 4882 provehit
3329 4813 3400 4868 ad
3445 4823 3753 4870 coronam:

2171 4910 2318 4956 recte
2339 4901 2532 4958 horum
2550 4917 2769 4973 quoque
2790 4903 3154 4958 remuneratio
3179 4903 3398 4959 nomine
3417 4915 3640 4959 coronae
3659 4917 3758 4961 vo-

2167 4993 2386 5048 citatur.
2440 4993 2573 5049 item
2613 5009 2816 5049 corona
2875 4993 3262 5064 discipulorum
3306 4993 3521 5048 Domini
3569 4993 3748 5050 ambio-

2165 5089 2278 5136 tum
2311 5083 2394 5138 vel
2427 5084 2590 5139 totius
2624 5084 2878 5140 Ecclesiae
2905 5092 3234 5140 conventum
3260 5085 3330 5139 ad
3353 5083 3642 5140 Christum
3668 5087 3752 5141 sib

2163 5171 2402 5242 gniﬁcat,
2419 5173 2486 5228 de
2505 5189 2614 5242 quo
2636 5171 2916 5244 psalmista
2943 5172 3024 5228 ait
3047 5187 3063 5229 :
3095 5169 3335 5228 Posuisti
3357 5173 3414 5228 in
3438 5174 3608 5246 capite
3629 5177 3750 5246 ejus

2163 5280 2410 5318 coronam
2454 5264 2520 5318 de
2572 5263 2758 5334 lapide:
2790 5266 3026 5336 pretioso.
3056 5263 3408 5337 (Pal...st
3461 5265 3537 5320 Ει
3559 5266 3694 5322 item
3725 5285 3744 5321 :

2160 5351 2442 5408 Benedices
2463 5393 2480 5418 ,
2532 5354 2747 5423 inquit;
2776 5356 3218 5410 coronam-anni
3257 5355 3590 5425 benignitatis
3629 5357 3748 5410 sua

2161 5441 2344 5515 (Psat.
2383 5445 2578 5502 ωιιν).
2607 5441 3004 5504 Coronaenim
3049 5456 3158 5498 non
3199 5442 3458 5513 improbe
3497 5443 3744 5500 circum

2159 5533 2402 5588 euntium
2443 5531 2838 5603 discipulorum
2885 5531 3100 5588 videtur
3143 5531 3472 5603 signiﬁcare-
3503 5543 3744 5594 convent

2162 5635 2273 5682 tum
2305 5645 2336 5682 ε·
2353 5627 2481 5696 quia
2511 5627 2686 5697 ipsum
2705 5627 2994 5683 docentem
3013 5625 3441 5688 desiderantum
3456 5624 3741 5698 apostolu-

2161 5733 2282 5776 rum
2295 5721 2465 5777 cireui
2473 5729 2558 5778 tus
2570 5721 2844 5780 ambiebat
2864 5738 2879 5790 ;
2901 5721 3018 5778 haec
3029 5727 3149 5778 erat
3169 5732 3375 5776 eum

3265 5831 3390 5864 I‘l'V
3447 5845 3509 5868 .:|I
3540 5837 3620 5869 ιε’)
3655 5815 3718 5868 La
