4038 6324
254 392 350 449 581

1228 392 1320 448 DE
1359 393 1709 452 UNIVERSO
1737 394 1916 451 LIBRI
1951 394 2117 451 XXII.
2157 426 2227 436 ——
2265 395 2392 450 LIB.
2447 394 2583 450 XXI.

3408 389 3513 444 582

208 506 229 513 ⁸
253 507 432 579 regale
452 505 725 572 diadema,
740 504 884 576 quod
905 520 1011 561 non
1036 514 1258 561 ornaret
1288 506 1619 577 impositum,
1643 506 1736 562 sed
1762 506 1830 563 de
1853 511 1908 572 Α
1932 514 2097 577 atque
2124 504 2332 575 argenti
2353 502 2556 558 texitur
2574 498 2818 573 virgulis.
2837 497 2989 556 Unde
3011 505 3066 553 et
3093 497 3147 553 in
3168 495 3406 552 Cantieis
3431 494 3514 549 di-

252 599 471 656 Cltristo
505 597 735 654 Domino
776 597 958 668 potius
1000 604 1307 652 ornaretur.
1341 597 1398 652 ln
1438 598 1542 653 hac
1569 598 1712 653 enim
1738 613 1830 653 co-

251 706 387 747 rona
410 698 464 747 et
493 690 659 746 totius
691 688 878 744 mundi
902 687 1163 744 circulum
1188 688 1384 744 merito
1403 690 1701 759 poterimus
1731 689 1830 743 ad-

245 793 493 849 vertere,
538 781 592 837 in
625 797 733 853 quo
782 780 1050 855 generalis
1101 781 1436 854 significatur
1469 782 1731 837 Ecclesia.
1772 781 1834 835 in

253 874 586 932 contrarium
608 886 739 928 vero
765 887 964 927 corona
984 871 1222 943 ponitur,
1239 872 1454 941 quando
1470 870 1833 926 tribulationis

254 962 733 1020 circumdationem
763 961 1065 1033 significat;
1110 962 1252 1019 unde
1276 962 1536 1033 scriptum
1561 970 1647 1017 est
1676 980 1689 1015 :
1731 960 1833 1016 Co-

253 1071 448 1111 ronam
478 1054 726 1109 coronaei
756 1062 806 1108 te
851 1052 1187 1108 tribulatione
1209 1052 1344 1125 (lca.
1367 1052 1528 1125 nit).
1553 1052 1689 1108 Nam
1718 1052 1834 1108 dia-

251 1148 409 1205 dema
430 1146 649 1217 quidam
674 1145 862 1202 dicunt
880 1161 1002 1203 esse
1022 1155 1399 1205 ornamentum
1426 1146 1621 1215 capitis
1637 1154 1834 1201 matro-

251 1252 449 1292 narum
469 1251 538 1293 ex
556 1251 693 1292 auro
719 1245 776 1293 et
801 1237 1030 1309 gemmis
1051 1246 1243 1293 eontex
1252 1246 1385 1302 tum,
1402 1237 1544 1307 quod
1573 1237 1630 1292 in
1651 1251 1709 1293 se
1727 1235 1834 1293 cir-

250 1329 516 1386 cumactis
541 1329 978 1387 extremitatibus
1006 1337 1153 1385 retro
1182 1329 1517 1400 astringitur,
1549 1336 1605 1383 et
1636 1326 1833 1382 exinde

250 1422 455 1478 dictum
472 1420 682 1487 Graece,
698 1421 840 1491 quod
858 1420 1182 1492 przeligetur.
1206 1419 1379 1475 lnfula
1396 1427 1481 1476 est
1504 1417 1727 1474 fasciola
1753 1430 1834 1472 sa-

250 1513 543 1570 cerdotalis
571 1512 784 1583 capitis,
809 1512 957 1577 alba,
980 1513 1034 1566 in
1062 1512 1282 1568 modum
1307 1510 1648 1575 diadematis,
1672 1524 1701 1562 a
1725 1521 1833 1577 qua

250 1605 400 1659 vittae
422 1611 478 1659 et
498 1603 568 1659 ab
582 1611 813 1672 utraque
832 1610 985 1673 parte
999 1602 1318 1671 dependent,
1332 1615 1452 1671 quae
1472 1599 1693 1654 infulam
1717 1599 1835 1653 vin-

250 1695 420 1751 ciunt.
450 1692 621 1751 Infula
648 1703 830 1765 autem
863 1693 1183 1764 plerumque
1212 1693 1319 1748 lata
1350 1704 1489 1757 erat,
1516 1691 1834 1763 plerumque

250 1785 448 1840 tortilis
473 1784 542 1840 de
568 1785 692 1841 albo
717 1793 774 1839 et
794 1798 978 1839 cocco.
1008 1783 1161 1854 Apex
1190 1792 1274 1838 est
1293 1783 1493 1854 pileum
1518 1782 1695 1846 sutile,
1724 1796 1831 1851 quo

1932 595 2074 651 citur
2092 595 2425 650 canticorum
2444 610 2457 646 :
2474 588 2799 645 Murwnulas
2819 605 3008 645 aureas
3028 589 3278 659 faciemus
3294 587 3385 639 tibi
3398 601 3510 639 ver-

1932 684 2208 740 miculata:
2252 692 2465 754 argento
2505 680 2679 752 (Cant.
2721 681 2795 752 ι).
2849 680 2909 734 In
2950 678 3260 734 muramnlis
3316 678 3514 746 quippe

1935 773 2215 844 Scriptura
2248 781 2432 827 sancta
2463 770 2796 835 ostenditur,
2849 785 2970 840 qua:
3015 784 3148 823 auro
3188 766 3514 836 spiritalium

1934 876 2191 918 sensuum
2220 861 2387 931 fulget
2424 860 2673 924 interius,
2706 868 2763 914 et
2801 863 3021 931 argento
3051 857 3289 913 caelestis
3313 855 3515 927 eloquii

1934 940 2073 1004 nitet
2102 950 2343 1005 exterius
2380 966 2394 1003 :
2423 950 2641 1004 dextras
2666 962 2980 1003 communes
3007 961 3126 1002 esse
3171 947 3412 1001 virorum
3450 960 3515 1001 ac

1932 1038 2276 1109 feminarum,
2292 1040 2419 1111 quia
2433 1040 2711 1109 utriusque
2723 1054 2885 1094 sexus
2898 1039 3099 1093 dextra:
3114 1046 3259 1094 sunt.
3274 1036 3516 1093 Armilla:

1935 1138 2115 1186 autem
2129 1130 2345 1201 proprie
2362 1131 2597 1185 virorum
2610 1138 2755 1194 sunt,
2769 1128 2975 1184 collatae
2988 1128 3225 1183 victoria:
3238 1143 3401 1184 causa
3413 1128 3515 1181 mi-

1935 1224 2121 1279 litibus
2136 1223 2205 1278 ob
2218 1238 2492 1277 armorum
2515 1223 2770 1277 virtutem
2791 1237 2807 1286 ;
2830 1220 2971 1275 unde
2984 1228 3039 1276 et
3062 1219 3331 1289 quondam
3355 1218 3515 1289 vulgo

1934 1316 1984 1371 vi
1994 1316 2139 1371 I‘IOItB
2152 1315 2379 1370 diceban
2387 1324 2491 1369 tur.
2511 1315 2592 1369 Ab
2614 1313 2890 1368 intellectu
2905 1322 3087 1389 autem
3099 1312 3285 1368 circuli
3301 1313 3514 1367 armilla

1936 1420 2045 1461 non
2075 1405 2364 1475 discrepat,
2414 1404 2541 1474 quia
2566 1403 2683 1474 ipsa
2707 1417 2922 1472 quoque
2965 1404 3090 1467 hoc,
3136 1403 3229 1458 ubi
3270 1402 3509 1473 ponitur,

1936 1496 2220 1551 ambiendo
2247 1494 2591 1563 constringit.
2624 1492 2731 1548 Sed
2761 1493 2972 1548 armilla
3000 1493 3164 1548 latius
3183 1493 3513 1565 extenditur,

1936 1586 2172 1643 circulus
2193 1585 2456 1642 rotundus
2478 1583 2558 1638 ﬁt.
2585 1582 2790 1638 Fibulze
2820 1593 2964 1648 sunt,
2992 1582 3190 1653 quibus
3216 1592 3406 1652 pectus
3431 1581 3515 1636 fe-

1935 1674 2209 1735 minarum
2239 1687 2486 1753 ornatur,
2508 1676 2595 1733 vel
2621 1675 2843 1746 pallium
2869 1683 3084 1731 tenetur
3110 1691 3143 1729 a
3171 1675 3305 1728 viris
3334 1675 3387 1728 in
3409 1673 3516 1728 bu-

1936 1770 2121 1834 meris,
2156 1782 2250 1823 seu
2293 1767 2567 1838 cingulum
2609 1766 2662 1820 in
2703 1765 2921 1820 lumbis.
2950 1763 3173 1819 Luuulaa
3203 1773 3329 1819 sunt
3359 1780 3496 1819 orna

252 1876 568 1933 sacerdotes
601 1876 830 1947 gentiles
865 1852 1182 1943 utebantur,
1216 1852 1517 1946 appellatus
1554 1875 1622 1930 ab
1649 1875 1833 1945 apien—

1941 1868 2117 1915 menta
2143 1859 2430 1914 mulierum
2454 1858 2508 1912 in
2546 1856 2690 1910 luna:
2716 1854 3068 1909 similitudine
3094 1853 3309 1907 bullulae
3338 1867 3517 1908 aurea:

253 1972 354 2039 do,
398 1970 454 2025 id
492 1978 607 2035 est,
649 1985 682 2024 a
725 1969 965 2040 ligando.
997 1968 1132 2023 Nam
1161 1968 1388 2040 virgula,
1436 1984 1557 2039 quae
1592 1969 1645 2022 in
1688 1968 1833 2039 pileo

250 2072 373 2120 erat
401 2062 822 2119 eonuectebatur
849 2062 960 2127 filo,
989 2062 1134 2132 quod
1165 2060 1326 2117 [iebat
1352 2077 1419 2118 ex
1448 2061 1571 2115 lana
1618 2061 1829 2116 hostiae.

252 2154 509 2211 Galerum
548 2153 751 2224 pileum
779 2168 846 2208 ex
878 2152 1021 2223 pelle
1063 2167 1217 2207 caesae
1256 2152 1449 2207 hostia:
1482 2151 1702 2205 factum.
1745 2149 1834 2203 Pi-

251 2248 401 2303 leum
429 2253 608 2301 autem
634 2245 837 2301 dictum
877 2260 908 2299 a
929 2243 1067 2314 pelle
1094 2241 1307 2307 hostiae,
1330 2240 1474 2296 unde
1502 2240 1685 2295 ﬁebat.
1726 2238 1832 2309 Cy-

251 2339 407 2395 daris
455 2347 512 2394 et
556 2338 670 2407 ipsa
711 2334 1054 2393 sacerdotum
1108 2341 1249 2395 erat,
1279 2331 1425 2403 quod
1472 2347 1504 2386 a
1558 2330 1834 2400 plerisque

251 2430 418 2484 mitra
436 2434 680 2485 vocatur.
705 2425 864 2481 Mitra
885 2434 972 2480 est
993 2424 1192 2495 pileum
1211 2423 1502 2493 Phrygium
1529 2428 1692 2490 caput
1711 2435 1835 2489 pro-

253 2528 466 2591 tegens,
500 2517 660 2588 quale
684 2524 773 2572 est
799 2526 1180 2571 ornamentum
1225 2514 1418 2585 capitis
1469 2513 1783 2567 devotarum
1817 2528 1830 2565 :

250 2610 350 2666 sed
375 2609 577 2679 pileum
619 2609 863 2665 virorum
903 2616 1022 2673 est,
1071 2607 1233 2660 mitra
1267 2613 1447 2660 autem
1490 2603 1832 2657 feminarum.

252 2703 589 2761 Redimicula
614 2711 797 2758 autem
834 2709 979 2765 sunt,
1011 2700 1208 2769 quibus
1236 2698 1397 2752 mitra
1426 2696 1679 2767 alligatur
1708 2712 1721 2747 :
1755 2693 1835 2763 pi-

252 2796 397 2851 leum
428 2805 608 2850 autem
638 2795 720 2864 (ut
751 2792 1123 2865 praediximus)
1155 2806 1185 2845 a
1214 2790 1355 2860 pelle
1388 2796 1527 2844 crat.
1568 2787 1706 2842 Nam
1735 2786 1835 2840 mi-

252 2898 340 2945 tra
364 2905 431 2945 ex
469 2889 594 2944 lana
639 2895 743 2943 est.
805 2885 993 2941 Ricula
1037 2893 1124 2939 est
1158 2885 1321 2959 mitra
1366 2880 1647 2949 virginalis
1689 2879 1835 2949 capi-

256 2980 358 3045 tis;
386 2979 533 3035 vitta:
558 2987 706 3043 sunt,
730 2993 850 3048 quae
879 2976 933 3030 in
954 2976 1196 3031 crinibus
1236 2975 1603 3037 innectuntur,
1640 2971 1837 3041 quibus

255 3069 485 3125 ﬂuentes
512 3068 805 3140 religantur
831 3066 1009 3136 capilli
1039 3083 1051 3118 :
1084 3074 1140 3120 et
1164 3065 1313 3120 vittae
1347 3064 1524 3128 dictae,
1555 3063 1697 3129 quod
1722 3059 1839 3113 vin-

255 3161 424 3216 ciant.
448 3161 631 3217 Taenia
661 3167 842 3215 autem
871 3159 1130 3213 vittarum
1163 3156 1483 3212 extremitas
1531 3152 1836 3223 dependens

256 3252 595 3308 diversorum
615 3250 878 3306 colorum.
901 3250 1034 3305 Item
1068 3248 1201 3303 vitta
1239 3256 1343 3311 est,
1366 3260 1472 3316 qua
1495 3259 1691 3299 corona
1720 3243 1838 3296 vin-

257 3343 426 3408 citur;
458 3341 621 3398 ttenia
649 3355 780 3396 vero
821 3348 1063 3396 extrema
1090 3353 1215 3408 pars
1257 3338 1402 3391 vitta:
1427 3350 1547 3404 qua:
1574 3332 1842 3402 dependet

257 3448 492 3489 coronae.
548 3429 945 3487 Discriminalia
992 3428 1185 3497 capitis
1227 3426 1517 3480 mulierum
1552 3430 1697 3489 sunt,
1741 3436 1838 3476 vo-

257 3532 454 3576 cantur
481 3536 546 3577 cs
585 3534 652 3576 eo
677 3518 823 3589 quod
869 3524 1032 3586 caput
1060 3530 1248 3572 earum
1281 3529 1312 3569 a
1339 3514 1456 3568 viro
1497 3513 1837 3575 discernunt;

257 3628 387 3668 nam
411 3620 468 3668 et
489 3610 872 3667 discriminare
893 3607 1131 3662 dividere
1148 3606 1367 3659 dicitur.
1385 3604 1527 3658 Acus
1546 3609 1693 3667 sunt,
1717 3599 1841 3670 qui-

256 3701 362 3756 bus
385 3700 439 3754 in
462 3698 678 3753 feminis
709 3696 1075 3752 ornandorum
1096 3694 1328 3750 crinium
1353 3707 1616 3762 compago
1639 3690 1842 3745 retine-

258 3797 373 3854 tur,
400 3803 471 3842 nc
493 3774 669 3842 lanius
685 3786 873 3851 lluant,
897 3792 953 3841 et
971 3784 1147 3854 sparsi
1172 3783 1452 3852 dispendet
1469 3779 1842 3854 [dissipentur]

261 3878 468 3950 capilli.
508 3877 731 3933 luaures
771 3877 839 3933 ab
869 3875 1082 3931 aurium
1120 3873 1471 3929 foraminibus
1500 3880 1843 3941 nuncupatas,

261 3970 462 4040 quibus
498 3967 733 4037 pretiosa
761 3982 929 4038 grana
974 3964 1212 4036 lapidum
1248 3963 1550 4033 dependent
1599 3979 1611 4015 :
1652 3962 1845 4015 harum

262 4074 398 4114 usus
424 4057 477 4112 in
504 4056 732 4123 Graecia,
766 4055 955 4126 puclla:
981 4063 1206 4124 utraque
1234 4069 1365 4108 aure
1405 4070 1417 4105 :
1457 4051 1610 4122 pueri
1639 4058 1844 4104 tantum

264 4149 488 4204 dextera
514 4148 791 4220 gerebant.
824 4147 1068 4217 Torques
1091 4154 1219 4202 sunt
1246 4144 1435 4200 circuli
1466 4144 1616 4199 aurei
1648 4160 1678 4196 a
1708 4141 1847 4196 collo

264 4241 337 4295 ad
371 4248 556 4310 pectus
594 4253 764 4308 usque
786 4239 1100 4310 pendentes.
1130 4237 1373 4307 Torques
1407 4244 1585 4290 autem
1610 4243 1664 4289 et
1689 4234 1848 4289 bullae

266 4347 299 4386 a
332 4332 464 4385 viris
509 4339 792 4402 geruntur,
822 4344 853 4383 a
880 4328 1098 4384 feminis
1124 4344 1255 4383 vero
1282 4327 1501 4382 monilia
1528 4337 1583 4382 et
1618 4324 1844 4380 catellae.

267 4422 439 4479 Dicta:
483 4429 665 4476 autem
714 4431 956 4491 torques,
997 4419 1141 4490 quod
1180 4420 1291 4474 sint
1334 4428 1489 4474 torta:
1538 4426 1638 4473 :ct
1666 4417 1846 4484 bullae,

268 4512 416 4585 quod
451 4512 657 4569 similes
699 4513 811 4569 sint
857 4510 1189 4566 rotunditate
1220 4510 1403 4574 bullis,
1451 4524 1572 4578 quae
1602 4509 1653 4563 in
1706 4522 1846 4577 aqua

1936 1950 2323 2021 dependentes.
2349 1947 2580 2018 Specula
2602 1954 2753 2010 sunt,
2792 1944 2847 1999 in
2877 1943 3073 2015 quibus
3098 1940 3314 1996 femina:
3336 1941 3517 1995 vultus

1933 2057 2061 2096 suos
2088 2024 2385 2095 intuentur.
2417 2038 2634 2093 Dictum
2673 2044 2852 2091 autem
2894 2034 3171 2105 speculum
3192 2073 3207 2099 ,
3256 2032 3341 2087 vel
3371 2031 3520 2101 quod

1935 2147 2003 2187 ex
2040 2132 2326 2202 splendore
2354 2129 2633 2195 reddatur,
2667 2129 2750 2181 vel
2778 2127 2921 2197 quod
2953 2126 3029 2181 ibi
3058 2124 3273 2181 feminae
3300 2125 3518 2178 intuen-

1935 2232 2017 2279 tes
2044 2224 2391 2279 considerent
2420 2221 2654 2292 speciem
2695 2222 2777 2274 sui
2809 2218 3009 2283 vultus,
3043 2226 3098 2273 et
3122 2217 3380 2288 quidquid
3425 2230 3520 2271 or—

1934 2313 2180 2368 namenti
2239 2312 2427 2367 deesse
2493 2309 2769 2374 viderint,
2838 2306 3116 2375 adjiciant.
3167 2304 3524 2362 Periscelides

1935 2412 2061 2459 sunt
2084 2404 2227 2474 apud
2251 2403 2481 2457 feminas
2501 2416 2722 2457 crurum
2764 2405 3112 2464 ornamenta,
3135 2396 3333 2466 quibus
3370 2409 3522 2466 gres—

1936 2510 2031 2549 sus
2088 2508 2278 2548 earum
2341 2499 2626 2548 ornantur.
2686 2488 3037 2545 Olfactoriola
3105 2484 3327 2541 vascula
3399 2494 3527 2540 sunt

1936 2584 2243 2650 muliebria,
2277 2584 2332 2638 in
2355 2582 2552 2653 quibus
2579 2582 2932 2636 odoramenta
2973 2585 3273 2650 gestantur.

2506 2692 2734 2749 CAPUT
2762 2692 2951 2748 XXIV.

2567 2763 2646 2818 De
2672 2763 2907 2817 crinalis.
3556 2810 3559 2813 λ

2006 2857 2206 2913 Annuli
2248 2863 2432 2912 autem
2478 2870 2578 2926 per
2622 2854 3035 2909 diminutionem
3072 2850 3202 2906 dicti
3230 2865 3261 2903 a
3304 2848 3529 2906 circulis

1937 2958 1992 3004 et
2016 2949 2159 3014 anis,
2201 2947 2295 3018 qui
2330 2954 2458 3001 sunt
2502 2944 2708 3000 circum
2732 2943 2975 3007 brachia,
3002 2952 3057 2997 et
3086 2943 3289 2996 circum
3322 2954 3521 2995 crura:

1939 3041 2079 3096 unde
2108 3048 2163 3095 et
2184 3040 2339 3110 signa
2367 3052 2554 3093 eormn
2589 3050 2688 3107 per
2722 3034 3135 3090 diminutionem
3165 3031 3373 3102 sigilla:
3401 3046 3529 3086 nam

1941 3131 2097 3204 signa
2126 3129 2334 3198 majora
2357 3135 2506 3195 sunt,
2535 3127 2708 3196 sigilla
2756 3140 2886 3181 vero
2913 3123 3070 3195 quasi
3113 3123 3323 3178 minora
3351 3121 3528 3191 signa.

1864 3216 1908 3277 C
1938 3222 2180 3278 Annulos
2217 3220 2463 3277 homines
2503 3218 2738 3290 primum
2775 3226 2990 3288 gestare
3027 3224 3311 3286 cmpcrunt
3335 3220 3531 3283 quarto
3562 3258 3563 3261 η

1946 3330 1976 3369 a
1999 3314 2195 3385 pollice
2232 3313 2420 3384 digito,
2449 3311 2591 3381 quod
2620 3326 2686 3366 eo
2715 3324 2851 3365 vena
2871 3308 3118 3378 quaedam
3144 3306 3210 3360 ad
3243 3319 3340 3361 cor
3360 3317 3534 3378 usque

1941 3404 2231 3475 pertingat,
2264 3417 2426 3474 quam
2446 3398 2740 3457 notandam
2766 3398 3177 3466 ornandamque
3195 3395 3378 3466 aliquo
3398 3393 3535 3451 insi-

1943 3498 2033 3568 gni
2061 3507 2276 3552 veteres
2302 3501 2646 3565 putaverunt.
2695 3492 2854 3564 Apud
2898 3491 3174 3546 Romanos
3220 3485 3408 3543 annuli
3465 3485 3537 3545 de

1944 3588 2159 3659 publico
2183 3588 2470 3653 dabantur,
2514 3593 2569 3640 et
2611 3600 2718 3639 non
2749 3584 2865 3639 sine
2903 3581 3235 3637 discrimine.
3277 3578 3413 3634 Nam
3447 3576 3533 3632 di-

1946 3680 2151 3749 gnitate
2201 3679 2487 3749 prmeipuis
2528 3677 2662 3732 viris
2702 3674 2960 3748 gemmati
2995 3673 3284 3737 dabantur,
3323 3670 3537 3725 exteris

1947 3769 2126 3824 solidi.
2160 3768 2429 3823 Annulum
2459 3783 2682 3823 aureum
2730 3780 2905 3834 neque
2939 3778 3128 3819 servus
3162 3774 3338 3831 neque
3374 3760 3538 3815 liber-

1949 3860 2095 3915 tinus
2122 3859 2369 3930 gestabat
2412 3859 2467 3912 in
2506 3857 2720 3927 publico
2760 3855 2898 3911 :sed
2938 3853 3138 3908 annulo
3166 3867 3335 3908 aureo
3381 3851 3538 3908 liberi

1949 3953 2258 4016 utebantur,
2291 3949 2527 4005 libertini
2557 3956 2835 4019 argenteo,
2862 3946 3003 4001 servi
3032 3944 3230 3999 ferreo.
3292 3941 3542 3997 Annulus

1950 4045 2073 4100 fidei
2125 4043 2461 4115 signaculum
2512 4043 2899 4105 demonstrat,
2946 4046 3009 4092 ut
3058 4045 3144 4091 est
3195 4034 3324 4089 illud
3359 4049 3372 4087 :
3402 4033 3582 4114 Daiei

1949 4114 2205 4192 annulum
2234 4137 2288 4191 in
2320 4151 2481 4189 manu
2506 4133 2619 4204 ejus
2647 4130 2796 4204 (Luc.
2822 4128 2937 4199 xv),
2974 4128 3078 4183 hoc
3112 4134 3216 4192 est,
3267 4123 3391 4179 ﬁdei
3454 4114 3538 4177 inl-
3574 4118 3579 4187 ξ

1950 4230 2152 4286 dicium
2186 4229 2243 4284 in
2294 4229 2435 4284 bona
2490 4224 2827 4298 operatione.
2861 4220 2919 4275 In
2973 4219 3113 4277 Isaia
3166 4232 3399 4287 quoque,
3451 4214 3543 4293 ubi

1949 4329 2343 4378 enumerantur
2369 4324 2691 4375 ornamenta
2720 4311 3066 4383 multiplicia,
3097 4309 3275 4365 mitra:
3302 4314 3359 4362 et
3383 4300 3538 4383 caele-

1948 4433 2134 4474 rorum
2183 4416 2390 4473 mentio
2419 4415 2500 4481 fit,
2527 4414 2603 4489 ita
2624 4402 2822 4483 legitur
2846 4425 2860 4464 :
2886 4407 3061 4477 Inidia
3081 4404 3175 4460 illa
3204 4403 3407 4475 auferet
3438 4398 3540 4487 Da-

1951 4511 2126 4567 minus
2152 4517 2460 4566 ornamenta
2484 4503 2981 4583 calceamentorum,
3024 4504 3071 4553 et
3099 4495 3331 4560 lunatas,
3353 4482 3544 4575 etiar-

266 4615 433 4663 vento
458 4605 732 4662 inﬂantur.
764 4604 961 4661 Monile
986 4611 1362 4662 ornamentum
1390 4617 1453 4657 ex
1485 4601 1712 4674 gemmis
1739 4610 1846 4666 est,
1875 4563 1926 4622 Β
1949 4618 2098 4673 ques,
2121 4611 2169 4655 et
2192 4580 3476 4663 monilia,etarmillas,ctmitras,discriniinalin,
3497 4592 3545 4637 et

268 4698 416 4769 quod
458 4698 594 4754 solet
621 4713 690 4753 ex
735 4696 1058 4753 feminarum
1098 4696 1335 4767 pendere
1363 4670 1509 4749 collo
1541 4713 1554 4747 :
1590 4694 1789 4747 dictum
1817 4709 1836 4746 a

1948 4670 2309 4765 periscelides,
2340 4684 2764 4769 et_m_urmtulas,
2786 4691 2834 4753 et
2860 4677 3216 4752 olfactoriola,
3237 4686 3287 4731 et
3308 4670 3547 4765 inaures,
3578 4746 3579 4757 χ

270 4804 516 4845 munere.
558 4788 673 4846 Hoc
696 4790 861 4844 etiam
885 4796 941 4844 et
981 4762 1293 4859 serpentum
1323 4786 1520 4841 dicitur
1557 4784 1681 4855 quia
1725 4798 1852 4837 eou-
1949 4762 2003 4840 et
2037 4782 2282 4846 annulos,
2312 4788 2361 4834 et
2400 4762 2636 4849 gemmas
2674 4762 2935 4843 in'froute'
2956 4763 3263 4857 pendentes,
3287 4774 3337 4839 et
3578 4806 3583 4815 .

271 4888 381 4938 stat
420 4896 489 4936 ex
534 4879 865 4949 amphorulis
913 4850 1233 4949 quibusdam
1268 4876 1469 4939 aureis,
1522 4850 1854 4946 gemmisque
1956 4878 2114 4942 toria,
2138 4885 2186 4930 et
2207 4872 2391 4945 pallia,
2409 4868 3034 4951 etllinleaminawtacus,
3059 4850 3551 4951 etspecala,,'e‘lsip-

271 4958 445 5027 variis
468 4972 522 5026 in
544 4971 763 5026 modum
796 4970 1021 5024 facturae
1049 4968 1323 5038 serpentis
1357 4986 1368 5021 :
1395 4964 1634 5020 nonnulli
1666 4940 1781 5018 lme-
1800 4971 1856 5016 et
1958 4940 2143 5031 dones,
2165 4940 2216 5020 et
2242 4965 2416 5029 vittas,
2446 4940 2496 5015 et
2523 4959 2767 5015 αισι-ξείνα
2796 4954 2932 5029 (Ira.
2966 4940 3070 5024 in).
3100 4940 3326 5020 Mystica
3356 4940 3548 5037 eorum

270 5072 611 5134 segmentum
633 5062 923 5127 dicunt,ut
941 5037 1216 5115 Iuvenalis
1248 5078 1261 5114 :
1289 5058 1568 5130 Segmema
1598 5066 1646 5111 et
1671 5056 1853 5127 longos
1961 5055 2285 5128 significatio
2314 5069 2346 5108 a
2386 5052 2589 5133 sanctis
2636 5046 2948 5104 doctoribus
2973 5038 3150 5097 lucide
3175 5037 3423 5133 exposita
3442 5040 3545 5134 est.

273 5158 666 5225 habitusﬂicet
683 5168 740 5215 et
757 5166 1120 5230 segmentatas
1145 5165 1322 5212 vestes
1347 5156 1693 5219 dicamus,,ut
1721 5154 1853 5224 ipse,
1964 5122 2235 5207 Describit
2263 5144 2486 5202 monilia
2532 5128 2881 5227 feminarum,
2929 5143 2987 5190 et
3013 5147 3111 5207 per
3149 5131 3267 5219 haec
3315 5122 3549 5230 insignia

464 5261 525 5311 Et
556 5263 882 5325 segmentatis
907 5261 1179 5312 dormisset
1206 5260 1398 5323 parvula
1423 5261 1578 5308 cunis.
1962 5244 2259 5302 civitatum,
2291 5239 2376 5311 vel
2410 5220 2569 5306 juxta
2606 5218 2880 5303 altztgogen
2923 5227 3196 5282 variarum
3232 5214 3551 5325 ornamenta

276 5310 875 5414 Plerumqueautcmet
897 5310 1859 5414 permonile'omniaornamentama-
1962 5337 2226 5391 virtutum
2256 5351 2269 5386 :
2295 5332 2499 5387 habent
2550 5326 2810 5393 mulieres
2846 5323 2903 5379 in
2952 5319 3093 5381 lunae
3144 5310 3551 5414 similitudine!le

277 5390 559 5492 trouamnt
590 5390 983 5506 significantur,
1010 5434 1269 5505 quidquid
1298 5433 1404 5488 illis
1426 5446 1648 5488 munere
1679 5433 1856 5493 datur.
1965 5428 2196 5485 bullulas
2252 5390 2644 5506 dependentes,
2691 5431 2826 5506 quas
2852 5431 2953 5479 nos
2990 5412 3064 5499 ad

281 5527 518 5599 Muraena
535 5529 695 5601 vulgo
718 5536 963 5594 vocatur,
996 5528 1139 5598 quod
1170 5527 1376 5583 scilicet
1408 5526 1524 5582 auri
1555 5523 1773 5580 metallo
1807 5523 1860 5577 iu
1954 5527 2148 5578 menta
2176 5504 2578 5577 transierimus,
2616 5523 2739 5582 qua:
2762 5498 3134 5563 illuminantur
3158 5492 3271 5601 sole

282 5594 509 5692 virgulis
544 5567 874 5678 lentescente
897 5567 1144 5690 qt’taeidam
1171 5618 1377 5676 ordinis
1410 5616 1633 5673 ﬂexuosi
1669 5622 1863 5670 catena
1968 5612 2213 5681 Torques
2238 5670 2239 5675 η
2263 5620 2501 5679 quoque,
2529 5618 2649 5679 quae
2684 5601 2752 5656 ad
2778 5606 2981 5683 pectus
3004 5604 3203 5692 usque

284 5675 593 5791 contexitur
618 5711 673 5766 in
703 5675 1109 5770 similitudinem
1146 5727 1397 5782 murteum
1429 5710 1718 5780 serpentis,
1747 5722 1867 5778 quae
1972 5675 2491 5772 iutclligentiainwac
2540 5675 2901 5764 principatum
2924 5687 3126 5765 mentis
3150 5675 3204 5747 iii

288 5786 359 5862 ad
389 5802 587 5863 collum
615 5804 917 5861 ornandum
947 5780 1183 5876 aptatur.
1216 5803 1338 5859 Ilaec
1368 5812 1420 5858 ct
1456 5800 1720 5857 interdum
1749 5801 1865 5856 auri
1975 5801 2298 5852 monstrant.
2349 5790 2412 5845 Et
2443 5787 2662 5845 monilia
2689 5799 2809 5859 qua:
2836 5797 2944 5838 uno
2983 5789 3235 5835 sermone
3258 5780 3438 5828 omnia
3464 5780 3559 5822 or-
