4038 6324
368 270 474 328 565

1362 276 1451 332 DE
1487 277 1832 334 UNIVERSO
1871 279 2050 335 LIBRI
2090 281 2252 338 XXII.
2281 313 2351 326 —
2389 283 2518 342 LIB.
2556 287 2698 343 XXI.

3527 299 3632 358 586

366 395 597 454 quorum
611 383 930 440 exercitatio
948 383 1004 440 in
1027 383 1192 441 divite
1214 386 1489 456 arguitur;
1517 398 1564 443 et
1578 388 1718 460 pilis,
1744 391 1940 460 inquit,
1969 395 2021 454 Α
2046 393 2175 448 setis
2213 403 2392 462 suant,
2422 395 2475 451 id
2519 407 2624 464 est,
2666 382 2948 468 consuant,
2980 407 3134 476 quasi
3159 416 3384 470 setores.
3418 414 3628 487 Caliga-

364 474 606 539 habebat,
643 490 748 528 non
777 475 844 530 de
879 475 1032 543 lana;
1074 477 1198 547 quia
1231 478 1373 533 aliud
1413 488 1643 536 austera:
1671 484 1832 538 vestis
1865 484 1944 538 in-

364 566 566 621 dicium
589 575 693 632 est,
722 565 866 621 aliud
896 567 1119 623 luxuriae
1143 569 1422 625 mollioris.
1455 571 1599 626 Zona
1626 582 1802 628 autem
1825 575 1940 645 pel-

363 655 522 723 licea,
567 672 673 727 qua
727 657 1003 714 accinctus
1043 659 1147 714 fuit
1191 669 1246 715 et
1292 662 1460 730 Elias,
1511 667 1942 724 mortiﬁcationis

361 747 665 821 symbolum
690 758 794 804 est.
823 748 992 806 Porro
1011 753 1152 821 quod
1176 755 1419 824 sequitur
1452 774 1464 810 :
1495 773 1611 812 esca
1637 771 1811 814 autem
1827 763 1940 832 ejus

359 853 475 897 erat
491 841 706 895 locusta:
752 852 801 896 et
841 843 942 898 mel
983 845 1214 900 silvestre
1253 864 1270 901 :
1311 849 1603 906 habitatori
1634 853 1939 912 solitudinis

358 948 652 1004 congruum
683 931 783 988 fuit
817 951 830 987 :
860 943 920 990 ut
946 949 1054 989 non
1090 936 1309 992 delicias
1340 939 1606 1008 ciborum,
1630 944 1723 1009 sed
1748 960 1937 1003 neces-

355 1027 573 1083 sitatem
605 1027 852 1082 humana:
878 1029 1059 1084 carnis
1100 1030 1358 1097 expleret.
1401 1032 1796 1091 Redimiculum
1827 1049 1934 1107 est,

354 1118 497 1189 quod
538 1119 957 1174 succinctorium
985 1121 1099 1176 sive
1127 1123 1330 1178 bracile
1365 1141 1756 1197 nuncupamus,
1789 1132 1934 1201 quod

267 1237 274 1244 -
350 1208 684 1264 descendens
694 1225 793 1280 per
813 1213 1104 1279 cervicem,
1127 1223 1182 1269 et
1207 1232 1236 1270 a
1254 1216 1512 1274 lateribus
1533 1221 1656 1276 colli
1678 1223 1932 1291 divisum,

347 1309 701 1372 utrarumque
728 1303 936 1358 alarum
953 1307 1102 1362 sinus
1127 1310 1294 1364 ambit
1320 1319 1481 1382 atque
1509 1315 1637 1370 hinc
1657 1316 1780 1372 inde
1811 1333 1934 1373 suc-

345 1394 537 1466 cingit,
563 1403 623 1448 ut
646 1399 1020 1469 constringens
1047 1399 1410 1470 latitudinem,
1438 1415 1618 1463 vestes
1645 1410 1712 1464 ad
1735 1425 1932 1481 corpus

345 1485 656 1552 contrahat,
693 1495 856 1558 atque
895 1488 1267 1562 coniungendo
1294 1507 1604 1566 componat.
1637 1498 1750 1555 Hoc
1770 1501 1930 1573 vulgo
1981 1518 1985 1523 ·

343 1577 549 1634 bracile
577 1579 731 1650 quasi
777 1581 1053 1639 brachiale
1094 1585 1313 1652 dicunt;
1353 1591 1600 1658 quamvis
1641 1608 1783 1648 nunc
1817 1608 1927 1648 non

341 1668 713 1738 brachiorum,
743 1672 838 1728 sed
873 1689 1063 1730 renum
1093 1676 1165 1732 sit
1197 1679 1490 1749 cingulum.
1519 1681 1688 1750 Hujus
1709 1684 1925 1739 habitus

2050 485 2162 538 rios
2185 499 2336 553 vero,
2363 502 2470 544 non
2494 505 2523 544 a
2550 491 2686 546 callo
2708 495 2927 562 pedum,
2953 499 3046 552 sed
3069 515 3098 554 a
3122 500 3258 568 calo,
3282 503 3332 558 id
3361 514 3465 572 est,
3481 485 3626 579 ligno

2047 586 2286 642 vocatus,
2321 580 2438 636 sine
2461 596 2571 652 quo
2611 587 2802 640 consui
2837 587 3206 646 calceamenta
3233 609 3339 649 non
3374 611 3624 667 possunt,

2045 682 2180 736 quos
2207 669 2379 724 Graeci
2427 671 2714 742 calopodas
2744 675 2949 730 dicunt.
2995 677 3221 735 Ficbant
3262 693 3443 740 autem
3473 689 3626 756 prius

2044 775 2110 815 ex
2136 761 2300 818 salice
2323 772 2561 831 tantum;
2592 767 2716 824 hinc
2743 777 2799 823 et
2817 769 3182 827 calceamenta
3214 775 3378 842 dicta,
3401 779 3544 848 quod
3562 779 3620 835 in

2043 851 2180 918 calo,
2199 853 2250 908 id
2265 863 2347 909 est
2360 854 2504 931 ligno
2527 857 2677 926 ﬁant,
2693 860 2774 915 vel
2798 863 2938 932 quod
2955 864 3247 921 calcentur.
3273 866 3622 928 Calceamen-

2041 948 2095 995 ta
2119 956 2248 1013 ergo
2270 948 2496 1016 mystice
2524 949 2832 1020 signiﬁcant
2860 954 3297 1023 praedicationem
3330 960 3481 1029 pacis
3499 1002 3515 1028 ,
3554 964 3622 1019 dc

2039 1034 2234 1104 quibus
2276 1039 2537 1108 propheta
2594 1041 2671 1095 ait
2719 1060 2732 1096 :
2777 1041 2947 1108 Quam
3009 1048 3227 1115 speciosi
3283 1060 3404 1104 sunt
3467 1067 3626 1122 super

2038 1133 2236 1180 montes
2291 1129 2444 1197 pedes
2487 1130 2953 1202 euangelizandum
3018 1153 3218 1204 pacem,
3277 1139 3621 1208 prwdicantes

2038 1212 2228 1268 bonum
2251 1217 2273 1268 !
2325 1216 2459 1288 (Isa.
2503 1220 2624 1292 ιιι.)
2654 1220 2720 1274 Ει
2762 1221 3050 1291 Apostolus
3081 1242 3095 1279 :
3131 1226 3384 1292 Calceati,
3423 1229 3618 1298 inquit,

2033 1305 2188 1374 pedes
2213 1306 2269 1360 in
2294 1311 2678 1377 prwparatione
2705 1309 2980 1384 Evangelii
3001 1317 3145 1385 pacis
3171 1316 3330 1388 (Eph.
3355 1318 3453 1390 v1).
3479 1319 3618 1376 Hinc

2036 1403 2092 1449 et
2129 1396 2184 1450 in
2237 1395 2522 1453 Ezechiele
2572 1402 2835 1471 scriptum
2870 1413 2953 1458 est
2983 1423 2995 1458 :
3031 1404 3271 1462 Calceavi
3301 1418 3349 1462 te
3395 1410 3619 1484 hyacin-

2035 1485 2202 1551 thina,
2251 1487 2306 1542 id
2353 1496 2435 1542 est
2483 1504 2578 1559 spe
2610 1491 2838 1558 cmlesti,
2893 1504 2940 1548 et
2971 1495 3342 1564 calceamento,
3369 1499 3620 1569 exemplo

2033 1577 2281 1634 videlicet
2303 1584 2718 1650 praecedentium
2746 1593 2980 1655 patrum.
3011 1587 3087 1644 De
3111 1604 3217 1659 quo
3241 1590 3295 1645 in
3321 1589 3520 1652 .Exodo
3543 1592 3622 1648 le-

2035 1670 2180 1742 gitur
2213 1690 2226 1726 :
2263 1671 2332 1726 Et
2381 1659 2732 1732 calceamenta
2773 1677 3026 1733 habebitis
3072 1682 3126 1734 in
3173 1682 3390 1752 pedibus
3433 1683 3618 1740 vestris

341 1761 787 1840 consuetudinem
814 1767 1066 1821 monachi
1107 1767 1412 1824 habuerunt
1432 1770 1485 1825 in
1511 1769 1750 1844 Egypto
1772 1789 1922 1830 com-
1949 1767 1996 1828 B
2027 1761 2224 1832 (Εποάο
2282 1763 2403 1830 ω)-
2465 1764 2597 1820 “cm
2649 1767 3012 1823 οδΙοθῖηηθηῑθ
3038 1787 3201 1841 Opem
3245 1781 3372 1828 δυηῑ
3416 1783 3621 1831 Nona"

339 1859 636 1918 morantes,
666 1851 742 1906 ita
767 1861 828 1908 ut
851 1853 1091 1912 brachiis
1120 1856 1336 1930 impigri
1364 1860 1432 1915 ad
1457 1876 1619 1918 omne
1650 1878 1802 1934 opus,
1831 1880 1926 1932 ex:

338 1944 618 2017 peditique
644 1947 1019 2017 redderentur,
1047 1949 1176 2006 illud
1196 1951 1438 2024 Apostoli
1458 1965 1786 2026 praeceptum
1814 1967 1928 2013 stu-

337 2036 529 2092 dentes
553 2037 701 2091 omni
722 2035 925 2094 virtute
949 2040 1255 2112 complere:
1280 2043 1418 2110 Quia
1446 2060 1549 2100 non
1578 2047 1746 2100 solum
1772 2049 1920 2116 mihi,

339 2125 432 2181 sed
457 2127 614 2181 etiam
642 2126 725 2182 his
747 2129 836 2199 qui
855 2145 1057 2186 mecum
1086 2143 1258 2201 erant,
1281 2135 1710 2194 ministraverunt
1733 2157 1925 2197 manus

335 2215 454 2272 ista:
475 2229 496 2269 .'
533 2233 694 2288 neque
717 2235 906 2289 panem
937 2221 1002 2274 ab
1041 2222 1217 2294 aliquo
1247 2227 1414 2296 gratis
1469 2228 1920 2298 manducavimus,

334 2310 428 2366 sed
456 2309 512 2364 in
543 2309 718 2365 labore
741 2319 789 2366 et
813 2311 1123 2385 fatigatione
1151 2327 1300 2372 nocte
1321 2336 1384 2372 ac
1415 2319 1500 2374 die
1525 2330 1820 2390 operantes,
1859 2341 1924 2378 ne

333 2417 488 2473 quem
543 2411 765 2456 vestrum
801 2419 1141 2473 gravaremus
1189 2405 1276 2479 (11
1326 2408 1505 2465 Thess.
1560 2411 1666 2484 ιιι).
1713 2413 1782 2469 Ει
1817 2433 1828 2468 :
1861 2413 1923 2470 Si

332 2491 452 2564 quis
496 2506 601 2545 non
644 2492 751 2548 vult
779 2496 1009 2562 operari,
1035 2513 1128 2551 nec
1151 2498 1429 2554 manducet
1453 2500 1667 2573 (Ibid.).
1696 2502 1924 2560 Succin-

332 2579 568 2637 ctorium
597 2589 783 2638 autem
823 2591 1096 2652 vocatum,
1123 2587 1263 2656 quod
1303 2588 1387 2658 (ut
1425 2591 1629 2647 dictum
1658 2593 1765 2666 est)
1820 2596 1921 2650 sub

330 2669 572 2727 brachiis
591 2673 812 2728 ductum
841 2674 1049 2730 alarum
1071 2678 1249 2732 sinum
1275 2679 1444 2735 ambit
1469 2691 1630 2751 atque
1653 2683 1781 2738 hinc
1796 2685 1920 2740 inde

330 2763 616 2835 succingit.
679 2763 1112 2823 Suocinctorium
1174 2778 1353 2826 autem
1409 2772 1679 2843 signiﬁcat
1721 2777 1918 2832 solida-

329 2851 818 2922 mentutnjustitia:
846 2863 902 2910 et
925 2857 1212 2914 veritatis:
1246 2862 1390 2917 unde
1415 2866 1675 2935 scriptum
1728 2877 1816 2922 est
1859 2868 1917 2922 in

329 2943 466 2998 Isaia
510 2944 577 2998 de
611 2943 840 3000 Domino
874 2961 889 3000 :
919 2945 989 3001 Et
1017 2949 1116 3002 erit
1157 2951 1375 3020 justitia
1411 2955 1678 3026 cingulum
1708 2956 1914 3012 lumbo-

331 3044 450 3082 rum
497 3029 634 3098 ejus,
682 3039 731 3084 et
769 3031 901 3101 ﬁdes
943 3035 1253 3091 cinctorium
1283 3056 1467 3095 renum
1488 3043 1603 3112 ejus
1635 3043 1768 3115 (Isa.
1799 3046 1910 3118 x1);

329 3119 453 3189 quia
484 3119 592 3189 ipse
612 3119 788 3187 [actus
813 3131 888 3178 est
919 3125 1066 3180 nobis
1101 3143 1134 3180 a
1179 3127 1291 3183 Deo
1332 3132 1586 3202 sapientia
1617 3113 1663 3187 et
1697 3113 1914 3206 justitia

2028 3123 2166 3180 scari
2191 3123 2357 3194 pedes
2404 3124 2662 3179 sandaliis
2689 3125 2770 3180 vel
2801 3125 2962 3180 soleis
2997 3144 3008 3179 :
3036 3137 3201 3195 utpes
3236 3140 3412 3196 neque
3445 3135 3619 3183 tectus
3711 3123 3718 3126 ’

331 3219 381 3264 et
403 3210 746 3279 sanctiﬁcatio
779 3225 826 3268 et
860 3215 1141 3286 redemptio
1188 3219 1237 3292 (l
1265 3218 1387 3276 Cor.
1421 3222 1463 3295 ι)
1489 3239 1503 3288 ;
1533 3225 1625 3294 qui
1656 3226 1709 3280 in
1734 3226 1914 3282 Evan-

331 3308 470 3377 gelio
492 3309 816 3381 loquebatur
849 3328 862 3365 :
887 3312 1002 3384 Ego
1033 3331 1148 3368 sum
1175 3314 1269 3368 tua:
1289 3323 1337 3369 et
1359 3317 1462 3381 via,
1507 3318 1610 3371 vita
1633 3328 1682 3372 et
1723 3322 1915 3375 veritas

329 3400 512 3474 (Joan.
565 3402 716 3477 XIV);
778 3404 844 3459 de
868 3419 974 3474 quo
1013 3406 1067 3460 in
1099 3407 1321 3477 psalmis
1345 3409 1542 3464 dicitur
1575 3429 1586 3463 :
1622 3408 1823 3466 Veritas
1853 3413 1918 3468 de

243 3513 252 3518 ·
329 3502 471 3549 terra
527 3503 643 3549 orta
687 3504 783 3561 est,
826 3504 874 3550 et
921 3496 1136 3567 justitia
1179 3497 1244 3550 de
1287 3498 1412 3553 cwlo
1447 3501 1707 3571 prospexit
1739 3501 1914 3574 (Psal.

326 3585 550 3658 Lxxxw)
569 3601 583 3650 ;
611 3585 756 3641 unde
768 3594 823 3640 et
835 3585 1123 3657 Apostolus
1135 3589 1383 3643 hortatur
1395 3590 1680 3660 Ephesios,
1697 3591 1882 3648 dicens
1901 3611 1914 3646 :

325 3675 476 3732 State
495 3691 615 3744 ergo
665 3677 918 3729 succincti
947 3676 1148 3732 lumbos
1195 3689 1388 3734 vestros
1433 3682 1486 3734 in
1509 3685 1738 3747 veritate,
1772 3693 1819 3736 et
1836 3685 1920 3737 in-

324 3767 445 3822 duti
479 3765 645 3820 lorica
698 3765 926 3837 justitite
976 3765 1195 3838 (Ephes.
1255 3769 1352 3841 vi).
1407 3770 1596 3826 Fascia
1653 3783 1758 3839 est,
1811 3789 1918 3844 qua

327 3858 533 3931 tegitur
557 3866 768 3928 pectus,
797 3866 852 3912 et
878 3858 1090 3929 papillae
1131 3860 1582 3930 comprimuntur,
1622 3873 1784 3934 atque
1821 3865 1923 3920 cri-

325 3958 519 4022 spante
548 3948 763 4019 cingulo
804 3951 1086 4022 angustius
1133 3960 1321 4021 pectus
1371 3963 1631 4019 arctatur,
1676 3966 1731 4010 et
1778 3957 1919 4014 dicta

326 4037 532 4106 fascia,
586 4039 729 4110 quod
778 4039 836 4094 in
885 4041 1104 4096 modum
1152 4041 1397 4098 fasciculi
1451 4061 1644 4114 corpus
1705 4049 1916 4120 alligat;

324 4130 455 4187 hinc
483 4137 539 4183 et
586 4127 840 4194 fasciolis,
888 4131 1085 4200 quibus
1115 4131 1344 4188 vulnera
1383 4134 1671 4204 alligantur
1701 4151 1715 4190 :
1743 4146 1924 4208 potest

333 4228 513 4276 autem
543 4219 600 4273 in
622 4218 790 4274 fascia
817 4218 1047 4276 sollicita
1086 4224 1284 4279 mentis
1313 4226 1557 4282 custodia
1594 4241 1721 4298 erga
1776 4229 1922 4300 cogi-

329 4307 566 4364 tationes
607 4321 893 4379 perversas
954 4319 1008 4364 et
1067 4311 1333 4368 desideria
1389 4316 1580 4371 nociva
1651 4319 1916 4390 intelligi,

330 4415 491 4472 quam
529 4398 745 4465 mulier,
774 4399 878 4455 hoc
915 4409 1021 4468 cst,
1052 4401 1225 4460 ﬁdelis
1251 4406 1431 4460 anima
1463 4408 1528 4462 ad
1552 4411 1920 4465 conservatio-

2031 1852 2220 1920 litatis,
2257 1854 2342 1909 vel
2370 1857 2614 1927 exempla
2662 1873 2956 1927 pravorum
3003 1861 3302 1930 hominum,
3337 1879 3367 1917 a
3419 1865 3621 1936 quibus

2029 1943 2298 2000 Dominus
2323 1946 2610 2016 Apostolos
2638 1949 2915 2018 prohibuit
2942 1951 2998 2006 in
3038 1951 3347 2024 Evangelio,
3381 1956 3567 2011 dicens
3599 1973 3614 2010 :

2030 2030 2213 2102 Neque
2262 2033 2615 2090 calceamenta
2672 2039 2947 2107 portabitis
2999 2041 3054 2094 in
3108 2041 3189 2095 via
3271 2041 3487 2114 (Matth.
3536 2043 3614 2115 ι).

2028 2120 2233 2187 Ocrete,
2267 2123 2471 2178 tibialia
2494 2125 2860 2182 calceamenta
2885 2138 3028 2194 sunt,
3059 2132 3202 2200 quod
3224 2147 3386 2188 crura
3413 2142 3616 2202 tegant.

2026 2207 2288 2264 Cothurni
2318 2219 2466 2277 sunt,
2497 2213 2692 2283 quibus
2733 2215 3118 2272 ealceabantur
3147 2221 3396 2291 tragoedi,
3430 2223 3522 2292 qui
3560 2223 3614 2277 in

2027 2299 2240 2355 theatro
2268 2301 2464 2357 dicturi
2488 2312 2663 2369 erant,
2727 2314 2781 2357 et
2803 2305 2910 2359 alta
2937 2306 3312 2378 intonantique
3341 2325 3472 2365 voce
3499 2326 3620 2367 car-

2025 2391 2172 2446 mina
2213 2394 2507 2448 cantaturi.
2537 2393 2637 2449 Est
2676 2395 2822 2450 enim
2847 2396 3278 2453 calceamentum
3308 2400 3364 2456 in
3393 2402 3614 2457 modum

2021 2483 2387 2550 crepidarum,
2413 2499 2520 2554 quo
2549 2485 2743 2541 heroes
2765 2487 3092 2554 utebantur;
3116 2491 3211 2544 sed
3271 2488 3377 2544 tale
3405 2499 3510 2557 est,
3557 2498 3619 2547 ut

2021 2584 2076 2629 et
2129 2576 2321 2632 dextro
2381 2586 2438 2632 et
2491 2577 2626 2635 laevo
2679 2580 2966 2636 conveniat
3017 2582 3161 2652 pedi.
3217 2582 3390 2638 Soleae
3456 2594 3616 2654 sunt,

2021 2667 2218 2736 quibus
2249 2676 2456 2724 tantum
2479 2671 2674 2741 pedum
2698 2672 2896 2743 plantae
2925 2682 3196 2741 teguntur,
3249 2676 3406 2730 dicta:
3427 2691 3458 2730 a
3500 2678 3618 2734 solo

2018 2756 2231 2827 pedum.
2263 2759 2395 2815 item
2435 2761 2595 2817 solea:
2635 2763 2942 2819 materiales
2988 2778 3055 2818 ex
3086 2766 3316 2821 materia
3346 2767 3496 2822 corio
3536 2768 3618 2823 in-

2021 2858 2187 2904 texta.
2219 2850 2442 2923 Mystice
2473 2853 2634 2908 solea:
2679 2853 2794 2909 sive
2833 2854 3072 2908 sandalia
3101 2855 3480 2912 discretionem
3512 2855 3614 2912 do-

2019 2941 2210 2997 ctrina:
2240 2943 2585 3014 signiﬁcant;
2633 2944 2777 2999 unde
2805 2945 3066 3000 Dominus
3098 2948 3152 3000 in
3193 2946 3486 3017 Evangelio
3529 2961 3618 3002 se-

2017 3033 2253 3087 cundum
2301 3033 2540 3089 Marcum
2572 3031 2766 3104 (Marc.
2796 3034 2900 3105 vi),
2943 3034 3108 3105 jussit
3157 3035 3447 3105 discipulos
3505 3035 3617 3091 cal-

2020 3216 2109 3283 sit,
2147 3232 2250 3272 nec
2280 3225 2424 3272 totus
2461 3216 2639 3271 nudus
2690 3217 2759 3271 ad
2797 3225 2998 3272 terram
3035 3219 3220 3288 :quod
3264 3218 3488 3289 mystice
3537 3219 3616 3278 si-

2019 3306 2258 3378 gniﬁcat,
2283 3316 2341 3361 ut
2382 3323 2482 3360 nec
2503 3306 2803 3361 occultetur
2827 3306 3199 3377 Evangelium,
3233 3322 3335 3364 nec
3381 3311 3618 3365 terrenis

2021 3400 2321 3456 commodis
2349 3399 2631 3454 innitatur.
2659 3397 2841 3464 Socci,
2868 3397 3421 3468 cujus'diminutivum
3444 3399 3618 3454 socel-

2020 3491 2079 3557 li,
2101 3491 2355 3560 appellati
2388 3490 2532 3556 inde,
2562 3491 2703 3560 quod
2728 3505 2945 3545 saccum
2985 3490 3240 3554 habeant,
3261 3491 3315 3544 in
3339 3507 3447 3560 quo
3485 3506 3617 3562 pars

2021 3582 2218 3653 planta:
2241 3579 2496 3651 injicitur.
2515 3581 2832 3636 Caliculaa...
2857 3580 3076 3654 Caligae,
3101 3581 3235 3635 vela
3257 3580 3394 3636 callo
3417 3580 3615 3652 pedum

2023 3673 2201 3737 dictat,
2228 3672 2312 3726 vel
2340 3672 2465 3742 quia
2487 3672 2720 3743 ligantur
2751 3690 2764 3725 :
2793 3688 2921 3727 nam
2943 3671 3084 3726 socci
3109 3687 3214 3725 non
3243 3671 3498 3743 ligantur,
3521 3671 3616 3726 sed

2023 3772 2234 3818 tantum
2272 3765 2724 3820 intromittuntur.
2774 3763 2998 3820 Caliculi
3030 3780 3160 3819 vero
3192 3764 3305 3819 sive
3341 3763 3525 3836 caligae
3560 3761 3616 3819 in

2021 3857 2245 3911 Actibus
2256 3855 2620 3927 apostolorum
2636 3857 3162 3929 describuntur(Act.
3180 3858 3302 3928 xu),
3321 3859 3410 3914 ubi
3424 3858 3618 3914 Petrus

2022 3946 2310 4018 Apostolus
2337 3946 2532 4017 legitur
2561 3949 2630 4001 ab
2658 3949 2864 4018 Angelo
2905 3950 3232 4016 admonitus,
3268 3959 3326 4004 ut
3349 3950 3618 4006 calcearet

2023 4051 2081 4090 sc
2132 4037 2321 4110 caligis
2356 4037 2488 4103 suis,
2513 4046 2568 4092 et
2612 4048 2929 4108 sequeretur
2961 4053 3106 4104 eum,
3138 4040 3282 4108 quod
3327 4039 3614 4112 signiﬁcat,

2024 4137 2084 4183 ut
2110 4128 2317 4184 solutus
2347 4146 2378 4204 a
2405 4128 2634 4185 vinculis
2674 4129 2906 4184 terrenis
2946 4129 3170 4184 liberius
3199 4131 3303 4184 iret
3329 4132 3394 4185 ad
3425 4131 3617 4201 praedi-

2025 4219 2290 4275 cationem
2315 4218 2612 4288 Evangelii.
2641 4219 2900 4292 Corrigim
2935 4237 2965 4275 a
3007 4221 3169 4276 coriis
3218 4231 3501 4287 vocantur,
3532 4223 3615 4280 vel

2024 4323 2056 4363 a
2095 4307 2457 4380 colligationc,
2489 4311 2642 4379 quasi
2679 4309 2926 4381 colligim.
2957 4309 3201 4381 Corrigia
3228 4326 3358 4382 ergo
3387 4314 3614 4382 mystice

2025 4400 2336 4473 ligationem
2383 4401 2692 4473 signiﬁcant
2733 4402 2976 4473 mysterii
3004 4419 3018 4468 ;
3048 4405 3190 4457 unde
3236 4401 3473 4459 Joannes
3512 4403 3615 4458 Ba-

327 4507 450 4547 nem
477 4495 560 4548 sui
604 4488 919 4560 sibimetipsi
960 4494 1210 4560 adhibet;
1247 4496 1390 4550 unde
1437 4497 1570 4552 dicit
1608 4501 1870 4570 pr0pheta
1898 4518 1912 4554 :
1943 4474 1996 4533 D
2020 4499 2184 4568 ptista
2214 4501 2279 4555 dc
2306 4500 2532 4554 Domino
2575 4500 2686 4554 ait:
2741 4497 2906 4570 Cujus
2953 4517 3056 4554 non
3083 4517 3200 4554 sum
3241 4502 3428 4572 dignus
3453 4501 3617 4556 corri-

333 4585 588 4660 Nunquid
625 4599 791 4663 potest
837 4591 1068 4646 oblivisci
1120 4589 1310 4644 mulier
1348 4593 1639 4646 ornamenti
1673 4593 1779 4658 sui,
1826 4601 1918 4646 aut

333 4679 511 4738 ἀδείας
533 4683 810 4754 pectoralis
835 4685 987 4740 sure?
1008 4691 1114 4740 etc.
1147 4682 1279 4754 (Jer.
1305 4683 1390 4754 ll).

921 4792 1150 4848 CAPUT
1179 4791 1367 4850 XXVI.

891 4863 964 4918 De
1004 4863 1386 4918 calceamentis.

385 4942 628 5018 ,Sutores
646 4957 940 5040 nuncupati
956 4963 1103 5024 sunt,
1121 4955 1263 5026 quod
1282 4956 1503 5012 insertis
1519 4955 1610 5012 ﬁlo
1630 4971 1918 5028 porcorum

556 5655 558 5660 ’
643 5631 928 5724 Ῥλτίοι.
973 5655 1142 5724 CXI.”
1213 5669 1216 5674 ’

2021 4593 2158 4663 giam
2187 4591 2526 4662 calceamenti
2551 4591 2745 4646 solvere
2783 4591 2978 4662 (Marc.
3009 4592 3071 4663 ι),
3120 4592 3174 4646 id
3213 4601 3316 4658 est,
3359 4593 3615 4663 mysteria

2024 4680 2413 4735 incarnationis
2445 4682 2563 4750 ejus
2595 4681 2877 4746 revelare;
2907 4681 2990 4735 vel
3016 4681 3212 4735 aliter:
3240 4679 3357 4735 Non
3394 4695 3514 4734 sum
3541 4679 3618 4733 di-

2025 4786 2162 4842 gnus
2192 4771 2309 4840 ejus
2331 4773 2696 4829 calceamenta
2734 4782 2975 4843 portare,
3001 4773 3054 4827 id
3075 4779 3179 4840 est,
3203 4785 3402 4828 nomen
3432 4771 3615 4841 sponsi

2025 4872 2158 4930 mihi
2190 4882 2470 4940 usurpare.
3111 4881 3124 4892 ‘
