4038 6324
459 338 567 400 ΞΒῚ

1092 344 1156 400 Β.
1196 344 1453 402 MBAN]
1491 345 1714 403 MAURI
1749 344 2069 401 ARCIIIEP.
2109 345 2419 404 MOGUNT.
2461 348 2747 408 OPEBUM
2784 350 2964 408 PARS
3000 350 3066 408 Il.

480 527 3752 563 ww

1214 626 1225 635 ’
1316 680 1616 765 LIBER
1669 680 2240 766 VIGESIMUS
2297 678 2870 773 SECUNDUS.

1892 864 2312 890 ψ

970 983 1197 1042 CAPUT
1233 981 1522 1040 PRIMUM.

950 1076 1028 1132 De
1076 1076 1267 1132 mensis
1311 1083 1360 1130 et
1389 1076 1539 1131 escis.

520 1177 734 1234 Primus
752 1170 1012 1229 Daedalus
1042 1185 1285 1226 mensam
1311 1176 1366 1223 et
1393 1162 1581 1224 sellam
1610 1167 1759 1224 fecit.
1788 1165 2045 1239 Coquinze

450 1277 765 1344 apparatum
809 1265 1030 1337 Apicius
1068 1263 1286 1333 quidam
1331 1260 1537 1331 primus
1579 1259 1904 1329 composuit,
1948 1260 2043 1331 qui

448 1363 503 1416 in
538 1376 605 1416 eo
646 1357 934 1428 assumptis
979 1355 1138 1410 bonis
1188 1361 1365 1408 morte
1402 1352 1709 1408 voluntaria
1752 1351 1934 1422 periit,
1985 1361 2043 1408 et

445 1454 673 1517 merito,
721 1452 845 1521 quia
896 1450 945 1504 is
996 1449 1089 1519 qui
1137 1448 1275 1521 gula;
1336 1454 1499 1517 atque
1543 1447 1801 1502 edacitatis
1847 1448 2041 1514 servit,

443 1552 500 1600 et
529 1545 767 1599 animum
804 1551 862 1598 et
886 1555 1086 1612 θοι-βω
1139 1539 1415 1594 interﬁcit.
1467 1538 1551 1594 Ab
1577 1554 1674 1594 esu
1716 1548 1773 1594 et
1816 1554 2041 1596 comesa

441 1650 642 1692 mensae
681 1634 884 1690 factm
926 1630 1248 1689 vocabulum
1273 1646 1289 1685 :
1313 1630 1519 1685 nullum
1556 1631 1703 1687 enim
1748 1630 1919 1701 nium
1942 1630 2037 1685 ba-

440 1728 533 1785 bet
567 1743 745 1783 usum.
794 1726 1041 1796 Coquere
1073 1739 1204 1795 ergo
1245 1721 1514 1799 signiﬁcat
1556 1722 1788 1778 verbum
1819 1719 2035 1778 Domini

440 1818 710 1874 subtiliter
738 1817 792 1872 in
820 1815 984 1872 corde
1030 1815 1230 1871 debere
1272 1814 1543 1880 meditari,
1592 1813 1699 1869 hoc
1743 1822 1843 1878 est,
1890 1829 2033 1884 qua-

438 1910 484 1963 si
535 1916 713 1964 mente
755 1909 1101 1978 decoquere:
1155 1905 1311 1975 cujus
1362 1907 1513 1962 verbi
1564 1907 1932 1977 frequentatio
1976 1907 2033 1961 in

438 1997 576 2052 libro
622 1997 847 2052 Levitici
898 1996 1187 2066 reperitur.
1258 1995 1556 2050 Comedere
1608 1996 1757 2051 enim
1802 1996 2032 2068 mystice

436 2090 706 2160 signiﬁcat
746 2090 915 2145 verba
962 2090 1139 2144 divina
1184 2089 1501 2159 spiritaliter
1553 2104 1792 2157 sumere,
1836 2099 1892 2146 et
1934 2106 2030 2162 pa-

435 2196 559 2236 nem
600 2182 771 2247 illum,
820 2182 915 2251 qui
953 2182 1021 2236 de
1051 2181 1194 2236 calo
1223 2182 1499 2236 descendit
1527 2181 1710 2254 (lacn.
1758 2181 1839 2252 νι)
1872 2182 2037 2238 avide

434 2273 731 2339 delectare;
789 2273 932 2328 unde
970 2274 1028 2327 in
1079 2272 1230 2328 Joele
1269 2274 1573 2343 scriptum:
1632 2272 1703 2327 Et
1745 2274 2024 2329 comedetis

2072 995 2127 1052 Α
2151 978 2282 1038 dicit
2305 976 2593 1053 Apostolus
2622 996 2636 1035 :
2668 976 2932 1038 Habentes
2970 982 3146 1039 autem
3188 984 3380 1040 victum
3404 990 3454 1041 et
3484 990 3754 1059 vestitum,

2148 1072 2285 1140 sive,
2326 1080 2386 1127 ut
2413 1072 2468 1127 in
2497 1062 2619 1128 aliis
2646 1070 3044 1145 exemplaribus
3078 1070 3326 1147 legimus,
3358 1074 3622 1136 Habentes
3651 1082 3761 1137 ali-

2145 1177 2322 1222 menta
2365 1177 2412 1221 et
2450 1166 2769 1236 operimenta
2812 1167 2892 1222 Itis
2934 1168 3162 1224 contenti
3202 1172 3365 1226 simus
3393 1170 3448 1244 (Ι
3478 1170 3613 1228 Tim.
3650 1174 3751 1248 γι).

2144 1254 2223 1317 Ac
2250 1259 2296 1314 si
2335 1254 2540 1314 diceret
2578 1273 2593 1312 :
2633 1252 2843 1314 Sufﬁcit
2882 1258 2972 1315 illa
3018 1260 3242 1327 habere,
3297 1276 3418 1334 qua:
3466 1268 3533 1321 ad
3588 1284 3755 1322 usum
3815 1249 3835 1271 ⁸

2146 1356 2271 1407 sunt
2320 1348 2478 1406 nobis
2525 1351 2849 1427 necessaria.
2915 1344 3041 1410 Htec
3095 1346 3237 1407 enim
3295 1348 3538 1410 fruemur
3596 1354 3750 1425 sola;

2143 1448 2338 1499 caetera
2370 1458 2500 1498 vero
2533 1442 2579 1498 si
2628 1442 2898 1499 cumulata
2949 1440 3176 1510 fuerint,
3204 1440 3325 1500 aliis
3374 1445 3752 1521 relinquamus

2143 1528 2198 1589 in
2228 1528 2468 1591 modum.
2522 1528 2795 1590 Habentes
2835 1536 3012 1594 autem
3064 1534 3318 1592 alimenta
3359 1546 3417 1593 et
3441 1541 3752 1609 operimen-

2142 1628 2217 1690 ta,
2248 1633 2304 1679 et
2330 1623 2415 1679 his
2444 1625 2682 1679 contenti
2710 1625 2925 1679 simus:
2950 1626 3296 1696 operimenta,
3328 1628 3599 1699 inquiens,
3632 1640 3750 1687 non

2138 1712 2464 1783 vestimenta,
2498 1722 2559 1771 ut
2612 1712 2667 1771 in
2712 1714 3032 1787 quibusdam
3080 1716 3293 1775 Latinis
3339 1720 3748 1791 exemplaribus

2138 1824 2245 1863 non
2286 1809 2503 1881 proprie
2553 1808 2903 1879 exprimitur,
2952 1808 3013 1866 id
3049 1816 3163 1878 est,
3218 1828 3567 1885 quas-corpus
3613 1822 3748 1887 Ope-

2137 1896 2299 1966 ri'ant,
2350 1910 2459 1955 non
2492 1916 2613 1972 quae
2653 1899 2883 1956 amictus
2920 1900 3090 1970 gleria
3113 1898 3480 1959 blandiantur.
3508 1898 3747 1975 Opulen-

2135 1994 2213 2048 tia
2257 1988 2325 2049 ab
2364 2006 2465 2064 ope
2508 1988 2650 2048 dicta
2697 1999 2798 2060 est,
2844 2009 3009 2069 quam
3055 1992 3103 2049 si
3158 1988 3437 2062 discutias,
3496 1996 3747 2053 invenies

2134 2088 2255 2139 eam
2286 2093 2471 2141 tenere
2504 2083 2727 2141 modum
2754 2102 2765 2139 :
2797 2100 2920 2140 nam
2950 2082 3220 2157 quomodo
3246 2080 3562 2161 opitulatur,
3593 2088 3743 2161 quod

2131 2170 2356 2231 nimium
2405 2184 2683 2233 est:cum
2722 2171 3117 2234 incommodius
3165 2174 3257 2245 sit,
3303 2194 3465 2251 quam
3509 2180 3746 2252 paraui?

2131 2262 2430 2341 Opulentiae
2478 2277 2659 2329 autem
2709 2280 2904 2324 nomen
2949 2286 3057 2326 non
3107 2266 3283 2327 solum
3319 2268 3389 2325 ad
3427 2269 3743 2343 corporales

431 2373 709 2430 vescentes,
764 2372 813 2418 et
863 2364 1247 2431 saturabimini,
1304 2375 1352 2419 et
1408 2364 1693 2420 laudabitis
1740 2364 2026 2420 Dominum
2055 2358 2103 2418 Β
2132 2355 2240 2426 res;
2272 2352 2367 2417 sed
2394 2358 2557 2417 etiam
2603 2360 2671 2415 ad
2714 2354 2986 2431 spiritales
3014 2354 3275 2431 pertinet;
3306 2354 3433 2433 quia
3460 2378 3592 2435 epes
3621 2362 3743 2421 fue-

429 2454 597 2509 Deum
622 2462 853 2511 vestrum
890 2454 1050 2527 (laet.
1098 2455 1181 2529 ιι).
1206 2456 1385 2512 Torus
1411 2457 1611 2512 dicitur
1638 2473 1670 2511 a
1708 2458 1867 2514 tortis
1907 2459 2030 2513 her-

426 2546 531 2611 bis,
571 2560 693 2618 quae
737 2545 1171 2602 accumbentium
1198 2548 1443 2603 humeris
1481 2556 1876 2620 supponuntur.
1912 2547 2024 2603 Sti-

428 2638 647 2692 badium
690 2648 723 2691 a
763 2638 1040 2708 stipitibus
1085 2638 1322 2707 dictum,
1376 2642 1527 2711 quasi
1581 2642 1868 2711 stipendium
1901 2664 1914 2699 ε
1948 2646 2033 2701 sie

430 2729 574 2785 enim
614 2731 769 2801 prius
804 2732 1065 2802 scriptum
1112 2738 1216 2788 est.
1265 2732 1591 2789 Convivium-
1635 2737 1777 2807 apud
1806 2736 2029 2794 (hiscas

426 2837 461 2875 α
502 2823 900 2892 computatione
944 2825 1278 2895 smnpssion,
1316 2826 1459 2896 apud
1514 2844 1621 2884 nos
1660 2841 1793 2903 vero
1832 2845 1865 2884 a
1892 2843 2026 2885 em-

424 2912 575 2967 victu
609 2914 814 2970 rectius
854 2913 1174 2985 appellatur,
1228 2917 1312 2972 Vel
1364 2917 1490 2988 quia
1530 2919 1657 2974 vita:
1704 2920 2024 2976 collocatio-

425 3018 552 3060 nem
602 3005 786 3062 habet.
848 3007 981 3062 Item
1050 3009 1358 3066 convivium
1405 3026 1436 3067 a
1488 3012 1834 3069 multitudine
1890 3028 2018 3069 cum

422 3098 759 3155 vescentium
798 3116 812 3154 :
847 3115 975 3156 nam
1024 3101 1233 3172 privata
1275 3116 1460 3160 mensa
1514 3106 1690 3161 victus
1729 3114 1851 3171 est,
1890 3121 2023 3163 aan-

422 3196 625 3253 vivium
651 3210 761 3253 non
778 3205 882 3254 est.
910 3197 1154 3255 Convivii
1185 3198 1379 3270 triplex
1405 3207 1489 3257 est
1507 3203 1701 3258 medus
1731 3218 1745 3257 ε
1784 3203 2024 3259 discum-

422 3288 608 3356 hendi,
646 3289 862 3357 edendi,
885 3291 1177 3348 etbibendi
1222 3294 1656 3362 :discumbendi,
1702 3302 1764 3351 ut
1810 3308 1823 3349 :
1861 3294 2025 3352 Turis

418 3380 557 3452 iussi
589 3381 931 3439 discumbere
961 3384 1140 3455 pictis.
1170 3385 1381 3441 Edendi
1414 3393 1469 3441 ct
1500 3380 1741 3453 bibendi,
1772 3396 1869 3443 ut:

550 3473 813 3545 Postquam
834 3476 981 3537 prima
1006 3476 1149 3537 quies
1171 3476 1346 3539 epulis,
1374 3484 1655 3545 mensaque
1676 3487 1910 3545 remoto,

548 3534 779 3588 Crateras
805 3534 1010 3599 magnos
1025 3534 1269 3601 statuunt,
1296 3534 1351 3589 et
1372 3542 1483 3589 vina
1507 3534 1757 3593 coronant.

419 3617 735 3676 Convivium
790 3630 971 3677 autem
1024 3622 1248 3693 mystice
1304 3623 1420 3678 sive
1468 3634 1670 3681 sanctae
1721 3622 2015 3697 Scriptura:

419 3711 822 3768 meditationem
867 3712 1154 3784 signiﬁcat,
1203 3713 1297 3769 ubi
1341 3713 1565 3769 refectio
1617 3716 1876 3786 spiritalis
1924 3734 2014 3775 su-e

416 3802 584 3858 mitur
634 3819 650 3858 :
700 3802 787 3857 vel
831 3804 1322 3860 remunerationem
1369 3804 1607 3862 futuram
1654 3808 2007 3877 demonstrat.

415 3893 507 3951 ubi
553 3894 830 3964 plenitudo
875 3895 1115 3950 omnium
1166 3896 1431 3953 bonorum
1479 3899 1681 3956 sanctis
1726 3910 1782 3956 et
1834 3902 2011 3973 dignis

415 3984 724 4043 hominibus
767 3997 1068 4058 praeparata
1112 4005 1232 4045 esse
1269 3990 1526 4047 creditur.
1581 3992 1733 4049 Unde
1769 3994 1827 4048 in
1872 3994 2008 4050 Pro-

414 4076 577 4147 pheta
598 4079 860 4148 scriptum
889 4088 973 4135 est
1001 4095 1017 4135 :
1048 4078 1448 4153 Prwparabitur
1476 4102 1510 4139 a
1538 4085 1759 4143 Domino
1786 4088 1838 4141 in
1866 4104 2010 4142 mon-

413 4177 465 4224 te
495 4170 592 4224 hoc
615 4172 907 4225 convivium
942 4174 1236 4244 pinguium,
1270 4176 1562 4230 convivium
1598 4178 2006 4237 medullatorum

413 4268 463 4315 et
487 4260 764 4316 vindemiae
803 4262 1056 4330 defecatre
1092 4263 1229 4334 (Isa.
1266 4265 1415 4336 xxv).
1447 4267 1613 4323 Cibus
1640 4269 1850 4335 dictus.
1878 4271 2005 4339 quia

415 4353 629 4420 capitur
662 4367 794 4417 ore,
833 4353 991 4407 sicuti
1030 4369 1156 4410 esca
1199 4358 1323 4425 quia
1354 4372 1477 4412 eam
1512 4374 1576 4414 os
1612 4361 1774 4431 capit.
1817 4361 2003 4419 Victus

412 4443 635 4512 proprie
660 4452 905 4509 vocatus,
944 4446 1069 4516 quia
1095 4447 1263 4503 vitam
1299 4451 1498 4506 retinet
1525 4470 1538 4507 :
1567 4453 1714 4509 unde
1743 4462 1798 4508 et
1826 4455 1892 4510 ad
1927 4456 2004 4511 ci-

411 4536 542 4591 bum
579 4550 775 4591 vocare
814 4537 1045 4594 invitare
1105 4540 1322 4596 dicitur.
1370 4542 1639 4600 Alimonia
1675 4545 1892 4612 dicitur,
1936 4562 2001 4604 eo

409 4628 555 4697 quod
605 4629 729 4700 ejus
762 4638 983 4700 Sumpta
1009 4646 1208 4703 corpus
1240 4634 1432 4691 alatur.
1464 4636 1617 4694 Hanc
1654 4637 1885 4709 juvenes
1911 4656 2003 4698 ac.

410 4721 623 4791 cipiunt
650 4724 720 4780 ad
746 4723 1162 4795 incrementum,
1200 4745 1357 4787 senes
1395 4732 1461 4789 ad
1489 4737 1951 4804 perseverantiam
1981 4754 1995 4792 :

409 4829 585 4885 neque
622 4815 765 4870 enim
798 4817 1091 4875 subsistere
1130 4822 1332 4890 poterit
1373 4839 1519 4889 caro,
1574 4827 1687 4882 nisi
1730 4828 2000 4885 conferte-

407 4913 500 4960 tur
547 4906 836 4964 alimentis.
883 4907 1049 4966 Cibus
1087 4913 1233 4967 enim
1273 4923 1366 4970 aut
1404 4917 1840 4987 praedicationem
1881 4937 1997 4976 ser-
2032 4922 2049 4930 ’

406 4996 586 5051 monis
628 4996 835 5053 Domini
868 5001 1154 5072 signiﬁcat,
1192 5014 1285 5058 aut
1318 5005 1650 5063 voluntatem
1689 5009 1786 5065 Dei
1816 5030 1829 5066 :
1858 5016 1999 5069 unde

2133 2459 2261 2506 runt
2281 2442 2423 2524 (sic),
2452 2449 2556 2507 hoc
2579 2454 2685 2517 est,
2722 2444 2923 2506 divitiae
2954 2454 3201 2505 terrente.
3236 2444 3496 2509 Similiter
3522 2460 3581 2508 et
3606 2460 3743 2525 opes

2131 2540 2394 2599 virtutum
2445 2538 2499 2597 in
2552 2538 2849 2614 Scripturis
2894 2540 3165 2613 leguntur,
3216 2555 3335 2615 quae
3379 2544 3554 2616 magis
3598 2542 3742 2602 div'r

2132 2643 2240 2691 tem
2270 2628 2474 2690 faciunt
2512 2626 2807 2700 hominem,
2858 2648 3021 2704 quam
3052 2628 3252 2691 divitiae
3293 2636 3559 2703 terrenae;
3605 2636 3739 2709 quia

2128 2740 2197 2781 ex
2227 2726 2454 2787 terrenis
2487 2720 2793 2793 desideriis,
2819 2740 2885 2782 ex
2917 2718 3211 2797 cupiditate
3236 2720 3486 2787 saeculari
3516 2731 3737 2787 crucia-

2130 2826 2217 2874 tur
2264 2818 2476 2873 animus
2505 2810 2785 2873 hominum
2820 2836 2832 2871 :
2866 2832 2935 2873 ex
2983 2834 3168 2874 amore
3212 2827 3395 2877 autem
3426 2818 3738 2879 caelestium

2125 2905 2436 2970 consolatur
2483 2912 2538 2965 et
2575 2908 2844 2981 pascitur;
2896 2908 3039 2967 unde
3086 2904 3378 2984 Apostolus
3425 2911 3495 2969 ad
3548 2910 3737 2971 Timo-

2125 3005 2312 3061 theum
2358 3001 2604 3059 scribens
2645 2994 2720 3058 ait
2762 3020 2773 3056 :
2816 2996 3076 3063 Divitibus
3097 3000 3260 3073 hujus
3288 3001 3469 3061 surculi
3503 3006 3739 3076 praecipe

2124 3080 2228 3152 non
2248 3094 2469 3150 sublime
2487 3110 2669 3167 sapere
2690 3111 2853 3167 neque
2871 3111 3080 3165 sperare
3105 3095 3160 3151 in
3182 3097 3380 3152 incerto
3400 3092 3733 3166 divitiarum,

2121 3190 2211 3245 sed
2232 3191 2289 3243 in
2312 3183 2422 3243 Deo
2450 3189 2599 3254 vivo,
2633 3189 2723 3259 qui
2758 3197 2973 3258 prastat
3012 3189 3159 3243 nobis
3201 3189 3380 3244 omnia
3412 3188 3620 3244 abunde
3656 3190 3735 3245 ad

2121 3281 2405 3354 [Ii-nendum
2433 3295 2450 3333 :
2484 3278 2609 3335 bene
2630 3296 2805 3350 agere,
2835 3279 3020 3335 divites
3056 3279 3175 3349 ﬁeri
3199 3281 3255 3333 in
3291 3280 3531 3352 operibus
3552 3272 3733 3355 bonis,

2119 3374 2276 3446 [uile
2320 3374 2566 3440 tribuere,
2604 3374 3016 3440 communicare,
3061 3373 3420 3429 thesaurizare
3465 3375 3565 3431 sibi
3594 3375 3729 3446 fune

2117 3467 2422 3522 clamantum
2449 3465 2641 3521 bonum
2668 3465 2723 3518 in
2748 3464 3006 3534 futurum,
3042 3474 3102 3520 ut
3126 3466 3517 3536 apprehendat“
3546 3482 3733 3526 veram

2116 3561 2277 3615 suam
2318 3558 2374 3631 (Ι
2402 3557 2534 3613 Tim.
2561 3557 2661 3630 γι).
2692 3557 2879 3628 Epulze
2905 3557 2975 3612 ab
3009 3556 3286 3628 opulentia
3315 3573 3499 3615 rerum
3537 3556 3724 3623 dictae.

2116 3651 2301 3723 Epulas
2345 3658 2527 3705 autem
2552 3648 2826 3721 simplices
2864 3649 2920 3706 in
2955 3650 3061 3706 duo
3106 3650 3413 3707 necessaria
3463 3650 3727 3708 dividun-

2039 3726 2087 3790 (ἶ
2119 3751 2228 3811 tur,
2253 3757 2453 3814 panem
2488 3750 2547 3798 et
2570 3742 2785 3809 vinum;
2818 3748 2873 3797 et
2893 3742 2951 3798 in
2972 3742 3079 3798 duo
3107 3741 3396 3813 superflua,
3427 3758 3548 3814 quae
3572 3752 3726 3801 terra

2115 3844 2175 3894 et
2216 3838 2356 3892 mari
2391 3836 2643 3892 vescendi
2686 3850 2851 3892 causa
2885 3837 3264 3909 exquiruntur.
3310 3834 3484 3906 Dapes
3533 3844 3723 3894 autem

2114 3941 2299 3999 regum
2341 3936 2488 3992 sunt,
2532 3925 2702 3998 epulae
2743 3914 3345 3999 privatorum.'Delicia:
3366 3935 3719 4000 nuncupatas,

2111 4019 2256 4091 quod
2286 4020 2379 4075 his
2406 4019 2743 4076 delectentur
2786 4020 3056 4087 homines,
3106 4034 3307 4092 easque
3330 4021 3571 4078 suaviter
3613 4036 3722 4095 ap-

2109 4118 2325 4182 petant.
2364 4110 2553 4182 Epulas
2600 4118 2781 4167 autem
2811 4111 3026 4182 quando
3067 4112 3124 4167 in
3156 4113 3357 4168 bonum
3397 4116 3609 4185 partem
3635 4114 3723 4170 si-

2109 4200 2513 4273 gniﬁcationem
2565 4202 2790 4270 ducunt,
2828 4204 3073 4273 spiritale
3109 4206 3367 4276 gaudium
3395 4215 3718 4267 sanctorum

2109 4290 2165 4357 in
2202 4290 2360 4347 bonis
2396 4292 2658 4350 virtutum
2700 4302 2759 4349 et
2784 4296 3064 4366 sapientiae
3092 4298 3421 4368 exprimunt.
3467 4298 3625 4356 Unde
3653 4306 3718 4358 et

2104 4377 2405 4462 Apostolus,
2437 4381 2517 4437 ait
2554 4400 2569 4436 :
2616 4379 2828 4438 Etenim
2878 4382 3091 4440 Pascha
3129 4398 3367 4443 nostrum
3402 4386 3715 4449 immolatus

2106 4482 2182 4535 est
2214 4471 2473 4528 Christus.
2502 4473 2693 4546 Itaque
2729 4476 3000 4547 epulamur
3023 4494 3129 4534 non
3155 4479 3212 4534 in
3242 4480 3495 4551 fermento
3524 4480 3710 4551 ueteri,

2106 4580 2275 4635 neque
2294 4567 2352 4622 in
2380 4566 2633 4637 {amento
2647 4569 2865 4624 malitia:
2892 4579 2940 4624 et
2958 4572 3225 4643 nequitiae,
3254 4583 3360 4630 etc.
3392 4573 3443 4644 (1
3473 4572 3599 4629 Cor.
3623 4574 3709 4647 v),

2105 4663 2210 4719 hoc
2237 4670 2338 4729 est,
2371 4662 2610 4718 laetitiam
2636 4664 2896 4720 habentes
2940 4666 3303 4721 renovationis
3348 4666 3488 4723 facta
3516 4677 3711 4725 vetera

2106 4752 2400 4819 fugiamus,
2447 4754 2846 4811 immunditiam
2887 4770 3102 4811 omnem
3129 4756 3445 4826 abjicientes
3469 4773 3500 4812 a
3520 4759 3704 4828 nobis,

2105 4859 2224 4914 quae
2250 4853 2336 4900 est
2358 4845 2630 4915 corruptio
2654 4861 2669 4900 :
2699 4843 2827 4917 quia
2853 4844 2996 4903 sicut
3025 4844 3337 4917 fermentum
3365 4860 3529 4905 totam
3557 4869 3707 4908 mas—

2102 4951 2218 4991 sam
2245 4937 2528 5007 corrumpit
2561 4935 2723 5007 (Ibid.
2751 4947 2800 4993 et
2824 4937 2944 4994 Gal.
2975 4940 3075 5011 v),-
3101 4940 3177 4995 ita
3208 4948 3264 4995 et
3304 4942 3454 4998 mala
3484 4942 3601 4998 vita
3624 4953 3705 4999 to-

2103 5037 2217 5083 tum
2248 5029 2542 5085 hominem.
2568 5029 2827 5087 Similiter
2856 5039 3033 5088 autem
3050 5034 3214 5103 dapes
3232 5041 3287 5089 et
3308 5034 3515 5092 delicia:
3536 5037 3701 5105 spiri-

408 5083 671 5141 Dominus
693 5087 768 5141 ait
787 5088 841 5142 in
863 5089 1154 5164 Evangelia
1181 5112 1193 5148 :
1222 5093 1372 5149 Meus
1409 5096 1552 5151 cibus
1586 5108 1683 5166 est,
1716 5110 1773 5154 ut
1804 5101 2034 5171 faciam]

2300 5083 2333 5085 η
2449 5083 2480 5084 η
2531 5083 2540 5084 ,
2859 5083 3212 5103 ηψπ-Ὗ--
3238 5083 3285 5089 --
3312 5083 3514 5092 ηπ...
3537 5083 3672 5105 -r-..

2118 5122 2239 5178 ;ales
2282 5123 2503 5179 delicias
2550 5125 2813 5181 bonorum
2870 5136 3086 5184 actuum
3135 5136 3190 5184 et
3236 5145 3405 5186 sacrae
3447 5132 3696 5191 scientiae

410 5173 725 5264 uoluntatem
774 5177 953 5237 Patris
998 5186 1099 5238 mei
1143 5185 1323 5255 (Joan.
1353 5186 1457 5260 ιν).
1501 5188 1569 5242 Et
1605 5190 1660 5245 in
1687 5190 1991 5264 Propheta:

410 5262 635 5361 Cibarit,
674 5270 867 5343 inquit,
896 5291 983 5329 eos
1010 5292 1075 5330 ea:
1117 5275 1271 5347 adipe
1306 5279 1769 5355 frumentilPsal.
1786 5262 1997 5361 saxa);

412 5359 554 5447 quod
590 5362 704 5418 sive
746 5380 946 5421 manna
1000 5367 1288 5438 significat,
1356 5374 1471 5429 sive
1524 5390 1718 5447 corpus
1783 5359 1995 5439 Domini

410 5445 630 5544 Dhristi.
677 5453 905 5525 Adipem
933 5457 1130 5528 quippe
1169 5460 1398 5518 dicimus
1434 5445 1745 5522 animalium
1775 5470 1997 5544 pingue-

409 5539 588 5597 dinem
641 5545 1012 5616 corpulentam
1036 5587 1052 5613 ,
1096 5551 1238 5620 quod
1297 5567 1494 5610 nomen
1544 5558 1612 5613 ad
1664 5539 1993 5618 frumentum

409 5631 630 5690 abusive
680 5637 1000 5693 translatum
1044 5651 1145 5708 est,
1199 5652 1258 5699 ut
1309 5647 1640 5718 significaret
1667 5653 1718 5707 ei
1766 5655 1993 5711 interius

409 5720 646 5794 aliquam
665 5741 788 5782 esse
817 5726 1037 5804 [inesse]
1084 5733 1398 5793 bonitatem.
1435 5740 1621 5798 Victus
1672 5752 1851 5802 autem
1891 5762 1987 5804 ne-

410 5821 705 5879 cessarium
755 5822 934 5881 cibum
984 5828 1270 5902 signiﬁcat,
1304 5847 1415 5893 non
1454 5836 1799 5909 deliciosum;
1847 5842 1990 5902 unde

2095 5210 2424 5283 signiﬁcant,
2466 5229 2584 5283 quae
2633 5226 2860 5284 pascunt
2900 5219 3153 5275 animam.
3199 5221 3520 5280 Ecoutrario
3561 5241 3695 5282 vero

2086 5304 2315 5374 mdo
2354 5303 2599 5361 abutitur
2643 5307 2805 5363 homo
2855 5312 3086 5368 terrenis
3126 5312 3349 5379 deliciis,
3401 5324 3457 5370 et
3494 5332 3694 5388 corpo-

2094 5394 2195 5449 rali
2224 5396 2364 5461 cibo,
2412 5411 2517 5453 non
2565 5396 2815 5472 [tantum]
2845 5402 3057 5470 animae,
3094 5403 3188 5461 sed
3230 5412 3285 5460 et
3331 5408 3545 5476 corpori
3593 5409 3693 5465 de-

2096 5486 2406 5542 trimentum
2456 5486 2605 5544 facit.
2650 5490 2988 5555 Pulmentum
3032 5505 3256 5551 vocatur
3289 5512 3319 5550 a
3345 5497 3514 5568 pulte,
3569 5499 3689 5556 sive

2101 5577 2246 5632 enim
2289 5577 2399 5633 sola
2431 5579 2613 5650 pultis,
2665 5582 2778 5638 sive
2822 5584 2952 5653 quid
2995 5586 3137 5642 aliud
3173 5586 3289 5656 ejus
3332 5589 3689 5659 permistione

2099 5676 2387 5723 sumatur:
2420 5670 2753 5739 pulmentum
2798 5674 3019 5746 proprie
3071 5678 3291 5734 dicitur.
3330 5677 3686 5740 Pulmentum

2097 5757 2242 5812 enim
2289 5758 2485 5829 legitur
2537 5757 2687 5833 (Gen.
2722 5764 2891 5835 xxvu)
2926 5765 3077 5825 Isaac
3110 5770 3418 5839 patriarcha
3472 5772 3688 5843 expeti-

2095 5847 2238 5906 visse
2270 5849 2339 5907 ab
2379 5849 2523 5907 Esau
2550 5850 2661 5923 ﬁlio
2701 5869 2814 5923 suo,
2849 5859 2993 5928 quod
3020 5859 3198 5917 tamen
3229 5860 3394 5919 Jacob
3419 5863 3560 5922 bene
3582 5879 3686 5923 ex-
