  <div class='ocr_page' id='page_1' title='image "/cluster/home/n/w/nwhite01/storage/ocr_20150623/111/hvd.32044009716333/303.png"; bbox 0 0 4038 6324; ppageno 0'>
   <div class='ocr_carea' id='block_1_1' title="bbox 521 353 618 409">
    <p class='ocr_par' dir='ltr' id='par_1_1' title="bbox 521 353 618 409">
     <span class='ocr_line' id='line_1_1' title="bbox 521 353 618 409; baseline 0.021 -2"><span class='ocrx_word' id='word_1_1' title='bbox 521 353 618 409; x_wconf 76' lang='grc'><strong>591</strong></span> 
     </span>
    </p>
   </div>
   <div class='ocr_carea' id='block_1_2' title="bbox 1176 305 2082 415">
    <p class='ocr_par' dir='ltr' id='par_1_2' title="bbox 1176 305 2082 414">
     <span class='ocr_line' id='line_1_2' title="bbox 1176 305 2082 414; baseline -0.002 -4"><span class='ocrx_word' id='word_1_2' title='bbox 1176 357 1238 411; x_wconf 77' lang='grc' dir='ltr'>Β.</span> <span class='ocrx_word' id='word_1_3' title='bbox 1277 355 1529 412; x_wconf 79' lang='lat' dir='ltr'><strong>RABANI</strong></span> <span class='ocrx_word' id='word_1_4' title='bbox 1566 305 1782 411; x_wconf 34' lang='lat' dir='ltr'><strong>aliis}</strong></span> <span class='ocrx_word' id='word_1_5' title='bbox 1820 355 2082 414; x_wconf 78' lang='lat' dir='ltr'><strong>ARClllEl</strong></span> 
     </span>
    </p>
   </div>
   <div class='ocr_carea' id='block_1_3' title="bbox 2186 305 3124 415">
    <p class='ocr_par' dir='ltr' id='par_1_3' title="bbox 2186 353 3124 415">
     <span class='ocr_line' id='line_1_3' title="bbox 2186 353 3124 415; baseline 0.005 -7"><span class='ocrx_word' id='word_1_6' title='bbox 2186 353 2484 410; x_wconf 74' lang='lat' dir='ltr'><strong>MOGUNT.</strong></span> <span class='ocrx_word' id='word_1_7' title='bbox 2527 353 2810 411; x_wconf 78' lang='lat' dir='ltr'><strong>OPERUM</strong></span> <span class='ocrx_word' id='word_1_8' title='bbox 2846 357 3025 414; x_wconf 76' lang='lat' dir='ltr'><strong>PARS</strong></span> <span class='ocrx_word' id='word_1_9' title='bbox 3060 359 3124 415; x_wconf 88' lang='lat' dir='ltr'><strong>ll.</strong></span> 
     </span>
    </p>
   </div>
   <div class='ocr_carea' id='block_1_4' title="bbox 3687 361 3804 418">
    <p class='ocr_par' dir='ltr' id='par_1_4' title="bbox 3687 361 3804 418">
     <span class='ocr_line' id='line_1_4' title="bbox 3687 361 3804 418; baseline 0 0"><span class='ocrx_word' id='word_1_10' title='bbox 3687 361 3804 418; x_wconf 71' lang='lat'><strong>592</strong></span> 
     </span>
    </p>
   </div>
   <div class='ocr_carea' id='block_1_5' title="bbox 517 463 3802 544">
    <p class='ocr_par' dir='ltr' id='par_1_5' title="bbox 517 463 3802 544">
     <span class='ocr_line' id='line_1_5' title="bbox 517 463 3802 544; baseline 0.003 -24"><span class='ocrx_word' id='word_1_11' title='bbox 517 479 610 537; x_wconf 78' lang='lat' dir='ltr'><strong>pet</strong></span> <span class='ocrx_word' id='word_1_12' title='bbox 663 463 906 522; x_wconf 84' lang='lat' dir='ltr'><strong>clibanus</strong></span> <span class='ocrx_word' id='word_1_13' title='bbox 948 467 1187 538; x_wconf 89' lang='lat' dir='ltr'><strong>suscepit</strong></span> <span class='ocrx_word' id='word_1_14' title='bbox 1234 486 1247 521; x_wconf 92' lang='lat'><strong>:</strong></span> <span class='ocrx_word' id='word_1_15' title='bbox 1278 467 1356 522; x_wconf 92' lang='lat' dir='ltr'><strong>sic</strong></span> <span class='ocrx_word' id='word_1_16' title='bbox 1385 476 1438 521; x_wconf 90' lang='lat' dir='ltr'><strong>et</strong></span> <span class='ocrx_word' id='word_1_17' title='bbox 1478 467 1573 522; x_wconf 86' lang='lat' dir='ltr'><strong>Dei</strong></span> <span class='ocrx_word' id='word_1_18' title='bbox 1617 468 1847 538; x_wconf 68' lang='lat' dir='ltr'><strong>genitrix</strong></span> <span class='ocrx_word' id='word_1_19' title='bbox 1879 469 2108 537; x_wconf 84' lang='lat' dir='ltr'><strong>desuper</strong></span> <span class='ocrx_word' id='word_1_20' title='bbox 2135 467 2184 526; x_wconf 86' lang='grc' dir='ltr'><strong>Α</strong></span> <span class='ocrx_word' id='word_1_21' title='bbox 2212 463 2474 533; x_wconf 83' lang='lat' dir='ltr'><strong>guinibus,</strong></span> <span class='ocrx_word' id='word_1_22' title='bbox 2497 463 2661 528; x_wconf 88' lang='lat' dir='ltr'><strong>Deus,</strong></span> <span class='ocrx_word' id='word_1_23' title='bbox 2695 463 2831 520; x_wconf 90' lang='lat' dir='ltr'><strong>Deus</strong></span> <span class='ocrx_word' id='word_1_24' title='bbox 2860 466 3044 522; x_wconf 84' lang='lat' dir='ltr'><strong>salutis</strong></span> <span class='ocrx_word' id='word_1_25' title='bbox 3067 485 3194 524; x_wconf 75' lang='lat' dir='ltr'><strong>mea:</strong></span> <span class='ocrx_word' id='word_1_26' title='bbox 3217 468 3390 541; x_wconf 88' lang='lat' dir='ltr'><strong>(Psal.</strong></span> <span class='ocrx_word' id='word_1_27' title='bbox 3409 471 3483 544; x_wconf 83' lang='grc' dir='ltr'><strong>ι).</strong></span> <span class='ocrx_word' id='word_1_28' title='bbox 3509 470 3639 527; x_wconf 86' lang='lat' dir='ltr'><strong>Item</strong></span> <span class='ocrx_word' id='word_1_29' title='bbox 3660 486 3802 529; x_wconf 86' lang='lat' dir='ltr'><strong>caro</strong></span> 
     </span>
    </p>
   </div>
   <div class='ocr_carea' id='block_1_6' title="bbox 516 555 2099 626">
    <p class='ocr_par' dir='ltr' id='par_1_6' title="bbox 516 555 2099 626">
     <span class='ocr_line' id='line_1_6' title="bbox 516 555 2099 626; baseline 0.003 -17"><span class='ocrx_word' id='word_1_30' title='bbox 516 555 640 610; x_wconf 64' lang='lat' dir='ltr'><strong>vitae</strong></span> <span class='ocrx_word' id='word_1_31' title='bbox 678 572 892 626; x_wconf 88' lang='lat' dir='ltr'><strong>panem,</strong></span> <span class='ocrx_word' id='word_1_32' title='bbox 926 557 1093 613; x_wconf 88' lang='lat' dir='ltr'><strong>Deum</strong></span> <span class='ocrx_word' id='word_1_33' title='bbox 1134 559 1384 613; x_wconf 82' lang='lat' dir='ltr'><strong>videlicet</strong></span> <span class='ocrx_word' id='word_1_34' title='bbox 1423 559 1679 625; x_wconf 82' lang='lat' dir='ltr'><strong>Verbum,</strong></span> <span class='ocrx_word' id='word_1_35' title='bbox 1711 559 1765 614; x_wconf 92' lang='lat' dir='ltr'><strong>in</strong></span> <span class='ocrx_word' id='word_1_36' title='bbox 1797 575 1894 614; x_wconf 91' lang='lat' dir='ltr'><strong>suo</strong></span> <span class='ocrx_word' id='word_1_37' title='bbox 1923 570 2099 625; x_wconf 89' lang='lat' dir='ltr'><strong>utero,</strong></span> 
     </span>
    </p>
   </div>
   <div class='ocr_carea' id='block_1_7' title="bbox 517 646 2102 720">
    <p class='ocr_par' dir='ltr' id='par_1_7' title="bbox 517 646 2102 720">
     <span class='ocr_line' id='line_1_7' title="bbox 517 646 2102 720; baseline 0.003 -20"><span class='ocrx_word' id='word_1_38' title='bbox 517 646 801 717; x_wconf 76' lang='lat' dir='ltr'><strong>ignemque</strong></span> <span class='ocrx_word' id='word_1_39' title='bbox 847 650 1083 718; x_wconf 82' lang='lat' dir='ltr'><strong>suscepit</strong></span> <span class='ocrx_word' id='word_1_40' title='bbox 1134 649 1434 719; x_wconf 66' lang='lat' dir='ltr'><strong>praesentia:</strong></span> <span class='ocrx_word' id='word_1_41' title='bbox 1476 650 1715 719; x_wconf 86' lang='lat' dir='ltr'><strong>spiritus.</strong></span> <span class='ocrx_word' id='word_1_42' title='bbox 1752 649 1925 705; x_wconf 85' lang='lat' dir='ltr'><strong>Verba</strong></span> <span class='ocrx_word' id='word_1_43' title='bbox 1973 666 2102 720; x_wconf 87' lang='lat' dir='ltr'><strong>ergo</strong></span> 
     </span>
    </p>
   </div>
   <div class='ocr_carea' id='block_1_8' title="bbox 514 735 2103 808">
    <p class='ocr_par' dir='ltr' id='par_1_8' title="bbox 514 735 2103 808">
     <span class='ocr_line' id='line_1_8' title="bbox 514 735 2103 808; baseline 0.001 -18"><span class='ocrx_word' id='word_1_44' title='bbox 514 735 913 805; x_wconf 81' lang='lat' dir='ltr'><strong>Apostolorum,</strong></span> <span class='ocrx_word' id='word_1_45' title='bbox 960 753 1126 806; x_wconf 90' lang='lat' dir='ltr'><strong>panes</strong></span> <span class='ocrx_word' id='word_1_46' title='bbox 1167 739 1380 807; x_wconf 86' lang='lat' dir='ltr'><strong>accipe;</strong></span> <span class='ocrx_word' id='word_1_47' title='bbox 1418 740 1800 808; x_wconf 84' lang='lat' dir='ltr'><strong>prophetarum</strong></span> <span class='ocrx_word' id='word_1_48' title='bbox 1836 754 1982 801; x_wconf 84' lang='lat' dir='ltr'><strong>vero,</strong></span> <span class='ocrx_word' id='word_1_49' title='bbox 2025 739 2103 792; x_wconf 93' lang='lat' dir='ltr'><strong>la-</strong></span> 
     </span>
    </p>
   </div>
   <div class='ocr_carea' id='block_1_9' title="bbox 514 832 2102 904">
    <p class='ocr_par' dir='ltr' id='par_1_9' title="bbox 514 832 2102 904">
     <span class='ocr_line' id='line_1_9' title="bbox 514 832 2102 904; baseline 0 -17"><span class='ocrx_word' id='word_1_50' title='bbox 514 848 670 903; x_wconf 85' lang='lat' dir='ltr'><strong>gana.</strong></span> <span class='ocrx_word' id='word_1_51' title='bbox 722 832 990 900; x_wconf 87' lang='lat' dir='ltr'><strong>Quantum</strong></span> <span class='ocrx_word' id='word_1_52' title='bbox 1031 835 1173 888; x_wconf 92' lang='lat' dir='ltr'><strong>enim</strong></span> <span class='ocrx_word' id='word_1_53' title='bbox 1211 849 1378 904; x_wconf 87' lang='lat' dir='ltr'><strong>panes</strong></span> <span class='ocrx_word' id='word_1_54' title='bbox 1431 850 1462 888; x_wconf 89' lang='lat' dir='ltr'><strong>a</strong></span> <span class='ocrx_word' id='word_1_55' title='bbox 1503 834 1713 904; x_wconf 86' lang='lat' dir='ltr'><strong>laganis</strong></span> <span class='ocrx_word' id='word_1_56' title='bbox 1759 834 1826 887; x_wconf 91' lang='lat' dir='ltr'><strong>ad</strong></span> <span class='ocrx_word' id='word_1_57' title='bbox 1865 834 2102 888; x_wconf 85' lang='lat' dir='ltr'><strong>nutrien-</strong></span> 
     </span>
    </p>
   </div>
   <div class='ocr_carea' id='block_1_10' title="bbox 514 924 2101 996">
    <p class='ocr_par' dir='ltr' id='par_1_10' title="bbox 514 924 2101 996">
     <span class='ocr_line' id='line_1_10' title="bbox 514 924 2101 996; baseline -0.001 -16"><span class='ocrx_word' id='word_1_58' title='bbox 514 927 640 980; x_wconf 90' lang='lat' dir='ltr'><strong>dum</strong></span> <span class='ocrx_word' id='word_1_59' title='bbox 663 936 790 981; x_wconf 90' lang='lat' dir='ltr'><strong>sunt</strong></span> <span class='ocrx_word' id='word_1_60' title='bbox 813 927 1065 996; x_wconf 83' lang='lat' dir='ltr'><strong>aptiores,</strong></span> <span class='ocrx_word' id='word_1_61' title='bbox 1087 934 1295 981; x_wconf 85' lang='lat' dir='ltr'><strong>tantum</strong></span> <span class='ocrx_word' id='word_1_62' title='bbox 1316 927 1476 980; x_wconf 88' lang='lat' dir='ltr'><strong>verba</strong></span> <span class='ocrx_word' id='word_1_63' title='bbox 1497 926 1894 996; x_wconf 82' lang='lat' dir='ltr'><strong>Apostolorum,</strong></span> <span class='ocrx_word' id='word_1_64' title='bbox 1921 924 2101 980; x_wconf 79' lang='lat' dir='ltr'><strong>verbis</strong></span> 
     </span>
    </p>
   </div>
   <div class='ocr_carea' id='block_1_11' title="bbox 511 1013 2099 1087">
    <p class='ocr_par' dir='ltr' id='par_1_11' title="bbox 511 1013 2099 1087">
     <span class='ocr_line' id='line_1_11' title="bbox 511 1013 2099 1087; baseline 0.002 -21"><span class='ocrx_word' id='word_1_65' title='bbox 511 1013 926 1085; x_wconf 90' lang='lat' dir='ltr'><strong>Pr0phetarum.</strong></span> <span class='ocrx_word' id='word_1_66' title='bbox 971 1015 1198 1086; x_wconf 87' lang='lat' dir='ltr'><strong>Utrique</strong></span> <span class='ocrx_word' id='word_1_67' title='bbox 1243 1024 1423 1071; x_wconf 90' lang='lat' dir='ltr'><strong>autem</strong></span> <span class='ocrx_word' id='word_1_68' title='bbox 1467 1017 1672 1087; x_wconf 81' lang='lat' dir='ltr'><strong>azymi;</strong></span> <span class='ocrx_word' id='word_1_69' title='bbox 1723 1017 1848 1085; x_wconf 88' lang='lat' dir='ltr'><strong>quia</strong></span> <span class='ocrx_word' id='word_1_70' title='bbox 1887 1031 1954 1071; x_wconf 87' lang='lat' dir='ltr'><strong>ex</strong></span> <span class='ocrx_word' id='word_1_71' title='bbox 1994 1016 2099 1070; x_wconf 89' lang='lat' dir='ltr'><strong>alia</strong></span> 
     </span>
    </p>
   </div>
   <div class='ocr_carea' id='block_1_12' title="bbox 512 1102 2096 1175">
    <p class='ocr_par' dir='ltr' id='par_1_12' title="bbox 512 1102 2096 1175">
     <span class='ocr_line' id='line_1_12' title="bbox 512 1102 2096 1175; baseline 0.001 -18"><span class='ocrx_word' id='word_1_72' title='bbox 512 1102 758 1159; x_wconf 89' lang='lat' dir='ltr'><strong>doctrina</strong></span> <span class='ocrx_word' id='word_1_73' title='bbox 797 1103 1121 1161; x_wconf 80' lang='lat' dir='ltr'><strong>fermentum</strong></span> <span class='ocrx_word' id='word_1_74' title='bbox 1162 1120 1268 1159; x_wconf 93' lang='lat' dir='ltr'><strong>non</strong></span> <span class='ocrx_word' id='word_1_75' title='bbox 1301 1106 1518 1170; x_wconf 82' lang='lat' dir='ltr'><strong>habent,</strong></span> <span class='ocrx_word' id='word_1_76' title='bbox 1549 1105 1699 1160; x_wconf 85' lang='lat' dir='ltr'><strong>verbi</strong></span> <span class='ocrx_word' id='word_1_77' title='bbox 1755 1106 1948 1175; x_wconf 87' lang='lat' dir='ltr'><strong>gratia,</strong></span> <span class='ocrx_word' id='word_1_78' title='bbox 2007 1121 2096 1159; x_wconf 84' lang='lat' dir='ltr'><strong>sa-</strong></span> 
     </span>
    </p>
   </div>
   <div class='ocr_carea' id='block_1_13' title="bbox 510 1196 2097 1268">
    <p class='ocr_par' dir='ltr' id='par_1_13' title="bbox 510 1196 2097 1268">
     <span class='ocr_line' id='line_1_13' title="bbox 510 1196 2097 1268; baseline 0.001 -18"><span class='ocrx_word' id='word_1_79' title='bbox 510 1196 728 1266; x_wconf 60' lang='lat' dir='ltr'><strong>pientia</strong></span> <span class='ocrx_word' id='word_1_80' title='bbox 754 1197 1046 1263; x_wconf 70' lang='lat' dir='ltr'><strong>saecularis,</strong></span> <span class='ocrx_word' id='word_1_81' title='bbox 1081 1199 1222 1268; x_wconf 92' lang='lat' dir='ltr'><strong>quod</strong></span> <span class='ocrx_word' id='word_1_82' title='bbox 1250 1198 1504 1253; x_wconf 77' lang='lat' dir='ltr'><strong>convenit</strong></span> <span class='ocrx_word' id='word_1_83' title='bbox 1522 1199 1785 1268; x_wconf 89' lang='lat' dir='ltr'><strong>accipere.</strong></span> <span class='ocrx_word' id='word_1_84' title='bbox 1831 1197 2097 1252; x_wconf 68' lang='lat' dir='ltr'><strong>Placentaa</strong></span> 
     </span>
    </p>
   </div>
   <div class='ocr_carea' id='block_1_14' title="bbox 514 1287 2096 1368">
    <p class='ocr_par' dir='ltr' id='par_1_14' title="bbox 514 1287 2096 1368">
     <span class='ocr_line' id='line_1_14' title="bbox 514 1287 2096 1368; baseline 0.002 -28"><span class='ocrx_word' id='word_1_85' title='bbox 514 1293 670 1351; x_wconf 86' lang='lat' dir='ltr'><strong>sunt,</strong></span> <span class='ocrx_word' id='word_1_86' title='bbox 720 1301 840 1356; x_wconf 71' lang='lat' dir='ltr'><strong>qua:</strong></span> <span class='ocrx_word' id='word_1_87' title='bbox 894 1287 1030 1368; x_wconf 78' lang='lat' dir='ltr'><strong>ﬁunt</strong></span> <span class='ocrx_word' id='word_1_88' title='bbox 1057 1289 1122 1344; x_wconf 90' lang='lat' dir='ltr'><strong>de</strong></span> <span class='ocrx_word' id='word_1_89' title='bbox 1168 1288 1331 1368; x_wconf 55' lang='lat' dir='ltr'><strong>farre,</strong></span> <span class='ocrx_word' id='word_1_90' title='bbox 1381 1305 1516 1358; x_wconf 90' lang='lat' dir='ltr'><strong>quas</strong></span> <span class='ocrx_word' id='word_1_91' title='bbox 1541 1289 1631 1342; x_wconf 86' lang='lat' dir='ltr'><strong>alii</strong></span> <span class='ocrx_word' id='word_1_92' title='bbox 1662 1288 1767 1342; x_wconf 92' lang='lat' dir='ltr'><strong>liba</strong></span> <span class='ocrx_word' id='word_1_93' title='bbox 1813 1289 2000 1343; x_wconf 90' lang='lat' dir='ltr'><strong>dicunt</strong></span> <span class='ocrx_word' id='word_1_94' title='bbox 2032 1303 2096 1343; x_wconf 94' lang='lat' dir='ltr'><strong>eo</strong></span> 
     </span>
    </p>
   </div>
   <div class='ocr_carea' id='block_1_15' title="bbox 510 1361 2091 1450">
    <p class='ocr_par' dir='ltr' id='par_1_15' title="bbox 510 1361 2091 1450">
     <span class='ocr_line' id='line_1_15' title="bbox 510 1361 2091 1450; baseline 0.001 -20"><span class='ocrx_word' id='word_1_95' title='bbox 510 1377 651 1445; x_wconf 92' lang='lat' dir='ltr'><strong>quod</strong></span> <span class='ocrx_word' id='word_1_96' title='bbox 700 1361 911 1433; x_wconf 39' lang='lat' dir='ltr'><strong>libeant‘</strong></span> <span class='ocrx_word' id='word_1_97' title='bbox 946 1387 996 1435; x_wconf 91' lang='lat' dir='ltr'><strong>et</strong></span> <span class='ocrx_word' id='word_1_98' title='bbox 1056 1361 1323 1449; x_wconf 65' lang='lat' dir='ltr'><strong>placeam.</strong></span> <span class='ocrx_word' id='word_1_99' title='bbox 1376 1379 1560 1434; x_wconf 87' lang='lat' dir='ltr'><strong>Dulcia</strong></span> <span class='ocrx_word' id='word_1_100' title='bbox 1604 1388 1730 1434; x_wconf 91' lang='lat' dir='ltr'><strong>sunt</strong></span> <span class='ocrx_word' id='word_1_101' title='bbox 1771 1393 1966 1450; x_wconf 86' lang='lat' dir='ltr'><strong>genera</strong></span> <span class='ocrx_word' id='word_1_102' title='bbox 2015 1379 2091 1448; x_wconf 87' lang='lat' dir='ltr'><strong>pi-</strong></span> 
     </span>
    </p>
   </div>
   <div class='ocr_carea' id='block_1_16' title="bbox 507 1466 2093 1538">
    <p class='ocr_par' dir='ltr' id='par_1_16' title="bbox 507 1466 2093 1538">
     <span class='ocr_line' id='line_1_16' title="bbox 507 1466 2093 1538; baseline 0.001 -18"><span class='ocrx_word' id='word_1_103' title='bbox 507 1466 661 1520; x_wconf 90' lang='lat' dir='ltr'><strong>storii</strong></span> <span class='ocrx_word' id='word_1_104' title='bbox 701 1467 900 1538; x_wconf 84' lang='lat' dir='ltr'><strong>Operis,</strong></span> <span class='ocrx_word' id='word_1_105' title='bbox 952 1484 980 1521; x_wconf 90' lang='lat' dir='ltr'><strong>a</strong></span> <span class='ocrx_word' id='word_1_106' title='bbox 1027 1483 1218 1537; x_wconf 90' lang='lat' dir='ltr'><strong>sapore</strong></span> <span class='ocrx_word' id='word_1_107' title='bbox 1263 1469 1438 1534; x_wconf 88' lang='lat' dir='ltr'><strong>dicta;</strong></span> <span class='ocrx_word' id='word_1_108' title='bbox 1484 1468 1639 1521; x_wconf 89' lang='lat' dir='ltr'><strong>melle</strong></span> <span class='ocrx_word' id='word_1_109' title='bbox 1687 1467 1830 1522; x_wconf 91' lang='lat' dir='ltr'><strong>enim</strong></span> <span class='ocrx_word' id='word_1_110' title='bbox 1873 1483 2093 1538; x_wconf 89' lang='lat' dir='ltr'><strong>aspersa</strong></span> 
     </span>
    </p>
   </div>
   <div class='ocr_carea' id='block_1_17' title="bbox 506 1557 2096 1629">
    <p class='ocr_par' dir='ltr' id='par_1_17' title="bbox 506 1557 2096 1629">
     <span class='ocr_line' id='line_1_17' title="bbox 506 1557 2096 1629; baseline 0.001 -19"><span class='ocrx_word' id='word_1_111' title='bbox 506 1567 812 1611; x_wconf 89' lang='lat' dir='ltr'><strong>sumuntur.</strong></span> <span class='ocrx_word' id='word_1_112' title='bbox 843 1558 1039 1613; x_wconf 90' lang='lat' dir='ltr'><strong>Crusta</strong></span> <span class='ocrx_word' id='word_1_113' title='bbox 1067 1569 1150 1613; x_wconf 88' lang='lat' dir='ltr'><strong>est</strong></span> <span class='ocrx_word' id='word_1_114' title='bbox 1171 1559 1483 1628; x_wconf 89' lang='lat' dir='ltr'><strong>superﬁcies</strong></span> <span class='ocrx_word' id='word_1_115' title='bbox 1522 1558 1697 1627; x_wconf 89' lang='lat' dir='ltr'><strong>panis,</strong></span> <span class='ocrx_word' id='word_1_116' title='bbox 1730 1558 1841 1627; x_wconf 91' lang='lat' dir='ltr'><strong>ipsa</strong></span> <span class='ocrx_word' id='word_1_117' title='bbox 1870 1567 1925 1612; x_wconf 91' lang='lat' dir='ltr'><strong>et</strong></span> <span class='ocrx_word' id='word_1_118' title='bbox 1950 1557 2096 1629; x_wconf 87' lang='lat' dir='ltr'><strong>frag-</strong></span> 
     </span>
    </p>
   </div>
   <div class='ocr_carea' id='block_1_18' title="bbox 509 1649 2092 1720">
    <p class='ocr_par' dir='ltr' id='par_1_18' title="bbox 509 1649 2092 1720">
     <span class='ocr_line' id='line_1_18' title="bbox 509 1649 2092 1720; baseline 0.002 -19"><span class='ocrx_word' id='word_1_119' title='bbox 509 1657 710 1714; x_wconf 91' lang='lat' dir='ltr'><strong>menta,</strong></span> <span class='ocrx_word' id='word_1_120' title='bbox 741 1650 867 1719; x_wconf 88' lang='lat' dir='ltr'><strong>quia</strong></span> <span class='ocrx_word' id='word_1_121' title='bbox 889 1650 1167 1716; x_wconf 86' lang='lat' dir='ltr'><strong>dividitur,</strong></span> <span class='ocrx_word' id='word_1_122' title='bbox 1206 1661 1266 1703; x_wconf 87' lang='lat' dir='ltr'><strong>ut</strong></span> <span class='ocrx_word' id='word_1_123' title='bbox 1294 1650 1480 1704; x_wconf 88' lang='lat' dir='ltr'><strong>fracta.</strong></span> <span class='ocrx_word' id='word_1_124' title='bbox 1518 1652 1593 1704; x_wconf 93' lang='lat' dir='ltr'><strong>De</strong></span> <span class='ocrx_word' id='word_1_125' title='bbox 1626 1649 1887 1720; x_wconf 88' lang='lat' dir='ltr'><strong>placentis</strong></span> <span class='ocrx_word' id='word_1_126' title='bbox 1915 1649 1969 1703; x_wconf 93' lang='lat' dir='ltr'><strong>in</strong></span> <span class='ocrx_word' id='word_1_127' title='bbox 1999 1649 2092 1704; x_wconf 89' lang='lat' dir='ltr'><strong>Je-</strong></span> 
     </span>
    </p>
   </div>
   <div class='ocr_carea' id='block_1_19' title="bbox 2203 553 3799 632">
    <p class='ocr_par' dir='ltr' id='par_1_19' title="bbox 2203 553 3799 632">
     <span class='ocr_line' id='line_1_19' title="bbox 2203 553 3799 632; baseline 0.005 -25"><span class='ocrx_word' id='word_1_128' title='bbox 2203 564 2257 607; x_wconf 83' lang='lat' dir='ltr'><strong>Cl</strong></span> <span class='ocrx_word' id='word_1_129' title='bbox 2306 553 2524 623; x_wconf 83' lang='lat' dir='ltr'><strong>sanguis</strong></span> <span class='ocrx_word' id='word_1_130' title='bbox 2573 553 2858 624; x_wconf 81' lang='lat' dir='ltr'><strong>ingluviem</strong></span> <span class='ocrx_word' id='word_1_131' title='bbox 2890 556 3094 612; x_wconf 85' lang='lat' dir='ltr'><strong>ventris</strong></span> <span class='ocrx_word' id='word_1_132' title='bbox 3129 567 3289 627; x_wconf 87' lang='lat' dir='ltr'><strong>atque</strong></span> <span class='ocrx_word' id='word_1_133' title='bbox 3319 559 3587 614; x_wconf 80' lang='lat' dir='ltr'><strong>luxuriam</strong></span> <span class='ocrx_word' id='word_1_134' title='bbox 3623 559 3799 632; x_wconf 84' lang='lat' dir='ltr'><strong>signi-</strong></span> 
     </span>
    </p>
   </div>
   <div class='ocr_carea' id='block_1_20' title="bbox 2203 641 3796 719">
    <p class='ocr_par' dir='ltr' id='par_1_20' title="bbox 2203 641 3796 719">
     <span class='ocr_line' id='line_1_20' title="bbox 2203 641 3796 719; baseline 0.007 -25"><span class='ocrx_word' id='word_1_135' title='bbox 2203 641 2350 707; x_wconf 88' lang='lat' dir='ltr'><strong>ﬁcat,</strong></span> <span class='ocrx_word' id='word_1_136' title='bbox 2407 653 2467 696; x_wconf 89' lang='lat' dir='ltr'><strong>ut</strong></span> <span class='ocrx_word' id='word_1_137' title='bbox 2508 643 2558 696; x_wconf 92' lang='lat' dir='ltr'><strong>in</strong></span> <span class='ocrx_word' id='word_1_138' title='bbox 2606 642 2861 712; x_wconf 83' lang='lat' dir='ltr'><strong>Apostolo</strong></span> <span class='ocrx_word' id='word_1_139' title='bbox 2901 663 2912 697; x_wconf 92' lang='lat'><strong>:</strong></span> <span class='ocrx_word' id='word_1_140' title='bbox 2961 643 3095 699; x_wconf 86' lang='lat' dir='ltr'><strong>Caro</strong></span> <span class='ocrx_word' id='word_1_141' title='bbox 3123 656 3170 700; x_wconf 88' lang='lat' dir='ltr'><strong>et</strong></span> <span class='ocrx_word' id='word_1_142' title='bbox 3199 650 3431 718; x_wconf 77' lang='lat' dir='ltr'><strong>sanguis,</strong></span> <span class='ocrx_word' id='word_1_143' title='bbox 3478 649 3674 719; x_wconf 85' lang='lat' dir='ltr'><strong>inquit,</strong></span> <span class='ocrx_word' id='word_1_144' title='bbox 3701 665 3796 706; x_wconf 75' lang='lat' dir='ltr'><strong>ro-</strong></span> 
     </span>
    </p>
   </div>
   <div class='ocr_carea' id='block_1_21' title="bbox 2200 733 3793 811">
    <p class='ocr_par' dir='ltr' id='par_1_21' title="bbox 2200 733 3793 811">
     <span class='ocr_line' id='line_1_21' title="bbox 2200 733 3793 811; baseline 0.008 -25"><span class='ocrx_word' id='word_1_145' title='bbox 2200 750 2358 804; x_wconf 87' lang='lat' dir='ltr'><strong>gnum</strong></span> <span class='ocrx_word' id='word_1_146' title='bbox 2395 733 2492 788; x_wconf 87' lang='lat' dir='ltr'><strong>Dei</strong></span> <span class='ocrx_word' id='word_1_147' title='bbox 2531 751 2633 789; x_wconf 87' lang='lat' dir='ltr'><strong>non</strong></span> <span class='ocrx_word' id='word_1_148' title='bbox 2668 736 3000 805; x_wconf 86' lang='lat' dir='ltr'><strong>possidebunt</strong></span> <span class='ocrx_word' id='word_1_149' title='bbox 3040 737 3092 810; x_wconf 88' lang='grc' dir='ltr'><strong>(Ι</strong></span> <span class='ocrx_word' id='word_1_150' title='bbox 3118 738 3238 793; x_wconf 88' lang='lat' dir='ltr'><strong>Cor.</strong></span> <span class='ocrx_word' id='word_1_151' title='bbox 3267 739 3378 811; x_wconf 93' lang='lat' dir='ltr'><strong>xv).</strong></span> <span class='ocrx_word' id='word_1_152' title='bbox 3434 740 3674 796; x_wconf 89' lang='lat' dir='ltr'><strong>Crudum</strong></span> <span class='ocrx_word' id='word_1_153' title='bbox 3701 741 3793 798; x_wconf 86' lang='lat' dir='ltr'><strong>di—</strong></span> 
     </span>
    </p>
   </div>
   <div class='ocr_carea' id='block_1_22' title="bbox 2201 825 3795 904">
    <p class='ocr_par' dir='ltr' id='par_1_22' title="bbox 2201 825 3795 904">
     <span class='ocr_line' id='line_1_22' title="bbox 2201 825 3795 904; baseline 0.008 -27"><span class='ocrx_word' id='word_1_154' title='bbox 2201 825 2360 889; x_wconf 89' lang='lat' dir='ltr'><strong>citur,</strong></span> <span class='ocrx_word' id='word_1_155' title='bbox 2412 825 2554 895; x_wconf 86' lang='lat' dir='ltr'><strong>quod</strong></span> <span class='ocrx_word' id='word_1_156' title='bbox 2605 825 2673 880; x_wconf 91' lang='lat' dir='ltr'><strong>sit</strong></span> <span class='ocrx_word' id='word_1_157' title='bbox 2709 836 3022 892; x_wconf 89' lang='lat' dir='ltr'><strong>cruentum;</strong></span> <span class='ocrx_word' id='word_1_158' title='bbox 3053 839 3135 884; x_wconf 91' lang='lat' dir='ltr'><strong>est</strong></span> <span class='ocrx_word' id='word_1_159' title='bbox 3177 830 3320 884; x_wconf 86' lang='lat' dir='ltr'><strong>enim</strong></span> <span class='ocrx_word' id='word_1_160' title='bbox 3358 846 3480 885; x_wconf 92' lang='lat' dir='ltr'><strong>cum</strong></span> <span class='ocrx_word' id='word_1_161' title='bbox 3523 834 3795 904; x_wconf 81' lang='lat' dir='ltr'><strong>sanguine</strong></span> 
     </span>
    </p>
   </div>
   <div class='ocr_carea' id='block_1_23' title="bbox 2200 913 3796 990">
    <p class='ocr_par' dir='ltr' id='par_1_23' title="bbox 2200 913 3796 990">
     <span class='ocr_line' id='line_1_23' title="bbox 2200 913 3796 990; baseline 0.008 -22"><span class='ocrx_word' id='word_1_162' title='bbox 2200 923 2434 969; x_wconf 89' lang='lat' dir='ltr'><strong>coctum.</strong></span> <span class='ocrx_word' id='word_1_163' title='bbox 2469 913 2572 970; x_wconf 90' lang='lat' dir='ltr'><strong>Sed</strong></span> <span class='ocrx_word' id='word_1_164' title='bbox 2613 924 2667 971; x_wconf 90' lang='lat' dir='ltr'><strong>et</strong></span> <span class='ocrx_word' id='word_1_165' title='bbox 2693 917 2844 972; x_wconf 90' lang='lat' dir='ltr'><strong>multi</strong></span> <span class='ocrx_word' id='word_1_166' title='bbox 2894 920 3152 990; x_wconf 88' lang='lat' dir='ltr'><strong>temporis</strong></span> <span class='ocrx_word' id='word_1_167' title='bbox 3181 921 3384 990; x_wconf 90' lang='lat' dir='ltr'><strong>aliquid</strong></span> <span class='ocrx_word' id='word_1_168' title='bbox 3431 931 3645 978; x_wconf 90' lang='lat' dir='ltr'><strong>coctum</strong></span> <span class='ocrx_word' id='word_1_169' title='bbox 3694 941 3796 981; x_wconf 91' lang='lat' dir='ltr'><strong>vo-</strong></span> 
     </span>
    </p>
   </div>
   <div class='ocr_carea' id='block_1_24' title="bbox 2199 1007 3793 1082">
    <p class='ocr_par' dir='ltr' id='par_1_24' title="bbox 2199 1007 3793 1082">
     <span class='ocr_line' id='line_1_24' title="bbox 2199 1007 3793 1082; baseline 0.004 -20"><span class='ocrx_word' id='word_1_170' title='bbox 2199 1014 2372 1062; x_wconf 91' lang='lat' dir='ltr'><strong>catur.</strong></span> <span class='ocrx_word' id='word_1_171' title='bbox 2438 1007 2654 1072; x_wconf 81' lang='lat' dir='ltr'><strong>Assum,</strong></span> <span class='ocrx_word' id='word_1_172' title='bbox 2705 1009 2848 1078; x_wconf 90' lang='lat' dir='ltr'><strong>quod</strong></span> <span class='ocrx_word' id='word_1_173' title='bbox 2901 1010 3106 1076; x_wconf 88' lang='lat' dir='ltr'><strong>ardeat,</strong></span> <span class='ocrx_word' id='word_1_174' title='bbox 3156 1019 3218 1065; x_wconf 91' lang='lat' dir='ltr'><strong>ut</strong></span> <span class='ocrx_word' id='word_1_175' title='bbox 3271 1026 3474 1066; x_wconf 90' lang='lat' dir='ltr'><strong>arsum.</strong></span> <span class='ocrx_word' id='word_1_176' title='bbox 3533 1013 3793 1082; x_wconf 83' lang='lat' dir='ltr'><strong>Elixum,</strong></span> 
     </span>
    </p>
   </div>
   <div class='ocr_carea' id='block_1_25' title="bbox 2198 1096 3795 1174">
    <p class='ocr_par' dir='ltr' id='par_1_25' title="bbox 2198 1096 3795 1174">
     <span class='ocr_line' id='line_1_25' title="bbox 2198 1096 3795 1174; baseline 0.008 -26"><span class='ocrx_word' id='word_1_177' title='bbox 2198 1096 2341 1166; x_wconf 91' lang='lat' dir='ltr'><strong>quod</strong></span> <span class='ocrx_word' id='word_1_178' title='bbox 2388 1096 2442 1150; x_wconf 89' lang='lat' dir='ltr'><strong>in</strong></span> <span class='ocrx_word' id='word_1_179' title='bbox 2482 1112 2620 1168; x_wconf 91' lang='lat' dir='ltr'><strong>aqua</strong></span> <span class='ocrx_word' id='word_1_180' title='bbox 2674 1098 2782 1153; x_wconf 90' lang='lat' dir='ltr'><strong>sola</strong></span> <span class='ocrx_word' id='word_1_181' title='bbox 2815 1100 3150 1169; x_wconf 89' lang='lat' dir='ltr'><strong>decoquitur.</strong></span> <span class='ocrx_word' id='word_1_182' title='bbox 3180 1099 3313 1156; x_wconf 89' lang='lat' dir='ltr'><strong>Lixa</strong></span> <span class='ocrx_word' id='word_1_183' title='bbox 3353 1104 3495 1157; x_wconf 90' lang='lat' dir='ltr'><strong>enim</strong></span> <span class='ocrx_word' id='word_1_184' title='bbox 3534 1119 3675 1174; x_wconf 89' lang='lat' dir='ltr'><strong>aqua</strong></span> <span class='ocrx_word' id='word_1_185' title='bbox 3708 1107 3795 1160; x_wconf 85' lang='lat' dir='ltr'><strong>di-</strong></span> 
     </span>
    </p>
   </div>
   <div class='ocr_carea' id='block_1_26' title="bbox 2198 1187 3858 1264">
    <p class='ocr_par' dir='ltr' id='par_1_26' title="bbox 2198 1187 3858 1264">
     <span class='ocr_line' id='line_1_26' title="bbox 2198 1187 3858 1264; baseline 0.006 -22"><span class='ocrx_word' id='word_1_186' title='bbox 2198 1187 2338 1242; x_wconf 93' lang='lat' dir='ltr'><strong>citur</strong></span> <span class='ocrx_word' id='word_1_187' title='bbox 2388 1187 2454 1242; x_wconf 93' lang='lat' dir='ltr'><strong>ab</strong></span> <span class='ocrx_word' id='word_1_188' title='bbox 2479 1203 2546 1244; x_wconf 92' lang='lat' dir='ltr'><strong>eo</strong></span> <span class='ocrx_word' id='word_1_189' title='bbox 2582 1190 2724 1258; x_wconf 92' lang='lat' dir='ltr'><strong>quod</strong></span> <span class='ocrx_word' id='word_1_190' title='bbox 2754 1190 2824 1244; x_wconf 88' lang='lat' dir='ltr'><strong>sit</strong></span> <span class='ocrx_word' id='word_1_191' title='bbox 2851 1190 3055 1257; x_wconf 89' lang='lat' dir='ltr'><strong>soluta;</strong></span> <span class='ocrx_word' id='word_1_192' title='bbox 3088 1192 3230 1247; x_wconf 92' lang='lat' dir='ltr'><strong>unde</strong></span> <span class='ocrx_word' id='word_1_193' title='bbox 3277 1201 3328 1248; x_wconf 87' lang='lat' dir='ltr'><strong>et</strong></span> <span class='ocrx_word' id='word_1_194' title='bbox 3361 1194 3559 1250; x_wconf 89' lang='lat' dir='ltr'><strong>solutio</strong></span> <span class='ocrx_word' id='word_1_195' title='bbox 3600 1195 3792 1251; x_wconf 89' lang='lat' dir='ltr'><strong>libidi-</strong></span> <span class='ocrx_word' id='word_1_196' title='bbox 3849 1255 3858 1264; x_wconf 69' lang='grc'><em>,</em></span> 
     </span>
    </p>
   </div>
   <div class='ocr_carea' id='block_1_27' title="bbox 2197 1277 3789 1345">
    <p class='ocr_par' dir='ltr' id='par_1_27' title="bbox 2197 1277 3789 1345">
     <span class='ocr_line' id='line_1_27' title="bbox 2197 1277 3789 1345; baseline 0.007 -15"><span class='ocrx_word' id='word_1_197' title='bbox 2197 1278 2282 1332; x_wconf 92' lang='lat' dir='ltr'><strong>nis</strong></span> <span class='ocrx_word' id='word_1_198' title='bbox 2342 1277 2522 1345; x_wconf 89' lang='lat' dir='ltr'><strong>luxus,</strong></span> <span class='ocrx_word' id='word_1_199' title='bbox 2570 1287 2625 1333; x_wconf 88' lang='lat' dir='ltr'><strong>et</strong></span> <span class='ocrx_word' id='word_1_200' title='bbox 2683 1280 2925 1335; x_wconf 90' lang='lat' dir='ltr'><strong>membra</strong></span> <span class='ocrx_word' id='word_1_201' title='bbox 2971 1280 3091 1337; x_wconf 88' lang='lat' dir='ltr'><strong>loco</strong></span> <span class='ocrx_word' id='word_1_202' title='bbox 3140 1291 3284 1338; x_wconf 90' lang='lat' dir='ltr'><strong>mota</strong></span> <span class='ocrx_word' id='word_1_203' title='bbox 3337 1283 3458 1338; x_wconf 87' lang='lat' dir='ltr'><strong>luxa</strong></span> <span class='ocrx_word' id='word_1_204' title='bbox 3509 1285 3789 1341; x_wconf 91' lang='lat' dir='ltr'><strong>dicuntur.</strong></span> 
     </span>
    </p>
   </div>
   <div class='ocr_carea' id='block_1_28' title="bbox 2196 1367 3794 1446">
    <p class='ocr_par' dir='ltr' id='par_1_28' title="bbox 2196 1367 3794 1446">
     <span class='ocr_line' id='line_1_28' title="bbox 2196 1367 3794 1446; baseline 0.005 -21"><span class='ocrx_word' id='word_1_205' title='bbox 2196 1367 2527 1440; x_wconf 69' lang='lat' dir='ltr'><strong>Praeceptum</strong></span> <span class='ocrx_word' id='word_1_206' title='bbox 2577 1387 2809 1442; x_wconf 89' lang='lat' dir='ltr'><strong>namque</strong></span> <span class='ocrx_word' id='word_1_207' title='bbox 2858 1372 2933 1427; x_wconf 89' lang='lat' dir='ltr'><strong>ita</strong></span> <span class='ocrx_word' id='word_1_208' title='bbox 2981 1381 3063 1428; x_wconf 91' lang='lat' dir='ltr'><strong>est</strong></span> <span class='ocrx_word' id='word_1_209' title='bbox 3097 1375 3151 1428; x_wconf 89' lang='lat' dir='ltr'><strong>in</strong></span> <span class='ocrx_word' id='word_1_210' title='bbox 3195 1373 3311 1445; x_wconf 89' lang='lat' dir='ltr'><strong>lege</strong></span> <span class='ocrx_word' id='word_1_211' title='bbox 3340 1375 3406 1430; x_wconf 92' lang='lat' dir='ltr'><strong>de</strong></span> <span class='ocrx_word' id='word_1_212' title='bbox 3453 1376 3573 1446; x_wconf 88' lang='lat' dir='ltr'><strong>agni</strong></span> <span class='ocrx_word' id='word_1_213' title='bbox 3603 1377 3794 1433; x_wconf 89' lang='lat' dir='ltr'><strong>carni-</strong></span> 
     </span>
    </p>
   </div>
   <div class='ocr_carea' id='block_1_29' title="bbox 2197 1459 3792 1526">
    <p class='ocr_par' dir='ltr' id='par_1_29' title="bbox 2197 1459 3792 1526">
     <span class='ocr_line' id='line_1_29' title="bbox 2197 1459 3792 1526; baseline 0.006 -12"><span class='ocrx_word' id='word_1_214' title='bbox 2197 1459 2298 1515; x_wconf 88' lang='lat' dir='ltr'><strong>bus</strong></span> <span class='ocrx_word' id='word_1_215' title='bbox 2327 1461 2380 1515; x_wconf 93' lang='lat' dir='ltr'><strong>in</strong></span> <span class='ocrx_word' id='word_1_216' title='bbox 2411 1461 2616 1516; x_wconf 87' lang='lat' dir='ltr'><strong>Pascha</strong></span> <span class='ocrx_word' id='word_1_217' title='bbox 2662 1463 2941 1518; x_wconf 89' lang='lat' dir='ltr'><strong>vescendis</strong></span> <span class='ocrx_word' id='word_1_218' title='bbox 2969 1480 2983 1516; x_wconf 91' lang='lat'><strong>:</strong></span> <span class='ocrx_word' id='word_1_219' title='bbox 3027 1463 3151 1518; x_wconf 83' lang='lat' dir='ltr'><strong>Non</strong></span> <span class='ocrx_word' id='word_1_220' title='bbox 3178 1465 3458 1520; x_wconf 75' lang='lat' dir='ltr'><strong>comedetis</strong></span> <span class='ocrx_word' id='word_1_221' title='bbox 3485 1483 3548 1526; x_wconf 72' lang='lat' dir='ltr'><strong>ea:</strong></span> <span class='ocrx_word' id='word_1_222' title='bbox 3576 1483 3636 1522; x_wconf 85' lang='lat' dir='ltr'><strong>eo</strong></span> <span class='ocrx_word' id='word_1_223' title='bbox 3663 1484 3792 1523; x_wconf 76' lang='lat' dir='ltr'><strong>crit-</strong></span> 
     </span>
    </p>
   </div>
   <div class='ocr_carea' id='block_1_30' title="bbox 2195 1553 3789 1630">
    <p class='ocr_par' dir='ltr' id='par_1_30' title="bbox 2195 1553 3789 1630">
     <span class='ocr_line' id='line_1_30' title="bbox 2195 1553 3789 1630; baseline 0.004 -24"><span class='ocrx_word' id='word_1_224' title='bbox 2195 1553 2319 1606; x_wconf 89' lang='lat' dir='ltr'><strong>dum</strong></span> <span class='ocrx_word' id='word_1_225' title='bbox 2353 1555 2500 1624; x_wconf 89' lang='lat' dir='ltr'><strong>quid,</strong></span> <span class='ocrx_word' id='word_1_226' title='bbox 2544 1571 2634 1608; x_wconf 89' lang='lat' dir='ltr'><strong>nec</strong></span> <span class='ocrx_word' id='word_1_227' title='bbox 2677 1565 2876 1609; x_wconf 88' lang='lat' dir='ltr'><strong>coctum</strong></span> <span class='ocrx_word' id='word_1_228' title='bbox 2915 1573 3072 1626; x_wconf 87' lang='lat' dir='ltr'><strong>aqua,</strong></span> <span class='ocrx_word' id='word_1_229' title='bbox 3113 1557 3204 1609; x_wconf 89' lang='lat' dir='ltr'><strong>sed</strong></span> <span class='ocrx_word' id='word_1_230' title='bbox 3229 1573 3407 1610; x_wconf 86' lang='lat' dir='ltr'><strong>assum</strong></span> <span class='ocrx_word' id='word_1_231' title='bbox 3447 1567 3649 1612; x_wconf 85' lang='lat' dir='ltr'><strong>tantum</strong></span> <span class='ocrx_word' id='word_1_232' title='bbox 3672 1561 3789 1630; x_wconf 73' lang='lat' dir='ltr'><strong>igni</strong></span> 
     </span>
    </p>
   </div>
   <div class='ocr_carea' id='block_1_31' title="bbox 2197 1642 3787 1716">
    <p class='ocr_par' dir='ltr' id='par_1_31' title="bbox 2197 1642 3787 1716">
     <span class='ocr_line' id='line_1_31' title="bbox 2197 1642 3787 1716; baseline 0.006 -20"><span class='ocrx_word' id='word_1_233' title='bbox 2197 1642 2391 1714; x_wconf 72' lang='lat' dir='ltr'><strong>(Exod.</strong></span> <span class='ocrx_word' id='word_1_234' title='bbox 2417 1643 2536 1715; x_wconf 87' lang='lat' dir='ltr'><strong>xu).</strong></span> <span class='ocrx_word' id='word_1_235' title='bbox 2569 1644 2706 1711; x_wconf 89' lang='lat' dir='ltr'><strong>Quid</strong></span> <span class='ocrx_word' id='word_1_236' title='bbox 2754 1646 2934 1700; x_wconf 70' lang='lat' dir='ltr'><strong>crudae</strong></span> <span class='ocrx_word' id='word_1_237' title='bbox 2983 1646 3106 1716; x_wconf 89' lang='lat' dir='ltr'><strong>agni</strong></span> <span class='ocrx_word' id='word_1_238' title='bbox 3147 1661 3357 1713; x_wconf 90' lang='lat' dir='ltr'><strong>carnes,</strong></span> <span class='ocrx_word' id='word_1_239' title='bbox 3400 1648 3499 1702; x_wconf 90' lang='lat' dir='ltr'><strong>nisi</strong></span> <span class='ocrx_word' id='word_1_240' title='bbox 3540 1649 3787 1706; x_wconf 87' lang='lat' dir='ltr'><strong>inconsi-</strong></span> 
     </span>
    </p>
   </div>
   <div class='ocr_carea' id='block_1_32' title="bbox 506 1732 3786 1811">
    <p class='ocr_par' dir='ltr' id='par_1_32' title="bbox 506 1732 3786 1811">
     <span class='ocr_line' id='line_1_32' title="bbox 506 1732 3786 1811; baseline 0.004 -31"><span class='ocrx_word' id='word_1_241' title='bbox 506 1741 676 1794; x_wconf 67' lang='lat' dir='ltr'><strong>remia</strong></span> <span class='ocrx_word' id='word_1_242' title='bbox 736 1741 937 1795; x_wconf 67' lang='lat' dir='ltr'><strong>meum,</strong></span> <span class='ocrx_word' id='word_1_243' title='bbox 991 1739 1071 1803; x_wconf 68' lang='grc' dir='ltr'>ιιι,</span> <span class='ocrx_word' id='word_1_244' title='bbox 1125 1741 1217 1795; x_wconf 71' lang='lat' dir='ltr'><strong>ubi</strong></span> <span class='ocrx_word' id='word_1_245' title='bbox 1284 1742 1590 1810; x_wconf 56' lang='lat' dir='ltr'><strong>increpat.&quot;-</strong></span> <span class='ocrx_word' id='word_1_246' title='bbox 1631 1741 1876 1811; x_wconf 72' lang='grc' dir='ltr'><strong>ρορυιυε,</strong></span> <span class='ocrx_word' id='word_1_247' title='bbox 1949 1740 2091 1810; x_wconf 79' lang='lat' dir='ltr'><strong>quod</strong></span> <span class='ocrx_word' id='word_1_248' title='bbox 2121 1803 2164 1811; x_wconf 84' lang='lat'><strong>__</strong></span> <span class='ocrx_word' id='word_1_249' title='bbox 2195 1732 2438 1788; x_wconf 89' lang='lat' dir='ltr'><strong>deratam</strong></span> <span class='ocrx_word' id='word_1_250' title='bbox 2488 1749 2552 1789; x_wconf 90' lang='lat' dir='ltr'><strong>ac</strong></span> <span class='ocrx_word' id='word_1_251' title='bbox 2607 1735 2723 1789; x_wconf 90' lang='lat' dir='ltr'><strong>sine</strong></span> <span class='ocrx_word' id='word_1_252' title='bbox 2778 1736 3077 1791; x_wconf 90' lang='lat' dir='ltr'><strong>reverentia</strong></span> <span class='ocrx_word' id='word_1_253' title='bbox 3126 1737 3466 1806; x_wconf 82' lang='lat' dir='ltr'><strong>cogitationis</strong></span> <span class='ocrx_word' id='word_1_254' title='bbox 3522 1736 3786 1806; x_wconf 73' lang='lat' dir='ltr'><strong>reiectam</strong></span> 
     </span>
    </p>
   </div>
   <div class='ocr_carea' id='block_1_33' title="bbox 504 1803 3785 1900">
    <p class='ocr_par' dir='ltr' id='par_1_33' title="bbox 504 1803 3785 1900">
     <span class='ocr_line' id='line_1_33' title="bbox 504 1803 3785 1900; baseline 0.001 -18"><span class='ocrx_word' id='word_1_255' title='bbox 504 1831 782 1899; x_wconf 84' lang='lat' dir='ltr'><strong>placentas</strong></span> <span class='ocrx_word' id='word_1_256' title='bbox 808 1830 921 1884; x_wconf 86' lang='lat' dir='ltr'><strong>sive</strong></span> <span class='ocrx_word' id='word_1_257' title='bbox 973 1827 1209 1885; x_wconf 89' lang='lat' dir='ltr'><strong>focacios</strong></span> <span class='ocrx_word' id='word_1_258' title='bbox 1231 1803 1447 1899; x_wconf 43' lang='lat' dir='ltr'><strong>regime-</strong></span> <span class='ocrx_word' id='word_1_259' title='bbox 1478 1829 1600 1885; x_wconf 72' lang='grc' dir='ltr'><strong>οωιί</strong></span> <span class='ocrx_word' id='word_1_260' title='bbox 1631 1803 1881 1885; x_wconf 70' lang='lat' dir='ltr'><strong>coxerint</strong></span> <span class='ocrx_word' id='word_1_261' title='bbox 1908 1848 1921 1884; x_wconf 91' lang='lat'><strong>:</strong></span> <span class='ocrx_word' id='word_1_262' title='bbox 1951 1803 2096 1900; x_wconf 79' lang='lat' dir='ltr'><strong>quod</strong></span> <span class='ocrx_word' id='word_1_263' title='bbox 2121 1803 2171 1864; x_wconf 78' lang='grc' dir='ltr'>Β</span> <span class='ocrx_word' id='word_1_264' title='bbox 2199 1823 2341 1879; x_wconf 76' lang='lat' dir='ltr'><strong>illius</strong></span> <span class='ocrx_word' id='word_1_265' title='bbox 2388 1824 2777 1881; x_wconf 76' lang='lat' dir='ltr'><strong>humanitatem</strong></span> <span class='ocrx_word' id='word_1_266' title='bbox 2811 1825 3146 1897; x_wconf 77' lang='lat' dir='ltr'><strong>signiﬁcant?</strong></span> <span class='ocrx_word' id='word_1_267' title='bbox 3191 1826 3361 1882; x_wconf 86' lang='lat' dir='ltr'><strong>Omne</strong></span> <span class='ocrx_word' id='word_1_268' title='bbox 3415 1826 3556 1882; x_wconf 86' lang='lat' dir='ltr'><strong>enim</strong></span> <span class='ocrx_word' id='word_1_269' title='bbox 3577 1867 3592 1892; x_wconf 90' lang='lat'><strong>,</strong></span> <span class='ocrx_word' id='word_1_270' title='bbox 3635 1828 3785 1898; x_wconf 88' lang='lat' dir='ltr'><strong>quod</strong></span> 
     </span>
    </p>
   </div>
   <div class='ocr_carea' id='block_1_34' title="bbox 506 1912 2098 1988">
    <p class='ocr_par' dir='ltr' id='par_1_34' title="bbox 506 1912 2098 1988">
     <span class='ocr_line' id='line_1_34' title="bbox 506 1912 2098 1988; baseline 0.002 -18"><span class='ocrx_word' id='word_1_271' title='bbox 506 1917 790 1973; x_wconf 64' lang='lat' dir='ltr'><strong>haereticos</strong></span> <span class='ocrx_word' id='word_1_272' title='bbox 825 1917 940 1972; x_wconf 87' lang='lat' dir='ltr'><strong>sive</strong></span> <span class='ocrx_word' id='word_1_273' title='bbox 977 1918 1350 1972; x_wconf 77' lang='lat' dir='ltr'><strong>schismaticos</strong></span> <span class='ocrx_word' id='word_1_274' title='bbox 1375 1912 1671 1988; x_wconf 86' lang='lat' dir='ltr'><strong>signiﬁcat;</strong></span> <span class='ocrx_word' id='word_1_275' title='bbox 1717 1917 1974 1988; x_wconf 92' lang='lat' dir='ltr'><strong>quidquid</strong></span> <span class='ocrx_word' id='word_1_276' title='bbox 2011 1933 2098 1973; x_wconf 86' lang='lat' dir='ltr'><strong>sa-</strong></span> 
     </span>
    </p>
   </div>
   <div class='ocr_carea' id='block_1_35' title="bbox 504 2005 2093 2079">
    <p class='ocr_par' dir='ltr' id='par_1_35' title="bbox 504 2005 2093 2079">
     <span class='ocr_line' id='line_1_35' title="bbox 504 2005 2093 2079; baseline 0.001 -18"><span class='ocrx_word' id='word_1_277' title='bbox 504 2008 706 2079; x_wconf 91' lang='lat' dir='ltr'><strong>pientia</strong></span> <span class='ocrx_word' id='word_1_278' title='bbox 744 2006 992 2062; x_wconf 63' lang='lat' dir='ltr'><strong>saeculari</strong></span> <span class='ocrx_word' id='word_1_279' title='bbox 1037 2007 1091 2061; x_wconf 93' lang='lat' dir='ltr'><strong>in</strong></span> <span class='ocrx_word' id='word_1_280' title='bbox 1133 2009 1324 2062; x_wconf 66' lang='lat' dir='ltr'><strong>haeresi</strong></span> <span class='ocrx_word' id='word_1_281' title='bbox 1373 2015 1735 2076; x_wconf 86' lang='lat' dir='ltr'><strong>excoq&#39;uentes</strong></span> <span class='ocrx_word' id='word_1_282' title='bbox 1766 2005 2093 2078; x_wconf 67' lang='lat' dir='ltr'><strong>praeparant,</strong></span> 
     </span>
    </p>
   </div>
   <div class='ocr_carea' id='block_1_36' title="bbox 504 2097 2091 2168">
    <p class='ocr_par' dir='ltr' id='par_1_36' title="bbox 504 2097 2091 2168">
     <span class='ocr_line' id='line_1_36' title="bbox 504 2097 2091 2168; baseline 0 -16"><span class='ocrx_word' id='word_1_283' title='bbox 504 2113 612 2153; x_wconf 91' lang='lat' dir='ltr'><strong>non</strong></span> <span class='ocrx_word' id='word_1_284' title='bbox 670 2098 803 2161; x_wconf 91' lang='lat' dir='ltr'><strong>Deo,</strong></span> <span class='ocrx_word' id='word_1_285' title='bbox 868 2099 960 2152; x_wconf 89' lang='lat' dir='ltr'><strong>sed</strong></span> <span class='ocrx_word' id='word_1_286' title='bbox 1021 2097 1266 2168; x_wconf 89' lang='lat' dir='ltr'><strong>malignis</strong></span> <span class='ocrx_word' id='word_1_287' title='bbox 1327 2097 1606 2166; x_wconf 81' lang='lat' dir='ltr'><strong>spiritibus</strong></span> <span class='ocrx_word' id='word_1_288' title='bbox 1658 2097 1888 2152; x_wconf 83' lang='lat' dir='ltr'><strong>olferuut</strong></span> <span class='ocrx_word' id='word_1_289' title='bbox 1941 2098 2091 2152; x_wconf 89' lang='lat' dir='ltr'><strong>illud.</strong></span> 
     </span>
    </p>
   </div>
   <div class='ocr_carea' id='block_1_37' title="bbox 503 2183 2093 2261">
    <p class='ocr_par' dir='ltr' id='par_1_37' title="bbox 503 2183 2093 2261">
     <span class='ocr_line' id='line_1_37' title="bbox 503 2183 2093 2261; baseline -0.002 -15"><span class='ocrx_word' id='word_1_290' title='bbox 503 2189 572 2246; x_wconf 86' lang='lat' dir='ltr'><strong>Et</strong></span> <span class='ocrx_word' id='word_1_291' title='bbox 592 2191 644 2245; x_wconf 92' lang='lat' dir='ltr'><strong>in</strong></span> <span class='ocrx_word' id='word_1_292' title='bbox 674 2191 879 2261; x_wconf 90' lang='lat' dir='ltr'><strong>psalmo</strong></span> <span class='ocrx_word' id='word_1_293' title='bbox 905 2190 1164 2260; x_wconf 89' lang='lat' dir='ltr'><strong>scriptum</strong></span> <span class='ocrx_word' id='word_1_294' title='bbox 1190 2206 1204 2244; x_wconf 92' lang='lat'><strong>:</strong></span> <span class='ocrx_word' id='word_1_295' title='bbox 1231 2191 1393 2244; x_wconf 80' lang='lat' dir='ltr'><strong>Mittit</strong></span> <span class='ocrx_word' id='word_1_296' title='bbox 1417 2183 1721 2260; x_wconf 79' lang='lat' dir='ltr'><strong>crystallum</strong></span> <span class='ocrx_word' id='word_1_297' title='bbox 1750 2207 1924 2255; x_wconf 89' lang='lat' dir='ltr'><strong>suum,</strong></span> <span class='ocrx_word' id='word_1_298' title='bbox 1957 2191 2093 2244; x_wconf 88' lang='lat' dir='ltr'><strong>sicut</strong></span> 
     </span>
    </p>
   </div>
   <div class='ocr_carea' id='block_1_38' title="bbox 503 2280 2091 2353">
    <p class='ocr_par' dir='ltr' id='par_1_38' title="bbox 503 2280 2091 2353">
     <span class='ocr_line' id='line_1_38' title="bbox 503 2280 2091 2353; baseline 0.002 -19"><span class='ocrx_word' id='word_1_299' title='bbox 503 2281 672 2350; x_wconf 83' lang='lat' dir='ltr'><strong>frusta</strong></span> <span class='ocrx_word' id='word_1_300' title='bbox 701 2282 853 2352; x_wconf 79' lang='lat' dir='ltr'><strong>panis</strong></span> <span class='ocrx_word' id='word_1_301' title='bbox 895 2280 1065 2350; x_wconf 88' lang='lat' dir='ltr'><strong>(Psal.</strong></span> <span class='ocrx_word' id='word_1_302' title='bbox 1093 2281 1316 2352; x_wconf 85' lang='lat' dir='ltr'><strong>chvu).</strong></span> <span class='ocrx_word' id='word_1_303' title='bbox 1365 2281 1616 2353; x_wconf 89' lang='lat' dir='ltr'><strong>Crystalli</strong></span> <span class='ocrx_word' id='word_1_304' title='bbox 1668 2282 1968 2336; x_wconf 86' lang='lat' dir='ltr'><strong>substantia</strong></span> <span class='ocrx_word' id='word_1_305' title='bbox 1993 2281 2091 2337; x_wconf 91' lang='lat' dir='ltr'><strong>ob-</strong></span> 
     </span>
    </p>
   </div>
   <div class='ocr_carea' id='block_1_39' title="bbox 501 2373 2091 2445">
    <p class='ocr_par' dir='ltr' id='par_1_39' title="bbox 501 2373 2091 2445">
     <span class='ocr_line' id='line_1_39' title="bbox 501 2373 2091 2445; baseline 0.002 -19"><span class='ocrx_word' id='word_1_306' title='bbox 501 2373 718 2426; x_wconf 90' lang='lat' dir='ltr'><strong>stinatis</strong></span> <span class='ocrx_word' id='word_1_307' title='bbox 745 2373 1119 2442; x_wconf 88' lang='lat' dir='ltr'><strong>peccatoribus</strong></span> <span class='ocrx_word' id='word_1_308' title='bbox 1147 2375 1343 2427; x_wconf 73' lang='lat' dir='ltr'><strong>merito</strong></span> <span class='ocrx_word' id='word_1_309' title='bbox 1375 2383 1744 2444; x_wconf 87' lang='lat' dir='ltr'><strong>comparatur,</strong></span> <span class='ocrx_word' id='word_1_310' title='bbox 1789 2375 1881 2443; x_wconf 91' lang='lat' dir='ltr'><strong>qui</strong></span> <span class='ocrx_word' id='word_1_311' title='bbox 1907 2373 2091 2445; x_wconf 87' lang='lat' dir='ltr'><strong>algore</strong></span> 
     </span>
    </p>
   </div>
   <div class='ocr_carea' id='block_1_40' title="bbox 499 2460 2085 2534">
    <p class='ocr_par' dir='ltr' id='par_1_40' title="bbox 499 2460 2085 2534">
     <span class='ocr_line' id='line_1_40' title="bbox 499 2460 2085 2534; baseline 0.002 -20"><span class='ocrx_word' id='word_1_312' title='bbox 499 2460 736 2531; x_wconf 74' lang='lat' dir='ltr'><strong>perfidia:</strong></span> <span class='ocrx_word' id='word_1_313' title='bbox 781 2462 1059 2516; x_wconf 90' lang='lat' dir='ltr'><strong>constricti</strong></span> <span class='ocrx_word' id='word_1_314' title='bbox 1095 2478 1192 2532; x_wconf 88' lang='lat' dir='ltr'><strong>per</strong></span> <span class='ocrx_word' id='word_1_315' title='bbox 1229 2462 1471 2531; x_wconf 82' lang='lat' dir='ltr'><strong>singulos</strong></span> <span class='ocrx_word' id='word_1_316' title='bbox 1525 2464 1640 2518; x_wconf 90' lang='lat' dir='ltr'><strong>dies</strong></span> <span class='ocrx_word' id='word_1_317' title='bbox 1686 2463 2085 2534; x_wconf 88' lang='lat' dir='ltr'><strong>congelascunt.</strong></span> 
     </span>
    </p>
   </div>
   <div class='ocr_carea' id='block_1_41' title="bbox 497 2545 2084 2620">
    <p class='ocr_par' dir='ltr' id='par_1_41' title="bbox 497 2545 2084 2620">
     <span class='ocr_line' id='line_1_41' title="bbox 497 2545 2084 2620; baseline 0.002 -17"><span class='ocrx_word' id='word_1_318' title='bbox 497 2545 607 2603; x_wconf 84' lang='lat' dir='ltr'><strong>Hos</strong></span> <span class='ocrx_word' id='word_1_319' title='bbox 643 2561 854 2619; x_wconf 80' lang='lat' dir='ltr'><strong>quoque</strong></span> <span class='ocrx_word' id='word_1_320' title='bbox 897 2549 1170 2613; x_wconf 89' lang='lat' dir='ltr'><strong>Dominus,</strong></span> <span class='ocrx_word' id='word_1_321' title='bbox 1229 2551 1394 2605; x_wconf 77' lang='lat' dir='ltr'><strong>veluti</strong></span> <span class='ocrx_word' id='word_1_322' title='bbox 1426 2551 1598 2606; x_wconf 88' lang='lat' dir='ltr'><strong>frusta</strong></span> <span class='ocrx_word' id='word_1_323' title='bbox 1652 2553 1829 2620; x_wconf 90' lang='lat' dir='ltr'><strong>panis,</strong></span> <span class='ocrx_word' id='word_1_324' title='bbox 1863 2554 2084 2620; x_wconf 90' lang='lat' dir='ltr'><strong>emittit,</strong></span> 
     </span>
    </p>
   </div>
   <div class='ocr_carea' id='block_1_42' title="bbox 495 2643 2082 2717">
    <p class='ocr_par' dir='ltr' id='par_1_42' title="bbox 495 2643 2082 2717">
     <span class='ocr_line' id='line_1_42' title="bbox 495 2643 2082 2717; baseline 0.004 -23"><span class='ocrx_word' id='word_1_325' title='bbox 495 2643 710 2710; x_wconf 85' lang='lat' dir='ltr'><strong>quando</strong></span> <span class='ocrx_word' id='word_1_326' title='bbox 753 2658 1042 2698; x_wconf 85' lang='lat' dir='ltr'><strong>conversos</strong></span> <span class='ocrx_word' id='word_1_327' title='bbox 1102 2659 1196 2698; x_wconf 93' lang='lat' dir='ltr'><strong>sua</strong></span> <span class='ocrx_word' id='word_1_328' title='bbox 1257 2643 1386 2699; x_wconf 77' lang='lat' dir='ltr'><strong>facit</strong></span> <span class='ocrx_word' id='word_1_329' title='bbox 1442 2645 1740 2714; x_wconf 71' lang='lat' dir='ltr'><strong>prmdicare</strong></span> <span class='ocrx_word' id='word_1_330' title='bbox 1797 2646 2082 2717; x_wconf 87' lang='lat' dir='ltr'><strong>magnalia,</strong></span> 
     </span>
    </p>
   </div>
   <div class='ocr_carea' id='block_1_43' title="bbox 494 2732 2084 2806">
    <p class='ocr_par' dir='ltr' id='par_1_43' title="bbox 494 2732 2084 2806">
     <span class='ocr_line' id='line_1_43' title="bbox 494 2732 2084 2806; baseline 0.004 -21"><span class='ocrx_word' id='word_1_331' title='bbox 494 2732 637 2786; x_wconf 89' lang='lat' dir='ltr'><strong>unde</strong></span> <span class='ocrx_word' id='word_1_332' title='bbox 663 2734 892 2803; x_wconf 84' lang='lat' dir='ltr'><strong>populus</strong></span> <span class='ocrx_word' id='word_1_333' title='bbox 918 2735 1164 2789; x_wconf 87' lang='lat' dir='ltr'><strong>esuriens</strong></span> <span class='ocrx_word' id='word_1_334' title='bbox 1189 2735 1395 2790; x_wconf 64' lang='lat' dir='ltr'><strong>caelesti</strong></span> <span class='ocrx_word' id='word_1_335' title='bbox 1426 2751 1562 2806; x_wconf 88' lang='lat' dir='ltr'><strong>pane</strong></span> <span class='ocrx_word' id='word_1_336' title='bbox 1589 2745 1856 2791; x_wconf 85' lang='lat' dir='ltr'><strong>vescatur.</strong></span> <span class='ocrx_word' id='word_1_337' title='bbox 1893 2737 2084 2792; x_wconf 88' lang='lat' dir='ltr'><strong>Frusta</strong></span> 
     </span>
    </p>
   </div>
   <div class='ocr_carea' id='block_1_44' title="bbox 417 2821 2085 2898">
    <p class='ocr_par' dir='ltr' id='par_1_44' title="bbox 417 2821 2085 2898">
     <span class='ocr_line' id='line_1_44' title="bbox 417 2821 2085 2898; baseline 0.004 -25"><span class='ocrx_word' id='word_1_338' title='bbox 417 2854 431 2865; x_wconf 84' lang='grc'><strong>-</strong></span> <span class='ocrx_word' id='word_1_339' title='bbox 492 2821 636 2874; x_wconf 92' lang='lat' dir='ltr'><strong>enim</strong></span> <span class='ocrx_word' id='word_1_340' title='bbox 668 2831 850 2891; x_wconf 88' lang='lat' dir='ltr'><strong>partes</strong></span> <span class='ocrx_word' id='word_1_341' title='bbox 878 2822 1119 2892; x_wconf 92' lang='lat' dir='ltr'><strong>corporis</strong></span> <span class='ocrx_word' id='word_1_342' title='bbox 1149 2824 1376 2878; x_wconf 90' lang='lat' dir='ltr'><strong>dicimus</strong></span> <span class='ocrx_word' id='word_1_343' title='bbox 1405 2825 1662 2894; x_wconf 87' lang='lat' dir='ltr'><strong>alicujus:</strong></span> <span class='ocrx_word' id='word_1_344' title='bbox 1693 2827 1908 2895; x_wconf 88' lang='lat' dir='ltr'><strong>signant</strong></span> <span class='ocrx_word' id='word_1_345' title='bbox 1930 2828 2085 2898; x_wconf 90' lang='lat' dir='ltr'><strong>quip-</strong></span> 
     </span>
    </p>
   </div>
   <div class='ocr_carea' id='block_1_45' title="bbox 491 2912 2081 2988">
    <p class='ocr_par' dir='ltr' id='par_1_45' title="bbox 491 2912 2081 2988">
     <span class='ocr_line' id='line_1_45' title="bbox 491 2912 2081 2988; baseline 0.004 -24"><span class='ocrx_word' id='word_1_346' title='bbox 491 2924 558 2978; x_wconf 91' lang='lat' dir='ltr'><strong>pe</strong></span> <span class='ocrx_word' id='word_1_347' title='bbox 575 2912 832 2966; x_wconf 74' lang='lat' dir='ltr'><strong>doctrina:</strong></span> <span class='ocrx_word' id='word_1_348' title='bbox 849 2914 1058 2968; x_wconf 90' lang='lat' dir='ltr'><strong>diversa</strong></span> <span class='ocrx_word' id='word_1_349' title='bbox 1083 2915 1242 2978; x_wconf 90' lang='lat' dir='ltr'><strong>dona,</strong></span> <span class='ocrx_word' id='word_1_350' title='bbox 1259 2931 1378 2984; x_wconf 76' lang='lat' dir='ltr'><strong>qua:</strong></span> <span class='ocrx_word' id='word_1_351' title='bbox 1393 2931 1456 2970; x_wconf 76' lang='lat' dir='ltr'><strong>ex</strong></span> <span class='ocrx_word' id='word_1_352' title='bbox 1465 2917 1858 2985; x_wconf 80' lang='lat' dir='ltr'><strong>spectatoribus</strong></span> <span class='ocrx_word' id='word_1_353' title='bbox 1875 2915 2081 2988; x_wconf 73' lang='lat' dir='ltr'><strong>(Forte,</strong></span> 
     </span>
    </p>
   </div>
   <div class='ocr_carea' id='block_1_46' title="bbox 490 3003 2080 3077">
    <p class='ocr_par' dir='ltr' id='par_1_46' title="bbox 490 3003 2080 3077">
     <span class='ocr_line' id='line_1_46' title="bbox 490 3003 2080 3077; baseline 0.003 -22"><span class='ocrx_word' id='word_1_354' title='bbox 490 3003 891 3076; x_wconf 78' lang='lat' dir='ltr'><strong>peccatoribus]</strong></span> <span class='ocrx_word' id='word_1_355' title='bbox 937 3005 989 3058; x_wconf 92' lang='lat' dir='ltr'><strong>in</strong></span> <span class='ocrx_word' id='word_1_356' title='bbox 1017 3007 1217 3060; x_wconf 86' lang='lat' dir='ltr'><strong>sanctis</strong></span> <span class='ocrx_word' id='word_1_357' title='bbox 1246 3008 1357 3060; x_wconf 88' lang='lat' dir='ltr'><strong>suis</strong></span> <span class='ocrx_word' id='word_1_358' title='bbox 1396 3006 1652 3061; x_wconf 89' lang='lat' dir='ltr'><strong>Dominus</strong></span> <span class='ocrx_word' id='word_1_359' title='bbox 1690 3008 1885 3077; x_wconf 68' lang='lat' dir='ltr'><strong>saepius</strong></span> <span class='ocrx_word' id='word_1_360' title='bbox 1926 3022 2080 3061; x_wconf 89' lang='lat' dir='ltr'><strong>mon-</strong></span> 
     </span>
    </p>
   </div>
   <div class='ocr_carea' id='block_1_47' title="bbox 492 3093 2082 3164">
    <p class='ocr_par' dir='ltr' id='par_1_47' title="bbox 492 3093 2082 3164">
     <span class='ocr_line' id='line_1_47' title="bbox 492 3093 2082 3164; baseline 0.003 -19"><span class='ocrx_word' id='word_1_361' title='bbox 492 3099 670 3146; x_wconf 88' lang='lat' dir='ltr'><strong>strare</strong></span> <span class='ocrx_word' id='word_1_362' title='bbox 706 3093 955 3164; x_wconf 86' lang='lat' dir='ltr'><strong>dignatus</strong></span> <span class='ocrx_word' id='word_1_363' title='bbox 998 3103 1100 3148; x_wconf 91' lang='lat' dir='ltr'><strong>est.</strong></span> <span class='ocrx_word' id='word_1_364' title='bbox 1152 3095 1494 3150; x_wconf 82' lang='lat' dir='ltr'><strong>Fermentum</strong></span> <span class='ocrx_word' id='word_1_365' title='bbox 1547 3112 1576 3149; x_wconf 93' lang='lat' dir='ltr'><strong>a</strong></span> <span class='ocrx_word' id='word_1_366' title='bbox 1613 3096 1823 3151; x_wconf 81' lang='lat' dir='ltr'><strong>fervore</strong></span> <span class='ocrx_word' id='word_1_367' title='bbox 1874 3112 2082 3152; x_wconf 91' lang='lat' dir='ltr'><strong>nuncu-</strong></span> 
     </span>
    </p>
   </div>
   <div class='ocr_carea' id='block_1_48' title="bbox 2199 1915 3784 1988">
    <p class='ocr_par' dir='ltr' id='par_1_48' title="bbox 2199 1915 3784 1988">
     <span class='ocr_line' id='line_1_48' title="bbox 2199 1915 3784 1988; baseline 0.001 -19"><span class='ocrx_word' id='word_1_368' title='bbox 2199 1915 2464 1970; x_wconf 90' lang='lat' dir='ltr'><strong>subtiliter</strong></span> <span class='ocrx_word' id='word_1_369' title='bbox 2514 1917 2832 1986; x_wconf 89' lang='lat' dir='ltr'><strong>cogitamus,</strong></span> <span class='ocrx_word' id='word_1_370' title='bbox 2882 1916 3034 1988; x_wconf 85' lang='lat' dir='ltr'><strong>quasi</strong></span> <span class='ocrx_word' id='word_1_371' title='bbox 3082 1923 3261 1971; x_wconf 88' lang='lat' dir='ltr'><strong>mente</strong></span> <span class='ocrx_word' id='word_1_372' title='bbox 3317 1917 3619 1986; x_wconf 89' lang='lat' dir='ltr'><strong>coquimus.</strong></span> <span class='ocrx_word' id='word_1_373' title='bbox 3673 1916 3784 1971; x_wconf 88' lang='lat' dir='ltr'><strong>Sed</strong></span> 
     </span>
    </p>
   </div>
   <div class='ocr_carea' id='block_1_49' title="bbox 2197 2007 3781 2078">
    <p class='ocr_par' dir='ltr' id='par_1_49' title="bbox 2197 2007 3781 2078">
     <span class='ocr_line' id='line_1_49' title="bbox 2197 2007 3781 2078; baseline 0.002 -18"><span class='ocrx_word' id='word_1_374' title='bbox 2197 2007 2320 2078; x_wconf 89' lang='lat' dir='ltr'><strong>agni</strong></span> <span class='ocrx_word' id='word_1_375' title='bbox 2350 2021 2479 2062; x_wconf 90' lang='lat' dir='ltr'><strong>caro</strong></span> <span class='ocrx_word' id='word_1_376' title='bbox 2525 2023 2628 2061; x_wconf 89' lang='lat' dir='ltr'><strong>nec</strong></span> <span class='ocrx_word' id='word_1_377' title='bbox 2656 2008 2819 2062; x_wconf 91' lang='lat' dir='ltr'><strong>cruda</strong></span> <span class='ocrx_word' id='word_1_378' title='bbox 2871 2007 3078 2063; x_wconf 92' lang='lat' dir='ltr'><strong>edenda</strong></span> <span class='ocrx_word' id='word_1_379' title='bbox 3121 2015 3223 2072; x_wconf 91' lang='lat' dir='ltr'><strong>est,</strong></span> <span class='ocrx_word' id='word_1_380' title='bbox 3275 2019 3376 2061; x_wconf 92' lang='lat' dir='ltr'><strong>nec</strong></span> <span class='ocrx_word' id='word_1_381' title='bbox 3423 2021 3561 2075; x_wconf 88' lang='lat' dir='ltr'><strong>aqua</strong></span> <span class='ocrx_word' id='word_1_382' title='bbox 3600 2017 3781 2073; x_wconf 88' lang='lat' dir='ltr'><strong>cocta,</strong></span> 
     </span>
    </p>
   </div>
   <div class='ocr_carea' id='block_1_50' title="bbox 2196 2098 3784 2170">
    <p class='ocr_par' dir='ltr' id='par_1_50' title="bbox 2196 2098 3784 2170">
     <span class='ocr_line' id='line_1_50' title="bbox 2196 2098 3784 2170; baseline 0 -16"><span class='ocrx_word' id='word_1_383' title='bbox 2196 2099 2322 2170; x_wconf 89' lang='lat' dir='ltr'><strong>quia</strong></span> <span class='ocrx_word' id='word_1_384' title='bbox 2370 2098 2695 2167; x_wconf 80' lang='lat' dir='ltr'><strong>Redemptor</strong></span> <span class='ocrx_word' id='word_1_385' title='bbox 2738 2107 2922 2153; x_wconf 89' lang='lat' dir='ltr'><strong>noster</strong></span> <span class='ocrx_word' id='word_1_386' title='bbox 2948 2113 3048 2153; x_wconf 90' lang='lat' dir='ltr'><strong>nec</strong></span> <span class='ocrx_word' id='word_1_387' title='bbox 3094 2101 3262 2168; x_wconf 84' lang='lat' dir='ltr'><strong>purus</strong></span> <span class='ocrx_word' id='word_1_388' title='bbox 3313 2099 3476 2152; x_wconf 91' lang='lat' dir='ltr'><strong>homo</strong></span> <span class='ocrx_word' id='word_1_389' title='bbox 3502 2100 3784 2154; x_wconf 66' lang='lat' dir='ltr'><strong>aestimau-</strong></span> 
     </span>
    </p>
   </div>
   <div class='ocr_carea' id='block_1_51' title="bbox 2195 2188 3783 2258">
    <p class='ocr_par' dir='ltr' id='par_1_51' title="bbox 2195 2188 3783 2258">
     <span class='ocr_line' id='line_1_51' title="bbox 2195 2188 3783 2258; baseline 0.001 -15"><span class='ocrx_word' id='word_1_390' title='bbox 2195 2189 2294 2243; x_wconf 86' lang='lat' dir='ltr'><strong>dus</strong></span> <span class='ocrx_word' id='word_1_391' title='bbox 2335 2196 2436 2252; x_wconf 90' lang='lat' dir='ltr'><strong>est,</strong></span> <span class='ocrx_word' id='word_1_392' title='bbox 2470 2204 2641 2257; x_wconf 91' lang='lat' dir='ltr'><strong>neque</strong></span> <span class='ocrx_word' id='word_1_393' title='bbox 2671 2204 2767 2258; x_wconf 90' lang='lat' dir='ltr'><strong>per</strong></span> <span class='ocrx_word' id='word_1_394' title='bbox 2815 2189 3102 2242; x_wconf 89' lang='lat' dir='ltr'><strong>humanam</strong></span> <span class='ocrx_word' id='word_1_395' title='bbox 3153 2188 3495 2258; x_wconf 89' lang='lat' dir='ltr'><strong>sapientiam,</strong></span> <span class='ocrx_word' id='word_1_396' title='bbox 3546 2188 3783 2258; x_wconf 83' lang='lat' dir='ltr'><strong>qualiter</strong></span> 
     </span>
    </p>
   </div>
   <div class='ocr_carea' id='block_1_52' title="bbox 2194 2278 3778 2350">
    <p class='ocr_par' dir='ltr' id='par_1_52' title="bbox 2194 2278 3778 2350">
     <span class='ocr_line' id='line_1_52' title="bbox 2194 2278 3778 2350; baseline 0.001 -17"><span class='ocrx_word' id='word_1_397' title='bbox 2194 2279 2464 2334; x_wconf 89' lang='lat' dir='ltr'><strong>incarnari</strong></span> <span class='ocrx_word' id='word_1_398' title='bbox 2504 2281 2645 2335; x_wconf 89' lang='lat' dir='ltr'><strong>Deus</strong></span> <span class='ocrx_word' id='word_1_399' title='bbox 2670 2279 2863 2350; x_wconf 90' lang='lat' dir='ltr'><strong>potuit,</strong></span> <span class='ocrx_word' id='word_1_400' title='bbox 2910 2279 3243 2350; x_wconf 83' lang='lat' dir='ltr'><strong>cogitandus.</strong></span> <span class='ocrx_word' id='word_1_401' title='bbox 3276 2278 3464 2334; x_wconf 90' lang='lat' dir='ltr'><strong>Omnis</strong></span> <span class='ocrx_word' id='word_1_402' title='bbox 3492 2283 3660 2343; x_wconf 90' lang='lat' dir='ltr'><strong>enim,</strong></span> <span class='ocrx_word' id='word_1_403' title='bbox 3686 2280 3778 2349; x_wconf 91' lang='lat' dir='ltr'><strong>qui</strong></span> 
     </span>
    </p>
   </div>
   <div class='ocr_carea' id='block_1_53' title="bbox 2191 2369 3778 2440">
    <p class='ocr_par' dir='ltr' id='par_1_53' title="bbox 2191 2369 3778 2440">
     <span class='ocr_line' id='line_1_53' title="bbox 2191 2369 3778 2440; baseline 0.002 -17"><span class='ocrx_word' id='word_1_404' title='bbox 2191 2369 2602 2440; x_wconf 83' lang='lat' dir='ltr'><strong>Redemptorem</strong></span> <span class='ocrx_word' id='word_1_405' title='bbox 2629 2380 2872 2424; x_wconf 89' lang='lat' dir='ltr'><strong>nostrum</strong></span> <span class='ocrx_word' id='word_1_406' title='bbox 2897 2385 3090 2440; x_wconf 92' lang='lat' dir='ltr'><strong>purum</strong></span> <span class='ocrx_word' id='word_1_407' title='bbox 3116 2371 3387 2424; x_wconf 90' lang='lat' dir='ltr'><strong>hominem</strong></span> <span class='ocrx_word' id='word_1_408' title='bbox 3420 2370 3613 2435; x_wconf 88' lang='lat' dir='ltr'><strong>credit,</strong></span> <span class='ocrx_word' id='word_1_409' title='bbox 3646 2371 3778 2440; x_wconf 90' lang='lat' dir='ltr'><strong>quid</strong></span> 
     </span>
    </p>
   </div>
   <div class='ocr_carea' id='block_1_54' title="bbox 2191 2460 3773 2532">
    <p class='ocr_par' dir='ltr' id='par_1_54' title="bbox 2191 2460 3773 2532">
     <span class='ocr_line' id='line_1_54' title="bbox 2191 2460 3773 2532; baseline -0.001 -17"><span class='ocrx_word' id='word_1_410' title='bbox 2191 2461 2292 2516; x_wconf 90' lang='lat' dir='ltr'><strong>iste</strong></span> <span class='ocrx_word' id='word_1_411' title='bbox 2334 2460 2497 2525; x_wconf 90' lang='lat' dir='ltr'><strong>aliud,</strong></span> <span class='ocrx_word' id='word_1_412' title='bbox 2567 2477 2728 2531; x_wconf 89' lang='lat' dir='ltr'><strong>quam</strong></span> <span class='ocrx_word' id='word_1_413' title='bbox 2793 2463 2916 2532; x_wconf 85' lang='lat' dir='ltr'><strong>agni</strong></span> <span class='ocrx_word' id='word_1_414' title='bbox 2966 2476 3157 2517; x_wconf 89' lang='lat' dir='ltr'><strong>carnes</strong></span> <span class='ocrx_word' id='word_1_415' title='bbox 3209 2461 3423 2526; x_wconf 89' lang='lat' dir='ltr'><strong>crudas,</strong></span> <span class='ocrx_word' id='word_1_416' title='bbox 3489 2462 3773 2516; x_wconf 87' lang='lat' dir='ltr'><strong>comedit:</strong></span> 
     </span>
    </p>
   </div>
   <div class='ocr_carea' id='block_1_55' title="bbox 2189 2549 3778 2622">
    <p class='ocr_par' dir='ltr' id='par_1_55' title="bbox 2189 2549 3778 2622">
     <span class='ocr_line' id='line_1_55' title="bbox 2189 2549 3778 2622; baseline 0.001 -18"><span class='ocrx_word' id='word_1_417' title='bbox 2189 2566 2323 2620; x_wconf 90' lang='lat' dir='ltr'><strong>quas</strong></span> <span class='ocrx_word' id='word_1_418' title='bbox 2366 2551 2616 2606; x_wconf 87' lang='lat' dir='ltr'><strong>videlicet</strong></span> <span class='ocrx_word' id='word_1_419' title='bbox 2655 2565 2888 2620; x_wconf 90' lang='lat' dir='ltr'><strong>coquere</strong></span> <span class='ocrx_word' id='word_1_420' title='bbox 2932 2566 3028 2622; x_wconf 91' lang='lat' dir='ltr'><strong>per</strong></span> <span class='ocrx_word' id='word_1_421' title='bbox 3071 2549 3365 2606; x_wconf 87' lang='lat' dir='ltr'><strong>divinitatis</strong></span> <span class='ocrx_word' id='word_1_422' title='bbox 3413 2550 3530 2620; x_wconf 90' lang='lat' dir='ltr'><strong>ejus</strong></span> <span class='ocrx_word' id='word_1_423' title='bbox 3579 2551 3778 2606; x_wconf 89' lang='lat' dir='ltr'><strong>intelli-</strong></span> 
     </span>
    </p>
   </div>
   <div class='ocr_carea' id='block_1_56' title="bbox 2188 2640 3776 2710">
    <p class='ocr_par' dir='ltr' id='par_1_56' title="bbox 2188 2640 3776 2710">
     <span class='ocr_line' id='line_1_56' title="bbox 2188 2640 3776 2710; baseline 0.001 -16"><span class='ocrx_word' id='word_1_424' title='bbox 2188 2641 2422 2710; x_wconf 81' lang='lat' dir='ltr'><strong>gentiam</strong></span> <span class='ocrx_word' id='word_1_425' title='bbox 2445 2641 2636 2695; x_wconf 91' lang='lat' dir='ltr'><strong>noluit.</strong></span> <span class='ocrx_word' id='word_1_426' title='bbox 2668 2640 2856 2696; x_wconf 91' lang='lat' dir='ltr'><strong>Omnis</strong></span> <span class='ocrx_word' id='word_1_427' title='bbox 2896 2641 3059 2705; x_wconf 91' lang='lat' dir='ltr'><strong>enim,</strong></span> <span class='ocrx_word' id='word_1_428' title='bbox 3108 2641 3200 2710; x_wconf 90' lang='lat' dir='ltr'><strong>qui</strong></span> <span class='ocrx_word' id='word_1_429' title='bbox 3243 2640 3631 2696; x_wconf 87' lang='lat' dir='ltr'><strong>incarnationis</strong></span> <span class='ocrx_word' id='word_1_430' title='bbox 3656 2641 3776 2708; x_wconf 87' lang='lat' dir='ltr'><strong>ejus</strong></span> 
     </span>
    </p>
   </div>
   <div class='ocr_carea' id='block_1_57' title="bbox 2187 2729 3776 2801">
    <p class='ocr_par' dir='ltr' id='par_1_57' title="bbox 2187 2729 3776 2801">
     <span class='ocr_line' id='line_1_57' title="bbox 2187 2729 3776 2801; baseline 0.001 -17"><span class='ocrx_word' id='word_1_431' title='bbox 2187 2731 2447 2800; x_wconf 87' lang='lat' dir='ltr'><strong>mysteria</strong></span> <span class='ocrx_word' id='word_1_432' title='bbox 2488 2729 2642 2798; x_wconf 86' lang='lat' dir='ltr'><strong>juxta</strong></span> <span class='ocrx_word' id='word_1_433' title='bbox 2687 2731 2977 2784; x_wconf 89' lang='lat' dir='ltr'><strong>humanam</strong></span> <span class='ocrx_word' id='word_1_434' title='bbox 3024 2731 3344 2801; x_wconf 88' lang='lat' dir='ltr'><strong>sapientiam</strong></span> <span class='ocrx_word' id='word_1_435' title='bbox 3384 2730 3776 2786; x_wconf 84' lang='lat' dir='ltr'><strong>discutereco—</strong></span> 
     </span>
    </p>
   </div>
   <div class='ocr_carea' id='block_1_58' title="bbox 2186 2820 3776 2891">
    <p class='ocr_par' dir='ltr' id='par_1_58' title="bbox 2186 2820 3776 2891">
     <span class='ocr_line' id='line_1_58' title="bbox 2186 2820 3776 2891; baseline 0.003 -18"><span class='ocrx_word' id='word_1_436' title='bbox 2186 2828 2365 2885; x_wconf 90' lang='lat' dir='ltr'><strong>natur,</strong></span> <span class='ocrx_word' id='word_1_437' title='bbox 2417 2835 2606 2875; x_wconf 87' lang='lat' dir='ltr'><strong>carnes</strong></span> <span class='ocrx_word' id='word_1_438' title='bbox 2653 2821 2775 2890; x_wconf 88' lang='lat' dir='ltr'><strong>agni</strong></span> <span class='ocrx_word' id='word_1_439' title='bbox 2817 2836 2956 2890; x_wconf 91' lang='lat' dir='ltr'><strong>aqua</strong></span> <span class='ocrx_word' id='word_1_440' title='bbox 2991 2820 3104 2874; x_wconf 90' lang='lat' dir='ltr'><strong>vult</strong></span> <span class='ocrx_word' id='word_1_441' title='bbox 3139 2835 3394 2891; x_wconf 89' lang='lat' dir='ltr'><strong>coquere,</strong></span> <span class='ocrx_word' id='word_1_442' title='bbox 3431 2821 3485 2876; x_wconf 91' lang='lat' dir='ltr'><strong>id</strong></span> <span class='ocrx_word' id='word_1_443' title='bbox 3517 2829 3627 2886; x_wconf 88' lang='lat' dir='ltr'><strong>est,</strong></span> <span class='ocrx_word' id='word_1_444' title='bbox 3661 2823 3776 2878; x_wconf 89' lang='lat' dir='ltr'><strong>dis-</strong></span> 
     </span>
    </p>
   </div>
   <div class='ocr_carea' id='block_1_59' title="bbox 2184 2913 3775 2984">
    <p class='ocr_par' dir='ltr' id='par_1_59' title="bbox 2184 2913 3775 2984">
     <span class='ocr_line' id='line_1_59' title="bbox 2184 2913 3775 2984; baseline 0.001 -18"><span class='ocrx_word' id='word_1_445' title='bbox 2184 2914 2514 2982; x_wconf 87' lang='lat' dir='ltr'><strong>pensationis</strong></span> <span class='ocrx_word' id='word_1_446' title='bbox 2575 2914 2690 2983; x_wconf 90' lang='lat' dir='ltr'><strong>ejus</strong></span> <span class='ocrx_word' id='word_1_447' title='bbox 2744 2916 3056 2984; x_wconf 85' lang='lat' dir='ltr'><strong>mysterium</strong></span> <span class='ocrx_word' id='word_1_448' title='bbox 3126 2928 3223 2982; x_wconf 90' lang='lat' dir='ltr'><strong>per</strong></span> <span class='ocrx_word' id='word_1_449' title='bbox 3278 2913 3590 2968; x_wconf 89' lang='lat' dir='ltr'><strong>dissolutam</strong></span> <span class='ocrx_word' id='word_1_450' title='bbox 3653 2914 3775 2969; x_wconf 92' lang='lat' dir='ltr'><strong>vult</strong></span> 
     </span>
    </p>
   </div>
   <div class='ocr_carea' id='block_1_60' title="bbox 2186 3005 3773 3078">
    <p class='ocr_par' dir='ltr' id='par_1_60' title="bbox 2186 3005 3773 3078">
     <span class='ocr_line' id='line_1_60' title="bbox 2186 3005 3773 3078; baseline 0.003 -18"><span class='ocrx_word' id='word_1_451' title='bbox 2186 3005 2468 3060; x_wconf 86' lang='lat' dir='ltr'><strong>scientiam</strong></span> <span class='ocrx_word' id='word_1_452' title='bbox 2494 3015 2797 3075; x_wconf 89' lang='lat' dir='ltr'><strong>penetrare.</strong></span> <span class='ocrx_word' id='word_1_453' title='bbox 2825 3006 3045 3062; x_wconf 85' lang='lat' dir='ltr'><strong>Frixum</strong></span> <span class='ocrx_word' id='word_1_454' title='bbox 3074 3023 3104 3062; x_wconf 91' lang='lat' dir='ltr'><strong>a</strong></span> <span class='ocrx_word' id='word_1_455' title='bbox 3135 3022 3266 3062; x_wconf 91' lang='lat' dir='ltr'><strong>sono</strong></span> <span class='ocrx_word' id='word_1_456' title='bbox 3296 3007 3520 3074; x_wconf 90' lang='lat' dir='ltr'><strong>dictum,</strong></span> <span class='ocrx_word' id='word_1_457' title='bbox 3550 3008 3773 3078; x_wconf 88' lang='lat' dir='ltr'><strong>quando</strong></span> 
     </span>
    </p>
   </div>
   <div class='ocr_carea' id='block_1_61' title="bbox 2185 3096 3768 3170">
    <p class='ocr_par' dir='ltr' id='par_1_61' title="bbox 2185 3096 3768 3170">
     <span class='ocr_line' id='line_1_61' title="bbox 2185 3096 3768 3170; baseline 0.003 -21"><span class='ocrx_word' id='word_1_458' title='bbox 2185 3097 2340 3151; x_wconf 90' lang='lat' dir='ltr'><strong>ardet</strong></span> <span class='ocrx_word' id='word_1_459' title='bbox 2385 3096 2440 3150; x_wconf 92' lang='lat' dir='ltr'><strong>in</strong></span> <span class='ocrx_word' id='word_1_460' title='bbox 2496 3096 2634 3150; x_wconf 91' lang='lat' dir='ltr'><strong>oleo.</strong></span> <span class='ocrx_word' id='word_1_461' title='bbox 2687 3096 2915 3152; x_wconf 84' lang='lat' dir='ltr'><strong>Frixura</strong></span> <span class='ocrx_word' id='word_1_462' title='bbox 2963 3097 3230 3169; x_wconf 87' lang='lat' dir='ltr'><strong>signiﬁcat</strong></span> <span class='ocrx_word' id='word_1_463' title='bbox 3274 3098 3522 3154; x_wconf 91' lang='lat' dir='ltr'><strong>timorem</strong></span> <span class='ocrx_word' id='word_1_464' title='bbox 3566 3114 3768 3170; x_wconf 63' lang='lat' dir='ltr'><strong>poenas.</strong></span> 
     </span>
    </p>
   </div>
   <div class='ocr_carea' id='block_1_62' title="bbox 489 3166 3773 3258">
    <p class='ocr_par' dir='ltr' id='par_1_62' title="bbox 489 3166 3773 3258">
     <span class='ocr_line' id='line_1_62' title="bbox 489 3166 3773 3258; baseline 0.002 -22"><span class='ocrx_word' id='word_1_465' title='bbox 489 3191 698 3254; x_wconf 88' lang='lat' dir='ltr'><strong>patum,</strong></span> <span class='ocrx_word' id='word_1_466' title='bbox 724 3186 866 3254; x_wconf 91' lang='lat' dir='ltr'><strong>quod</strong></span> <span class='ocrx_word' id='word_1_467' title='bbox 917 3187 1038 3257; x_wconf 91' lang='lat' dir='ltr'><strong>plus</strong></span> <span class='ocrx_word' id='word_1_468' title='bbox 1080 3205 1184 3241; x_wconf 88' lang='lat' dir='ltr'><strong>una</strong></span> <span class='ocrx_word' id='word_1_469' title='bbox 1229 3188 1358 3241; x_wconf 88' lang='lat' dir='ltr'><strong>hora</strong></span> <span class='ocrx_word' id='word_1_470' title='bbox 1409 3205 1514 3242; x_wconf 91' lang='lat' dir='ltr'><strong>non</strong></span> <span class='ocrx_word' id='word_1_471' title='bbox 1557 3197 1730 3258; x_wconf 86' lang='lat' dir='ltr'><strong>potest</strong></span> <span class='ocrx_word' id='word_1_472' title='bbox 1776 3190 2073 3255; x_wconf 87' lang='lat' dir='ltr'><strong>contineri;</strong></span> <span class='ocrx_word' id='word_1_473' title='bbox 2107 3166 2152 3228; x_wconf 67' lang='grc' dir='ltr'>Ο</span> <span class='ocrx_word' id='word_1_474' title='bbox 2186 3187 2338 3243; x_wconf 89' lang='lat' dir='ltr'><strong>Unde</strong></span> <span class='ocrx_word' id='word_1_475' title='bbox 2375 3185 2660 3242; x_wconf 87' lang='lat' dir='ltr'><strong>Psalmista</strong></span> <span class='ocrx_word' id='word_1_476' title='bbox 2685 3189 2799 3240; x_wconf 88' lang='lat' dir='ltr'><strong>ait:</strong></span> <span class='ocrx_word' id='word_1_477' title='bbox 2834 3187 2969 3242; x_wconf 87' lang='lat' dir='ltr'><strong>Ossa</strong></span> <span class='ocrx_word' id='word_1_478' title='bbox 2995 3166 3107 3242; x_wconf 81' lang='lat' dir='ltr'><strong>mea</strong></span> <span class='ocrx_word' id='word_1_479' title='bbox 3135 3189 3267 3242; x_wconf 86' lang='lat' dir='ltr'><strong>sicut</strong></span> <span class='ocrx_word' id='word_1_480' title='bbox 3309 3189 3363 3243; x_wconf 81' lang='lat' dir='ltr'><strong>in</strong></span> <span class='ocrx_word' id='word_1_481' title='bbox 3397 3166 3620 3258; x_wconf 68' lang='lat' dir='ltr'><strong>frixorio</strong></span> <span class='ocrx_word' id='word_1_482' title='bbox 3641 3206 3773 3244; x_wconf 77' lang='lat' dir='ltr'><strong>catt-</strong></span> 
     </span>
    </p>
   </div>
   <div class='ocr_carea' id='block_1_63' title="bbox 489 3273 2078 3334">
    <p class='ocr_par' dir='ltr' id='par_1_63' title="bbox 489 3273 2078 3334">
     <span class='ocr_line' id='line_1_63' title="bbox 489 3273 2078 3334; baseline 0.002 -5"><span class='ocrx_word' id='word_1_483' title='bbox 489 3273 786 3329; x_wconf 86' lang='lat' dir='ltr'><strong>crescendo</strong></span> <span class='ocrx_word' id='word_1_484' title='bbox 814 3274 957 3329; x_wconf 91' lang='lat' dir='ltr'><strong>enim</strong></span> <span class='ocrx_word' id='word_1_485' title='bbox 989 3277 1218 3330; x_wconf 83' lang='lat' dir='ltr'><strong>excedit.</strong></span> <span class='ocrx_word' id='word_1_486' title='bbox 1269 3276 1462 3330; x_wconf 89' lang='lat' dir='ltr'><strong>Farina</strong></span> <span class='ocrx_word' id='word_1_487' title='bbox 1509 3285 1565 3330; x_wconf 92' lang='lat' dir='ltr'><strong>et</strong></span> <span class='ocrx_word' id='word_1_488' title='bbox 1592 3276 1828 3331; x_wconf 88' lang='lat' dir='ltr'><strong>furfures</strong></span> <span class='ocrx_word' id='word_1_489' title='bbox 1876 3279 2078 3334; x_wconf 89' lang='lat' dir='ltr'><strong>afarre</strong></span> 
     </span>
    </p>
   </div>
   <div class='ocr_carea' id='block_1_64' title="bbox 489 3362 2074 3437">
    <p class='ocr_par' dir='ltr' id='par_1_64' title="bbox 489 3362 2074 3437">
     <span class='ocr_line' id='line_1_64' title="bbox 489 3362 2074 3437; baseline 0.003 -20"><span class='ocrx_word' id='word_1_490' title='bbox 489 3362 669 3429; x_wconf 73' lang='lat' dir='ltr'><strong>dieue,</strong></span> <span class='ocrx_word' id='word_1_491' title='bbox 705 3363 858 3433; x_wconf 92' lang='lat' dir='ltr'><strong>cujus</strong></span> <span class='ocrx_word' id='word_1_492' title='bbox 886 3375 1009 3420; x_wconf 91' lang='lat' dir='ltr'><strong>sunt</strong></span> <span class='ocrx_word' id='word_1_493' title='bbox 1053 3375 1426 3437; x_wconf 79' lang='lat' dir='ltr'><strong>purgamenta.</strong></span> <span class='ocrx_word' id='word_1_494' title='bbox 1464 3365 1714 3420; x_wconf 87' lang='lat' dir='ltr'><strong>Amolum</strong></span> <span class='ocrx_word' id='word_1_495' title='bbox 1746 3367 1845 3429; x_wconf 77' lang='lat' dir='ltr'><strong>llos</strong></span> <span class='ocrx_word' id='word_1_496' title='bbox 1868 3365 2074 3432; x_wconf 72' lang='lat' dir='ltr'><strong>larium,</strong></span> 
     </span>
    </p>
   </div>
   <div class='ocr_carea' id='block_1_65' title="bbox 491 3453 2078 3527">
    <p class='ocr_par' dir='ltr' id='par_1_65' title="bbox 491 3453 2078 3527">
     <span class='ocr_line' id='line_1_65' title="bbox 491 3453 2078 3527; baseline 0.003 -20"><span class='ocrx_word' id='word_1_497' title='bbox 491 3453 864 3508; x_wconf 86' lang='lat' dir='ltr'><strong>tenuissimum</strong></span> <span class='ocrx_word' id='word_1_498' title='bbox 911 3470 1022 3525; x_wconf 71' lang='lat' dir='ltr'><strong>prae</strong></span> <span class='ocrx_word' id='word_1_499' title='bbox 1052 3457 1268 3512; x_wconf 89' lang='lat' dir='ltr'><strong>levitate</strong></span> <span class='ocrx_word' id='word_1_500' title='bbox 1314 3457 1380 3512; x_wconf 91' lang='lat' dir='ltr'><strong>de</strong></span> <span class='ocrx_word' id='word_1_501' title='bbox 1429 3457 1568 3512; x_wconf 91' lang='lat' dir='ltr'><strong>mola</strong></span> <span class='ocrx_word' id='word_1_502' title='bbox 1619 3465 1892 3527; x_wconf 87' lang='lat' dir='ltr'><strong>egestum;</strong></span> <span class='ocrx_word' id='word_1_503' title='bbox 1937 3459 2078 3513; x_wconf 88' lang='lat' dir='ltr'><strong>unde</strong></span> 
     </span>
    </p>
   </div>
   <div class='ocr_carea' id='block_1_66' title="bbox 489 3543 2080 3618">
    <p class='ocr_par' dir='ltr' id='par_1_66' title="bbox 489 3543 2080 3618">
     <span class='ocr_line' id='line_1_66' title="bbox 489 3543 2080 3618; baseline 0.003 -21"><span class='ocrx_word' id='word_1_504' title='bbox 489 3550 546 3598; x_wconf 91' lang='lat' dir='ltr'><strong>et</strong></span> <span class='ocrx_word' id='word_1_505' title='bbox 589 3543 932 3614; x_wconf 86' lang='lat' dir='ltr'><strong>appellatum,</strong></span> <span class='ocrx_word' id='word_1_506' title='bbox 977 3548 1129 3618; x_wconf 91' lang='lat' dir='ltr'><strong>quasi</strong></span> <span class='ocrx_word' id='word_1_507' title='bbox 1177 3563 1210 3601; x_wconf 91' lang='lat' dir='ltr'><strong>a</strong></span> <span class='ocrx_word' id='word_1_508' title='bbox 1254 3547 1414 3604; x_wconf 90' lang='lat' dir='ltr'><strong>mola.</strong></span> <span class='ocrx_word' id='word_1_509' title='bbox 1449 3548 1796 3603; x_wconf 80' lang='lat' dir='ltr'><strong>Fermentum</strong></span> <span class='ocrx_word' id='word_1_510' title='bbox 1844 3548 1976 3604; x_wconf 89' lang='lat' dir='ltr'><strong>ﬁdes</strong></span> <span class='ocrx_word' id='word_1_511' title='bbox 2002 3550 2080 3602; x_wconf 89' lang='lat' dir='ltr'><strong>in-</strong></span> 
     </span>
    </p>
   </div>
   <div class='ocr_carea' id='block_1_67' title="bbox 394 3631 2078 3708">
    <p class='ocr_par' dir='ltr' id='par_1_67' title="bbox 394 3631 2078 3708">
     <span class='ocr_line' id='line_1_67' title="bbox 394 3631 2078 3708; baseline 0.004 -22"><span class='ocrx_word' id='word_1_512' title='bbox 394 3685 401 3692; x_wconf 77' lang='lat'><strong>,</strong></span> <span class='ocrx_word' id='word_1_513' title='bbox 487 3631 744 3704; x_wconf 86' lang='lat' dir='ltr'><strong>telligitur</strong></span> <span class='ocrx_word' id='word_1_514' title='bbox 789 3633 844 3688; x_wconf 92' lang='lat' dir='ltr'><strong>in</strong></span> <span class='ocrx_word' id='word_1_515' title='bbox 895 3635 1203 3706; x_wconf 88' lang='lat' dir='ltr'><strong>Evangelio,</strong></span> <span class='ocrx_word' id='word_1_516' title='bbox 1259 3637 1350 3691; x_wconf 91' lang='lat' dir='ltr'><strong>ubi</strong></span> <span class='ocrx_word' id='word_1_517' title='bbox 1400 3638 1660 3708; x_wconf 90' lang='lat' dir='ltr'><strong>scriptum</strong></span> <span class='ocrx_word' id='word_1_518' title='bbox 1713 3648 1843 3694; x_wconf 86' lang='lat' dir='ltr'><strong>est:</strong></span> <span class='ocrx_word' id='word_1_519' title='bbox 1885 3639 2078 3693; x_wconf 84' lang='lat' dir='ltr'><strong>Mulier</strong></span> 
     </span>
    </p>
   </div>
   <div class='ocr_carea' id='block_1_68' title="bbox 487 3726 2072 3800">
    <p class='ocr_par' dir='ltr' id='par_1_68' title="bbox 487 3726 2072 3800">
     <span class='ocr_line' id='line_1_68' title="bbox 487 3726 2072 3800; baseline 0.004 -22"><span class='ocrx_word' id='word_1_520' title='bbox 487 3735 697 3797; x_wconf 87' lang='lat' dir='ltr'><strong>accepto</strong></span> <span class='ocrx_word' id='word_1_521' title='bbox 721 3726 972 3795; x_wconf 73' lang='lat' dir='ltr'><strong>[emerito</strong></span> <span class='ocrx_word' id='word_1_522' title='bbox 987 3730 1124 3782; x_wconf 85' lang='lat' dir='ltr'><strong>misit</strong></span> <span class='ocrx_word' id='word_1_523' title='bbox 1146 3729 1200 3782; x_wconf 88' lang='lat' dir='ltr'><strong>in</strong></span> <span class='ocrx_word' id='word_1_524' title='bbox 1221 3729 1411 3798; x_wconf 81' lang='lat' dir='ltr'><strong>farina:</strong></span> <span class='ocrx_word' id='word_1_525' title='bbox 1436 3739 1550 3782; x_wconf 87' lang='lat' dir='ltr'><strong>sata</strong></span> <span class='ocrx_word' id='word_1_526' title='bbox 1574 3729 1674 3782; x_wconf 90' lang='lat' dir='ltr'><strong>tria</strong></span> <span class='ocrx_word' id='word_1_527' title='bbox 1698 3729 1910 3799; x_wconf 82' lang='lat' dir='ltr'><strong>(Matth.</strong></span> <span class='ocrx_word' id='word_1_528' title='bbox 1929 3729 2072 3800; x_wconf 84' lang='lat' dir='ltr'><strong>xm).</strong></span> 
     </span>
    </p>
   </div>
   <div class='ocr_carea' id='block_1_69' title="bbox 486 3813 2077 3893">
    <p class='ocr_par' dir='ltr' id='par_1_69' title="bbox 486 3813 2077 3893">
     <span class='ocr_line' id='line_1_69' title="bbox 486 3813 2077 3893; baseline 0.004 -24"><span class='ocrx_word' id='word_1_529' title='bbox 486 3813 620 3871; x_wconf 83' lang='lat' dir='ltr'><strong>Item</strong></span> <span class='ocrx_word' id='word_1_530' title='bbox 661 3817 986 3874; x_wconf 80' lang='lat' dir='ltr'><strong>fermentum</strong></span> <span class='ocrx_word' id='word_1_531' title='bbox 1037 3823 1437 3890; x_wconf 87' lang='lat' dir='ltr'><strong>corruptionem</strong></span> <span class='ocrx_word' id='word_1_532' title='bbox 1484 3823 1683 3877; x_wconf 89' lang='lat' dir='ltr'><strong>mentis</strong></span> <span class='ocrx_word' id='word_1_533' title='bbox 1740 3822 1919 3892; x_wconf 86' lang='lat' dir='ltr'><strong>signat</strong></span> <span class='ocrx_word' id='word_1_534' title='bbox 1980 3838 2077 3893; x_wconf 91' lang='lat' dir='ltr'><strong>per</strong></span> 
     </span>
    </p>
   </div>
   <div class='ocr_carea' id='block_1_70' title="bbox 487 3912 2076 3983">
    <p class='ocr_par' dir='ltr' id='par_1_70' title="bbox 487 3912 2076 3983">
     <span class='ocr_line' id='line_1_70' title="bbox 487 3912 2076 3983; baseline 0.002 -20"><span class='ocrx_word' id='word_1_535' title='bbox 487 3918 790 3980; x_wconf 87' lang='lat' dir='ltr'><strong>peccatum,</strong></span> <span class='ocrx_word' id='word_1_536' title='bbox 837 3920 896 3966; x_wconf 88' lang='lat' dir='ltr'><strong>ut</strong></span> <span class='ocrx_word' id='word_1_537' title='bbox 939 3912 991 3966; x_wconf 93' lang='lat' dir='ltr'><strong>in</strong></span> <span class='ocrx_word' id='word_1_538' title='bbox 1028 3913 1251 3967; x_wconf 87' lang='lat' dir='ltr'><strong>Exodo:</strong></span> <span class='ocrx_word' id='word_1_539' title='bbox 1289 3912 1470 3967; x_wconf 88' lang='lat' dir='ltr'><strong>Omnis</strong></span> <span class='ocrx_word' id='word_1_540' title='bbox 1501 3913 1692 3983; x_wconf 90' lang='lat' dir='ltr'><strong>inquit,</strong></span> <span class='ocrx_word' id='word_1_541' title='bbox 1723 3915 1813 3982; x_wconf 90' lang='lat' dir='ltr'><strong>qui</strong></span> <span class='ocrx_word' id='word_1_542' title='bbox 1857 3913 2076 3967; x_wconf 87' lang='lat' dir='ltr'><strong>comedit</strong></span> 
     </span>
    </p>
   </div>
   <div class='ocr_carea' id='block_1_71' title="bbox 488 4000 2074 4077">
    <p class='ocr_par' dir='ltr' id='par_1_71' title="bbox 488 4000 2074 4077">
     <span class='ocr_line' id='line_1_71' title="bbox 488 4000 2074 4077; baseline 0.004 -22"><span class='ocrx_word' id='word_1_543' title='bbox 488 4000 876 4072; x_wconf 78' lang='lat' dir='ltr'><strong>fermentatum,</strong></span> <span class='ocrx_word' id='word_1_544' title='bbox 915 4003 1100 4074; x_wconf 85' lang='lat' dir='ltr'><strong>peribit</strong></span> <span class='ocrx_word' id='word_1_545' title='bbox 1127 4007 1303 4060; x_wconf 90' lang='lat' dir='ltr'><strong>anima</strong></span> <span class='ocrx_word' id='word_1_546' title='bbox 1329 4007 1443 4076; x_wconf 89' lang='lat' dir='ltr'><strong>ejus</strong></span> <span class='ocrx_word' id='word_1_547' title='bbox 1475 4005 1669 4076; x_wconf 79' lang='lat' dir='ltr'><strong>(Exod.</strong></span> <span class='ocrx_word' id='word_1_548' title='bbox 1704 4006 1824 4077; x_wconf 88' lang='lat' dir='ltr'><strong>xu).</strong></span> <span class='ocrx_word' id='word_1_549' title='bbox 1857 4006 2074 4072; x_wconf 88' lang='lat' dir='ltr'><strong>Farina,</strong></span> 
     </span>
    </p>
   </div>
   <div class='ocr_carea' id='block_1_72' title="bbox 490 4091 2075 4166">
    <p class='ocr_par' dir='ltr' id='par_1_72' title="bbox 490 4091 2075 4166">
     <span class='ocr_line' id='line_1_72' title="bbox 490 4091 2075 4166; baseline 0.003 -21"><span class='ocrx_word' id='word_1_550' title='bbox 490 4091 777 4148; x_wconf 86' lang='lat' dir='ltr'><strong>multitudo</strong></span> <span class='ocrx_word' id='word_1_551' title='bbox 810 4092 1066 4161; x_wconf 89' lang='lat' dir='ltr'><strong>ﬁdelium,</strong></span> <span class='ocrx_word' id='word_1_552' title='bbox 1095 4104 1153 4150; x_wconf 91' lang='lat' dir='ltr'><strong>ut</strong></span> <span class='ocrx_word' id='word_1_553' title='bbox 1181 4097 1233 4149; x_wconf 88' lang='lat' dir='ltr'><strong>in</strong></span> <span class='ocrx_word' id='word_1_554' title='bbox 1262 4095 1550 4165; x_wconf 87' lang='lat' dir='ltr'><strong>Evangelio</strong></span> <span class='ocrx_word' id='word_1_555' title='bbox 1580 4113 1592 4148; x_wconf 89' lang='lat'><strong>:</strong></span> <span class='ocrx_word' id='word_1_556' title='bbox 1627 4095 1841 4160; x_wconf 82' lang='lat' dir='ltr'><strong>Mulier,</strong></span> <span class='ocrx_word' id='word_1_557' title='bbox 1869 4107 2075 4166; x_wconf 86' lang='lat' dir='ltr'><strong>accepto</strong></span> 
     </span>
    </p>
   </div>
   <div class='ocr_carea' id='block_1_73' title="bbox 488 4181 2073 4256">
    <p class='ocr_par' dir='ltr' id='par_1_73' title="bbox 488 4181 2073 4256">
     <span class='ocr_line' id='line_1_73' title="bbox 488 4181 2073 4256; baseline 0.002 -21"><span class='ocrx_word' id='word_1_558' title='bbox 488 4181 763 4252; x_wconf 77' lang='lat' dir='ltr'><strong>fermento,</strong></span> <span class='ocrx_word' id='word_1_559' title='bbox 815 4185 955 4237; x_wconf 82' lang='lat' dir='ltr'><strong>misit</strong></span> <span class='ocrx_word' id='word_1_560' title='bbox 998 4186 1053 4238; x_wconf 88' lang='lat' dir='ltr'><strong>in</strong></span> <span class='ocrx_word' id='word_1_561' title='bbox 1101 4186 1290 4254; x_wconf 70' lang='lat' dir='ltr'><strong>farina:</strong></span> <span class='ocrx_word' id='word_1_562' title='bbox 1339 4186 1440 4238; x_wconf 88' lang='lat' dir='ltr'><strong>tria</strong></span> <span class='ocrx_word' id='word_1_563' title='bbox 1483 4196 1597 4239; x_wconf 90' lang='lat' dir='ltr'><strong>sata</strong></span> <span class='ocrx_word' id='word_1_564' title='bbox 1655 4184 1868 4256; x_wconf 81' lang='lat' dir='ltr'><strong>(Matth.</strong></span> <span class='ocrx_word' id='word_1_565' title='bbox 1919 4186 2073 4256; x_wconf 81' lang='lat' dir='ltr'><strong>xm);</strong></span> 
     </span>
    </p>
   </div>
   <div class='ocr_carea' id='block_1_74' title="bbox 490 4270 2076 4342">
    <p class='ocr_par' dir='ltr' id='par_1_74' title="bbox 490 4270 2076 4342">
     <span class='ocr_line' id='line_1_74' title="bbox 490 4270 2076 4342; baseline 0.003 -18"><span class='ocrx_word' id='word_1_566' title='bbox 490 4271 634 4338; x_wconf 90' lang='lat' dir='ltr'><strong>quod</strong></span> <span class='ocrx_word' id='word_1_567' title='bbox 678 4280 763 4326; x_wconf 89' lang='lat' dir='ltr'><strong>est</strong></span> <span class='ocrx_word' id='word_1_568' title='bbox 790 4270 1072 4326; x_wconf 89' lang='lat' dir='ltr'><strong>Trinitatis</strong></span> <span class='ocrx_word' id='word_1_569' title='bbox 1107 4272 1441 4342; x_wconf 85' lang='lat' dir='ltr'><strong>mysterium.</strong></span> <span class='ocrx_word' id='word_1_570' title='bbox 1474 4272 1671 4326; x_wconf 86' lang='lat' dir='ltr'><strong>Farina</strong></span> <span class='ocrx_word' id='word_1_571' title='bbox 1709 4280 1792 4326; x_wconf 91' lang='lat' dir='ltr'><strong>est</strong></span> <span class='ocrx_word' id='word_1_572' title='bbox 1812 4287 1948 4342; x_wconf 86' lang='lat' dir='ltr'><strong>opus</strong></span> <span class='ocrx_word' id='word_1_573' title='bbox 1982 4274 2076 4328; x_wconf 85' lang='lat' dir='ltr'><strong>bo-</strong></span> 
     </span>
    </p>
   </div>
   <div class='ocr_carea' id='block_1_75' title="bbox 489 4362 2074 4432">
    <p class='ocr_par' dir='ltr' id='par_1_75' title="bbox 489 4362 2074 4432">
     <span class='ocr_line' id='line_1_75' title="bbox 489 4362 2074 4432; baseline 0.003 -18"><span class='ocrx_word' id='word_1_574' title='bbox 489 4375 622 4414; x_wconf 89' lang='lat' dir='ltr'><strong>num</strong></span> <span class='ocrx_word' id='word_1_575' title='bbox 649 4362 733 4415; x_wconf 89' lang='lat' dir='ltr'><strong>vel</strong></span> <span class='ocrx_word' id='word_1_576' title='bbox 763 4362 981 4426; x_wconf 91' lang='lat' dir='ltr'><strong>malum,</strong></span> <span class='ocrx_word' id='word_1_577' title='bbox 1035 4364 1175 4417; x_wconf 91' lang='lat' dir='ltr'><strong>sicut</strong></span> <span class='ocrx_word' id='word_1_578' title='bbox 1213 4372 1295 4416; x_wconf 87' lang='lat' dir='ltr'><strong>est</strong></span> <span class='ocrx_word' id='word_1_579' title='bbox 1348 4363 1474 4417; x_wconf 90' lang='lat' dir='ltr'><strong>illud</strong></span> <span class='ocrx_word' id='word_1_580' title='bbox 1523 4364 1574 4416; x_wconf 91' lang='lat' dir='ltr'><strong>in</strong></span> <span class='ocrx_word' id='word_1_581' title='bbox 1610 4365 1908 4432; x_wconf 86' lang='lat' dir='ltr'><strong>propheta:</strong></span> <span class='ocrx_word' id='word_1_582' title='bbox 1952 4363 2074 4418; x_wconf 89' lang='lat' dir='ltr'><strong>Non</strong></span> 
     </span>
    </p>
   </div>
   <div class='ocr_carea' id='block_1_76' title="bbox 491 4452 2074 4527">
    <p class='ocr_par' dir='ltr' id='par_1_76' title="bbox 491 4452 2074 4527">
     <span class='ocr_line' id='line_1_76' title="bbox 491 4452 2074 4527; baseline 0.004 -22"><span class='ocrx_word' id='word_1_583' title='bbox 491 4461 567 4506; x_wconf 83' lang='lat' dir='ltr'><strong>est</strong></span> <span class='ocrx_word' id='word_1_584' title='bbox 618 4452 914 4524; x_wconf 81' lang='lat' dir='ltr'><strong>manipulus</strong></span> <span class='ocrx_word' id='word_1_585' title='bbox 960 4456 1013 4507; x_wconf 89' lang='lat' dir='ltr'><strong>in</strong></span> <span class='ocrx_word' id='word_1_586' title='bbox 1071 4455 1144 4508; x_wconf 83' lang='lat' dir='ltr'><strong>eis</strong></span> <span class='ocrx_word' id='word_1_587' title='bbox 1200 4455 1395 4525; x_wconf 79' lang='lat' dir='ltr'><strong>faciens</strong></span> <span class='ocrx_word' id='word_1_588' title='bbox 1452 4456 1681 4524; x_wconf 86' lang='lat' dir='ltr'><strong>farinam</strong></span> <span class='ocrx_word' id='word_1_589' title='bbox 1714 4469 1730 4506; x_wconf 93' lang='lat'><em>:</em></span> <span class='ocrx_word' id='word_1_590' title='bbox 1763 4457 1898 4527; x_wconf 86' lang='lat' dir='ltr'><strong>quod</strong></span> <span class='ocrx_word' id='word_1_591' title='bbox 1939 4468 1986 4510; x_wconf 89' lang='lat' dir='ltr'><strong>et</strong></span> <span class='ocrx_word' id='word_1_592' title='bbox 2029 4458 2074 4511; x_wconf 85' lang='lat' dir='ltr'><strong>si</strong></span> 
     </span>
    </p>
   </div>
   <div class='ocr_carea' id='block_1_77' title="bbox 491 4542 2072 4620">
    <p class='ocr_par' dir='ltr' id='par_1_77' title="bbox 491 4542 2072 4620">
     <span class='ocr_line' id='line_1_77' title="bbox 491 4542 2072 4620; baseline 0.004 -23"><span class='ocrx_word' id='word_1_593' title='bbox 491 4542 692 4612; x_wconf 75' lang='lat' dir='ltr'><strong>fecerit,</strong></span> <span class='ocrx_word' id='word_1_594' title='bbox 720 4543 879 4600; x_wconf 87' lang='lat' dir='ltr'><strong>alieni</strong></span> <span class='ocrx_word' id='word_1_595' title='bbox 908 4546 1171 4600; x_wconf 83' lang='lat' dir='ltr'><strong>comedent</strong></span> <span class='ocrx_word' id='word_1_596' title='bbox 1219 4563 1279 4600; x_wconf 91' lang='lat' dir='ltr'><strong>ea</strong></span> <span class='ocrx_word' id='word_1_597' title='bbox 1309 4544 1454 4618; x_wconf 89' lang='lat' dir='ltr'><strong>(Ose.</strong></span> <span class='ocrx_word' id='word_1_598' title='bbox 1482 4546 1622 4620; x_wconf 75' lang='lat' dir='ltr'><strong>viu).</strong></span> <span class='ocrx_word' id='word_1_599' title='bbox 1664 4547 1866 4602; x_wconf 77' lang='lat' dir='ltr'><strong>Carnes</strong></span> <span class='ocrx_word' id='word_1_600' title='bbox 1897 4549 2072 4614; x_wconf 79' lang='lat' dir='ltr'><strong>dictze,</strong></span> 
     </span>
    </p>
   </div>
   <div class='ocr_carea' id='block_1_78' title="bbox 491 4634 2077 4704">
    <p class='ocr_par' dir='ltr' id='par_1_78' title="bbox 491 4634 2077 4704">
     <span class='ocr_line' id='line_1_78' title="bbox 491 4634 2077 4704; baseline 0.003 -17"><span class='ocrx_word' id='word_1_601' title='bbox 491 4634 618 4704; x_wconf 92' lang='lat' dir='ltr'><strong>quia</strong></span> <span class='ocrx_word' id='word_1_602' title='bbox 648 4634 827 4689; x_wconf 75' lang='lat' dir='ltr'><strong>chara:</strong></span> <span class='ocrx_word' id='word_1_603' title='bbox 863 4645 1021 4699; x_wconf 91' lang='lat' dir='ltr'><strong>sunt,</strong></span> <span class='ocrx_word' id='word_1_604' title='bbox 1055 4636 1169 4690; x_wconf 91' lang='lat' dir='ltr'><strong>sive</strong></span> <span class='ocrx_word' id='word_1_605' title='bbox 1195 4650 1226 4688; x_wconf 90' lang='lat' dir='ltr'><strong>a</strong></span> <span class='ocrx_word' id='word_1_606' title='bbox 1255 4636 1488 4690; x_wconf 85' lang='lat' dir='ltr'><strong>creando</strong></span> <span class='ocrx_word' id='word_1_607' title='bbox 1518 4654 1530 4689; x_wconf 92' lang='lat'><strong>:</strong></span> <span class='ocrx_word' id='word_1_608' title='bbox 1559 4637 1698 4691; x_wconf 91' lang='lat' dir='ltr'><strong>unde</strong></span> <span class='ocrx_word' id='word_1_609' title='bbox 1727 4646 1782 4690; x_wconf 90' lang='lat' dir='ltr'><strong>ct</strong></span> <span class='ocrx_word' id='word_1_610' title='bbox 1814 4653 1844 4690; x_wconf 92' lang='lat' dir='ltr'><strong>a</strong></span> <span class='ocrx_word' id='word_1_611' title='bbox 1873 4637 2077 4692; x_wconf 65' lang='lat' dir='ltr'><strong>Graecis</strong></span> 
     </span>
    </p>
   </div>
   <div class='ocr_carea' id='block_1_79' title="bbox 489 4725 2075 4798">
    <p class='ocr_par' dir='ltr' id='par_1_79' title="bbox 489 4725 2075 4798">
     <span class='ocr_line' id='line_1_79' title="bbox 489 4725 2075 4798; baseline 0.003 -19"><span class='ocrx_word' id='word_1_612' title='bbox 489 4739 643 4781; x_wconf 89' lang='lat' dir='ltr'><strong>creas</strong></span> <span class='ocrx_word' id='word_1_613' title='bbox 692 4734 937 4780; x_wconf 86' lang='lat' dir='ltr'><strong>vocatur.</strong></span> <span class='ocrx_word' id='word_1_614' title='bbox 967 4725 1107 4782; x_wconf 90' lang='lat' dir='ltr'><strong>Caro</strong></span> <span class='ocrx_word' id='word_1_615' title='bbox 1143 4735 1538 4782; x_wconf 87' lang='lat' dir='ltr'><strong>sacramentum</strong></span> <span class='ocrx_word' id='word_1_616' title='bbox 1579 4729 1823 4798; x_wconf 87' lang='lat' dir='ltr'><strong>corporis</strong></span> <span class='ocrx_word' id='word_1_617' title='bbox 1862 4729 2075 4783; x_wconf 86' lang='lat' dir='ltr'><strong>Domini</strong></span> 
     </span>
    </p>
   </div>
   <div class='ocr_carea' id='block_1_80' title="bbox 490 4815 2075 4888">
    <p class='ocr_par' dir='ltr' id='par_1_80' title="bbox 490 4815 2075 4888">
     <span class='ocr_line' id='line_1_80' title="bbox 490 4815 2075 4888; baseline 0.003 -20"><span class='ocrx_word' id='word_1_618' title='bbox 490 4816 546 4869; x_wconf 92' lang='lat' dir='ltr'><strong>in</strong></span> <span class='ocrx_word' id='word_1_619' title='bbox 579 4815 907 4888; x_wconf 86' lang='lat' dir='ltr'><strong>Evangelio:</strong></span> <span class='ocrx_word' id='word_1_620' title='bbox 945 4817 1047 4883; x_wconf 83' lang='lat' dir='ltr'><strong>Qui</strong></span> <span class='ocrx_word' id='word_1_621' title='bbox 1090 4820 1373 4872; x_wconf 75' lang='lat' dir='ltr'><strong>manducet</strong></span> <span class='ocrx_word' id='word_1_622' title='bbox 1407 4835 1614 4872; x_wconf 88' lang='lat' dir='ltr'><strong>carnem</strong></span> <span class='ocrx_word' id='word_1_623' title='bbox 1654 4838 1841 4886; x_wconf 85' lang='lat' dir='ltr'><strong>meam,</strong></span> <span class='ocrx_word' id='word_1_624' title='bbox 1875 4832 1921 4874; x_wconf 86' lang='lat' dir='ltr'><strong>et</strong></span> <span class='ocrx_word' id='word_1_625' title='bbox 1951 4821 2075 4874; x_wconf 88' lang='lat' dir='ltr'><strong>bibit</strong></span> 
     </span>
    </p>
   </div>
   <div class='ocr_carea' id='block_1_81' title="bbox 2182 3275 3778 3350">
    <p class='ocr_par' dir='ltr' id='par_1_81' title="bbox 2182 3275 3778 3350">
     <span class='ocr_line' id='line_1_81' title="bbox 2182 3275 3778 3350; baseline 0.004 -21"><span class='ocrx_word' id='word_1_626' title='bbox 2182 3277 2324 3346; x_wconf 73' lang='lat' dir='ltr'><strong>[rixa</strong></span> <span class='ocrx_word' id='word_1_627' title='bbox 2353 3288 2472 3330; x_wconf 87' lang='lat' dir='ltr'><strong>sunt</strong></span> <span class='ocrx_word' id='word_1_628' title='bbox 2495 3275 2666 3348; x_wconf 87' lang='lat' dir='ltr'><strong>(Psal.</strong></span> <span class='ocrx_word' id='word_1_629' title='bbox 2696 3284 2846 3346; x_wconf 85' lang='lat' dir='ltr'><strong>xxx).</strong></span> <span class='ocrx_word' id='word_1_630' title='bbox 2899 3277 3044 3333; x_wconf 87' lang='lat' dir='ltr'><strong>Sicut</strong></span> <span class='ocrx_word' id='word_1_631' title='bbox 3086 3280 3338 3348; x_wconf 90' lang='lat' dir='ltr'><strong>opinione</strong></span> <span class='ocrx_word' id='word_1_632' title='bbox 3377 3294 3635 3350; x_wconf 89' lang='lat' dir='ltr'><strong>prospera</strong></span> <span class='ocrx_word' id='word_1_633' title='bbox 3669 3280 3778 3336; x_wconf 86' lang='lat' dir='ltr'><strong>ho-</strong></span> 
     </span>
    </p>
   </div>
   <div class='ocr_carea' id='block_1_82' title="bbox 2182 3368 3773 3439">
    <p class='ocr_par' dir='ltr' id='par_1_82' title="bbox 2182 3368 3773 3439">
     <span class='ocr_line' id='line_1_82' title="bbox 2182 3368 3773 3439; baseline 0.001 -17"><span class='ocrx_word' id='word_1_634' title='bbox 2182 3383 2376 3422; x_wconf 91' lang='lat' dir='ltr'><strong>norum</strong></span> <span class='ocrx_word' id='word_1_635' title='bbox 2403 3368 2718 3422; x_wconf 88' lang='lat' dir='ltr'><strong>meritorum</strong></span> <span class='ocrx_word' id='word_1_636' title='bbox 2748 3383 2894 3433; x_wconf 90' lang='lat' dir='ltr'><strong>ossa,</strong></span> <span class='ocrx_word' id='word_1_637' title='bbox 2934 3369 2986 3422; x_wconf 95' lang='lat' dir='ltr'><strong>id</strong></span> <span class='ocrx_word' id='word_1_638' title='bbox 3023 3378 3126 3433; x_wconf 90' lang='lat' dir='ltr'><strong>est,</strong></span> <span class='ocrx_word' id='word_1_639' title='bbox 3172 3369 3337 3423; x_wconf 90' lang='lat' dir='ltr'><strong>animi</strong></span> <span class='ocrx_word' id='word_1_640' title='bbox 3366 3369 3625 3424; x_wconf 87' lang='lat' dir='ltr'><strong>fortitudo</strong></span> <span class='ocrx_word' id='word_1_641' title='bbox 3647 3371 3773 3439; x_wconf 85' lang='lat' dir='ltr'><strong>pin-</strong></span> 
     </span>
    </p>
   </div>
   <div class='ocr_carea' id='block_1_83' title="bbox 2179 3460 3770 3530">
    <p class='ocr_par' dir='ltr' id='par_1_83' title="bbox 2179 3460 3770 3530">
     <span class='ocr_line' id='line_1_83' title="bbox 2179 3460 3770 3530; baseline 0.004 -18"><span class='ocrx_word' id='word_1_642' title='bbox 2179 3460 2409 3530; x_wconf 87' lang='lat' dir='ltr'><strong>guescit,</strong></span> <span class='ocrx_word' id='word_1_643' title='bbox 2458 3461 2673 3530; x_wconf 90' lang='lat' dir='ltr'><strong>quando</strong></span> <span class='ocrx_word' id='word_1_644' title='bbox 2712 3475 2899 3515; x_wconf 84' lang='lat' dir='ltr'><strong>eorum</strong></span> <span class='ocrx_word' id='word_1_645' title='bbox 2947 3463 3273 3517; x_wconf 91' lang='lat' dir='ltr'><strong>conscientia</strong></span> <span class='ocrx_word' id='word_1_646' title='bbox 3323 3461 3464 3518; x_wconf 84' lang='lat' dir='ltr'><strong>felici</strong></span> <span class='ocrx_word' id='word_1_647' title='bbox 3507 3466 3770 3519; x_wconf 83' lang='lat' dir='ltr'><strong>recorda-</strong></span> 
     </span>
    </p>
   </div>
   <div class='ocr_carea' id='block_1_84' title="bbox 2179 3551 3767 3628">
    <p class='ocr_par' dir='ltr' id='par_1_84' title="bbox 2179 3551 3767 3628">
     <span class='ocr_line' id='line_1_84' title="bbox 2179 3551 3767 3628; baseline 0.003 -24"><span class='ocrx_word' id='word_1_648' title='bbox 2179 3551 2327 3606; x_wconf 90' lang='lat' dir='ltr'><strong>tione</strong></span> <span class='ocrx_word' id='word_1_649' title='bbox 2354 3551 2589 3616; x_wconf 66' lang='lat' dir='ltr'><strong>laetatur,</strong></span> <span class='ocrx_word' id='word_1_650' title='bbox 2629 3552 2768 3606; x_wconf 90' lang='lat' dir='ltr'><strong>sicut</strong></span> <span class='ocrx_word' id='word_1_651' title='bbox 2813 3552 2943 3607; x_wconf 91' lang='lat' dir='ltr'><strong>dicit</strong></span> <span class='ocrx_word' id='word_1_652' title='bbox 2983 3552 3236 3609; x_wconf 91' lang='lat' dir='ltr'><strong>Salomon</strong></span> <span class='ocrx_word' id='word_1_653' title='bbox 3279 3572 3292 3607; x_wconf 92' lang='lat'><strong>:</strong></span> <span class='ocrx_word' id='word_1_654' title='bbox 3329 3551 3535 3608; x_wconf 87' lang='lat' dir='ltr'><strong>Farina</strong></span> <span class='ocrx_word' id='word_1_655' title='bbox 3566 3553 3767 3628; x_wconf 81' lang='lat' dir='ltr'><strong>[fama]</strong></span> 
     </span>
    </p>
   </div>
   <div class='ocr_carea' id='block_1_85' title="bbox 2180 3639 3770 3719">
    <p class='ocr_par' dir='ltr' id='par_1_85' title="bbox 2180 3639 3770 3719">
     <span class='ocr_line' id='line_1_85' title="bbox 2180 3639 3770 3719; baseline 0.004 -25"><span class='ocrx_word' id='word_1_656' title='bbox 2180 3641 2314 3694; x_wconf 87' lang='lat' dir='ltr'><strong>bona</strong></span> <span class='ocrx_word' id='word_1_657' title='bbox 2340 3642 2627 3711; x_wconf 80' lang='lat' dir='ltr'><strong>impingunt</strong></span> <span class='ocrx_word' id='word_1_658' title='bbox 2650 3657 2769 3696; x_wconf 85' lang='lat' dir='ltr'><strong>ossa</strong></span> <span class='ocrx_word' id='word_1_659' title='bbox 2790 3639 2972 3719; x_wconf 87' lang='lat' dir='ltr'><strong>(Prov.</strong></span> <span class='ocrx_word' id='word_1_660' title='bbox 2995 3642 3120 3714; x_wconf 90' lang='lat' dir='ltr'><strong>xv);</strong></span> <span class='ocrx_word' id='word_1_661' title='bbox 3142 3644 3215 3698; x_wconf 91' lang='lat' dir='ltr'><strong>ita</strong></span> <span class='ocrx_word' id='word_1_662' title='bbox 3238 3644 3613 3699; x_wconf 83' lang='lat' dir='ltr'><strong>recordatione</strong></span> <span class='ocrx_word' id='word_1_663' title='bbox 3633 3661 3770 3701; x_wconf 86' lang='lat' dir='ltr'><strong>con-</strong></span> 
     </span>
    </p>
   </div>
   <div class='ocr_carea' id='block_1_86' title="bbox 2179 3731 3769 3805">
    <p class='ocr_par' dir='ltr' id='par_1_86' title="bbox 2179 3731 3769 3805">
     <span class='ocr_line' id='line_1_86' title="bbox 2179 3731 3769 3805; baseline 0.006 -21"><span class='ocrx_word' id='word_1_664' title='bbox 2179 3731 2346 3786; x_wconf 91' lang='lat' dir='ltr'><strong>traria</strong></span> <span class='ocrx_word' id='word_1_665' title='bbox 2378 3741 2722 3800; x_wconf 90' lang='lat' dir='ltr'><strong>peccatorum</strong></span> <span class='ocrx_word' id='word_1_666' title='bbox 2762 3734 2957 3800; x_wconf 89' lang='lat' dir='ltr'><strong>virtus,</strong></span> <span class='ocrx_word' id='word_1_667' title='bbox 3000 3743 3257 3805; x_wconf 81' lang='lat' dir='ltr'><strong>tanquam</strong></span> <span class='ocrx_word' id='word_1_668' title='bbox 3287 3735 3449 3802; x_wconf 84' lang='lat' dir='ltr'><strong>frixa,</strong></span> <span class='ocrx_word' id='word_1_669' title='bbox 3483 3739 3769 3794; x_wconf 86' lang='lat' dir='ltr'><strong>contrahi-</strong></span> 
     </span>
    </p>
   </div>
   <div class='ocr_carea' id='block_1_87' title="bbox 2179 3819 3769 3884">
    <p class='ocr_par' dir='ltr' id='par_1_87' title="bbox 2179 3819 3769 3884">
     <span class='ocr_line' id='line_1_87' title="bbox 2179 3819 3769 3884; baseline 0.007 -12"><span class='ocrx_word' id='word_1_670' title='bbox 2179 3828 2289 3884; x_wconf 91' lang='lat' dir='ltr'><strong>tur,</strong></span> <span class='ocrx_word' id='word_1_671' title='bbox 2317 3819 2445 3874; x_wconf 92' lang='lat' dir='ltr'><strong>dum</strong></span> <span class='ocrx_word' id='word_1_672' title='bbox 2470 3820 2838 3877; x_wconf 90' lang='lat' dir='ltr'><strong>oblocutiones</strong></span> <span class='ocrx_word' id='word_1_673' title='bbox 2872 3823 3148 3878; x_wconf 89' lang='lat' dir='ltr'><strong>hominum</strong></span> <span class='ocrx_word' id='word_1_674' title='bbox 3186 3834 3241 3880; x_wconf 93' lang='lat' dir='ltr'><strong>et</strong></span> <span class='ocrx_word' id='word_1_675' title='bbox 3273 3829 3621 3883; x_wconf 65' lang='lat' dir='ltr'><strong>conscientia:</strong></span> <span class='ocrx_word' id='word_1_676' title='bbox 3649 3843 3769 3883; x_wconf 68' lang='lat' dir='ltr'><strong>sua:</strong></span> 
     </span>
    </p>
   </div>
   <div class='ocr_carea' id='block_1_88' title="bbox 2172 3906 3770 3987">
    <p class='ocr_par' dir='ltr' id='par_1_88' title="bbox 2172 3906 3770 3987">
     <span class='ocr_line' id='line_1_88' title="bbox 2172 3906 3770 3987; baseline 0.006 -26"><span class='ocrx_word' id='word_1_677' title='bbox 2172 3906 2374 3976; x_wconf 88' lang='lat' dir='ltr'><strong>judicia</strong></span> <span class='ocrx_word' id='word_1_678' title='bbox 2407 3908 2644 3978; x_wconf 87' lang='lat' dir='ltr'><strong>graviter</strong></span> <span class='ocrx_word' id='word_1_679' title='bbox 2684 3912 3020 3979; x_wconf 89' lang='lat' dir='ltr'><strong>expavescit;</strong></span> <span class='ocrx_word' id='word_1_680' title='bbox 3056 3913 3171 3967; x_wconf 85' lang='lat' dir='ltr'><strong>sive</strong></span> <span class='ocrx_word' id='word_1_681' title='bbox 3207 3914 3297 3970; x_wconf 88' lang='lat' dir='ltr'><strong>hic</strong></span> <span class='ocrx_word' id='word_1_682' title='bbox 3325 3913 3544 3986; x_wconf 83' lang='lat' dir='ltr'><strong>frigitur</strong></span> <span class='ocrx_word' id='word_1_683' title='bbox 3567 3931 3770 3987; x_wconf 81' lang='lat' dir='ltr'><strong>pecea-</strong></span> 
     </span>
    </p>
   </div>
   <div class='ocr_carea' id='block_1_89' title="bbox 2181 3997 3769 4074">
    <p class='ocr_par' dir='ltr' id='par_1_89' title="bbox 2181 3997 3769 4074">
     <span class='ocr_line' id='line_1_89' title="bbox 2181 3997 3769 4074; baseline 0.006 -22"><span class='ocrx_word' id='word_1_684' title='bbox 2181 4007 2283 4063; x_wconf 88' lang='lat' dir='ltr'><strong>tor,</strong></span> <span class='ocrx_word' id='word_1_685' title='bbox 2308 3999 2521 4067; x_wconf 89' lang='lat' dir='ltr'><strong>quando</strong></span> <span class='ocrx_word' id='word_1_686' title='bbox 2547 3997 2757 4055; x_wconf 87' lang='lat' dir='ltr'><strong>futuros</strong></span> <span class='ocrx_word' id='word_1_687' title='bbox 2777 4001 2927 4071; x_wconf 88' lang='lat' dir='ltr'><strong>ignes</strong></span> <span class='ocrx_word' id='word_1_688' title='bbox 2943 4003 3295 4074; x_wconf 88' lang='lat' dir='ltr'><strong>incendiaque</strong></span> <span class='ocrx_word' id='word_1_689' title='bbox 3317 4005 3570 4060; x_wconf 88' lang='lat' dir='ltr'><strong>formidat</strong></span> <span class='ocrx_word' id='word_1_690' title='bbox 3594 4025 3608 4060; x_wconf 93' lang='lat'><strong>:</strong></span> <span class='ocrx_word' id='word_1_691' title='bbox 3634 4023 3769 4063; x_wconf 83' lang='lat' dir='ltr'><strong>nam</strong></span> 
     </span>
    </p>
   </div>
   <div class='ocr_carea' id='block_1_90' title="bbox 2177 4089 3765 4168">
    <p class='ocr_par' dir='ltr' id='par_1_90' title="bbox 2177 4089 3765 4168">
     <span class='ocr_line' id='line_1_90' title="bbox 2177 4089 3765 4168; baseline 0.008 -27"><span class='ocrx_word' id='word_1_692' title='bbox 2177 4089 2269 4158; x_wconf 92' lang='lat' dir='ltr'><strong>qui</strong></span> <span class='ocrx_word' id='word_1_693' title='bbox 2320 4106 2378 4144; x_wconf 88' lang='lat' dir='ltr'><strong>se</strong></span> <span class='ocrx_word' id='word_1_694' title='bbox 2409 4092 2648 4158; x_wconf 87' lang='lat' dir='ltr'><strong>pavescit</strong></span> <span class='ocrx_word' id='word_1_695' title='bbox 2669 4108 2941 4158; x_wconf 80' lang='lat' dir='ltr'><strong>arsurum,</strong></span> <span class='ocrx_word' id='word_1_696' title='bbox 2972 4095 3140 4164; x_wconf 85' lang='lat' dir='ltr'><strong>ipsius</strong></span> <span class='ocrx_word' id='word_1_697' title='bbox 3162 4097 3390 4152; x_wconf 89' lang='lat' dir='ltr'><strong>incendii</strong></span> <span class='ocrx_word' id='word_1_698' title='bbox 3424 4097 3765 4168; x_wconf 85' lang='lat' dir='ltr'><strong>terrorejam</strong></span> 
     </span>
    </p>
   </div>
   <div class='ocr_carea' id='block_1_91' title="bbox 2178 4178 3768 4258">
    <p class='ocr_par' dir='ltr' id='par_1_91' title="bbox 2178 4178 3768 4258">
     <span class='ocr_line' id='line_1_91' title="bbox 2178 4178 3768 4258; baseline 0.007 -26"><span class='ocrx_word' id='word_1_699' title='bbox 2178 4178 2358 4251; x_wconf 89' lang='lat' dir='ltr'><strong>friget.</strong></span> <span class='ocrx_word' id='word_1_700' title='bbox 2399 4181 2629 4247; x_wconf 90' lang='lat' dir='ltr'><strong>Salsum,</strong></span> <span class='ocrx_word' id='word_1_701' title='bbox 2668 4185 2822 4253; x_wconf 90' lang='lat' dir='ltr'><strong>quasi</strong></span> <span class='ocrx_word' id='word_1_702' title='bbox 2853 4184 2964 4240; x_wconf 91' lang='lat' dir='ltr'><strong>sale</strong></span> <span class='ocrx_word' id='word_1_703' title='bbox 2996 4201 3302 4256; x_wconf 89' lang='lat' dir='ltr'><strong>aspersum,</strong></span> <span class='ocrx_word' id='word_1_704' title='bbox 3336 4188 3568 4258; x_wconf 91' lang='lat' dir='ltr'><strong>demptis</strong></span> <span class='ocrx_word' id='word_1_705' title='bbox 3605 4189 3768 4258; x_wconf 86' lang='lat' dir='ltr'><strong>quasi</strong></span> 
     </span>
    </p>
   </div>
   <div class='ocr_carea' id='block_1_92' title="bbox 2178 4279 3767 4349">
    <p class='ocr_par' dir='ltr' id='par_1_92' title="bbox 2178 4279 3767 4349">
     <span class='ocr_line' id='line_1_92' title="bbox 2178 4279 3767 4349; baseline 0.004 -17"><span class='ocrx_word' id='word_1_706' title='bbox 2178 4293 2209 4332; x_wconf 91' lang='lat' dir='ltr'><strong>e</strong></span> <span class='ocrx_word' id='word_1_707' title='bbox 2239 4281 2415 4333; x_wconf 90' lang='lat' dir='ltr'><strong>medio</strong></span> <span class='ocrx_word' id='word_1_708' title='bbox 2451 4280 2668 4349; x_wconf 85' lang='lat' dir='ltr'><strong>syllabis</strong></span> <span class='ocrx_word' id='word_1_709' title='bbox 2700 4281 2889 4336; x_wconf 91' lang='lat' dir='ltr'><strong>tribus.</strong></span> <span class='ocrx_word' id='word_1_710' title='bbox 2922 4281 3012 4336; x_wconf 91' lang='lat' dir='ltr'><strong>Sal</strong></span> <span class='ocrx_word' id='word_1_711' title='bbox 3056 4283 3201 4337; x_wconf 90' lang='lat' dir='ltr'><strong>enim</strong></span> <span class='ocrx_word' id='word_1_712' title='bbox 3238 4279 3642 4338; x_wconf 77' lang='lat' dir='ltr'><strong>cendimentum</strong></span> <span class='ocrx_word' id='word_1_713' title='bbox 3674 4300 3767 4339; x_wconf 85' lang='lat' dir='ltr'><strong>sa-</strong></span> 
     </span>
    </p>
   </div>
   <div class='ocr_carea' id='block_1_93' title="bbox 2178 4367 3765 4440">
    <p class='ocr_par' dir='ltr' id='par_1_93' title="bbox 2178 4367 3765 4440">
     <span class='ocr_line' id='line_1_93' title="bbox 2178 4367 3765 4440; baseline 0.004 -20"><span class='ocrx_word' id='word_1_714' title='bbox 2178 4367 2392 4437; x_wconf 66' lang='lat' dir='ltr'><strong>pientiae</strong></span> <span class='ocrx_word' id='word_1_715' title='bbox 2415 4369 2702 4437; x_wconf 88' lang='lat' dir='ltr'><strong>signiﬁcat,</strong></span> <span class='ocrx_word' id='word_1_716' title='bbox 2740 4378 2798 4423; x_wconf 89' lang='lat' dir='ltr'><strong>ut</strong></span> <span class='ocrx_word' id='word_1_717' title='bbox 2837 4371 2891 4424; x_wconf 92' lang='lat' dir='ltr'><strong>in</strong></span> <span class='ocrx_word' id='word_1_718' title='bbox 2937 4371 3228 4440; x_wconf 89' lang='lat' dir='ltr'><strong>Evangelio</strong></span> <span class='ocrx_word' id='word_1_719' title='bbox 3255 4372 3368 4440; x_wconf 90' lang='lat' dir='ltr'><strong>ipsa</strong></span> <span class='ocrx_word' id='word_1_720' title='bbox 3397 4371 3614 4427; x_wconf 77' lang='lat' dir='ltr'><strong>Veritas</strong></span> <span class='ocrx_word' id='word_1_721' title='bbox 3641 4373 3765 4429; x_wconf 85' lang='lat' dir='ltr'><strong>ait:</strong></span> 
     </span>
    </p>
   </div>
   <div class='ocr_carea' id='block_1_94' title="bbox 2189 4455 3766 4532">
    <p class='ocr_par' dir='ltr' id='par_1_94' title="bbox 2189 4455 3766 4532">
     <span class='ocr_line' id='line_1_94' title="bbox 2189 4455 3766 4532; baseline 0.006 -24"><span class='ocrx_word' id='word_1_722' title='bbox 2189 4455 2292 4509; x_wconf 85' lang='lat' dir='ltr'><strong>Vos</strong></span> <span class='ocrx_word' id='word_1_723' title='bbox 2339 4459 2460 4510; x_wconf 87' lang='lat' dir='ltr'><strong>estis</strong></span> <span class='ocrx_word' id='word_1_724' title='bbox 2505 4457 2585 4511; x_wconf 84' lang='lat' dir='ltr'><strong>sal</strong></span> <span class='ocrx_word' id='word_1_725' title='bbox 2623 4468 2775 4513; x_wconf 66' lang='lat' dir='ltr'><strong>terra?</strong></span> <span class='ocrx_word' id='word_1_726' title='bbox 2821 4458 3038 4530; x_wconf 83' lang='lat' dir='ltr'><strong>(Matth.</strong></span> <span class='ocrx_word' id='word_1_727' title='bbox 3085 4460 3162 4532; x_wconf 94' lang='lat' dir='ltr'><strong>v).</strong></span> <span class='ocrx_word' id='word_1_728' title='bbox 3195 4463 3262 4516; x_wconf 90' lang='lat' dir='ltr'><strong>Et</strong></span> <span class='ocrx_word' id='word_1_729' title='bbox 3307 4463 3439 4518; x_wconf 64' lang='lat' dir='ltr'><strong>item</strong></span> <span class='ocrx_word' id='word_1_730' title='bbox 3475 4480 3490 4516; x_wconf 90' lang='lat'><strong>:</strong></span> <span class='ocrx_word' id='word_1_731' title='bbox 3534 4462 3766 4531; x_wconf 78' lang='lat' dir='ltr'><strong>Habete,</strong></span> 
     </span>
    </p>
   </div>
   <div class='ocr_carea' id='block_1_95' title="bbox 2180 4547 3766 4625">
    <p class='ocr_par' dir='ltr' id='par_1_95' title="bbox 2180 4547 3766 4625">
     <span class='ocr_line' id='line_1_95' title="bbox 2180 4547 3766 4625; baseline 0.005 -23"><span class='ocrx_word' id='word_1_732' title='bbox 2180 4548 2373 4617; x_wconf 85' lang='lat' dir='ltr'><strong>inquit,</strong></span> <span class='ocrx_word' id='word_1_733' title='bbox 2403 4547 2484 4600; x_wconf 89' lang='lat' dir='ltr'><strong>sal</strong></span> <span class='ocrx_word' id='word_1_734' title='bbox 2501 4548 2555 4601; x_wconf 87' lang='lat' dir='ltr'><strong>in</strong></span> <span class='ocrx_word' id='word_1_735' title='bbox 2581 4549 2720 4602; x_wconf 82' lang='lat' dir='ltr'><strong>vobis</strong></span> <span class='ocrx_word' id='word_1_736' title='bbox 2737 4548 2928 4616; x_wconf 87' lang='lat' dir='ltr'><strong>(Marc.</strong></span> <span class='ocrx_word' id='word_1_737' title='bbox 2955 4551 3055 4625; x_wconf 80' lang='grc' dir='ltr'>ιιι).</span> <span class='ocrx_word' id='word_1_738' title='bbox 3081 4552 3316 4606; x_wconf 80' lang='lat' dir='ltr'><strong>Rursum</strong></span> <span class='ocrx_word' id='word_1_739' title='bbox 3342 4552 3422 4608; x_wconf 89' lang='lat' dir='ltr'><strong>sal</strong></span> <span class='ocrx_word' id='word_1_740' title='bbox 3441 4553 3766 4610; x_wconf 86' lang='lat' dir='ltr'><strong>infamatam</strong></span> 
     </span>
    </p>
   </div>
   <div class='ocr_carea' id='block_1_96' title="bbox 2177 4635 3766 4710">
    <p class='ocr_par' dir='ltr' id='par_1_96' title="bbox 2177 4635 3766 4710">
     <span class='ocr_line' id='line_1_96' title="bbox 2177 4635 3766 4710; baseline 0.007 -21"><span class='ocrx_word' id='word_1_741' title='bbox 2177 4635 2480 4691; x_wconf 69' lang='lat' dir='ltr'><strong>Judazorum</strong></span> <span class='ocrx_word' id='word_1_742' title='bbox 2510 4639 2792 4693; x_wconf 90' lang='lat' dir='ltr'><strong>scientiam</strong></span> <span class='ocrx_word' id='word_1_743' title='bbox 2825 4640 3092 4710; x_wconf 87' lang='lat' dir='ltr'><strong>signiﬁcat</strong></span> <span class='ocrx_word' id='word_1_744' title='bbox 3123 4643 3176 4696; x_wconf 91' lang='lat' dir='ltr'><strong>in</strong></span> <span class='ocrx_word' id='word_1_745' title='bbox 3213 4642 3451 4699; x_wconf 88' lang='lat' dir='ltr'><strong>Levitico</strong></span> <span class='ocrx_word' id='word_1_746' title='bbox 3488 4661 3504 4699; x_wconf 93' lang='lat'><strong>:</strong></span> <span class='ocrx_word' id='word_1_747' title='bbox 3539 4643 3766 4710; x_wconf 79' lang='lat' dir='ltr'><strong>Pluam,</strong></span> 
     </span>
    </p>
   </div>
   <div class='ocr_carea' id='block_1_97' title="bbox 2179 4732 3767 4808">
    <p class='ocr_par' dir='ltr' id='par_1_97' title="bbox 2179 4732 3767 4808">
     <span class='ocr_line' id='line_1_97' title="bbox 2179 4732 3767 4808; baseline 0.005 -22"><span class='ocrx_word' id='word_1_748' title='bbox 2179 4732 2370 4800; x_wconf 90' lang='lat' dir='ltr'><strong>inquit,</strong></span> <span class='ocrx_word' id='word_1_749' title='bbox 2410 4750 2566 4803; x_wconf 84' lang='lat' dir='ltr'><strong>super</strong></span> <span class='ocrx_word' id='word_1_750' title='bbox 2604 4744 2796 4788; x_wconf 84' lang='lat' dir='ltr'><strong>terram</strong></span> <span class='ocrx_word' id='word_1_751' title='bbox 2830 4735 2978 4788; x_wconf 88' lang='lat' dir='ltr'><strong>illam</strong></span> <span class='ocrx_word' id='word_1_752' title='bbox 3004 4735 3262 4806; x_wconf 83' lang='lat' dir='ltr'><strong>pulverem</strong></span> <span class='ocrx_word' id='word_1_753' title='bbox 3301 4745 3350 4791; x_wconf 86' lang='lat' dir='ltr'><strong>et</strong></span> <span class='ocrx_word' id='word_1_754' title='bbox 3384 4737 3486 4792; x_wconf 82' lang='lat' dir='ltr'><strong>sal.</strong></span> <span class='ocrx_word' id='word_1_755' title='bbox 3530 4737 3767 4808; x_wconf 86' lang='lat' dir='ltr'><strong>Salsugo</strong></span> 
     </span>
    </p>
   </div>
   <div class='ocr_carea' id='block_1_98' title="bbox 2177 4827 3766 4899">
    <p class='ocr_par' dir='ltr' id='par_1_98' title="bbox 2177 4827 3766 4899">
     <span class='ocr_line' id='line_1_98' title="bbox 2177 4827 3766 4899; baseline 0.005 -22"><span class='ocrx_word' id='word_1_756' title='bbox 2177 4840 2390 4894; x_wconf 88' lang='lat' dir='ltr'><strong>quoque</strong></span> <span class='ocrx_word' id='word_1_757' title='bbox 2411 4827 2589 4880; x_wconf 88' lang='lat' dir='ltr'><strong>cordis</strong></span> <span class='ocrx_word' id='word_1_758' title='bbox 2609 4829 3073 4896; x_wconf 91' lang='lat' dir='ltr'><strong>compunctionem</strong></span> <span class='ocrx_word' id='word_1_759' title='bbox 3104 4829 3373 4899; x_wconf 89' lang='lat' dir='ltr'><strong>designat,</strong></span> <span class='ocrx_word' id='word_1_760' title='bbox 3409 4829 3550 4884; x_wconf 88' lang='lat' dir='ltr'><strong>sicut</strong></span> <span class='ocrx_word' id='word_1_761' title='bbox 3574 4831 3631 4884; x_wconf 91' lang='lat' dir='ltr'><strong>in</strong></span> <span class='ocrx_word' id='word_1_762' title='bbox 3660 4830 3766 4886; x_wconf 83' lang='lat' dir='ltr'><strong>Job</strong></span> 
     </span>
    </p>
   </div>
   <div class='ocr_carea' id='block_1_99' title="bbox 490 4909 3761 4988">
    <p class='ocr_par' dir='ltr' id='par_1_99' title="bbox 490 4909 3761 4988">
     <span class='ocr_line' id='line_1_99' title="bbox 490 4909 3761 4988; baseline 0.005 -30"><span class='ocrx_word' id='word_1_763' title='bbox 490 4922 660 4959; x_wconf 85' lang='lat' dir='ltr'><strong>meum</strong></span> <span class='ocrx_word' id='word_1_764' title='bbox 710 4911 1014 4978; x_wconf 82' lang='lat' dir='ltr'><strong>sanguinem</strong></span> <span class='ocrx_word' id='word_1_765' title='bbox 1057 4909 1236 4979; x_wconf 83' lang='lat' dir='ltr'><strong>(Joan.</strong></span> <span class='ocrx_word' id='word_1_766' title='bbox 1265 4910 1356 4980; x_wconf 76' lang='lat' dir='ltr'><strong>Vl).</strong></span> <span class='ocrx_word' id='word_1_767' title='bbox 1408 4911 1612 4964; x_wconf 88' lang='lat' dir='ltr'><strong>Carues</strong></span> <span class='ocrx_word' id='word_1_768' title='bbox 1667 4912 1888 4964; x_wconf 86' lang='lat' dir='ltr'><strong>historia</strong></span> <span class='ocrx_word' id='word_1_769' title='bbox 1944 4911 2075 4981; x_wconf 84' lang='lat' dir='ltr'><strong>legis</strong></span> <span class='ocrx_word' id='word_1_770' title='bbox 2145 4920 2244 4972; x_wconf 57' lang='lat' dir='ltr'><strong>«de</strong></span> <span class='ocrx_word' id='word_1_771' title='bbox 2277 4920 2511 4988; x_wconf 79' lang='lat' dir='ltr'><strong>onagris,</strong></span> <span class='ocrx_word' id='word_1_772' title='bbox 2546 4921 2645 4974; x_wconf 86' lang='lat' dir='ltr'><strong>hoc</strong></span> <span class='ocrx_word' id='word_1_773' title='bbox 2675 4928 2777 4985; x_wconf 86' lang='lat' dir='ltr'><strong>est,</strong></span> <span class='ocrx_word' id='word_1_774' title='bbox 2810 4921 3090 4975; x_wconf 87' lang='lat' dir='ltr'><strong>monachis</strong></span> <span class='ocrx_word' id='word_1_775' title='bbox 3117 4921 3317 4976; x_wconf 87' lang='lat' dir='ltr'><strong>dicitur</strong></span> <span class='ocrx_word' id='word_1_776' title='bbox 3345 4937 3360 4975; x_wconf 87' lang='lat'><strong>:</strong></span> <span class='ocrx_word' id='word_1_777' title='bbox 3394 4921 3761 4976; x_wconf 77' lang='lat' dir='ltr'><strong>Tabernacula</strong></span> 
     </span>
    </p>
   </div>
   <div class='ocr_carea' id='block_1_100' title="bbox 492 4998 2070 5072">
    <p class='ocr_par' dir='ltr' id='par_1_100' title="bbox 492 4998 2070 5072">
     <span class='ocr_line' id='line_1_100' title="bbox 492 4998 2070 5072; baseline 0.004 -23"><span class='ocrx_word' id='word_1_778' title='bbox 492 4999 573 5064; x_wconf 87' lang='lat' dir='ltr'><strong>(ut</strong></span> <span class='ocrx_word' id='word_1_779' title='bbox 601 4998 816 5067; x_wconf 91' lang='lat' dir='ltr'><strong>quidam</strong></span> <span class='ocrx_word' id='word_1_780' title='bbox 841 5000 1047 5071; x_wconf 89' lang='lat' dir='ltr'><strong>volunt)</strong></span> <span class='ocrx_word' id='word_1_781' title='bbox 1065 5001 1114 5053; x_wconf 92' lang='lat' dir='ltr'><strong>iu</strong></span> <span class='ocrx_word' id='word_1_782' title='bbox 1147 5003 1324 5054; x_wconf 78' lang='lat' dir='ltr'><strong>Exodo</strong></span> <span class='ocrx_word' id='word_1_783' title='bbox 1351 5019 1363 5054; x_wconf 76' lang='grc' dir='ltr'>ε</span> <span class='ocrx_word' id='word_1_784' title='bbox 1395 5002 1475 5054; x_wconf 83' lang='lat' dir='ltr'><strong>Ad</strong></span> <span class='ocrx_word' id='word_1_785' title='bbox 1507 5020 1771 5072; x_wconf 84' lang='lat' dir='ltr'><strong>vesperum</strong></span> <span class='ocrx_word' id='word_1_786' title='bbox 1799 5004 2070 5056; x_wconf 86' lang='lat' dir='ltr'><strong>vescemini</strong></span> 
     </span>
    </p>
   </div>
   <div class='ocr_carea' id='block_1_101' title="bbox 491 5087 2066 5164">
    <p class='ocr_par' dir='ltr' id='par_1_101' title="bbox 491 5087 2066 5164">
     <span class='ocr_line' id='line_1_101' title="bbox 491 5087 2066 5164; baseline 0.004 -25"><span class='ocrx_word' id='word_1_787' title='bbox 491 5087 754 5152; x_wconf 80' lang='lat' dir='ltr'><strong>carnibus,</strong></span> <span class='ocrx_word' id='word_1_788' title='bbox 784 5098 834 5142; x_wconf 84' lang='lat' dir='ltr'><strong>et</strong></span> <span class='ocrx_word' id='word_1_789' title='bbox 869 5105 1018 5142; x_wconf 88' lang='lat' dir='ltr'><strong>mane</strong></span> <span class='ocrx_word' id='word_1_790' title='bbox 1055 5092 1416 5144; x_wconf 83' lang='lat' dir='ltr'><strong>saturabimini</strong></span> <span class='ocrx_word' id='word_1_791' title='bbox 1457 5093 1676 5159; x_wconf 86' lang='lat' dir='ltr'><strong>panibus</strong></span> <span class='ocrx_word' id='word_1_792' title='bbox 1717 5091 1911 5160; x_wconf 76' lang='lat' dir='ltr'><strong>(Exod.</strong></span> <span class='ocrx_word' id='word_1_793' title='bbox 1935 5093 2066 5164; x_wconf 74' lang='lat' dir='ltr'><strong>xw),</strong></span> 
     </span>
    </p>
   </div>
   <div class='ocr_carea' id='block_1_102' title="bbox 493 5178 2068 5247">
    <p class='ocr_par' dir='ltr' id='par_1_102' title="bbox 493 5178 2068 5247">
     <span class='ocr_line' id='line_1_102' title="bbox 493 5178 2068 5247; baseline 0.005 -17"><span class='ocrx_word' id='word_1_794' title='bbox 493 5178 594 5230; x_wconf 88' lang='lat' dir='ltr'><strong>hoc</strong></span> <span class='ocrx_word' id='word_1_795' title='bbox 630 5185 730 5242; x_wconf 92' lang='lat' dir='ltr'><strong>est,</strong></span> <span class='ocrx_word' id='word_1_796' title='bbox 778 5187 900 5247; x_wconf 86' lang='lat' dir='ltr'><strong>post</strong></span> <span class='ocrx_word' id='word_1_797' title='bbox 959 5178 1569 5245; x_wconf 80' lang='lat' dir='ltr'><strong>illuminatiouemﬁdei,</strong></span> <span class='ocrx_word' id='word_1_798' title='bbox 1619 5190 1672 5235; x_wconf 90' lang='lat' dir='ltr'><strong>et</strong></span> <span class='ocrx_word' id='word_1_799' title='bbox 1719 5185 2068 5239; x_wconf 89' lang='lat' dir='ltr'><strong>resurrectio-</strong></span> 
     </span>
    </p>
   </div>
   <div class='ocr_carea' id='block_1_103' title="bbox 493 5268 2068 5341">
    <p class='ocr_par' dir='ltr' id='par_1_103' title="bbox 493 5268 2068 5341">
     <span class='ocr_line' id='line_1_103' title="bbox 493 5268 2068 5341; baseline 0.006 -21"><span class='ocrx_word' id='word_1_800' title='bbox 493 5282 616 5320; x_wconf 88' lang='lat' dir='ltr'><strong>nem</strong></span> <span class='ocrx_word' id='word_1_801' title='bbox 667 5268 873 5323; x_wconf 89' lang='lat' dir='ltr'><strong>Domini</strong></span> <span class='ocrx_word' id='word_1_802' title='bbox 923 5269 1246 5325; x_wconf 88' lang='lat' dir='ltr'><strong>uostriJesu</strong></span> <span class='ocrx_word' id='word_1_803' title='bbox 1299 5271 1496 5325; x_wconf 87' lang='lat' dir='ltr'><strong>Christi</strong></span> <span class='ocrx_word' id='word_1_804' title='bbox 1548 5271 1776 5341; x_wconf 89' lang='lat' dir='ltr'><strong>spiritali</strong></span> <span class='ocrx_word' id='word_1_805' title='bbox 1828 5274 1948 5328; x_wconf 91' lang='lat' dir='ltr'><strong>cibo</strong></span> <span class='ocrx_word' id='word_1_806' title='bbox 1974 5290 2068 5330; x_wconf 88' lang='lat' dir='ltr'><strong>ve-</strong></span> 
     </span>
    </p>
   </div>
   <div class='ocr_carea' id='block_1_104' title="bbox 493 5358 2063 5438">
    <p class='ocr_par' dir='ltr' id='par_1_104' title="bbox 493 5358 2063 5438">
     <span class='ocr_line' id='line_1_104' title="bbox 493 5358 2063 5438; baseline 0.008 -29"><span class='ocrx_word' id='word_1_807' title='bbox 493 5358 734 5411; x_wconf 79' lang='lat' dir='ltr'><strong>scclnini.</strong></span> <span class='ocrx_word' id='word_1_808' title='bbox 819 5359 960 5413; x_wconf 84' lang='lat' dir='ltr'><strong>Caro</strong></span> <span class='ocrx_word' id='word_1_809' title='bbox 1007 5362 1149 5415; x_wconf 92' lang='lat' dir='ltr'><strong>enim</strong></span> <span class='ocrx_word' id='word_1_810' title='bbox 1181 5362 1453 5416; x_wconf 87' lang='lat' dir='ltr'><strong>hominem</strong></span> <span class='ocrx_word' id='word_1_811' title='bbox 1493 5363 1816 5418; x_wconf 85' lang='lat' dir='ltr'><strong>exteriorem</strong></span> <span class='ocrx_word' id='word_1_812' title='bbox 1861 5366 2063 5438; x_wconf 84' lang='lat' dir='ltr'><strong>signiﬁ-</strong></span> 
     </span>
    </p>
   </div>
   <div class='ocr_carea' id='block_1_105' title="bbox 491 5449 2065 5522">
    <p class='ocr_par' dir='ltr' id='par_1_105' title="bbox 491 5449 2065 5522">
     <span class='ocr_line' id='line_1_105' title="bbox 491 5449 2065 5522; baseline 0.008 -20"><span class='ocrx_word' id='word_1_813' title='bbox 491 5456 599 5513; x_wconf 89' lang='lat' dir='ltr'><strong>cat,</strong></span> <span class='ocrx_word' id='word_1_814' title='bbox 630 5449 768 5503; x_wconf 91' lang='lat' dir='ltr'><strong>unde</strong></span> <span class='ocrx_word' id='word_1_815' title='bbox 796 5452 1052 5520; x_wconf 90' lang='lat' dir='ltr'><strong>scriptum</strong></span> <span class='ocrx_word' id='word_1_816' title='bbox 1081 5461 1166 5508; x_wconf 92' lang='lat' dir='ltr'><strong>est</strong></span> <span class='ocrx_word' id='word_1_817' title='bbox 1191 5453 1245 5506; x_wconf 90' lang='lat' dir='ltr'><strong>in</strong></span> <span class='ocrx_word' id='word_1_818' title='bbox 1264 5451 1520 5522; x_wconf 82' lang='lat' dir='ltr'><strong>Apostolo</strong></span> <span class='ocrx_word' id='word_1_819' title='bbox 1545 5472 1558 5507; x_wconf 92' lang='lat'><strong>:</strong></span> <span class='ocrx_word' id='word_1_820' title='bbox 1589 5452 1726 5509; x_wconf 86' lang='lat' dir='ltr'><strong>Caro</strong></span> <span class='ocrx_word' id='word_1_821' title='bbox 1762 5458 1899 5511; x_wconf 84' lang='lat' dir='ltr'><strong>enim</strong></span> <span class='ocrx_word' id='word_1_822' title='bbox 1937 5475 2065 5516; x_wconf 77' lang='lat' dir='ltr'><strong>con-</strong></span> 
     </span>
    </p>
   </div>
   <div class='ocr_carea' id='block_1_106' title="bbox 491 5539 2067 5614">
    <p class='ocr_par' dir='ltr' id='par_1_106' title="bbox 491 5539 2067 5614">
     <span class='ocr_line' id='line_1_106' title="bbox 491 5539 2067 5614; baseline 0.009 -24"><span class='ocrx_word' id='word_1_823' title='bbox 491 5539 705 5609; x_wconf 86' lang='lat' dir='ltr'><strong>cupiscit</strong></span> <span class='ocrx_word' id='word_1_824' title='bbox 745 5540 988 5596; x_wconf 81' lang='lat' dir='ltr'><strong>adversus</strong></span> <span class='ocrx_word' id='word_1_825' title='bbox 1025 5544 1290 5613; x_wconf 82' lang='lat' dir='ltr'><strong>spiritum,</strong></span> <span class='ocrx_word' id='word_1_826' title='bbox 1317 5552 1364 5597; x_wconf 83' lang='lat' dir='ltr'><strong>et</strong></span> <span class='ocrx_word' id='word_1_827' title='bbox 1403 5545 1612 5614; x_wconf 86' lang='lat' dir='ltr'><strong>spiritus</strong></span> <span class='ocrx_word' id='word_1_828' title='bbox 1656 5546 1900 5603; x_wconf 82' lang='lat' dir='ltr'><strong>adversus</strong></span> <span class='ocrx_word' id='word_1_829' title='bbox 1948 5567 2067 5604; x_wconf 86' lang='lat' dir='ltr'><strong>car-</strong></span> 
     </span>
    </p>
   </div>
   <div class='ocr_carea' id='block_1_107' title="bbox 495 5628 2062 5705">
    <p class='ocr_par' dir='ltr' id='par_1_107' title="bbox 495 5628 2062 5705">
     <span class='ocr_line' id='line_1_107' title="bbox 495 5628 2062 5705; baseline 0.009 -23"><span class='ocrx_word' id='word_1_830' title='bbox 495 5645 608 5682; x_wconf 90' lang='lat' dir='ltr'><strong>nem</strong></span> <span class='ocrx_word' id='word_1_831' title='bbox 656 5628 794 5700; x_wconf 86' lang='lat' dir='ltr'><strong>(Gal.</strong></span> <span class='ocrx_word' id='word_1_832' title='bbox 850 5633 933 5704; x_wconf 91' lang='lat' dir='ltr'><strong>v);</strong></span> <span class='ocrx_word' id='word_1_833' title='bbox 989 5642 1043 5689; x_wconf 92' lang='lat' dir='ltr'><strong>et</strong></span> <span class='ocrx_word' id='word_1_834' title='bbox 1092 5635 1308 5705; x_wconf 88' lang='lat' dir='ltr'><strong>sanguis</strong></span> <span class='ocrx_word' id='word_1_835' title='bbox 1359 5638 1724 5704; x_wconf 88' lang='lat' dir='ltr'><strong>operationem</strong></span> <span class='ocrx_word' id='word_1_836' title='bbox 1770 5641 2062 5696; x_wconf 90' lang='lat' dir='ltr'><strong>carnalem.</strong></span> 
     </span>
    </p>
   </div>
   <div class='ocr_carea' id='block_1_108' title="bbox 497 5721 2071 5796">
    <p class='ocr_par' dir='ltr' id='par_1_108' title="bbox 497 5721 2071 5796">
     <span class='ocr_line' id='line_1_108' title="bbox 497 5721 2071 5796; baseline 0.008 -21"><span class='ocrx_word' id='word_1_837' title='bbox 497 5721 646 5776; x_wconf 90' lang='lat' dir='ltr'><strong>Unde</strong></span> <span class='ocrx_word' id='word_1_838' title='bbox 691 5722 952 5794; x_wconf 83' lang='lat' dir='ltr'><strong>Propheta</strong></span> <span class='ocrx_word' id='word_1_839' title='bbox 1006 5726 1134 5780; x_wconf 91' lang='lat' dir='ltr'><strong>dicit</strong></span> <span class='ocrx_word' id='word_1_840' title='bbox 1174 5727 1226 5780; x_wconf 91' lang='lat' dir='ltr'><strong>in</strong></span> <span class='ocrx_word' id='word_1_841' title='bbox 1262 5726 1466 5796; x_wconf 89' lang='lat' dir='ltr'><strong>psalmo</strong></span> <span class='ocrx_word' id='word_1_842' title='bbox 1501 5747 1512 5783; x_wconf 91' lang='lat'><strong>:</strong></span> <span class='ocrx_word' id='word_1_843' title='bbox 1546 5728 1732 5784; x_wconf 88' lang='lat' dir='ltr'><strong>Libera</strong></span> <span class='ocrx_word' id='word_1_844' title='bbox 1758 5747 1838 5785; x_wconf 81' lang='lat' dir='ltr'><strong>me</strong></span> <span class='ocrx_word' id='word_1_845' title='bbox 1863 5732 1927 5786; x_wconf 86' lang='lat' dir='ltr'><strong>de</strong></span> <span class='ocrx_word' id='word_1_846' title='bbox 1952 5751 2071 5788; x_wconf 87' lang='lat' dir='ltr'><strong>san-</strong></span> 
     </span>
    </p>
   </div>
   <div class='ocr_carea' id='block_1_109' title="bbox 2177 5009 3761 5083">
    <p class='ocr_par' dir='ltr' id='par_1_109' title="bbox 2177 5009 3761 5083">
     <span class='ocr_line' id='line_1_109' title="bbox 2177 5009 3761 5083; baseline 0.003 -20"><span class='ocrx_word' id='word_1_847' title='bbox 2177 5009 2290 5078; x_wconf 85' lang='lat' dir='ltr'><strong>ejus</strong></span> <span class='ocrx_word' id='word_1_848' title='bbox 2319 5012 2372 5063; x_wconf 90' lang='lat' dir='ltr'><strong>in</strong></span> <span class='ocrx_word' id='word_1_849' title='bbox 2396 5019 2534 5063; x_wconf 90' lang='lat' dir='ltr'><strong>terra</strong></span> <span class='ocrx_word' id='word_1_850' title='bbox 2556 5009 2832 5080; x_wconf 85' lang='lat' dir='ltr'><strong>salsuginis</strong></span> <span class='ocrx_word' id='word_1_851' title='bbox 2859 5011 3002 5082; x_wconf 80' lang='lat' dir='ltr'><strong>(Job.</strong></span> <span class='ocrx_word' id='word_1_852' title='bbox 3034 5011 3242 5083; x_wconf 79' lang='lat' dir='ltr'><strong>xxxix).</strong></span> <span class='ocrx_word' id='word_1_853' title='bbox 3277 5013 3410 5066; x_wconf 91' lang='lat' dir='ltr'><strong>Item</strong></span> <span class='ocrx_word' id='word_1_854' title='bbox 3429 5010 3648 5083; x_wconf 86' lang='lat' dir='ltr'><strong>salsugo</strong></span> <span class='ocrx_word' id='word_1_855' title='bbox 3677 5015 3761 5068; x_wconf 79' lang='grc' dir='ltr'><strong>ἰη-</strong></span> 
     </span>
    </p>
   </div>
   <div class='ocr_carea' id='block_1_110' title="bbox 2177 5099 3754 5165">
    <p class='ocr_par' dir='ltr' id='par_1_110' title="bbox 2177 5099 3754 5165">
     <span class='ocr_line' id='line_1_110' title="bbox 2177 5099 3754 5165; baseline 0.004 -12"><span class='ocrx_word' id='word_1_856' title='bbox 2177 5099 2404 5155; x_wconf 89' lang='lat' dir='ltr'><strong>ﬁdelitas</strong></span> <span class='ocrx_word' id='word_1_857' title='bbox 2426 5099 2749 5165; x_wconf 66' lang='lat' dir='ltr'><strong>Iudaeorum,</strong></span> <span class='ocrx_word' id='word_1_858' title='bbox 2781 5101 2863 5156; x_wconf 91' lang='lat' dir='ltr'><strong>vel</strong></span> <span class='ocrx_word' id='word_1_859' title='bbox 2889 5102 3112 5158; x_wconf 88' lang='lat' dir='ltr'><strong>ariditas</strong></span> <span class='ocrx_word' id='word_1_860' title='bbox 3149 5103 3345 5157; x_wconf 90' lang='lat' dir='ltr'><strong>mentis</strong></span> <span class='ocrx_word' id='word_1_861' title='bbox 3371 5104 3421 5157; x_wconf 92' lang='lat' dir='ltr'><strong>in</strong></span> <span class='ocrx_word' id='word_1_862' title='bbox 3451 5103 3754 5159; x_wconf 87' lang='lat' dir='ltr'><strong>Psalterio:</strong></span> 
     </span>
    </p>
   </div>
   <div class='ocr_carea' id='block_1_111' title="bbox 2178 5191 3755 5266">
    <p class='ocr_par' dir='ltr' id='par_1_111' title="bbox 2178 5191 3755 5266">
     <span class='ocr_line' id='line_1_111' title="bbox 2178 5191 3755 5266; baseline 0.005 -22"><span class='ocrx_word' id='word_1_863' title='bbox 2178 5191 2338 5245; x_wconf 86' lang='lat' dir='ltr'><strong>Terra</strong></span> <span class='ocrx_word' id='word_1_864' title='bbox 2380 5192 2652 5262; x_wconf 78' lang='lat' dir='ltr'><strong>fructifera</strong></span> <span class='ocrx_word' id='word_1_865' title='bbox 2693 5193 2747 5246; x_wconf 85' lang='lat' dir='ltr'><strong>in</strong></span> <span class='ocrx_word' id='word_1_866' title='bbox 2783 5192 3098 5264; x_wconf 80' lang='lat' dir='ltr'><strong>salsuginem</strong></span> <span class='ocrx_word' id='word_1_867' title='bbox 3129 5192 3308 5266; x_wconf 86' lang='lat' dir='ltr'><strong>(Psal.</strong></span> <span class='ocrx_word' id='word_1_868' title='bbox 3341 5195 3483 5266; x_wconf 83' lang='lat' dir='ltr'><strong>CVI</strong></span> <span class='ocrx_word' id='word_1_869' title='bbox 3529 5195 3628 5250; x_wconf 80' lang='lat' dir='ltr'><strong>Jus</strong></span> <span class='ocrx_word' id='word_1_870' title='bbox 3657 5211 3755 5252; x_wconf 89' lang='lat' dir='ltr'><strong>co-</strong></span> 
     </span>
    </p>
   </div>
   <div class='ocr_carea' id='block_1_112' title="bbox 2173 5281 3756 5356">
    <p class='ocr_par' dir='ltr' id='par_1_112' title="bbox 2173 5281 3756 5356">
     <span class='ocr_line' id='line_1_112' title="bbox 2173 5281 3756 5356; baseline 0.004 -22"><span class='ocrx_word' id='word_1_871' title='bbox 2173 5281 2350 5350; x_wconf 67' lang='lat' dir='ltr'><strong>quinae</strong></span> <span class='ocrx_word' id='word_1_872' title='bbox 2388 5283 2630 5352; x_wconf 85' lang='lat' dir='ltr'><strong>magistri</strong></span> <span class='ocrx_word' id='word_1_873' title='bbox 2675 5299 2704 5336; x_wconf 88' lang='lat' dir='ltr'><strong>a</strong></span> <span class='ocrx_word' id='word_1_874' title='bbox 2727 5283 2850 5353; x_wconf 91' lang='lat' dir='ltr'><strong>jure</strong></span> <span class='ocrx_word' id='word_1_875' title='bbox 2890 5294 3355 5356; x_wconf 87' lang='lat' dir='ltr'><strong>nuncupaverunt,</strong></span> <span class='ocrx_word' id='word_1_876' title='bbox 3392 5285 3518 5354; x_wconf 88' lang='lat' dir='ltr'><strong>quia</strong></span> <span class='ocrx_word' id='word_1_877' title='bbox 3558 5296 3646 5341; x_wconf 87' lang='lat' dir='ltr'><strong>est</strong></span> <span class='ocrx_word' id='word_1_878' title='bbox 3669 5287 3756 5342; x_wconf 85' lang='lat' dir='ltr'><strong>lex</strong></span> 
     </span>
    </p>
   </div>
   <div class='ocr_carea' id='block_1_113' title="bbox 2173 5371 3756 5446">
    <p class='ocr_par' dir='ltr' id='par_1_113' title="bbox 2173 5371 3756 5446">
     <span class='ocr_line' id='line_1_113' title="bbox 2173 5371 3756 5446; baseline 0.007 -23"><span class='ocrx_word' id='word_1_879' title='bbox 2173 5371 2495 5425; x_wconf 90' lang='lat' dir='ltr'><strong>condimenti</strong></span> <span class='ocrx_word' id='word_1_880' title='bbox 2520 5372 2654 5441; x_wconf 90' lang='lat' dir='ltr'><strong>ejus.</strong></span> <span class='ocrx_word' id='word_1_881' title='bbox 2686 5372 2835 5428; x_wconf 87' lang='lat' dir='ltr'><strong>Hanc</strong></span> <span class='ocrx_word' id='word_1_882' title='bbox 2852 5373 3022 5430; x_wconf 75' lang='lat' dir='ltr'><strong>Grtcci</strong></span> <span class='ocrx_word' id='word_1_883' title='bbox 3051 5391 3241 5430; x_wconf 81' lang='lat' dir='ltr'><strong>zomon</strong></span> <span class='ocrx_word' id='word_1_884' title='bbox 3269 5383 3480 5430; x_wconf 91' lang='lat' dir='ltr'><strong>vocant.</strong></span> <span class='ocrx_word' id='word_1_885' title='bbox 3504 5374 3756 5446; x_wconf 84' lang='lat' dir='ltr'><strong>Coquere</strong></span> 
     </span>
    </p>
   </div>
   <div class='ocr_carea' id='block_1_114' title="bbox 2169 5459 3756 5537">
    <p class='ocr_par' dir='ltr' id='par_1_114' title="bbox 2169 5459 3756 5537">
     <span class='ocr_line' id='line_1_114' title="bbox 2169 5459 3756 5537; baseline 0.005 -22"><span class='ocrx_word' id='word_1_886' title='bbox 2169 5475 2299 5530; x_wconf 84' lang='lat' dir='ltr'><strong>ergo</strong></span> <span class='ocrx_word' id='word_1_887' title='bbox 2356 5459 2666 5532; x_wconf 85' lang='lat' dir='ltr'><strong>diligentem</strong></span> <span class='ocrx_word' id='word_1_888' title='bbox 2719 5464 3122 5521; x_wconf 87' lang='lat' dir='ltr'><strong>meditationem</strong></span> <span class='ocrx_word' id='word_1_889' title='bbox 3175 5467 3464 5537; x_wconf 85' lang='lat' dir='ltr'><strong>signiﬁcat.</strong></span> <span class='ocrx_word' id='word_1_890' title='bbox 3514 5466 3756 5523; x_wconf 73' lang='lat' dir='ltr'><strong>Verbum</strong></span> 
     </span>
    </p>
   </div>
   <div class='ocr_carea' id='block_1_115' title="bbox 2173 5549 3758 5626">
    <p class='ocr_par' dir='ltr' id='par_1_115' title="bbox 2173 5549 3758 5626">
     <span class='ocr_line' id='line_1_115' title="bbox 2173 5549 3758 5626; baseline 0.006 -22"><span class='ocrx_word' id='word_1_891' title='bbox 2173 5549 2384 5604; x_wconf 87' lang='lat' dir='ltr'><strong>Domini</strong></span> <span class='ocrx_word' id='word_1_892' title='bbox 2407 5551 2674 5607; x_wconf 90' lang='lat' dir='ltr'><strong>subtiliter</strong></span> <span class='ocrx_word' id='word_1_893' title='bbox 2704 5553 2758 5608; x_wconf 90' lang='lat' dir='ltr'><strong>in</strong></span> <span class='ocrx_word' id='word_1_894' title='bbox 2782 5555 2944 5610; x_wconf 89' lang='lat' dir='ltr'><strong>corde</strong></span> <span class='ocrx_word' id='word_1_895' title='bbox 2968 5555 3238 5621; x_wconf 87' lang='lat' dir='ltr'><strong>meditari,</strong></span> <span class='ocrx_word' id='word_1_896' title='bbox 3264 5556 3420 5626; x_wconf 89' lang='lat' dir='ltr'><strong>quasi</strong></span> <span class='ocrx_word' id='word_1_897' title='bbox 3453 5564 3640 5613; x_wconf 90' lang='lat' dir='ltr'><strong>mente</strong></span> <span class='ocrx_word' id='word_1_898' title='bbox 3663 5559 3758 5613; x_wconf 83' lang='lat' dir='ltr'><strong>de-</strong></span> 
     </span>
    </p>
   </div>
   <div class='ocr_carea' id='block_1_116' title="bbox 2173 5643 3753 5718">
    <p class='ocr_par' dir='ltr' id='par_1_116' title="bbox 2173 5643 3753 5718">
     <span class='ocr_line' id='line_1_116' title="bbox 2173 5643 3753 5718; baseline 0.006 -25"><span class='ocrx_word' id='word_1_899' title='bbox 2173 5655 2405 5710; x_wconf 90' lang='lat' dir='ltr'><strong>coquere</strong></span> <span class='ocrx_word' id='word_1_900' title='bbox 2442 5649 2563 5696; x_wconf 90' lang='lat' dir='ltr'><strong>est:</strong></span> <span class='ocrx_word' id='word_1_901' title='bbox 2596 5643 2737 5712; x_wconf 92' lang='lat' dir='ltr'><strong>quod</strong></span> <span class='ocrx_word' id='word_1_902' title='bbox 2778 5646 2831 5698; x_wconf 89' lang='lat' dir='ltr'><strong>in</strong></span> <span class='ocrx_word' id='word_1_903' title='bbox 2866 5645 3104 5703; x_wconf 87' lang='lat' dir='ltr'><strong>Levitico</strong></span> <span class='ocrx_word' id='word_1_904' title='bbox 3151 5648 3224 5702; x_wconf 90' lang='lat' dir='ltr'><strong>ita</strong></span> <span class='ocrx_word' id='word_1_905' title='bbox 3267 5649 3544 5718; x_wconf 90' lang='lat' dir='ltr'><strong>probatur.</strong></span> <span class='ocrx_word' id='word_1_906' title='bbox 3588 5648 3753 5702; x_wconf 79' lang='lat' dir='ltr'><strong>Com—</strong></span> 
     </span>
    </p>
   </div>
   <div class='ocr_carea' id='block_1_117' title="bbox 2174 5734 3756 5815">
    <p class='ocr_par' dir='ltr' id='par_1_117' title="bbox 2174 5734 3756 5815">
     <span class='ocr_line' id='line_1_117' title="bbox 2174 5734 3756 5815; baseline 0.006 -26"><span class='ocrx_word' id='word_1_907' title='bbox 2174 5734 2334 5789; x_wconf 88' lang='lat' dir='ltr'><strong>edere</strong></span> <span class='ocrx_word' id='word_1_908' title='bbox 2356 5745 2441 5790; x_wconf 90' lang='lat' dir='ltr'><strong>est</strong></span> <span class='ocrx_word' id='word_1_909' title='bbox 2459 5736 2638 5790; x_wconf 84' lang='lat' dir='ltr'><strong>divina</strong></span> <span class='ocrx_word' id='word_1_910' title='bbox 2659 5739 2818 5792; x_wconf 87' lang='lat' dir='ltr'><strong>verba</strong></span> <span class='ocrx_word' id='word_1_911' title='bbox 2837 5741 3192 5810; x_wconf 86' lang='lat' dir='ltr'><strong>spiritualiter</strong></span> <span class='ocrx_word' id='word_1_912' title='bbox 3216 5758 3456 5808; x_wconf 82' lang='lat' dir='ltr'><strong>sumere,</strong></span> <span class='ocrx_word' id='word_1_913' title='bbox 3478 5751 3535 5798; x_wconf 91' lang='lat' dir='ltr'><strong>et</strong></span> <span class='ocrx_word' id='word_1_914' title='bbox 3555 5758 3756 5815; x_wconf 85' lang='lat' dir='ltr'><strong>panem</strong></span> 
     </span>
    </p>
   </div>
  </div>
