4038 6324
330 407 438 468 595
1253 423 1339 478 DE
1381 423 1725 480 UNIVERSO
1764 426 1940 482 LIBRI
1976 428 2138 483 XXII.
2165 460 2237 473 --
2272 430 2398 486 LIB.
2441 433 2607 490 XXII.
3464 441 3570 498 594

331 521 725 624 illum,_qui_de
751 532 889 586 caelo
913 531 1206 598 descendit,
1240 534 1394 589 avide
1424 534 1708 590 delectare.
1747 533 1900 590 Unde
1926 545 1979 603 Α
2003 549 2252 594 narratur
2276 538 2426 614 (Gen.
2459 543 2634 617 xvm),
2662 547 2806 617 quod
2830 535 2954 605 cum
2975 552 3186 608 caeteris
3204 552 3449 624 dapibus,
3471 556 3574 615 hoc

330 615 387 717 in
411 615 586 717 locis
614 620 685 717 Et
723 625 998 717 comedetis
1026 635 1304 693 vescentes,
1344 635 1390 679 et
1411 626 1813 717 saturabimini,
1848 637 1897 682 et
1999 641 2104 697 est,
2129 634 2297 690 vitulo
2337 644 2392 690 et
2427 615 2602 703 lacte,
2627 615 2800 710 ipsum
2828 643 3079 715 butyrum
3119 645 3174 701 in
3211 615 3447 717 prandio.
3468 651 3574 706 Do-

329 705 919 810 laudabiti-s-Dominum
947 715 1118 810 Deum
1155 726 1376 810 vestrum
1396 715 1555 810 (Joel.
1570 715 1666 810 ιι).
1706 717 1899 810 Fames
1997 721 2145 810 mino
2162 723 2370 780 obtulit.
2400 727 2530 782 Item
2551 705 3030 810 but-yrum‘fructus
3063 705 3339 804 Ecclesiae,
3365 705 3575 810 quaso!

331 812 544 873 egestas
565 803 706 871 ﬁdei,
735 813 792 862 et
809 808 1104 879 assumptio
1126 808 1275 863 verbi
1301 807 1467 862 divini
1493 808 1545 862 in
1569 807 1856 879 Evangelio
1880 825 1894 862 :

331 895 503 952 Facta
540 907 613 953 est
650 899 816 968 fames
853 901 1027 957 valida
1068 903 1123 957 in
1157 903 1363 974 regione
1393 901 1506 968 illa,
1528 911 1576 956 et
1610 902 1716 972 ipse
1753 901 1899 972 ccepit

331 1004 478 1058 egere
499 986 648 1060 (Luc.
669 991 782 1062 xv).
807 992 949 1048 Et.in
965 993 1136 1048 Isaia:
1161 990 1443 1063 Propterea
1466 992 1695 1062 captivus
1715 992 1900 1046 ductus

277 1073 284 1076 ’
330 1088 402 1132 est
418 1079 640 1150 populus
662 1099 828 1149 meus,
848 1083 970 1154 quia
990 1101 1092 1138 non
1118 1083 1297 1137 habuit
1323 1083 1610 1148 scientiam,
1633 1091 1680 1136 et
1707 1080 1901 1136 nobiles

328 1167 440 1236 ejus
458 1170 764 1227 interierunt
785 1173 925 1242 fame
951 1172 1084 1246 (Isa.
1117 1172 1192 1246 v).
1225 1174 1292 1227 Et
1315 1175 1366 1228 in
1392 1174 1593 1227 Amos:
1627 1172 1761 1227 Ecce
1793 1173 1902 1227 dies

329 1259 551 1326 ueniunt,
581 1260 706 1314 dicit
730 1261 1008 1327 Dominus,
1040 1273 1088 1316 et
1125 1263 1356 1316 emittam
1386 1263 1575 1331 famem
1611 1263 1664 1316 in
1685 1259 1900 1327 terram,

328 1363 432 1400 non
475 1349 666 1417 famem
696 1353 879 1421 panis,
919 1370 1078 1423 neque
1115 1354 1255 1407 sitim
1301 1370 1483 1424 aqua},
1524 1353 1614 1407 sed
1654 1353 1902 1407 audiendi

328 1435 535 1490 verbum
571 1437 670 1492 Dei
708 1439 884 1512 (Amos
920 1441 1061 1514 VIII).
1093 1442 1161 1496 Et
1190 1443 1243 1496 in
1280 1442 1524 1512 psalmo:
1564 1441 1632 1495 Ut
1659 1443 1844 1512 eripiat
1869 1459 1903 1494 a

327 1539 490 1583 morte
510 1532 713 1586 animas
734 1549 934 1599 eorum,
969 1543 1017 1588 et
1039 1534 1146 1588 alat
1169 1552 1254 1588 eos
1277 1536 1331 1588 in
1355 1534 1494 1602 fame
1511 1531 1680 1604 (Psal.
1706 1532 1898 1604 xxxii).

326 1618 402 1674 De
421 1621 523 1676 hac
550 1621 692 1678 fame
711 1625 858 1679 verbi
884 1625 977 1681 Dei
1009 1641 1107 1697 pro
1140 1627 1256 1680 viro
1275 1624 1423 1693 justo
1451 1626 1506 1679 in
1538 1623 1744 1694 psalmo
1766 1623 1901 1678 dici-

327 1716 414 1762 tur
439 1727 451 1762 :
482 1709 676 1765 Iunior
695 1713 773 1782 [ui
794 1723 842 1766 et
861 1715 1026 1779 senui,
1053 1725 1099 1767 et
1121 1731 1224 1768 non
1246 1713 1348 1768 vidi
1358 1714 1560 1783 justum
1577 1711 1900 1777 derelictum,

326 1817 416 1855 nec
438 1818 609 1856 semen
643 1805 756 1873 ejus
781 1823 932 1875 egens
965 1824 1097 1876 pane
1119 1805 1303 1879 '(Psal.
1335 1807 1543 1879 xxxvr).
1577 1805 1643 1859 Et
1670 1805 1722 1858 in
1749 1803 1901 1859 Salo-

323 1906 482 1946 mone
524 1911 536 1946 2

323 1978 505 2053 (Prov.
533 1984 612 2054 ιι).
649 1983 779 2041 Sitis
806 1987 928 2052 hoc,
969 1989 1110 2058 quod
1140 1997 1197 2044 et
1226 1990 1491 2060 superius,
1531 1989 1752 2044 ariditas
1782 2003 1900 2043 cor-

278 2073 280 2076 ’
322 2072 430 2139 dis,
456 2075 548 2129 ubi
577 2091 683 2132 non
713 2087 796 2132 est
819 2079 1040 2133 verbum
1064 2080 1294 2135 Domini.
1328 2081 1384 2135 In
1415 2080 1552 2134 Isaia
1577 2098 1591 2134 :
1617 2074 1900 2134 Multitudo

272 2220 274 2222 ,
321 2181 498 2220 eorum
534 2168 620 2221 siti
652 2171 820 2223 caruit
852 2169 1101 2242 [exaruit]
1143 2170 1298 2243 (Isai.
1340 2171 1416 2243 v).
1442 2171 1505 2226 Et
1529 2172 1585 2225 in
1617 2169 1847 2225 Jeremia
1884 2188 1897 2224 :

324 2250 553 2310 Prohibe
577 2258 755 2326 pedem
786 2268 933 2312 tuum
959 2277 991 2312 a
1018 2260 1269 2324 nuditate,
1304 2271 1352 2314 et
1381 2269 1560 2329 guttur
1587 2269 1733 2314 tuum
1760 2278 1792 2313 a
1817 2259 1902 2314 siti

323 2341 543 2416 (Jerem.
571 2345 651 2418 ιι).
682 2347 748 2401 Ει
775 2349 830 2402 in
854 2347 1049 2404 bonam
1072 2359 1282 2418 partem
1318 2367 1330 2402 :
1363 2349 1512 2403 Beati
1542 2350 1631 2419 qui
1669 2350 1903 2403 esuriant

321 2443 368 2487 et
389 2436 571 2490 sitiunt
584 2437 854 2506 justitiam
885 2437 1099 2511 (Matth.
1123 2439 1201 2514 v).
1235 2438 1344 2495 Lac
1375 2455 1405 2494 a
1428 2439 1616 2495 Graeco
1653 2452 1904 2496 sermone

321 2521 619 2579 derivatum
645 2535 728 2581 est
750 2543 845 2598 pro
872 2530 1123 2586 candore.
1147 2529 1321 2586 Graeci
1341 2531 1485 2585 enim
1508 2530 1685 2586 album
1715 2530 1903 2586 leucon

321 2613 526 2682 dicunt,
552 2617 636 2673 Iac
660 2634 789 2674 vero
813 2628 867 2675 et
887 2622 1104 2690 sanguis
1125 2623 1266 2692 quod
1287 2623 1456 2676 nutrit
1482 2632 1538 2677 et
1564 2623 1709 2692 quod
1735 2621 1906 2676 nutri-

322 2713 426 2759 tur.
452 2705 585 2762 Nam
609 2709 746 2765 lacte
775 2713 1045 2767 nutrimur
1065 2754 1082 2779 ,
1112 2714 1343 2768 vivimus
1376 2715 1654 2785 sanguine.
1688 2715 1866 2771 Ubera
1885 2754 1903 2782 ,

319 2795 462 2851 unde
484 2796 565 2854 lac
593 2802 854 2869 procedit,
893 2811 1124 2872 quatuor
1157 2805 1567 2873 Evangeliorum
1607 2805 1906 2861 doctrinam

321 2887 643 2957 significant.
663 2890 817 2948 Unde
839 2893 894 2947 in
914 2893 1135 2950 Cantico
1155 2897 1488 2952 canticorum
1510 2897 1768 2966 scriptum
1786 2905 1902 2952 est:

321 2977 542 3035 Meliora
561 2993 682 3038 sunt
704 2985 860 3039 ubera
878 2996 968 3040 tua
989 2989 1105 3041 vino
1129 2987 1303 3060 (Cant.
1323 2989 1418 3060 ιν).
1441 2988 1546 3044 Lac
1566 3004 1778 3058 quoque
1798 2988 1908 3058 pri-

319 3087 410 3127 sca
429 3072 517 3128 lex
538 3090 638 3145 per
659 3075 875 3148 Moysen
894 3079 1102 3148 prolata
1125 3080 1468 3150 intelligitur;
1494 3082 1634 3136 unde
1650 3081 1910 3152 praedica-

320 3165 528 3221 toribus
543 3166 676 3222 Novi
705 3169 1034 3226 Testamenti
1062 3173 1116 3227 in
1146 3172 1341 3230 Genesi
1369 3175 1566 3230 dicitur
1592 3191 1606 3229 :
1631 3173 1910 3230 Pulchrio-

1996 809 2194 869 Judaais
2220 817 2478 885 credidit;
2513 819 2654 876 unde
2682 821 2735 876 in
2763 809 2902 879 Isaia
2927 825 2994 880 de
3017 825 3244 883 Domino
3271 809 3572 899 scriptum:

1997 902 2255 976 Butyrum
2275 919 2323 963 et
2350 911 2450 965 mel
2477 914 2812 970 manducabit
2843 914 2976 988 (Isa.
3006 918 3126 992 vn).
3163 917 3410 975 Pascitur
3428 921 3576 976 enim

2001 994 2246 1052 Salvator
2268 1009 2453 1056 noster
2477 1003 2689 1074 butyro,
2726 1006 2830 1062 hoc
2861 1017 2967 1074 est,
3000 1008 3106 1064 ﬁde
3129 1011 3463 1066 credentium
3484 1009 3577 1065 Ju-

2000 1084 2259 1153 daeorum,
2286 1098 2340 1143 et
2369 1090 2546 1157 melle,
2581 1093 2683 1148 hoc
2708 1105 2810 1160 est,
2855 1097 3139 1154 dulcedine
3179 1099 3483 1156 dilectionis
3510 1100 3576 1155 ﬁ-

2001 1174 2198 1231 delium
2238 1193 2304 1233 ex
2349 1181 2617 1251 gentibus.
2665 1183 2766 1240 Mel
2800 1185 3002 1244 Graeca)
3049 1190 3422 1260 appellationis
3458 1199 3580 1261 est,

2002 1267 2144 1334 quod
2179 1269 2246 1323 ab
2280 1272 2470 1340 apibus
2505 1289 2698 1330 nomen
2735 1277 2936 1332 habere
2972 1281 3249 1348 probatur.
3294 1281 3430 1338 Nam
3460 1282 3579 1354 apis

2002 1357 2187 1414 Graece
2211 1362 2424 1418 melissa
2450 1365 2662 1420 dicitur.
2709 1362 2880 1423 Atﬂea
2910 1379 3090 1426 autem
3126 1373 3286 1428 mella
3321 1383 3476 1430 erant
3510 1376 3578 1431 de

2003 1465 2160 1514 rore,
2205 1452 2721 1528 inveniebanturque
2757 1460 2814 1516 in
2845 1463 3166 1519 arundinum
3199 1466 3343 1522 foliis
3386 1485 3400 1522 :
3438 1469 3579 1524 unde

2003 1549 2060 1595 et
2085 1540 2339 1612 Virgilius
2373 1564 2386 1598 :

2192 1633 2420 1685 Protinus
2443 1640 2579 1688 aerei
2605 1640 2764 1692 mellis
2781 1643 3001 1697 caelestia
3023 1648 3165 1698 dona.

2007 1712 2280 1783 Siquidem
2304 1719 2581 1790 hucusque
2605 1723 2658 1778 in
2680 1724 2826 1780 India
2847 1737 2901 1782 et
2919 1728 3116 1785 Arabia
3145 1731 3454 1801 colligatum
3484 1751 3575 1792 re—

2005 1806 2214 1872 peritur
2242 1810 2407 1864 ramis
2444 1812 2711 1870 inhmrens
2749 1817 2802 1870 in
2839 1819 3241 1877 similitudinem
3285 1825 3431 1879 salis.
3476 1824 3578 1881 Mel

592 1891 713 1985 Non
759 1897 953 1951 occidet
999 1897 1254 1952 Dominus
1298 1898 1438 1967 fame
1491 1898 1721 1951 animam
1765 1898 1902 1967 justi
1931 1894 1978 1951 B
2005 1909 2216 1964 quoque
2253 1900 2480 1970 mystice
2519 1904 2785 1974 signiﬁcat
2818 1909 3153 1967 dulcedinem
3187 1926 3578 1985 praeceptorum

2002 1985 2120 2050 Dei,
2150 1987 2290 2043 unde
2333 1989 2602 2062 Propheta
2645 1997 2776 2070 dicit
2816 1999 2869 2054 in
2907 2001 3113 2070 psalmo
3148 2020 3162 2058 :
3202 2003 3374 2069 Quam
3399 2005 3581 2061 dulcia

2000 2077 2239 2148 faucibus
2260 2085 2384 2140 meis
2407 2086 2611 2158 eloquia
2633 2100 2747 2157 tua,
2780 2093 3015 2162 Domine,
3037 2115 3192 2168 super
3215 2100 3314 2154 mel
3333 2111 3380 2155 et
3400 2101 3579 2168 favum

2001 2170 2082 2222 ori
2120 2173 2268 2226 meo!
2297 2173 2470 2244 (Psal.
2498 2179 2706 2251 cxvm.)
2734 2180 2866 2237 Item
2899 2185 3004 2240 mel
3032 2187 3368 2244 dulcedinem
3410 2190 3581 2260 ipsius

2002 2274 2098 2328 per
2127 2259 2352 2332 ﬁguram
2382 2269 2636 2337 exprimit
2673 2268 2989 2341 Salvatoris,
3021 2276 3088 2331 de
3126 2294 3234 2348 quo
3262 2279 3316 2333 in
3359 2259 3581 2337 Cantico

2003 2350 2402 2410 Deuteronomii
2446 2358 2646 2414 dictum
2693 2371 2776 2417 est
2817 2380 2828 2414 :
2872 2361 3137 2419 Suxerunt
3175 2367 3276 2421 mel
3320 2368 3386 2422 de
3430 2379 3580 2440 petra

2003 2444 2181 2517 (Deut.
2211 2448 2417 2519 xxxn);
2457 2459 2511 2506 et
2537 2451 2822 2509 Psalmista
2854 2473 2867 2509 :
2899 2455 2975 2510 De
2999 2467 3166 2527 petra,
3195 2458 3390 2529 inquit,
3427 2459 3580 2518 melle

2002 2540 2259 2592 saturavit
2298 2556 2385 2594 eos
2413 2539 2582 2609 (Psal.
2623 2544 2806 2620 ωαχ).
2847 2546 2904 2600 In
2939 2548 3270 2603 contrariam
3298 2563 3430 2604 vero
3454 2564 3582 2620 par-

2005 2635 2112 2682 tem
2147 2629 2253 2684 mel
2288 2630 2526 2699 ponitur,
2584 2635 2674 2688 ubi
2703 2619 2927 2691 dulcedo
2965 2637 3169 2705 peccati
3198 2646 3254 2693 et
3283 2639 3391 2694 vita
3431 2619 3584 2694 volu-

2003 2727 2191 2790 ptuosa
2237 2722 2566 2794 designatur.
2595 2724 2820 2794 Propter
2847 2728 2988 2796 quod
3026 2728 3190 2782 etiam
3227 2729 3283 2782 in
3314 2728 3582 2784 sacriﬁcio

2006 2811 2100 2866 Dei
2125 2828 2223 2882 per
2253 2813 2422 2883 legem
2442 2816 2766 2886 prohibitum
2792 2827 2875 2872 est
2894 2818 3097 2874 olferri.
3129 2819 3303 2875 Favus
3332 2829 3578 2888 vocatur,

2005 2903 2129 2972 quia
2170 2905 2470 2960 comeditur
2501 2907 2672 2978 magis
2703 2925 2861 2978 quam
2891 2909 3112 2964 bibitur.
3155 2909 3397 2981 Phagein
3434 2911 3579 2966 enim

2005 2994 2482 3055 Graeci'comedere
2517 3001 2802 3070 appellant.
2840 3001 3016 3057 Favus
3053 3003 3196 3058 enim
3225 3001 3400 3058 mellis
3424 3000 3583 3072 juxta

2007 3090 2317 3162 allegoriam
2348 3107 2475 3147 caro
2507 3102 2590 3148 est
2620 3092 2933 3159 Salvatoris,
2972 3093 3271 3150 divinitatis
3299 3093 3581 3149 dulcedine

2008 3182 2187 3252 plena,
2214 3191 2274 3237 ut
2310 3183 2365 3237 in
2390 3183 2681 3256 Evangelio
2713 3203 2725 3238 :
2763 3185 2831 3238 Et
2856 3194 3160 3255 posuerunt,
3184 3184 3381 3254 inquit,
3403 3200 3583 3238 coram

320 3271 399 3311 res
420 3268 539 3312 sunt
553 3260 691 3314 oculi
704 3262 819 3346 ejus
833 3263 968 3328 vino,
989 3273 1034 3319 et
1058 3264 1234 3319 dentes
1255 3264 1389 3320 lacte
1408 3266 1736 3320 candidiores
1751 3263 1902 3335 (Gen.
1933 3260 1977 3323 C
2007 3289 2066 3327 eo
2107 3281 2308 3342 partem
2343 3274 2500 3343 piscis
2539 3275 2667 3340 assi,
2710 3283 2757 3328 et
2788 3274 2962 3343 [avum
3004 3274 3172 3329 mellis
3215 3272 3365 3346 (Luc.
3405 3272 3580 3344 xxrv).

319 3346 488 3419 χιιι).
507 3348 636 3403 Item
658 3343 742 3406 Iac
763 3352 1062 3423 simplicem
1086 3355 1382 3414 doctrinam
1411 3349 1676 3428 signiﬁcat
1697 3357 1750 3410 in
1762 3357 1904 3426 Apo-

320 3438 457 3493 stolo
475 3480 490 3504 ,
515 3439 604 3494 ubi
631 3441 826 3496 dicitur
856 3456 871 3495 :
901 3442 1168 3514 Tanquam
1201 3445 1431 3515 parvulis
1463 3447 1520 3500 in
1547 3445 1750 3500 Christo
1768 3487 1783 3511 ,
1823 3445 1906 3500 lac

320 3528 458 3582 vobis
488 3540 668 3599 potum
694 3531 846 3598 dedi,
868 3549 972 3587 non
995 3550 1167 3588 escam
1195 3549 1214 3588 :
1238 3536 1468 3589 nondum
1501 3537 1637 3590 enim
1657 3536 1904 3606 poteratis

272 3627 276 3635 ‘
322 3619 370 3691 (ι
416 3619 538 3675 Cor.
572 3621 674 3695 ιιι).
705 3623 804 3678 Hie
844 3623 930 3678 lac
957 3640 1148 3680 sensus
1173 3627 1457 3696 accipitur,
1507 3628 1560 3682 id
1601 3635 1704 3693 est,
1750 3627 1906 3682 intel-

319 3711 493 3765 lectus
517 3727 736 3781 parvus.
773 3713 909 3770 Hine
943 3726 998 3770 et
1029 3717 1084 3771 in
1120 3718 1259 3772 Isaia
1292 3720 1550 3789 scriptum
1583 3729 1666 3774 est
1700 3719 1767 3774 de
1804 3720 1906 3774 Ec-

318 3802 489 3857 clesia
513 3803 749 3874 gentium
777 3823 789 3858 :
825 3804 1068 3860 Mamilia
1108 3824 1285 3876 regum
1318 3807 1592 3861 laetaberis
1628 3807 1764 3881 (Isa.
1788 3809 1902 3882 1.x),

320 3893 426 3948 hoc
449 3901 550 3959 est,
578 3895 961 3965 praedicatione
988 3906 1297 3953 sanctorum
1320 3899 1600 3953 doctorum
1625 3899 1900 3953 nutrieris.

320 3982 456 4038 IIem
503 3985 587 4041 lac
617 3986 990 4044 sinceritatem
1031 3989 1232 4045 mentis
1278 3988 1544 4058 signiﬁcat
1582 3989 1636 4044 in
1662 3988 1903 4058 Epistola

321 4077 596 4146 Petri,ubi
635 4081 767 4138 dicit
805 4096 820 4137 :
862 4081 1214 4138 Rationabiles
1250 4083 1361 4138 sine
1394 4081 1516 4136 dolo
1546 4081 1628 4135 lac
1658 4081 1904 4150 concupi-

272 4240 276 4246 '
321 4173 467 4238 scite,
509 4183 564 4227 ut
590 4174 645 4227 in
681 4191 741 4228 eo
785 4175 1024 4230 crescatis
1053 4176 1108 4229 in
1136 4174 1356 4228 salutem
1404 4173 1456 4245 (Ι
1491 4171 1608 4227 Pet.
1647 4171 1739 4244 u);
1776 4187 1902 4226 nam

323 4271 379 4317 et
401 4262 528 4319 alibi
561 4266 822 4335 scriptum
847 4274 929 4320 est
961 4285 974 4320 :
1003 4265 1132 4331 Quis
1161 4267 1328 4337 pascit
1357 4281 1580 4336 gregem,
1604 4274 1651 4318 et
1682 4264 1747 4318 de
1768 4263 1903 4318 lacte

321 4355 489 4424 gregis
516 4371 622 4409 non
660 4356 919 4410 comedit?
946 4356 997 4429 (1
1020 4355 1142 4410 Cor.
1174 4356 1275 4428 ιιι.)
1315 4355 1598 4422 Quactum,
1623 4354 1778 4424 quasi
1807 4367 1902 4408 co-

325 4453 524 4509 actum,
555 4444 610 4498 id
641 4452 743 4512 est,
769 4445 924 4514 quasi
966 4445 1324 4515 coagulatum.
1360 4445 1596 4513 Accepta
1634 4444 1776 4498 enim
1812 4459 1900 4500 se-

324 4551 446 4590 cum
485 4537 588 4591 alia
631 4539 810 4608 specie
845 4538 1175 4620 coagulatum
1215 4536 1567 4607 Coagulatum
1589 4544 1646 4592 et
1678 4536 1732 4589 in
1761 4537 1902 4590 bono

2007 3359 2138 3415 Item
2177 3360 2332 3417 favus
2363 3360 2641 3433 Scriptura
2665 3372 2748 3418 cst
2776 3363 2954 3418 divina
2997 3363 3154 3418 melle
3177 3362 3472 3434 spiritualis
3495 3378 3588 3418 sa-

2005 3453 2223 3522 pientiae
2263 3453 2489 3521 repleta,
2514 3454 2650 3506 utin
2675 3453 2911 3508 Canticis
2938 3453 3273 3509 canticorum
3297 3469 3310 3507 :
3344 3449 3582 3517 Comedi,

2005 3544 2201 3613 inquit,
2253 3546 2429 3615 {avum
2473 3562 2590 3599 cum
2628 3545 2776 3601 melle
2816 3563 2929 3600 meo
2959 3545 3135 3618 (Cant.
3161 3543 3237 3618 v).
3270 3544 3328 3600 In
3361 3552 3580 3600 contra-

2006 3634 2144 3687 riam
2176 3649 2308 3688 vero
2346 3643 2554 3704 partem
2594 3634 2745 3690 favus
2771 3645 2855 3692 est
2899 3636 3139 3704 positus,
3169 3634 3261 3690 ubi
3301 3634 3583 3689 haeretico-

2005 3739 2124 3778 rum
2168 3723 2541 3779 illecebrosam
2582 3725 2952 3797 deceptionem
2987 3725 3293 3797 signiﬁcat;
3339 3724 3481 3778 unde
3523 3724 3580 3778 in

2003 3817 2312 3873 Proverbiis
2340 3819 2536 3889 legitur
2567 3837 2581 3872 :
2614 3817 2792 3874 Favus
2821 3817 3084 3872 distillans
3114 3818 3256 3873 labia
3292 3817 3582 3872 meretricis

2005 3907 2188 3979 (Prov.
2216 3907 2292 3978 v).
2319 3908 2484 3962 Aiunt
2517 3909 2732 3974 medici,
2760 3917 2815 3963 et
2841 3909 2934 3978 qui
2964 3909 3029 3963 de
3069 3909 3426 3963 humanorum
3457 3921 3581 3960 cor-

2002 4014 2191 4068 porum
2237 3999 2504 4068 scripsere
2547 3999 2786 4064 naturis,
2833 3999 3206 4067 praecipueque
3247 3996 3482 4052 Galenus
3526 3995 3581 4050 in

2001 4088 2155 4144 libris
2193 4104 2423 4157 quorum
2469 4087 2652 4143 titulus
2691 4097 2775 4143 est
2816 4087 2938 4143 Peri
2985 4088 3157 4159 ugias,
3197 4101 3488 4158 puerorum
3523 4095 3579 4140 et

1995 4178 2253 4250 juvenum
2291 4193 2356 4234 ac
2399 4175 2655 4247 perfectae
2692 4178 2866 4232 aetatis
2905 4177 3144 4232 virorum
3188 4174 3580 4244 mulierumque

2000 4287 2227 4341 corpora
2274 4271 2436 4326 insito
2478 4271 2658 4325 c’alore
2707 4269 2945 4335 fervere,
2994 4279 3050 4325 et
3102 4269 3294 4326 noxios
3331 4283 3454 4324 esse
3495 4267 3583 4323 bis

2001 4363 2246 4418 aetatibus
2265 4363 2434 4428 cibos,
2457 4362 2549 4430 qui
2571 4361 2806 4416 calorem
2827 4370 3078 4431 augeant,
3101 4360 3428 4430 sanitatique
3451 4374 3581 4415 con-

2002 4453 2195 4507 ducere
2220 4450 2433 4522 frigida,
2465 4459 2690 4520 quisque
2722 4449 2774 4503 in
2803 4465 2961 4505 usum
2986 4464 3223 4514 sumere,
3252 4448 3392 4504 sicut
3416 4463 3580 4504 econ-

2005 4544 2172 4598 trario
2197 4543 2434 4608 senibus,
2463 4543 2555 4613 qui
2575 4541 2768 4610 pituita
2786 4541 3031 4596 laborent
3049 4548 3106 4596 et
3129 4540 3350 4611 frigore,
3379 4538 3584 4602 calidos

322 4638 380 4684 et
413 4630 474 4683 in
524 4631 664 4685 malo
706 4633 942 4702 ponitur.
974 4610 1047 4685 In.
1083 4630 1226 4686 bono
1275 4631 1414 4685 sicut
1462 4630 1516 4683 in
1563 4629 1904 4699 sexagesimo
1927 4604 1979 4664 D
2005 4639 2155 4694 cibos
2174 4646 2230 4692 et
2255 4637 2380 4692 vina
2409 4643 2594 4691 vetera
2620 4635 2901 4704 prodesse.

323 4721 552 4791 septimo
579 4722 787 4792 psalmo
817 4723 1018 4778 dictum
1047 4730 1130 4778 est
1158 4741 1170 4776 :
1209 4721 1361 4776 Mons
1391 4720 1718 4792 coagulatus,
1752 4737 1901 4775 mons

324 4815 527 4884 pinguis
548 4813 720 4887 (Psal.
743 4815 931 4888 ιιινιι).
961 4815 1309 4886 Coagulatum
1337 4809 1657 4869 charitatem
1678 4829 1904 4869 concre-

327 4914 434 4960 tam
475 4906 764 4978 signiﬁcat.
797 4907 947 4961 Mons
967 4906 1111 4961 enim
1136 4908 1271 4960 uber
1294 4912 1378 4960 est
1410 4903 1657 4959 Christus
1679 4903 1763 4958 vel
1801 4903 1903 4958 Ec-

327 4998 508 5053 clesia.
545 4997 604 5052 In
649 4999 845 5053 malam
887 5014 1016 5054 vero
1059 5007 1289 5068 partem,
1339 4997 1430 5052 ubi
1471 4995 1727 5066 scriptum
1761 5003 1846 5050 est
1883 5011 1898 5048 :

327 5087 671 5161 Coagulatum
709 5101 784 5145 est
819 5093 951 5145 sicut
993 5089 1075 5144 lac
1114 5106 1205 5143 cor
1244 5106 1422 5144 eorum
1467 5086 1651 5161 (Psal.
1689 5085 1897 5158 cxvm),

324 5181 467 5251 quod
505 5181 772 5253 signiﬁcat
794 5183 939 5238 vitiis
967 5191 1299 5238 concretum.
1338 5181 1540 5236 Caseus
1569 5195 1760 5236 sensus
1797 5179 1903 5250 spi-

327 5272 500 5327 ritalis
527 5271 608 5343 (ut
637 5274 854 5342 quidam
881 5271 1086 5344 volunt)
1117 5272 1257 5327 sicut
1302 5271 1356 5324 in
1386 5269 1538 5324 libris
1566 5269 1774 5338 Regum
1806 5284 1902 5339 pro

285 5431 295 5437 4
326 5362 496 5419 David
531 5365 783 5420 scribitur
823 5383 835 5418 :
875 5364 1020 5418 Dixit
1057 5365 1105 5418 ei
1136 5373 1283 5434 pater
1325 5380 1452 5417 suus
1500 5379 1512 5386 ·
1551 5362 1739 5434 Accipe
1785 5361 1902 5432 eplti

322 5454 568 5526 polentae,
597 5455 652 5510 id
691 5463 796 5521 est,
829 5455 989 5508 trium
1021 5454 1321 5508 modiorum
1351 5467 1679 5517 mensuram,
1719 5459 1767 5504 et
1807 5450 1900 5504 de-

325 5563 435 5600 cent
459 5546 726 5616 formellas
755 5549 912 5612 casei,
937 5556 983 5601 et
1014 5546 1093 5616 fer
1113 5546 1319 5599 tribuno
1342 5545 1391 5617 (Ι
1416 5544 1544 5615 Reg.
1569 5542 1701 5617 xvu)
1722 5560 1736 5609 ;
1760 5543 1904 5612 quod

325 5645 472 5692 tenet
520 5636 708 5692 decem
757 5647 1145 5705 praeceptorum
1183 5635 1316 5703 legis
1368 5634 1592 5705 ﬁguram
1639 5648 1761 5688 cum
1801 5631 1905 5686 ﬁde

325 5739 526 5786 sanctae
573 5731 870 5786 Trinitatis.
922 5731 1179 5800 Butyrum
1235 5729 1576 5799 evangelicus
1637 5744 1815 5784 sermo
1873 5742 1904 5781 a

327 5822 466 5880 lacte
513 5825 648 5896 legis
690 5824 960 5888 seductus,
1003 5823 1144 5880 sicut
1187 5819 1241 5874 in
1283 5817 1481 5877 Genesi
1521 5822 1588 5878 de
1627 5821 1903 5878 Abraham

2627 4733 2855 4791 CAPUT
2893 4734 2958 4788 II.

2671 4805 2748 4858 De
2773 4815 2916 4874 potu.

2073 4899 2228 4955 Potio
2261 4915 2292 4954 a
2326 4897 2515 4955 Graeca
2545 4898 2879 4953 derivatione
2907 4907 3129 4962 vocata;
3165 4896 3306 4950 hanc
3329 4894 3474 4950 enim
3505 4894 3582 4951 illi

2001 4999 2164 5058 poton
2185 4989 2390 5044 dicunt.
2417 4988 2570 5056 Aqua
2600 4973 2925 5058 generaliter
2952 4992 3142 5040 vocata
3180 4984 3323 5054 quod
3349 4983 3579 5054 superﬁ-

2007 5079 2118 5136 cies
2141 5078 2256 5148 ejus
2279 5077 2500 5148 aequalis
2528 5077 2618 5132 sit.
2652 5076 2789 5132 Hinc
2807 5085 2861 5130 et
2888 5089 3126 5144 mquora,
3153 5089 3315 5144 quam
3342 5075 3468 5131 inde
3496 5090 3583 5130 re-

2006 5182 2217 5228 centem
2231 5172 2478 5236 dicimus,
2501 5170 2628 5239 quia
2643 5184 2750 5223 non
2770 5166 3009 5224 estutilis
3025 5173 3254 5232 vetusta,
3275 5173 3336 5220 ut
3357 5164 3540 5219 vinum
3564 5178 3582 5219 :

2007 5265 2102 5320 sed
2128 5264 2312 5319 statim
2355 5262 2564 5318 sublata
2591 5262 2657 5316 de
2693 5259 2929 5324 ﬂumine,
2959 5255 3107 5312 fonte
3128 5256 3214 5313 vel
3257 5264 3437 5327 puteo.
3481 5255 3582 5311 Fe-

2011 5355 2168 5410 tescit
2189 5354 2330 5410 enim
2357 5361 2590 5407 vetusta.
2633 5349 2970 5419 Aqua,enim
3005 5345 3268 5402 naturalis
3300 5354 3385 5402 est
3423 5353 3582 5416 potus

2008 5456 2062 5500 et
2087 5445 2408 5516 generaliter
2429 5442 2677 5498 omnibus
2701 5440 3002 5496 communis
3029 5456 3042 5493 :
3071 5438 3214 5494 unde
3236 5445 3292 5493 et
3316 5435 3584 5491 salubrior

2001 5539 2232 5594 caeteris.
2263 5537 2426 5591 Potus
2451 5550 2580 5589 vero
2607 5533 2891 5602 aliquando
2917 5529 3183 5603 signiﬁcat
3205 5529 3434 5601 gratiam
3460 5525 3584 5597 Spi-

2002 5630 2139 5683 ritus
2173 5628 2366 5692 sancti,
2411 5634 2470 5681 nt
2504 5626 2559 5680 in
2599 5624 2806 5694 psalmo
2848 5642 2860 5677 :
2898 5622 3168 5687 Torrente,
3205 5619 3403 5690 inquit,
3436 5616 3583 5674 volu-

2001 5724 2156 5795 ptatis
2195 5732 2299 5776 luce
2327 5720 2527 5792 potabis
2568 5736 2654 5774 eos
2698 5716 2870 5790 (Psal.
2917 5715 3103 5788 xxxv).
3149 5715 3282 5770 Item
3323 5713 3378 5768 in
3417 5709 3582 5765 aliam

2003 5826 2212 5888 partem
2246 5833 2258 5870 :
2295 5813 2417 5869 Non
2454 5821 2552 5882 est,
2587 5811 2782 5882 inquit,
2819 5824 3030 5880 regnum
3064 5805 3162 5860 Dei
3197 5820 3316 5860 esca
3346 5809 3398 5860 et
3423 5808 3580 5873 potus
