4038 6324
481 330 587 391 595

1155 336 1215 390 Β.
1260 336 1508 391 RABANI
1550 336 1766 393 MAURI
1800 336 2117 391 ARCHIEP.
2157 336 2464 393 MOGUNT.
2505 334 2788 393 OPERUM
2826 335 3007 393 PARS
3042 333 3109 391 ll.

3622 333 3733 395 596

482 434 661 510 (Rom.
708 446 840 517 xiv).
886 446 1077 512 Yinum
1128 449 1326 503 dictum
1364 449 1506 513 inde,
1558 448 1698 519 quod
1735 448 1851 518 ejus
1891 457 2049 519 potus
2075 453 2125 512 Α
2152 448 2290 523 (Act.
2321 449 2405 519 ιι).
2430 449 2582 516 Quod
2609 449 2737 505 licet
2758 448 2831 504 illi
2851 464 3018 521 pravo
3035 464 3194 505 sensu
3215 450 3553 521 interpretati
3579 458 3736 515 sunt,

476 551 646 593 uenas
668 540 928 608 magnae
958 540 1181 609 repleat.
1212 536 1322 595 Hoc
1345 541 1457 605 alii,
1490 541 1630 609 quod
1662 556 1763 595 nos
1790 554 1919 596 cura
1945 540 2053 595 scl-

450 635 593 694 wat,
618 627 808 700 lycum
847 631 1135 701 appellant.
1194 632 1419 689 Veteres
1458 632 1642 686 vinum
1670 646 1935 686 venenum
1958 645 2052 685 vo-

476 717 708 791 cabant;
744 722 1153 792 “postquam
1197 724 1472 791 inventum
1502 732 1585 778 est
1622 724 1768 780 virus
1812 722 2049 778 ietbiferi

450 809 648 880 ἰιιοῴ
692 812 799 867 hoc
836 812 1025 867 vinum
1053 822 1333 879 vocem;
1363 810 1492 868 illud
1517 829 1799 871 venenum.
1824 814 1974 869 Unde
1997 821 2051 867 et

477 899 839 975 Hieronymus
880 905 932 962 in
966 905 1127 971 libro,
1165 922 1327 976 quem
1365 906 1434 961 de
1479 907 1785 977 virginitate
1826 921 2048 961 conser-

476 992 651 1049 vanda
676 994 910 1064 accipit,
936 995 1365 1053 adolescenth
1392 998 1566 1069 inquit
1616 998 1692 1052 ita
1740 997 1925 1051 vinum
1960 997 2051 1052 de-

476 1079 606 1137 bere
629 1081 833 1153 lugere,
864 1093 925 1140 ut
962 1101 1226 1143 venenum
1271 1106 1285 1142 :
1325 1103 1392 1143 ne
1413 1104 1513 1158 pro
1543 1089 1715 1143 aetatis
1741 1088 1919 1143 calore
1942 1085 2051 1142 fer-

476 1176 624 1230 venti
654 1176 840 1232 bibant
859 1187 915 1234 et
939 1188 1179 1249 pereant.
1207 1180 1338 1237 Inde
1366 1192 1470 1244 est,
1496 1183 1636 1253 quod
1664 1183 1805 1252 apud
1842 1190 2050 1236 veteres

475 1262 749 1322 Romanos
771 1266 983 1323 fearinie
1011 1285 1116 1328 non
1152 1272 1443 1327 utebantur
1466 1274 1611 1337 vino,
1645 1273 1745 1327 nisi
1769 1287 2049 1327 sacrorum

468 1372 639 1414 causa
674 1360 841 1415 certis
860 1362 1073 1418 diebus.
1098 1346 1304 1419 Mm
1332 1366 1575 1428 dicimus,
1600 1380 1721 1420 cum
1746 1365 1928 1419 vinum
1952 1380 2052 1433 pn-

464 1461 593 1504 rmn
624 1450 1021 1522 signiﬁcamus.
1066 1453 1199 1508 Nam
1242 1470 1448 1510 merum
1498 1455 1747 1518 dicimus,
1792 1454 2052 1524 quidquid

471 1554 666 1609 purum
697 1528 855 1612 atque
892 1545 1162 1599 sincerum
1200 1555 1303 1610 est,
1347 1548 1487 1601 sicut
1520 1545 1592 1601 et'
1615 1562 1809 1616 aquam
1844 1561 2047 1601 meram

472 1630 602 1687 nulli
628 1634 710 1689 rei
750 1636 987 1690 mistam.
1021 1636 1158 1693 Hinc
1182 1645 1238 1692 et
1275 1640 1550 1703 merenda,
1580 1641 1720 1708 quod
1754 1639 2049 1707 antiquitus

466 1727 525 1779 td
556 1730 810 1799 temporis
829 1732 1012 1799 pueris
1039 1742 1096 1786 et
1123 1732 1388 1802 operariis
1422 1732 1721 1802 quibusque
1751 1732 1905 1801 panis
1929 1746 2044 1785 me-

2151 542 2419 594 veraciter
2456 547 2635 592 tamen
2678 539 2780 609 ipsi
2816 538 2994 593 divina
3025 541 3198 609 gratia
3240 548 3365 595 sunt
3412 540 3621 611 repleti,
3663 554 3741 596 ex

2150 640 2256 698 qua
2294 628 2491 684 multos
2532 628 2734 684 salubri
2776 628 3040 683 ebrietate
3073 636 3413 698 putaverunt.
3459 629 3688 693 Acetum
3714 667 3738 697 ,

2140 718 2234 772 'vel
2262 718 2390 787 quia
2426 726 2667 782 acutum,
2720 717 2803 772 vel
2837 717 2962 787 quia
2997 728 3291 788 aquatum;
3348 718 3534 773 vinum
3583 717 3741 775 enim

2151 823 2290 877 aqua
2316 808 2558 873 mistum,
2584 809 2694 863 cito
2731 808 2785 862 in
2818 808 2965 863 hunc
2989 823 3233 878 saporem
3258 809 3541 880 redigitur.
3574 807 3740 866 Unde

2146 907 2205 956 ct
2236 900 2470 965 acidum,
2511 896 2664 969 quasi
2710 900 2989 970 equitium.
3035 899 3256 972 Mystice
3294 910 3479 954 autem
3518 908 3739 957 acetum

2148 994 2441 1063 puritatem
2500 1001 2811 1063 corruptam
2867 993 3063 1048 mentis
3114 992 3439 1067 signiﬁcat,_
3472 992 3621 1049 unde
3679 993 3739 1048 in

2148 1082 2359 1154 psalmo
2389 1083 2653 1152 scriptum
2680 1090 2762 1137 est
2793 1101 2806 1136 :
2840 1080 2907 1136 Et
2938 1083 2995 1137 in
3022 1083 3112 1137 siti
3140 1091 3446 1153 putaverunt
3475 1099 3559 1135 mc
3585 1093 3739 1136 aceto

2151 1171 2327 1245 (Psal.
2354 1174 2567 1242 varrr).
2601 1173 2883 1228 Matthaaus
2909 1174 3052 1228 enim
3080 1172 3270 1239 refert,
3310 1188 3433 1227 cum
3470 1172 3740 1228 Dominus

2150 1264 2396 1331 dixisset,
2435 1264 2570 1321 Sitio
2610 1263 2823 1337 (Matth.
2861 1263 3067 1336 nm),
3106 1264 3347 1320 oblatum
3386 1263 3463 1318 illi
3504 1264 3574 1318 fel
3608 1279 3739 1319 cum

2150 1367 2305 1413 aceto
2340 1359 2659 1427 permistum
2697 1375 2710 1411 :
2764 1366 2823 1411 ut
2870 1371 3058 1411 revera
3111 1356 3391 1426 perﬁdiam
3425 1355 3737 1411 “deorum

2154 1449 2460 1505 amaritudo
2504 1450 2738 1520 potionis
2781 1449 2950 1518 ipsius
2990 1457 3045 1504 et
3104 1450 3391 1504 austeritas
3444 1449 3735 1504 indicaret.

2151 1544 2247 1599 llic
2275 1544 2417 1597 enim
2444 1542 2596 1608 dixit,
2636 1540 2810 1597 Sitio:
2839 1542 2962 1611 quia
3000 1541 3157 1596 ﬁdem
3200 1542 3253 1596 in
3299 1541 3431 1611 ipsis
3456 1541 3736 1596 desidera-

2152 1642 2265 1689 tam
2303 1649 2408 1689 non
2438 1641 2651 1704 poterat
2685 1633 2927 1687 invenire
2957 1650 2970 1686 :
2997 1631 3085 1687 isti
3114 1632 3423 1687 obtulerunt
3452 1633 3736 1687 amarissi—

2152 1743 2271 1782 mos
2310 1742 2488 1782 mores
2534 1741 2678 1793 suos,
2715 1726 2806 1798 qui
2848 1725 2991 1781 nulla
3035 1728 3446 1797 compunctione
3486 1729 3737 1783 conversi

472 1830 564 1870 rus
612 1817 869 1886 dabatur;
918 1829 1009 1873 aut
1047 1823 1189 1890 quod
1238 1821 1525 1877 meridient
1565 1835 1629 1876 eo
1672 1832 1947 1893 tempore,
1997 1823 2050 1876 id
2079 1815 2127 1874 B
2155 1826 2298 1873 sunt.
2332 1817 2463 1872 Item
2494 1818 2632 1871 aceti
2661 1815 2926 1887 asperitas
2952 1817 3149 1873 mentis
3175 1818 3448 1887 corruptio
3477 1817 3737 1890 intelligi-

468 1914 552 1958 est
583 1904 682 1961 soli
722 1921 788 1960 ac
820 1910 1113 1977 separatim
1156 1909 1337 1965 cibum
1381 1910 1689 1981 sumebant,
1722 1926 1827 1965 non
1868 1912 2051 1980 utique

472 1997 613 2051 sicut
648 1998 703 2052 in
746 2002 992 2069 prandio,
1022 2013 1115 2057 aut
1156 2004 1208 2057 in
1251 2020 1425 2071 cmna,
1466 2005 1532 2059 ad
1578 2019 1740 2058 unam
1786 2018 2045 2058 mensam.

474 2090 597 2145 inde
624 2092 894 2148 credimus
915 2096 1076 2149 etiam
1099 2096 1227 2150 illud
1251 2105 1478 2168 tempus,
1505 2097 1645 2167 quod
1666 2104 1787 2168 post
1813 2095 2047 2150 medium

473 2178 614 2239 diem
655 2189 759 2246 est,
784 2184 1070 2238 meridiem
1100 2185 1377 2255 appellari,
1410 2188 1552 2257 quod
1596 2202 1790 2256 purum
1821 2195 1922 2241 est.
1957 2185 2050 2241 Υἱ-

474 2286 598 2325 num
632 2273 778 2328 enim
821 2274 1001 2343 plures
1034 2276 1459 2346 signiﬁcationes
1504 2278 1666 2333 habet
1714 2296 1728 2332 :
1770 2278 1898 2347 quia
1946 2276 2046 2331 ali-

472 2363 1290 2439 quaudosigniﬁcatsanguinem
1312 2368 1538 2432 Christi,
1560 2378 1621 2423 ut
1640 2370 1692 2424 in
1718 2368 2041 2437 Evangelia:

470 2451 575 2517 Qui
602 2455 886 2511 mahducat
920 2474 1089 2513 meum
1118 2475 1347 2524 carnem,
1384 2468 1431 2513 et
1468 2459 1596 2513 bibit
1623 2476 1795 2514 meum
1826 2459 2046 2531 sangui-

472 2557 606 2609 nem,
635 2542 786 2598 habet
810 2546 969 2600 vitam
989 2556 1238 2603 cateruam
1260 2546 1319 2620 (,1
1323 2565 1442 2603 can.
1464 2549 1567 2621 τι).
1598 2549 1900 2619 Aliquando
1926 2563 2048 2620 gra-

470 2632 600 2687 uiam
626 2632 860 2704 Spiritus
888 2638 1080 2703 sancti,
1112 2646 1173 2693 ut
1201 2656 1213 2691 :
1248 2637 1459 2705 Vinum,
1492 2638 1585 2705 ait,
1617 2655 1804 2694 novum
1824 2640 1877 2693 in
1908 2649 2047 2695 utres

471 2736 626 2776 nosos
663 2723 800 2778 mitti
835 2724 984 2780 debet
1021 2714 1213 2796 (Marc.
1259 2727 1345 2800 ιι).
1394 2727 1696 2797 Aliquando
1743 2742 2044 2783 sermonem

471 2812 710 2868 divinum
733 2815 848 2871 sive
874 2819 1345 2888 compunctionem
1383 2820 1581 2885 cordis,
1620 2828 1679 2873 ut
1715 2820 1770 2874 in
1795 2819 2002 2890 psalmo
2027 2838 2040 2873 :

472 2899 673 2958 Potasti
708 2921 822 2970 nos,
866 2906 1061 2977 inquit,
1091 2908 1207 2961 vino
1250 2909 1657 2979 compunctionis
1692 2907 1862 2981 (Psal.
1907 2909 2041 2985 ux).

464 2991 1047 3064 Aliquandojudicium
1075 2997 1337 3065 divinum,
1360 3007 1421 3053 ut
1443 2999 1499 3054 in
1525 2999 1845 3071 Apocalypsi
1876 3017 1890 3053 :
1923 2999 2045 3069 Ipse

472 3088 690 3139 calcavit
716 3088 949 3142 torcular
974 3090 1080 3144 vini
1109 3091 1206 3145 ire
1227 3092 1422 3161 furoris
1458 3092 1666 3147 Domini
1692 3092 1877 3164 (Apoc.
1901 3090 2041 3165 nx).

2149 1917 2245 1964 tur
2274 1928 2286 1961 ε
2323 1908 2464 1962 unde
2492 1908 2544 1962 in
2578 1907 2714 1963 libro
2740 1906 3097 1962 Numerorum
3123 1905 3309 1979 (Num.
3336 1906 3412 1978 vr)
3441 1907 3736 1974 Nazarmis,

2150 1999 2242 2070 qui
2285 2015 2343 2054 se
2376 1997 2785 2053 sanctiﬁcabant
2825 1998 3074 2063 Domino,
3115 1997 3297 2052 vinum
3334 1999 3495 2053 simul
3522 2008 3577 2054 et
3605 2015 3739 2063 ace-

2149 2098 2262 2145 tum
2292 2105 2506 2145 sumere
2535 2089 2865 2164 prohibitum
2895 2098 2996 2145 est.
3024 2088 3214 2144 Sicera
3246 2099 3330 2145 est
3363 2091 3538 2146 omnis
3566 2093 3739 2163 potio,

2148 2194 2268 2255 quae
2307 2188 2459 2234 extra
2486 2180 2672 2234 vinum
2718 2180 2987 2235 inebriare
3022 2187 3218 2248 potest.
3261 2177 3425 2249 Cujus
3464 2181 3590 2247 licet
3631 2196 3738 2243 no-

2146 2285 2272 2325 men
2314 2270 2640 2327 ﬂcbraicum
2683 2272 2772 2334 sit,
2810 2280 2990 2326 tamen
3023 2270 3273 2326 Latinum
3313 2280 3469 2327 sonat
3512 2289 3613 2353 pro
3642 2288 3732 2339 eo,

2148 2362 2291 2432 quod
2312 2378 2379 2417 ex
2402 2378 2564 2417 succo
2595 2362 2851 2417 frumenti
2874 2362 2960 2418 vel
2982 2378 3265 2434 pomorum
3286 2364 3621 2431 conﬁciatur,
3646 2374 3743 2421 aut

2146 2440 2448 2524 palmarum
2486 2453 2697 2508 fructus
2728 2454 2780 2507 in
2817 2454 3081 2523 liquorem
3113 2455 3509 2524 exprimantur,
3536 2456 3737 2511 coctis-

2147 2559 2253 2614 que
2296 2544 2547 2616 frugibus
2579 2561 2717 2615 aqua
2755 2546 3026 2618 pinguior,
3067 2546 3221 2615 quasi
3256 2562 3471 2617 succus,
3504 2546 3738 2613 colatur,

2146 2642 2204 2690 et
2231 2636 2349 2705 ipsa
2370 2637 2520 2706 potio
2554 2637 2724 2691 sicera
2752 2646 3108 2707 nuncupatur.
3138 2635 3323 2691 Sicera
3353 2644 3531 2691 autem
3563 2637 3742 2692 ebrie-

2126 2730 2316 2779 tatem
2364 2724 2653 2796 signiﬁcat,
2701 2741 2731 2779 a
2775 2741 2879 2795 qua
2927 2727 3104 2781 omnis
3132 2726 3412 2798 Scriptura
3454 2742 3609 2784 sacra
3638 2744 3739 2784 nos

2144 2815 2418 2885 prohibet.
2451 2814 2601 2871 Unde
2622 2817 2678 2871 in
2703 2814 2819 2887 lege
2844 2816 3104 2873 Dominus
3130 2818 3265 2873 dixit
3292 2820 3359 2874 ad
3384 2819 3564 2877 Aaron
3596 2838 3608 2873 :
3648 2817 3743 2873 Vi-

2147 2920 2293 2971 num,
2322 2915 2368 2958 et
2389 2920 2544 2958 omne
2579 2905 2717 2976 quod
2754 2907 3012 2962 inebriare
3049 2918 3236 2979 potest,
3280 2924 3383 2963 non
3421 2909 3558 2963 bibes
3591 2917 3646 2963 tu
3689 2920 3739 2964 et

2144 2994 2247 3065 ﬁlii
2279 2997 2375 3062 tui,
2409 2996 2617 3069 quando
2657 2996 2878 3052 intrabis
2918 2999 2972 3053 in
3019 2998 3412 3054 tabernaculum
3454 3001 3740 3065 testimonii

2144 3085 2332 3157 (Leuit.
2362 3084 2439 3154 ιι),
2471 3086 2523 3141 id
2546 3095 2645 3152 est,
2673 3088 2739 3143 ad
2762 3087 3000 3144 divinum
3048 3091 3407 3146 ministerium
3462 3100 3518 3146 et
3543 3092 3610 3146 ad
3637 3092 3738 3146 do-

466 3172 770 3244 Aliquando
794 3191 1005 3233 sacram
1038 3178 1368 3250 Scripturarn
1398 3191 1453 3236 et
1480 3191 1685 3238 rectam
1718 3183 2041 3249 doctrinam,
2073 3168 2118 3231 C
2146 3178 2385 3234 ctrinam
2418 3178 2737 3247 spiritalem.
2788 3178 3217 3236 Tabernaculum
3245 3182 3389 3235 enim
3438 3181 3739 3236 testimonii

468 3267 613 3325 unde
653 3282 751 3338 per
785 3267 976 3327 Isaiam
1010 3272 1078 3327 ad
1111 3271 1322 3331 Iudaeos
1358 3275 1561 3331 dicitur
1604 3293 1621 3331 :
1660 3276 1930 3348 Caupones
1959 3279 2039 3332 tui

470 3360 685 3413 miscent
715 3377 905 3431 aquam
926 3362 1046 3416 vino
1074 3362 1209 3434 (lea.
1254 3364 1315 3437 r).
1348 3363 1650 3436 Aliquando
1683 3381 1846 3436 opera
1883 3366 2040 3420 luxu-

2142 3268 2441 3324 ctelestium
2480 3284 2660 3324 rerum
2713 3279 2797 3325 est
2858 3271 3149 3329 contactis.
3208 3273 3363 3329 Unde
3410 3288 3515 3328 non
3561 3274 3739 3335 solum

2143 3375 2243 3417 nos
2282 3360 2570 3432 Apostolus
2618 3362 2863 3437 prohibet
2907 3362 3197 3431 inebriari,
3238 3364 3331 3419 sed
3369 3365 3531 3419 etiam
3566 3365 3740 3420 lsaias

471 3449 587 3516 ria},
611 3460 671 3505 ut
696 3451 749 3506 in
776 3451 1033 3522 Apostolo
1059 3472 1073 3508 τ
1108 3454 1304 3521 Notice,
1333 3456 1527 3527 inquit,
1554 3458 1806 3512 inebriari
1827 3459 1963 3524 vino,
1986 3460 2040 3513 in
2138 3453 2405 3528 propheta
2446 3453 2608 3508 simili
2639 3453 2798 3509 modo
2812 3454 3133 3509 ebrietatem
3161 3456 3480 3521 detestatur,
3507 3457 3735 3512 dicens:

472 3555 569 3613 quo
600 3552 673 3596 est
702 3541 917 3598 luxuria
943 3544 1104 3615 (Eph.
1138 3547 1214 3617 v).
1246 3547 1312 3602 Et
1336 3548 1461 3603 alibi
1491 3566 1505 3602 τ
1537 3548 1834 3604 Luxuriosa
1865 3565 1947 3605 res
1966 3558 2043 3604 est

471 3635 659 3701 uinum,
686 3643 735 3690 et
749 3636 1071 3693 tumultuosa
1092 3638 1312 3694 ebrietas
1341 3639 1521 3711 (Prae.
1555 3642 1670 3712 xx).
1708 3639 1914 3695 Merum
1940 3656 2041 3695 au-

468 3743 578 3783 tem
605 3728 972 3785 sinceritatem
997 3730 1183 3800 iudicii
1213 3741 1307 3787 aut
1327 3733 1597 3799 veritatis,
1624 3732 1712 3789 vel
1750 3735 1910 3790 etiam
1951 3748 2042 3789 ca-

469 3834 636 3875 rerem
667 3820 791 3876 ﬁdei
832 3823 1118 3894 signiﬁcat,
1155 3833 1214 3879 ut
1258 3825 1309 3879 in
1341 3825 1550 3896 psalmo
1585 3843 1600 3880 :
1652 3825 1794 3893 Vini,
1844 3825 2039 3897 inquit,

454 3913 618 3991 meri,
664 3911 847 3983 plenus
868 3916 1032 3969 mixto
1058 3914 1229 3988 (Psal.
1272 3916 1475 3984 uxrv).
1511 3916 1661 3973 Unde
1698 3920 1886 3973 beatus
1908 3918 2039 3972 Am-

468 4006 682 4061 brosius
716 4006 773 4061 in
818 4006 1021 4079 hymno
1045 4023 1214 4064 sacra:
1252 4007 1563 4079 Epiphania:
1600 4008 1919 4064 mirabiliter
1947 4008 2044 4063 do-

468 4095 720 4151 clamavit
749 4095 1177 4167 splendidissima
1205 4098 1323 4153 luce
1350 4098 1657 4154 verborum.
1689 4098 1840 4165 Quod
1862 4107 2042 4153 autem

466 4185 627 4252 dixit,
657 4186 810 4251 meri,
861 4186 1224 4243 sinceritatem
1252 4188 1518 4260 designat,
1548 4191 1690 4262 quod
1712 4207 1922 4263 semper
1946 4209 2045 4263 pu-

465 4291 613 4340 rum,
643 4288 859 4344 semper
891 4274 1191 4346 limpidum.
1236 4275 1371 4332 Nam
1406 4278 1639 4336 refectos
1678 4282 1927 4340 homines
1976 4286 2045 4341 ad

469 4365 696 4435 gloriam
721 4365 959 4430 virtutis,
1003 4381 1111 4421 non
1156 4368 1222 4422 ad
1256 4368 1448 4425 vitium
1486 4373 1766 4431 ebrietatis
1806 4376 2040 4433 adducit.

2152 3539 2270 3608 Vw,
2299 3543 2389 3613 qui
2423 3542 2732 3613 consurgitis
2772 3559 2924 3597 mane
2962 3544 3032 3597 ad
3077 3544 3373 3599 ebrietatem
3399 3546 3731 3612 sectandam,

2143 3640 2195 3686 et
2216 3632 2503 3702 potandum
2537 3648 2699 3702 usque
2738 3627 2808 3685 ad
2838 3648 3123 3702 vesperam,
3158 3645 3264 3690 etc.
3302 3634 3438 3707 (lea.
3481 3635 3559 3707 v).
3596 3633 3738 3690 Item

2145 3723 2322 3779 sicera
2362 3724 2569 3793 peccati
2602 3722 2937 3779 dulcedinem
2978 3733 3033 3780 et
3083 3726 3375 3797 voluptatis
3419 3726 3737 3784 illecebram

2144 3816 2435 3889 signiﬁcat.
2463 3816 2617 3874 Unde
2642 3818 2709 3873 de
2729 3833 3063 3888 prmmsore
3086 3819 3298 3875 Domini
3317 3821 3541 3892 angelus
3566 3827 3736 3876 testa-

2144 3918 2235 3966 tus
2258 3919 2359 3981 est,
2398 3911 2581 3966 dicens
2609 3929 2622 3964 :
2657 3908 2910 3965 Vinumet
2936 3913 3157 3967 siceram
3183 3929 3285 3967 non
3310 3912 3441 3967 bibet
3469 3913 3621 3987 (Luc.
3656 3913 3735 3982 t);

2142 4002 2269 4069 quia
2290 4000 2507 4070 jejunus
2527 4009 2581 4056 et
2607 4000 2946 4056 abstinentia:
2970 4004 3180 4059 deditus
3200 4012 3337 4059 erat.
3362 4003 3612 4059 Ebrietas
3639 4018 3740 4059 au-

2145 4099 2258 4148 tem
2279 4091 2570 4162 aliquando
2587 4093 2855 4149 sobrietas
2881 4095 3079 4150 mentis
3105 4095 3438 4166 intelligitur,
3459 4096 3593 4149 utin
3622 4094 3736 4149 Ac-

2144 4185 2292 4240 tibus
2339 4185 2703 4254 apostolorum
2753 4184 2871 4239 :vlli
2921 4187 3049 4241 ebrii
3094 4197 3214 4241 sunt
3243 4188 3378 4260 (Act.
3424 4186 3507 4259 ιι).
3554 4187 3739 4242 Aliter

2147 4274 2380 4329 ebrietas
2423 4282 2479 4329 et
2522 4273 2741 4344 crapula
2788 4275 3178 4344 plenitudinem
3231 4274 3537 4349 signiﬁcant
3570 4276 3740 4333 vitio-

2146 4379 2290 4429 rum,
2316 4373 2374 4418 ut
2408 4365 2463 4419 in
2503 4364 2794 4434 Evangelia
2826 4382 2840 4418 :
2867 4365 3129 4421 Attcndite
3164 4382 3227 4421 ne
3253 4378 3531 4437 graventur
3568 4369 3737 4423 corda

472 4452 627 4521 Quod
654 4461 832 4509 autem
848 4455 1009 4522 dixit,
1044 4456 1195 4512 misto
1213 4471 1231 4510 :
1250 4457 1455 4515 Novum
1483 4460 1753 4533 Velusque
1776 4465 2046 4537 signiﬁcat
2071 4514 2121 4537 ἢ
2146 4456 2383 4509 restrain
2399 4454 2616 4526 crapula
2634 4466 2679 4509 et
2703 4456 2947 4511 ebrietate
2979 4455 3129 4531 (Luc.
3146 4456 3283 4531 ιιι).
3314 4458 3382 4513 Et
3404 4459 3457 4513 in
3482 4456 3739 4513 Salomo—

470 4514 901 4611 iestamentum,
924 4514 1043 4614 quae
1068 4555 1299 4620 utraque
1325 4551 1585 4620 permista
1613 4514 1913 4610 ariimariim
1939 4555 2048 4612 em.
2068 4514 2124 4575 D
2144 4560 2247 4601 ne:
2272 4545 2422 4600 Velut
2435 4514 2585 4617 spina
2598 4545 2911 4601 nascaturin
2937 4514 3097 4603 mima
3119 4514 3310 4602 ebritisi
3347 4546 3530 4620 (Prov.
3556 4548 3734 4618 xxvr).

469 4637 619 4691 ciunt
643 4635 1055 4693 saluberrimam
1084 4640 1375 4710 potionem.
1408 4643 1599 4701 Vinum
1635 4647 1910 4703 conditum
1936 4648 2045 4704 fer-

466 4738 681 4785 ventem
715 4745 955 4787 amorem
990 4733 1287 4805 signiﬁcat,
1330 4737 1386 4795 id
1428 4746 1533 4805 est,
1572 4740 1736 4797 variis
1786 4742 2040 4797 virtutum

463 4820 754 4893 pigmentis
782 4831 1054 4891 ornatum.
1081 4825 1231 4883 Unde
1263 4828 1317 4882 in
1344 4826 1567 4886 Cantico
1599 4833 1933 4897 canticorum
1965 4835 2043 4890 le-

463 4910 612 4983 gitur
638 4929 651 4964 :
685 4909 753 4965 Et
779 4913 915 4968 dabo
940 4914 1033 4969 tibi
1058 4917 1303 4986 poculum
1329 4935 1393 4974 ex
1414 4922 1529 4975 vino
1559 4923 1789 4990 condito,
1833 4935 1881 4979 ct
1921 4943 2039 4980 mu-

464 5009 605 5056 stum
630 5001 886 5057 malorum
910 5016 1250 5075 granatorum
1278 5025 1510 5069 meorum
1544 5010 1720 5085 (Cant.
1761 5016 1898 5095 vrri).
1934 5015 2045 5072 Mu-

2142 4639 2259 4695 ‘Fex
2292 4639 2461 4705 dicta,
2500 4639 2642 4710 quod
2686 4653 2805 4693 sese
2847 4639 2991 4693 vasis
3028 4639 3352 4711 emergentio
3393 4639 3588 4711 alligat.
3619 4638 3735 4694 Fc;

2148 4730 2291 4785 enim
2325 4730 2574 4784 ultimum
2596 4728 2860 4798 judicium
2900 4729 3189 4799 signiﬁcat.
3221 4729 3375 4787 Unde
3406 4731 3472 4786 de
3512 4728 3635 4785 fecc
3674 4730 3734 4784 in

2143 4819 2356 4888 psalmo
2385 4820 2648 4891 scriptum
2676 4828 2758 4874 est
2788 4838 2801 4873 :
2839 4819 3205 4877 Verumtamen
3233 4823 3322 4893 {es
3360 4822 3474 4895 ejus
3509 4839 3615 4877 non
3653 4833 3735 4877 cst

2142 4909 2413 4963 exinanita
2434 4908 2609 4980 (Paul.
2641 4910 2845 4983 uxrv).
2877 4911 3047 4967 Feces
3089 4913 3234 4967 enim
3264 4913 3359 4969 hic
3380 4928 3488 4968 non
3514 4915 3731 4979 sordes,

2147 5000 2242 5055 sed
2277 5001 2386 5055 ima
2426 5000 2517 5055 illa
2558 5009 2720 5071 atque
2768 5002 2954 5057 ultima
2997 5004 3110 5059 vini
3155 5004 3411 5060 debemus
3457 5006 3728 5076 accipere.

363 5114 367 5119 ·
468 5098 613 5147 stum
651 5098 733 5145 est
768 5093 949 5148 vinum
989 5110 1021 5151 e
1068 5094 1191 5152 lacu
1233 5099 1415 5153 statim
1462 5101 1733 5157 sublatum
1784 5123 1796 5159 :
1844 5090 2044 5163 dictum

2146 5090 2283 5147 Nam
2334 5094 2601 5162 quomodo
2640 5093 2783 5150 feces
2828 5094 3027 5152 habere
3074 5097 3278 5165 potuit,
3329 5099 3472 5167 quod
3516 5115 3728 5154 merum

470 5188 649 5234 autem
671 5181 912 5239 creditur
936 5193 1193 5251 mustum,
1222 5189 1366 5258 quod
1393 5188 1447 5244 in
1472 5205 1530 5247 se
1558 5190 1745 5247 limum
1768 5201 1825 5251 et
1845 5203 2046 5254 terram
2145 5192 2308 5253 θυμω
2326 5200 2518 5255 Durum
2553 5193 2680 5250 ante
2700 5186 3025 5241 declaraVil?
3064 5188 3169 5243 Sed
3197 5198 3254 5242 nl
3274 5174 3520 5245 adlisit!!!
3556 5191 3729 5246 levem

467 5272 666 5328 habeat
696 5273 933 5339 aristam.
960 5276 1096 5335 Nam
1121 5295 1241 5336 mus
1266 5288 1434 5349 terra,
1461 5284 1606 5339 unde
1631 5294 1685 5341 et
1709 5288 1924 5359 humus,
1954 5306 2047 5345 cu-

460 5362 552 5437 jus
578 5372 722 5425 tanta
757 5367 839 5422 vis
878 5365 1105 5426 fervoris
1129 5380 1235 5438 est,
1256 5382 1317 5429 ut
1341 5389 1489 5443 vase,
1524 5379 1769 5451 quamvis
1800 5382 2043 5451 grandia,

465 5468 534 5509 ex
559 5467 623 5509 eo
650 5453 810 5524 plena
844 5456 1047 5529 absque
1087 5462 1380 5530 spiramine
1425 5464 1610 5521 relicta
1639 5467 1782 5524 illico
1808 5470 2043 5525 disrum-

465 5551 578 5627 pat.
613 5543 844 5600 Mustum
866 5556 1047 5604 autem
1069 5550 1335 5619 signiﬁcat
1361 5556 1592 5625 gratiam
1615 5555 1849 5627 Spiritus
1873 5562 2042 5617 sancti

465 5636 676 5691 naviter
696 5636 894 5692 datam.
941 5638 1093 5695 Unde
1114 5641 1307 5713 legitur
1329 5645 1381 5699 in
1407 5647 1629 5705 Actibus
1656 5654 2035 5721 apostolorum,

463 5725 677 5787 Iudaeos
721 5731 786 5786 de
818 5730 1088 5802 Apostolis
1129 5733 1330 5792 dixisse
1368 5750 1383 5791 :
1427 5736 1604 5795 Husto
1628 5744 1767 5814 pleni
1801 5755 1921 5799 sunt
1954 5747 2040 5801 isti

2148 5290 2502 5347 cognosceres
2529 5276 2750 5333 minime
2787 5276 2952 5333 fuisse
2979 5288 3318 5348 perventum,
3360 5282 3506 5336 redit
3535 5283 3602 5337 ad
3627 5297 3725 5351 po-

2147 5368 2328 5423 culum
2372 5370 2587 5439 plcnum
2615 5411 2629 5436 ,
2682 5370 2863 5425 dicens
2906 5389 2920 5425 :
2973 5370 3156 5426 Bibcnt
3207 5390 3382 5429 omnes
3430 5385 3731 5445 peccatores

2145 5466 2298 5513 term
2320 5456 2530 5530 (Ibid).
2570 5458 2670 5513 Hic
2692 5459 2980 5530 signiﬁcat,
3005 5463 3147 5532 quod
3180 5478 3322 5534 sarpe
3340 5465 3598 5529 diximus,
3626 5462 3727 5518 Ju—

2144 5547 2289 5604 dreos
2326 5550 2382 5604 in
2424 5549 2530 5605 ﬁne
2567 5550 2749 5605 smculi
2780 5567 2899 5606 cum
2945 5552 3066 5609 aliis
3106 5557 3481 5624 peccatoribus
3521 5557 3590 5613 de
3618 5558 3727 5613 isto

2143 5637 2315 5693 calice
2340 5639 2626 5705 bibituros,
2665 5641 2882 5710 quando
2929 5643 3150 5699 credere
3196 5647 3516 5714 meruerint,
3558 5663 3727 5721 seque

2140 5728 2397 5785 Ecclesia:
2420 5730 2701 5786 catholica:
2735 5732 2968 5788 adunata
2997 5733 3103 5791 ﬁde
3132 5734 3537 5806 coniunxerint.
