4038 6324
301 382 408 442 597

913 488 1142 547 CAPUT
1180 484 1265 546 Ill.

849 561 927 641 De
954 584 1096 640 casis
1115 584 1348 639 eseariis.

368 678 481 736 Vas
510 680 711 735 dictum
741 693 773 733 a
801 677 1086 743 vescendo,
1116 675 1333 746 quodin
1361 689 1427 731 eo
1453 689 1593 730 escae
1616 688 1888 745 apponan-

301 778 408 826 tur.
441 768 604 839 Cujus
632 768 1041 834 diminutivum,
1076 766 1384 832 roscidum,
1407 769 1562 837 quasi
1586 768 1883 823 vasculum.

298 860 515 918 Fictilia
533 861 694 926 dicta,
712 858 853 930 quod
877 859 1071 914 ﬁantet
1092 858 1360 930 ﬁngantur
1374 874 1439 913 ex
1465 867 1634 917 terra.
1653 859 1888 932 ﬁngere

300 963 385 1009 est
406 952 548 1008 cnim
575 949 779 1016 facere,
809 948 1044 1005 formare
1074 956 1128 1005 et
1154 949 1440 1020 plasmare.
1472 949 1627 1007 Unde
1656 959 1710 1005 et
1736 950 1886 1022 ﬁguli

301 1045 573 1100 dicuntur.
616 1043 686 1097 Et
720 1057 820 1098 vas
858 1041 1021 1097 ﬁctile
1058 1042 1292 1108 dicitur,
1343 1059 1451 1099 non
1502 1043 1712 1109 ﬁctum,
1756 1042 1888 1099 ἰηιιέ

295 1134 442 1206 quod
482 1134 823 1189 mendacium
856 1142 942 1189 est
976 1152 989 1188 :
1023 1135 1116 1189 sed
1141 1136 1285 1204 quod
1320 1133 1610 1201 formatur,
1638 1142 1700 1190 ut
1738 1135 1810 1190 sit
1834 1144 1890 1190 et

294 1225 497 1282 habeat
542 1226 778 1297 aliquam
809 1226 1061 1283 formam.
1101 1226 1254 1282 Unde
1290 1235 1346 1281 et
1389 1226 1681 1298 Apostolus
1709 1227 1839 1283 dicit
1866 1246 1884 1282 ς

301 1316 556 1389 Nunquid
579 1318 705 1373 dicit
733 1317 1035 1389 ﬁgmentum
1063 1321 1112 1373 ei
1158 1320 1249 1390 qui
1277 1337 1332 1374 se
1366 1320 1521 1389 ﬁnxit
1557 1332 1576 1371 :
1606 1318 1785 1384 Quare
1813 1320 1890 1376 sic

289 1425 379 1464 me
416 1410 586 1480 fecisti
626 1409 807 1483 (Rom.
850 1410 1209 1483 is)?Fictilia
1250 1426 1378 1467 vasa
1412 1412 1471 1467 in
1512 1410 1678 1467 Samo
1714 1412 1890 1468 insula

290 1499 449 1572 prius
478 1501 696 1556 inventa
742 1500 1051 1568 traduntur,
1083 1500 1223 1557 facta
1249 1519 1316 1558 ex
1346 1510 1492 1557 terra
1514 1511 1702 1562 cretea
1727 1510 1784 1558 et
1810 1503 1893 1558 in-

290 1590 493 1646 durata
528 1592 688 1664 igne;
725 1593 869 1647 unde
898 1601 955 1647 et
987 1591 1170 1649 Samia
1206 1608 1353 1648 vasa.
1386 1592 1577 1648 Postea
1614 1594 1893 1651 inventum

296 1692 406 1748 est,
437 1684 709 1741 rubricam
737 1683 955 1751 addere,
980 1692 1035 1738 et
1061 1701 1129 1740 ex
1158 1685 1319 1743 rubra
1350 1695 1497 1741 terra
1524 1685 1749 1757 ﬁngere.
1774 1684 1890 1740 An-

298 1772 587 1843 tiquiorem
632 1773 801 1831 fuisse
849 1791 1009 1831 usum
1058 1776 1303 1831 ﬁctilium
1350 1792 1605 1832 vasorum
1654 1785 1888 1844 constat,

1260 373 1345 433 UE
1380 372 1727 432 UNIVERSO
1761 372 1943 428 LIBRI
1980 370 2141 426 XXII.
2182 399 2252 408 —
2291 367 2415 422 LIB.
2456 367 2617 422 XXII.

1914 488 1967 549 Α
1991 483 2187 554 quibus
2212 481 2475 551 scriptum
2500 488 2584 535 est
2614 478 2667 533 in
2696 477 2905 548 psalmo
2937 496 2949 529 :
2984 478 3161 530 Astitit
3186 492 3363 545 regina
3383 490 3415 526 a
3444 471 3572 525 dem-

3472 355 3575 413 598

1985 581 2084 637 tria
2135 579 2239 633 tuis
2294 578 2354 632 in
2404 576 2593 639 uestitu
2635 574 2926 637 ham,
2952 569 3283 631 sirm“
3330 567 3579 627 varietate
3654 564 3661 571 ‘

1984 671 2162 745 (Ρωι.
2174 671 2346 743 μιν).
2364 672 2570 728 suum
2586 669 2659 725 ad
2683 666 2964 735 charitatis
2980 664 3243 725 debemus
3260 670 3453 732 aptare
3477 657 3580 727 ωει-

1985 779 2175 837 gonent
2196 805 2213 831 ,
2259 779 2368 835 qua
2408 762 2609 821 virtuts
2651 759 2984 815 circumdata
3037 762 3226 833 saneta
3274 749 3582 822 vestienda:

1987 855 2337 912 Ecclesia.Et
2354 853 2609 917 accolam
2633 852 2709 908 ibi
2729 850 3207 921 iatclligenesesse
3225 843 3575 907 diarum;

1984 948 2045 1001 in
2068 947 2279 1011 uestiat,
2318 945 2479 1011 dixit,
2506 944 2762 998 deaurato
2796 957 2814 995 :
2849 955 2985 1004 tua,
3022 951 3213 997 aureo.
3252 933 3579 995 Deauratum

1984 1042 2133 1098 enim
2168 1042 2398 1097 dicimus
2424 1079 2441 1106 ,
2478 1037 2699 1109 quando
2737 1035 3064 1107 superducta
3094 1030 3314 1102 species
3367 1026 3484 1089 atati
3522 1024 3580 1089 ill

1986 1133 2168 1204 aliqua
2208 1132 2437 1187 materia
2486 1130 2775 1202 gintiatur.
2816 1126 2943 1189 Ideo
2978 1132 3159 1183 autem
3210 1134 3374 1191 super
3406 1117 3581 1177 virtue-

1986 1233 2075 1281 tes
2100 1224 2235 1279 alias
2256 1223 2431 1295 gratia
2458 1221 2747 1279 cbaritacia
2770 1217 3057 1289 apparuit;
3096 1214 3226 1285 quia
3259 1210 3441 1271 omnia
3460 1205 3585 1274 eius

1987 1314 2168 1388 fulgor
2206 1314 2443 1369 excellit.
2486 1312 2670 1377 Addit,
2703 1304 3404 1365 circumamictatarietate.
3448 1298 3585 1361 Perr-

1991 1417 2298 1465 scrutemur
2347 1422 2444 1462 cur
2472 1405 2717 1461 Ecclesia
2744 1403 2837 1461 Dei
2876 1404 2944 1458 de
2967 1400 3138 1455 vestis
3174 1396 3441 1455 varietate
3470 1391 3587 1453 lau-

1991 1500 2170 1566 detur,
2198 1497 2287 1553 cui
2316 1503 2486 1552 totum
2514 1494 2744 1564 simplex
2772 1492 3025 1551 convenit
3062 1498 3231 1559 atque
3257 1499 3447 1547 unum.
3476 1480 3589 1546 Sed

1992 1590 2098 1646 hac
2121 1589 2391 1643 varietate
2419 1592 2512 1647 aut
2536 1585 2751 1657 linguas
2778 1581 3107 1651 multiplices
3132 1575 3431 1650 signiﬁcat.
3457 1569 3588 1642 quia

1988 1682 2075 1737 sic
2092 1680 2272 1737 omnis
2292 1694 2430 1751 gens
2464 1670 2761 1734 secundum
2811 1690 2966 1731 suam
2992 1673 3226 1744 patriam
3253 1669 3310 1727 in
3339 1662 3587 1730 Ecclesia

1986 1774 2175 1847 psallit
2228 1772 2469 1838 auctori;
2534 1778 2631 1829 aut
2703 1769 2966 1824 virtutum
3033 1762 3453 1835 pulcherrimam
3507 1755 3591 1817 di-

298 1881 461 1938 quam
490 1865 749 1922 (audendi
770 1867 896 1923 atris
929 1875 1023 1922 aut
1049 1870 1279 1939 argenti.
1315 1868 1468 1940 Apud
1502 1878 1716 1925 veteres
1746 1869 1892 1924 eiiim
1920 1848 1970 1908 B
1996 1866 2332 1923 versitatem.
2350 1863 2592 1920 Ornatur
2610 1860 2759 1917 enim
2780 1874 2914 1919 auro
2952 1855 3340 1927 apostolorum.
3361 1855 3590 1919 ιιιϐθιιίο

299 1971 402 2012 nec
420 1971 603 2022 aurea,
629 1973 731 2017 nec
754 1968 1035 2030 argentea,
1058 1961 1152 2016 sed
1174 1960 1356 2016 ﬁctilia
1380 1976 1509 2017 vasa
1528 1961 1889 2029 habebantur;

298 2048 442 2103 sicut
474 2048 543 2103 ad
588 2049 712 2104 vina
745 2049 901 2106 doliis
926 2052 1265 2123 excogitatis,
1294 2052 1364 2107 ad
1392 2067 1562 2135 aqu.“
1592 2052 1890 2122 amphoris,

296 2138 512 2210 bydriis
538 2140 606 2194 ad
630 2139 843 2206 balnea,
875 2156 940 2197 ac
975 2142 1195 2211 reliquis
1222 2157 1343 2213 quae
1392 2143 1447 2198 in
1500 2143 1687 2199 usibus
1722 2144 1896 2200 homi—

298 2247 433 2287 num
475 2239 570 2287 aut
604 2241 726 2289 rota
772 2233 925 2301 ﬁunt,
968 2244 1063 2291 aut
1105 2252 1266 2291 manu
1309 2244 1580 2307 aptantur.
1619 2236 1892 2293 Fictilium

302 2337 436 2395 ergo
470 2338 721 2380 vasorum
746 2325 920 2398 ﬁgura
946 2327 1018 2381 ad
1052 2329 1303 2383 humanae
1329 2328 1654 2385 conditionis
1692 2338 1894 2385 sortem

300 2415 558 2486 pertinet.
600 2415 752 2473 Unde
776 2418 1040 2488 scriptum
1067 2427 1151 2477 est
1190 2436 1203 2473 :
1237 2417 1506 2475 Formavit
1540 2420 1680 2476 Deus
1720 2421 1893 2475 homi-

305 2526 426 2568 nem
451 2512 515 2568 de
538 2513 662 2569 limo
704 2523 857 2570 terra:
881 2514 1035 2589 (Gen.
1068 2515 1152 2589 ιι).
1183 2515 1314 2584 Quae
1354 2525 1532 2573 tamen
1563 2518 1685 2590 igne
1722 2516 1897 2588 Spiri-

298 2611 393 2661 tus
419 2606 592 2661 sancti
634 2607 702 2662 ad
732 2624 926 2678 purum
958 2618 1205 2677 excocta,
1242 2625 1370 2665 vasa
1409 2609 1649 2679 pretiosa
1682 2611 1748 2665 ad
1781 2625 1898 2666 ser-

298 2697 492 2752 vitium
521 2698 616 2753 Dei
642 2698 847 2784 habilia
881 2700 1038 2756 ﬁunt.
1079 2701 1223 2758 Vasa
1259 2703 1404 2757 enim
1439 2702 1699 2771 pretiosa,
1731 2716 1897 2759 aurea

298 2797 358 2844 et
385 2798 666 2859 argentea,
704 2792 878 2847 sancti
909 2802 1034 2848 sunt
1066 2790 1348 2864 sapientiae
1389 2794 1676 2866 splendore
1696 2807 1755 2851 et
1784 2795 1897 2851 elo-

300 2881 541 2951 quentiae
585 2882 761 2938 nitore
802 2882 1070 2955 fulgentes
1109 2900 1124 2938 :
1163 2884 1305 2941 sicut
1348 2886 1658 2941 econtrarie
1697 2885 1894 2958 lignea,

300 2971 390 3028 vel
421 2971 603 3029 ﬁctilia
628 2989 781 3041 vasa,
804 2975 880 3030 illi
907 2985 1052 3043 sunt,
1080 2977 1174 3048 qui
1199 2978 1377 3033 adhuc
1399 2977 1602 3047 aliquid
1622 2978 1805 3033 murus
1824 2978 1897 3032 de

302 3061 637 3135 perfectione
668 3060 886 3121 habent.
918 3067 1071 3123 Unde
1103 3068 1394 3138 Apostolus
1420 3084 1437 3123 :
1462 3068 1532 3122 In
1563 3084 1779 3139 magna,
1812 3068 1898 3123 in-

305 3154 443 3223 quit,
483 3155 663 3223 domo,
687 3173 792 3212 non
832 3157 1001 3217 solum
1030 3168 1151 3214 sunt
1180 3176 1307 3215 rasa
1339 3175 1503 3214 aurea
1542 3167 1591 3214 et
1627 3167 1895 3230 argentea,

304 3214 398 3301 ίοά
425 3214 473 3298 et
495 3214 668 3316 lignea
702 3256 857 3319 atque
880 3214 1067 3317 ﬁctilia
1098 3263 1116 3300 :
1145 3259 1195 3304 et
1221 3249 1465 3321 quadam
1493 3258 1615 3304 sunt
1643 3214 1714 3303 is;
1732 3214 1898 3304 Itone;
1926 3214 1973 3279 δ

309 3351 442 3402 rem,
483 3336 591 3392 alia
629 3354 748 3393 vero
773 3339 830 3394 in
860 3339 1230 3396 contumeliam
1260 3340 1353 3412 (ΙΙ
1393 3340 1530 3395 Tim.
1566 3340 1650 3413 ιι).
1684 3340 1897 3413 Magna,

309 3424 504 3496 inquit,
531 3428 725 3484 domus
749 3437 834 3484 est
869 3430 1117 3498 ecclesia,
1142 3447 1212 3489 ex
1238 3431 1427 3486 multis
1468 3431 1772 3489 consistens
1798 3433 1900 3488 ho~

309 3515 565 3572 minibus.
592 3516 828 3575 Necesse
874 3528 962 3576 est
980 3534 1113 3595 ergo
1137 3537 1245 3581 non
1261 3537 1456 3578 omnes
1476 3522 1553 3578 ibi
1575 3537 1697 3580 esse
1718 3538 1903 3594 aequa-

298 3602 409 3663 les.
437 3607 577 3663 Nam
604 3616 661 3663 et
683 3610 738 3664 in
765 3624 961 3681 magna
982 3613 1143 3667 domo
1172 3628 1279 3669 non
1300 3620 1533 3682 pestium
1552 3614 1739 3673 omnia
1768 3626 1900 3671 vasa

307 3698 511 3757 similia
550 3701 794 3771 reperiri,
831 3701 959 3758 licet
999 3703 1072 3758 sit
1109 3703 1304 3780 domus
1335 3705 1494 3760 valde
1529 3721 1755 3779 magna;
1798 3707 1899 3763 sed

309 3789 460 3846 inter
479 3804 642 3846 aurea
669 3798 725 3847 et
760 3800 1018 3865 argentea
1042 3807 1171 3848 vasa
1196 3795 1597 3865 perspiciuntur
1622 3804 1679 3853 et
1717 3797 1900 3869 lignea

278 3889 368 3938 et
397 3881 620 3951 ﬁctilia;
651 3891 708 3939 et
742 3884 849 3940 alia
872 3885 1091 3956 quidem
1114 3886 1285 3949 multa
1324 3888 1484 3961 digna
1514 3897 1641 3944 sunt
1666 3890 1895 3957 honore,

306 3972 417 4029 alia
448 3989 581 4039 vero
595 3983 725 4032 sunt
748 3976 1170 4050 contemptibilia
1196 3986 1253 4036 et
1276 3979 1351 4035 ad
1370 3987 1579 4037 certum
1610 3996 1768 4038 usum
1795 3981 1904 4038 dis-

310 4075 485 4123 creta.
531 4065 737 4124 Deinde
783 4069 913 4140 quia
952 4070 1213 4127 naturalis
1237 4079 1356 4127 erat
1388 4087 1645 4129 vasorum
1684 4073 1900 4143 divisio,

308 4167 374 4215 ut
398 4174 466 4216 ne
479 4161 609 4231 quid
632 4161 740 4218 tale
765 4161 905 4234 apud
918 4178 1017 4220 nos
1038 4164 1398 4232 existimaret,
1426 4164 1650 4236 adiecit:
1677 4165 1740 4223 Si
1763 4167 1903 4222 enim

310 4252 430 4325 quis
458 4267 512 4307 se
531 4252 861 4309 mandaverit
884 4254 949 4309 ob
971 4255 1073 4323 his,
1094 4256 1197 4311 erit
1223 4272 1315 4311 vas
1346 4257 1404 4311 in
1443 4257 1642 4312 honore
1666 4256 1904 4327 sanctiﬁ-

1992 1959 2410 2030 prophetarum,
2452 1954 2683 2027 gemmis
2715 1953 3012 2024 virginum,
3054 1962 3224 2007 cocco
3264 1950 3591 2013 martyrum.

1997 2069 2236 2126 purpura
2264 2052 2668 2123 paenitentiam.
2692 2050 2800 2105 Ista
2826 2056 2911 2104 est
2929 2060 3063 2118 ergo
3078 2044 3319 2101 varietas
3344 2037 3589 2103 ιωὶιαιίσ,

1996 2162 2121 2219 quae
2165 2146 2340 2203 oculis
2379 2145 2593 2201 Domini
2637 2159 2705 2200 ex
2747 2141 3000 2198 omnibus
3040 2136 3292 2208 gentibus
3328 2134 3417 2206 pia
3452 2146 3591 2189 con-

1997 2239 2307 2297 versatione
2328 2237 2599 2309 placitura
2634 2234 2963 2291 contexitur.
3011 2231 3209 2289 Discus
3239 2234 3402 2283 antea
3443 2224 3592 2282 iscus

1996 2330 2073 2386 ab
2099 2330 2278 2401 specie
2302 2328 2464 2393 scuti,
2500 2327 2646 2381 unde
2673 2334 2730 2381 et
2759 2323 2986 2380 scutalia
3024 2341 3043 2377 ε
3070 2328 3262 2392 postea
3292 2317 3475 2374 discus
3497 2328 3596 2371 vo-

1998 2430 2177 2487 catus,
2202 2419 2346 2490 quod
2370 2419 2463 2479 det
2485 2432 2661 2482 escas,
2704 2415 2758 2471 id
2800 2422 2886 2470 est
2920 2418 3178 2485 apponat,
3207 2425 3241 2465 a
3266 2424 3376 2479 quo
3403 2413 3459 2465 et
3482 2403 3596 2462 dis-

2001 2513 2320 2571 cumbentes
2352 2509 2484 2579 dicti
2527 2527 2539 2561 :
2582 2509 2699 2563 sive
2733 2522 2837 2578 apo
2871 2515 2964 2562 tou
3004 2503 3217 2570 dicein,
3248 2500 3419 2557 idest
3450 2496 3599 2568 quod

1994 2606 2221 2678 iaciant.
2262 2605 2549 2676 Paropsis,
2591 2602 3027 2675 quadrangulum
3064 2609 3124 2656 et
3163 2597 3593 2670 quadrﬂaterum

1999 2711 2118 2762 vas,
2148 2697 2205 2752 id
2236 2704 2340 2761 est,
2368 2695 2595 2765 paribus
2623 2693 2848 2755 absidis,
2879 2692 3115 2756 Patena,
3143 2687 3292 2760 quod
3323 2681 3596 2755 dispansis

1998 2789 2421 2860 petentibusque
2445 2788 2517 2843 sit
2534 2786 2649 2842 oris
2676 2785 2865 2842 lancis.
2884 2785 2963 2839 De
2983 2783 3132 2839 disco
3146 2787 3209 2837 et
3224 2774 3514 2850 paropside
3541 2772 3598 2829 in

2002 2880 2298 2952 Evangelia
2336 2879 2532 2951 lcgitur
2570 2876 2793 2950 (Matth.
2834 2874 2972 2947 xlv),
3009 2874 3116 2929 hoc
3160 2871 3325 2927 estin
3361 2863 3599 2924 decolla-

2002 2972 2149 3030 tioae
2175 2969 2400 3029 Joannis
2421 3008 2436 3035 ,
2484 2968 2619 3025 disci
2656 2964 3105 3024 commemoratio
3137 2961 3219 3016 ﬁt.
3254 2960 3326 3015 Et
3360 2957 3421 3013 in
3466 2968 3597 3026 pas-

1999 3064 2155 3121 sione
2184 3061 2484 3137 Saivatoris
2511 3060 2580 3123 de
2628 3059 2921 3130 paropside
2955 3056 3153 3128 legitur
3182 3050 3401 3125 (Haud.
3421 3046 3595 3118 uri).

2000 3153 2064 3210 in
2088 3153 2285 3224 quibi»
2327 3152 2700 3219 admonemur,
2730 3157 2791 3205 ut
2816 3148 3099 3207 libidinem
3132 3154 3190 3201 et
3218 3141 3597 3203 crudelitatan

2003 3244 2297 3317 fugiams,
2320 3252 2379 3302 et
2404 3244 2653 3305 fraudem
2673 3242 2761 3299 vel
2788 3240 3152 3313 proditionem
3170 3236 3355 3292 facere
3374 3232 3597 3290 omnino

2002 3352 2297 3394 caveamus
2340 3352 2556 3403 omnes,
2590 3335 2683 3407 qui
2726 3334 2999 3389 luxuriam
3041 3330 3274 3387 Herodis
3308 3337 3370 3384 et
3416 3324 3602 3385 avari-

2000 3433 2138 3488 tiam
2167 3430 2319 3488 ludas
2350 3431 2706 3486 detestamur.
2752 3427 2936 3483 Mensa
2968 3424 3117 3481 enim
3165 3439 3196 3477 a
3232 3435 3423 3479 nisus
3448 3416 3600 3473 dicta

2000 3530 2122 3589 est;
2153 3523 2281 3593 quia
2304 3522 2498 3578 eodem
2526 3521 2615 3577 die
2652 3519 2904 3577 convivia
2938 3517 3050 3573 rita
3085 3514 3328 3586 gentium
3371 3522 3597 3568 exerce-

2004 3617 2223 3673 bantur.
2278 3616 2355 3671 De
2394 3630 2581 3671 mensa
2628 3630 2759 3687 ergo
2802 3615 3071 3686 propheta
3105 3613 3232 3666 ait:
3279 3606 3495 3663 Parati
3539 3605 3598 3659 in

2006 3718 2284 3779 conspectu
2320 3724 2433 3762 meo
2473 3722 2704 3763 mensam
2742 3704 2919 3783 (Paul.
2964 3703 3125 3787 xui).
3172 3699 3429 3757 Ecclesim
3460 3710 3594 3754 vero

2006 3815 2195 3856 mensa
2233 3809 2316 3855 est
2343 3800 2503 3854 beata
2531 3797 2857 3865 convivatio,
2887 3796 3125 3868 epulatio
3152 3794 3302 3860 felix,
3332 3790 3594 3847 saturitas

2008 3890 2156 3956 ﬁdei,
2187 3905 2311 3946 esca
2333 3889 2591 3946 caelestis.
2628 3890 2831 3945 Verum
2870 3889 3032 3945 istam
3064 3900 3309 3943 mensam
3335 3883 3597 3939 adversus

2004 3993 2101 4036 eos
2128 3987 2380 4050 paratam
2420 3992 2543 4035 esse
2580 3979 2932 4035 manifestum
2974 3986 3082 4042 est,
3118 3978 3218 4047 .qni
3257 3991 3365 4031 non
3404 3972 3593 4043 aliqua

1996 4073 2361 4147 perversitate
2408 4073 2643 4129 demersi
2692 4071 2991 4129 Ecclesium
3050 4070 3149 4125 Det
3206 4084 3307 4126 suo
3360 4066 3604 4139 graviter

2004 4180 2196 4222 ermre
2241 4165 2588 4233 contristent,
2622 4165 2695 4221 de
2738 4164 2935 4234 quibus
2973 4160 3269 4233 Apostolus
3286 4160 3463 4217 dicit:
3494 4157 3602 4227 Qui

2003 4258 2291 4313 manducet
2326 4257 2564 4330 indigne,
2592 4255 2857 4328 judicium
2901 4255 3002 4311 sibi
3043 4243 3332 4309 manducet
3358 4260 3408 4307 et
3449 4251 3598 4317 bibit,

314 4352 489 4399 catum
501 4343 749 4413 Domino,
773 4352 823 4400 et
841 4346 1117 4417 optimum,
1138 4346 1212 4402 ad
1232 4364 1384 4403 omne
1405 4364 1534 4419 opus
1558 4349 1751 4403 bonum
1770 4356 1903 4422 prte-
1999 4367 2111 4407 non
2151 4349 2455 4422 dijudicana
2503 4366 2692 4421 corpus
2733 4348 2950 4404 Domini
2976 4345 3048 4420 (ι
3089 4344 3214 4403 Cor.
3245 4344 3357 4416 ιι),
3403 4342 3597 4398 datum

310 4450 559 4512 paratum
584 4438 800 4514 (ιω).
829 4439 939 4498 Sed
958 4441 1101 4513 quod
1126 4440 1243 4499 illic
1271 4441 1498 4499 materia
1526 4442 1792 4499 naturalis
1828 4443 1905 4499 fa-
2004 4440 2212 4498 scilicet
2248 4441 2318 4496 ad
2346 4439 2725 4497 remissionem
2764 4448 3133 4511 peccatorum,
3172 4443 3229 4493 et
3255 4435 3427 4490 vitam
3464 4445 3594 4503 per-

287 4531 411 4599 cit,
451 4532 554 4589 hoc
590 4533 681 4590 hic
720 4532 1024 4590 arbitrium.
1055 4533 1159 4602 Qui
1190 4534 1340 4590 enim
1374 4549 1434 4590 se
1467 4549 1499 4589 a
1536 4534 1900 4591 deterioribus
1927 4583 1981 4606 η
2002 4532 2644 4606 petuam'possideudam.
2670 4532 2997 4589 Mementote
3040 4538 3224 4586 autem
3244 4526 3389 4599 quod
3410 4538 3600 4582 mensa

313 4583 701 4697 ᾆξτέέᾷνᾶςὶ,
721 4583 1102 4682 litigii-.1:
1108 4583 1170 4681 ἷιὶ
1193 4583 1457 4684 tanta
1468 4583 1902 4692 magis};
1927 4583 1982 4645 Ῑ)
2008 4583 3236 4697 {.1u;.:.';;.".;.;I;".;.;g;.;.;ea;1.4...
3263 4583 3556 4691 Apostolus
3586 4634 3599 4669 ε

315 4715 374 4772 in
417 4715 817 4773 contumeliam.
863 4714 977 4773 Hoc
1009 4725 1190 4774 autem
1231 4718 1288 4773 in
1332 4724 1520 4773 nostro
1559 4724 1644 4772 est
1671 4718 1908 4788 positum
2013 4718 2138 4774 Non
2173 4719 2387 4790 potestis
2427 4717 2815 4772 communicare
2849 4732 3046 4772 mensi:
3092 4713 3303 4768 Domini
3329 4719 3378 4765 et
3403 4724 3598 4763 mensa:

315 4805 546 4863 arbitrio
589 4815 644 4863 et
682 4816 981 4880 potestate;
1030 4817 1217 4866 utrum
1261 4810 1339 4877 id,
1381 4811 1525 4882 quod
1568 4809 1787 4877 melius,
1838 4824 1909 4865 an

315 4899 461 4973 quod
502 4900 741 4958 deterius
785 4910 889 4969 est,
932 4901 1214 4974 eligamus.
1260 4901 1456 4959 Celata
1487 4917 1616 4959 vasa
1649 4909 1910 4975 argentea

312 4993 404 5047 vel
438 5007 605 5049 aurea
647 5002 792 5062 sunt,
823 4994 992 5070 signis
1016 4993 1468 5052 eminentioribus
1507 4995 1653 5052 intus
1685 5003 1909 5052 extrave

320 5096 599 5154 expressa,
625 5099 657 5140 a
683 5085 822 5142 caelo
840 5095 1054 5154 vocata,
1083 5087 1229 5158 quod
1258 5096 1342 5144 est
1367 5101 1538 5159 genus
1565 5086 1908 5154 ferramenti,

322 5177 467 5247 quod
528 5178 688 5250 vulgo
742 5178 992 5234 cillonem
1063 5176 1281 5256 vocant.
1356 5177 1730 5251 Chrysendeta
1778 5193 1911 5236 vasa

324 5267 612 5335 deaurata,
661 5269 908 5327 Graecum
953 5280 1057 5328 est.
1113 5272 1429 5349 Anaglypba
1478 5273 1625 5346 quod
1663 5274 1913 5345 superius

324 5371 455 5417 sunt
483 5362 710 5434 scalpta.
737 5362 922 5421 Graece
950 5365 1094 5422 enim
1116 5381 1221 5422 auo
1242 5379 1481 5434 sursum,
1505 5366 1739 5443 glyphen
1769 5363 1914 5422 scul-

322 5460 506 5525 ptura.
535 5453 662 5510 Inde
693 5456 1016 5530 anaglypha,
1042 5458 1099 5514 id
1132 5468 1239 5526 est,
1266 5474 1483 5515 sursum
1513 5459 1743 5528 sculpta.
1768 5458 1912 5516 Vasa

323 5544 470 5601 enim
497 5546 685 5602 caelata
707 5549 821 5605 sive
836 5550 1134 5623 anaglypba
1157 5551 1464 5624 signiﬁcant
1483 5552 1915 5620 sanctos,varia-

325 5652 451 5694 rum
494 5640 759 5696 virtutum
794 5642 1042 5714 insigniis
1076 5644 1365 5702 distinctos
1406 5652 1569 5716 atque
1612 5644 1914 5700 decoratos.

2009 4806 2210 4862 diaboli
2239 4806 2295 4880 (Ι
2328 4804 2454 4861 Cor.
2496 4804 2577 4878 ι).
2618 4805 2753 4861 Item
2788 4818 2974 4861 mensa
3012 4803 3186 4859 altare
3231 4809 3316 4857 est
3360 4798 3563 4858 Christi
3584 4838 3598 4864 ,

2014 4916 2046 4955 a
2079 4914 2186 4971 quo
2232 4898 2423 4956 ﬁdeles
2454 4898 2759 4971 percipiunt
2792 4897 3042 4969 corporis
3068 4904 3127 4952 et
3163 4892 3443 4965 sanguinis
3480 4888 3601 4963 ejus

2013 4992 2355 5066 mysterium.
2403 4988 2644 5050 Rursum
2693 5007 2879 5049 mensa
2930 4989 3147 5047 Domini
3184 4995 3269 5044 est
3313 4986 3602 5055 utriusque

2017 5087 2154 5160 legis
2174 5086 2552 5144 intellectualis
2573 5085 2832 5157 epulatio,
2856 5085 2909 5140 in
2940 5098 3046 5156 qua
3072 5080 3422 5137 convivarum
3447 5091 3601 5132 more

2018 5188 2329 5254 pascuntur,
2350 5180 2442 5252 qui
2472 5179 2694 5236 delicias
2722 5177 2938 5235 Domini
2960 5174 3218 5231 aviditate
3251 5172 3453 5228 mentis
3476 5184 3602 5231 esu-

2016 5274 2189 5341 riant,
2212 5282 2267 5328 et
2284 5272 2459 5329 sancti
2480 5270 2714 5344 Spiritus
2725 5266 3079 5339 saluberrima
3099 5265 3363 5323 ebrietate
3384 5262 3600 5335 impleri

2019 5378 2082 5423 se
2101 5363 2431 5420 desiderant.
2471 5360 2597 5417 Haec
2628 5360 2828 5417 Iudaeis
2868 5358 2968 5416 fuit
2997 5357 3054 5414 in
3080 5355 3421 5421 scandalum,
3459 5355 3600 5411 sicut

2017 5458 2307 5516 Psalmista
2336 5463 2592 5523 testatur,
2618 5454 2802 5510 dicens
2831 5471 2844 5507 :
2876 5451 3005 5509 Fiat
3024 5467 3206 5508 mensa
3226 5466 3409 5506 eorum
3432 5465 3613 5506 coram

2018 5550 2148 5622 ipsis
2175 5550 2233 5603 in
2272 5548 2515 5621 laqueum
2550 5555 2597 5601 et
2636 5546 2694 5599 in
2721 5544 3088 5600 retributiones
3130 5551 3178 5598 et
3210 5542 3268 5597 in
3292 5539 3607 5597 scandalum

2024 5641 2197 5719 (Psat.
2240 5642 2463 5714 vam);
2505 5640 2721 5712 quando
2759 5639 2861 5710 ipsi
2900 5636 3073 5694 Judaei
3114 5634 3322 5692 Christi
3362 5628 3612 5704 spiritale

322 5729 424 5797 Illa
453 5741 632 5791 autem
658 5750 810 5802 vasa,
840 5752 960 5808 quae
1003 5737 1261 5796 deaurata
1298 5740 1575 5807 dicuntur,
1612 5739 1924 5813 signiﬁcant
2024 5735 2277 5796 detestati
2305 5741 2433 5791 sunt
2470 5732 2801 5790 convivium.
2833 5729 3099 5803 Praecepit
3136 5728 3399 5786 Dominus
3438 5722 3613 5795 Moysi

316 5836 429 5921 ‘er
477 5839 615 5901 quos
657 5826 859 5888 donum
902 5828 1159 5905 periectas
1213 5831 1501 5895 charitatis
1538 5833 1789 5893 adornat.
1842 5831 1921 5891 De
2025 5834 2082 5893 in
2111 5830 2298 5894 Exodo
2331 5827 2531 5926 (Evoti.
2561 5826 2814 5927 ambat
2825 5818 3424 5929 iaceret

1937 5966 1951 5981 χ

2876 5922 2995 5930 “-ο,-«
3010 5920 3125 5928 uno...“

2479 5990 2591 6001 ,για-..η
3016 5984 3068 6001 ,ά
