4038 6324
481 445 588 503 599

1119 442 1180 497 Β.
1221 441 1472 498 RABANI
1509 441 1728 499 MAURI
1765 443 2087 500 ARCIIIEP.
2129 399 2437 499 MOGUNT.
2468 437 2753 495 OPERUM
2787 435 2967 492 PARS
3004 434 3068 490 II.

3647 434 3759 492 600

482 563 701 630 sethim,
729 569 786 619 et
810 559 1116 634 pararet;in
1144 559 1505 615 ministerium
1532 559 1652 629 ejus
1671 560 1886 616 diversa
1909 575 2060 626 vasa,
2088 561 2142 622 Α
2165 570 2261 612 eos
2282 556 2370 611 hic
2387 562 2598 642 crater;
2626 570 2753 610 nam
2770 552 2962 610 Latine
2981 552 3099 609 haec
3117 546 3331 608 cratera
3352 549 3555 608 dicitur
3571 593 3586 619 ,
3610 551 3768 610 unde

481 657 585 712 hoc
609 662 712 720 est,
765 651 1066 715 acetabula,
1106 649 1336 720 phialas,
1375 650 1668 716 thurihula,
1719 660 1775 706 ct
1817 651 2060 722 cyathos,

483 747 538 803 in
563 747 760 816 quibus
782 743 1056 801 olerenda
1081 751 1240 796 erant
1266 741 1546 808 libamina,
1575 751 1685 798 etc.
1711 742 1896 799 Mensa
1917 743 2063 797 enim

481 839 697 896 Domini
726 838 794 894 de
829 837 988 908 lignis
1025 835 1222 892 sethim
1267 833 1412 890 facta
1441 833 1723 904 Scriptura
1751 842 1838 890 est
1881 847 2060 898 sacra,

482 931 551 986 de
579 929 780 986 sanctis
820 928 952 984 viris
990 927 1222 997 prolata.
1260 923 1405 981 Vasa
1433 926 1607 993 varia,
1655 940 1776 996 quae
1815 927 1885 982 ad
1933 924 2067 980 olle-

480 1018 649 1075 renda
686 1025 812 1075 sunt
850 1017 1106 1074 libamina
1130 1015 1299 1081 facta,
1333 1015 1502 1070 variae
1539 1023 1666 1070 sunt
1691 1014 2064 1071 distinctiones

480 1109 681 1181 eloquii
730 1109 896 1164 divini
936 1122 1036 1180 pro
1074 1105 1278 1176 dispari
1319 1107 1621 1176 capacitate
1672 1106 2009 1162 audientium
2044 1121 2060 1162 :

482 1215 590 1256 non
618 1201 764 1256 enim
793 1216 900 1255 una
933 1198 1231 1271 eademque
1265 1201 1519 1256 omnibus
1559 1207 1741 1270 potest
1772 1200 2064 1257 convenire

479 1293 748 1349 doctrina.
777 1291 947 1347 Aliter
967 1306 1200 1362 namque
1222 1292 1516 1363 sapientes,
1539 1291 1698 1345 aliter
1721 1290 2060 1362 insipientes,

479 1384 641 1439 aliter
685 1384 912 1448 divites,
968 1383 1126 1438 aliter
1168 1397 1456 1453 pauperes,
1508 1381 1666 1436 aliter
1717 1381 1856 1446 sani,
1905 1381 2064 1436 aliter

480 1475 700 1550 inﬁrmi,
726 1475 884 1532 aliter
909 1490 1090 1540 senes,
1120 1473 1278 1528 aliter
1296 1473 1547 1543 juvenes,
1571 1472 1728 1528 aliter
1748 1471 1873 1537 viri,
1906 1472 2064 1527 aliter

479 1567 714 1632 feminas,
745 1566 904 1622 aliter
933 1566 1168 1630 caelibes,
1209 1565 1370 1620 aliter
1397 1562 1690 1636 eonjugati,
1729 1562 1887 1618 aliter
1925 1579 2065 1634 pra:-

476 1660 594 1727 lati,
633 1661 791 1715 aliter
834 1657 1064 1724 subditi,
1095 1657 1324 1713 docendi
1362 1663 1508 1713 sunt.
1548 1655 1680 1724 Qua:
1721 1663 1902 1710 tamen
1933 1671 2063 1710 vasa

476 1756 657 1811 omnia
696 1755 764 1811 ad
806 1755 1082 1811 otl'erenda
1131 1755 1388 1810 libamina
1432 1754 1706 1824 pertinent
1739 1773 1751 1808 :
1788 1753 1913 1823 quia
1941 1768 2064 1809 cum

473 1846 718 1918 prudens
753 1845 943 1901 doctor
988 1846 1203 1902 diversa
1248 1861 1347 1914 pro
1383 1845 1698 1900 diversitate
1730 1845 2064 1900 audientium

2165 654 2223 702 et
2268 645 2493 702 Persius
2515 663 2528 700 :

2407 738 2464 791 Si
2479 740 2571 791 tibi
2593 747 2812 791 crateras
2831 739 3048 802 argenti.

2165 822 2425 894 Virgilius
2447 840 2462 876 :

2289 910 2518 963 Crateras
2539 923 2740 975 magnas
2761 916 2998 974 statuunt,
3027 916 3080 962 et
3102 909 3214 959 vina
3236 917 3489 960 coronant.

2164 1015 2394 1073 Flebant
2437 1023 2617 1071 autem
2648 1015 2886 1086 primum
2930 1031 2996 1070 ex
3029 1015 3464 1070 connexionibus
3491 1013 3772 1085 virgulto-

2164 1125 2306 1164 rum.
2346 1108 2500 1165 Undc
2522 1117 2578 1164 et
2605 1108 2762 1164 dictat
2790 1093 3014 1164 cratera:
3041 1125 3142 1178 apo
3169 1116 3263 1162 tou
3287 1108 3489 1163 cratein
3510 1148 3526 1174 ,
3567 1107 3620 1163 id
3655 1117 3768 1172 est.

2165 1199 2308 1270 quod
2347 1214 2406 1255 se
2444 1199 2676 1255 invicem
2716 1207 2956 1255 teneant.
2991 1199 3186 1270 Cyathi
3221 1212 3435 1269 quoque
3463 1206 3518 1254 et
3548 1197 3770 1270 scyphi.

2165 1289 2391 1362 Cymbia
2425 1300 2480 1345 et
2530 1290 2646 1360 ipsa
2685 1290 3000 1360 poculorum
3042 1297 3167 1345 sunt
3203 1305 3436 1362 genera,
3468 1305 3536 1345 ex
3563 1289 3772 1361 quibus

2164 1382 2379 1454 cymbia
2400 1381 2590 1451 pocula
2601 1380 2744 1436 dicta
2759 1389 2965 1435 suntex
2991 1380 3344 1436 similitudine
3357 1381 3563 1452 cymba:
3585 1380 3768 1436 navis.

2236 1478 2477 1548 Amystis
2505 1478 2716 1548 species
2741 1477 2942 1548 poculi,
2985 1491 3092 1546 qua
3120 1476 3345 1543 ductim,
3375 1476 3481 1532 hoc
3510 1486 3617 1542 est,
3651 1491 3768 1531 uno

2166 1568 2364 1638 spiritu
2394 1567 2616 1622 bibitur.
2654 1566 2869 1622 Bachea
2899 1566 3136 1637 primum
3176 1582 3205 1620 a
3245 1566 3478 1630 Baccho,
3507 1567 3653 1636 quod
3683 1575 3776 1622 est

2167 1662 2375 1725 vinum,
2419 1662 2696 1716 nominata
2729 1679 2742 1715 :
2778 1669 2966 1731 postea
2996 1661 3052 1715 in
3097 1660 3286 1716 usibus
3311 1659 3552 1729 aquariis
3592 1668 3776 1714 trans-

2167 1751 2248 1806 iit.
2280 1750 2490 1808 Calices
2527 1760 2582 1807 et
2617 1751 2816 1807 calathi
2853 1761 2908 1805 et
2943 1751 3173 1816 schalae,
3212 1751 3531 1822 poculorum
3567 1766 3772 1822 genera

2166 1853 2292 1898 ante
2347 1858 2415 1897 ex
2449 1843 2595 1915 ligno
2642 1842 2808 1910 facta,
2857 1852 2913 1900 et
2957 1845 3080 1899 inde
3118 1852 3331 1898 vocata.
3383 1843 3559 1900 Graeci
3613 1843 3778 1898 enim

477 1935 741 2006 loquitur,
774 1937 1028 1992 universa
1056 1937 1109 1992 in
1143 1937 1331 2007 regula
1369 1951 1539 1992 sacra:
1571 1935 1867 2006 Scriptura:
1908 1949 2066 2006 repe-
2092 1951 2141 2010 Β
2167 1949 2327 1988 omne
2356 1933 2560 2004 lignum
2590 1935 2746 1990 calon
2777 1935 3048 1990 dicebant.
3076 1933 3227 1990 Calix
3254 1935 3523 2006 signiﬁcat
3549 1950 3771 1990 sacram

477 2029 714 2095 riuntur,
747 2037 910 2100 atque
950 2029 1019 2084 ad
1048 2026 1323 2084 offerenda
1361 2030 1590 2084 Domino
1631 2038 1752 2083 vota
1798 2029 2068 2084 bonorum
2175 2021 2552 2100 Scripturam,_
2567 2025 2620 2081 id
2651 2034 2756 2092 est,
2799 2027 2905 2081 duo
2932 2035 3290 2093 testamenta,
3329 2037 3386 2082 ut
3424 2029 3646 2096 quidam
3677 2042 3777 2082 vo-

477 2135 702 2191 operum
729 2096 890 2176 corda
921 2121 1164 2177 excitant
1192 2119 1522 2176 auditorum.
1567 2119 1706 2176 Hinc
1741 2127 1796 2175 et
1838 2120 1894 2174 in
1928 2119 2068 2174 libro
2173 2115 2324 2181 lunt;
2355 2116 2495 2171 sicut
2521 2096 2576 2170 i'n
2607 2116 2900 2187 Evangelio
2922 2117 3218 2172 secundum
3241 2117 3444 2173 Lucam
3473 2118 3608 2174 duos
3630 2118 3774 2174 cali-

476 2209 840 2265 Numerorum
886 2210 1149 2280 scriptum
1188 2218 1306 2276 est,
1346 2210 1492 2280 quod
1528 2209 1802 2281 principes
1839 2208 2068 2266 oll'erent
2171 2225 2283 2276 ces,
2317 2227 2483 2266 unum
2505 2218 2632 2265 ante
2653 2225 2886 2277 comam,
2917 2220 2972 2267 et
2993 2211 3157 2266 alium
3172 2218 3298 2280 post
3323 2223 3535 2266 ccenam
3557 2211 3611 2265 in
3632 2209 3774 2268 Pas-

476 2302 546 2357 ad
575 2301 970 2358 dedicationem
992 2302 1180 2358 altaris
1207 2302 1420 2358 diversa
1443 2317 1596 2367 vasa,
1620 2303 1726 2358 hoc
1748 2309 1854 2370 est,
1879 2310 2065 2358 aceta-

474 2393 626 2460 bula,
673 2393 886 2464 phialas
931 2402 988 2449 et
1018 2393 1352 2449 mortariola.
1389 2393 1520 2462 Quae
1554 2393 1744 2464 utique
1778 2394 2064 2466 mysticam

474 2486 924 2558 signiﬁcationem
951 2486 1172 2542 habent.
1217 2487 1462 2557 Denique
1486 2485 1792 2552 acetabula,
1821 2501 1944 2557 quae
1971 2503 2068 2542 an-

473 2589 693 2652 gustum
717 2596 781 2637 os
809 2580 1031 2647 habent,
1064 2581 1368 2652 angustiam
1407 2581 1615 2636 litterae
1654 2579 1862 2652 legalis,
1888 2587 1944 2635 et
1970 2579 2068 2636 ob-

473 2672 790 2726 scuritatem
848 2671 1140 2728 locutionis
1194 2673 1528 2742 prophetica:
1580 2686 1678 2742 per
1740 2671 2065 2742 mysterium

473 2761 802 2832 exprimunt.
820 2760 1038 2833 Phyalae
1060 2778 1214 2829 vero,
1240 2780 1360 2834 qua:
1379 2779 1448 2819 ex
1470 2764 1614 2819 vitro
1634 2762 1888 2834 primitus
1908 2762 2067 2819 facta:

474 2852 730 2908 dicuntur
772 2853 923 2924 (nam
957 2852 1134 2910 Graeci
1178 2855 1382 2910 vitrum
1417 2855 1615 2927 hyalon
1659 2856 1964 2926 nominant)
2010 2862 2067 2912 et

472 2957 596 2998 cum
619 2958 832 2999 summo
853 2954 980 2999 sunt
1013 2945 1127 3001 oris
1156 2945 1387 3014 latioris,
1411 2946 1749 3002 luciditatem
1772 2961 1837 3003 ac
1856 2948 2067 3018 perspi-

473 3033 734 3088 cuitatem
777 3033 1089 3108 Evangelici
1119 3053 1332 3102 sensus,
1361 3038 1432 3093 in.
1458 3054 1567 3109 quo
1595 3039 1856 3111 mysteria
1882 3041 2064 3095 omnia

473 3123 610 3197 legis
637 3133 693 3180 et
727 3129 1112 3197 prophetarum
1142 3129 1430 3201 explanata
1462 3139 1610 3196 sunt,
1642 3139 1697 3186 et
1723 3130 1884 3201 plana
1908 3131 2063 3188 locu-

471 3217 621 3272 tione
648 3218 908 3274 doctrinze
947 3218 1292 3290 Apostolicae,
1326 3221 1379 3275 in
1410 3237 1516 3291 qua
1541 3236 1627 3287 ea,
1660 3238 1780 3292 quae
1825 3223 1978 3292 prius
2007 3222 2063 3277 in

2169 2302 2271 2356 cha
2300 2301 2561 2357 Dominus
2582 2301 2840 2372 apostolis
2875 2301 3164 2358 tradidisse
3199 2301 3397 2373 legitur
3425 2300 3578 2371 (Luc.
3604 2302 3771 2374 xxii).

2168 2390 2300 2448 Item
2328 2391 2466 2446 calix
2497 2391 2794 2462 ﬁguraliter
2825 2392 3081 2462 exprimit
3117 2391 3378 2462 supplicia
3409 2400 3774 2461 peccatorum

2169 2481 2225 2536 in
2252 2481 2519 2536 Psalterio
2546 2499 2558 2534 :
2591 2480 2738 2552 Ignis
2762 2490 2809 2534 et
2838 2480 3060 2549 sulphur
3083 2491 3130 2536 et
3157 2481 3371 2552 spiritus
3392 2479 3770 2551 procellarum,

2167 2588 2292 2641 pars
2315 2570 2494 2625 calicis
2515 2587 2697 2625 eorum
2730 2569 2906 2642 (Psal.
2936 2570 3014 2644 x).
3045 2570 3284 2627 Rursum
3310 2569 3451 2626 calix
3485 2569 3772 2626 tribulatio

2168 2675 2254 2722 est
2299 2666 2424 2722 vitae
2462 2666 2767 2738 praesentis,
2793 2675 2847 2720 et
2873 2665 3113 2721 vindicta
3151 2665 3207 2720 in
3245 2678 3436 2720 omnes
3473 2672 3666 2736 gentes
3713 2663 3772 2720 in

2168 2759 2408 2817 Jeremia
2441 2778 2455 2815 :
2493 2760 2682 2831 Accipe
2711 2759 2928 2814 calicem
2953 2759 3136 2824 istum,
3159 2767 3206 2813 et
3234 2756 3386 2812 dabis
3415 2774 3481 2812 ex
3506 2773 3568 2812 eo
3595 2756 3773 2813 bibm

2169 2852 2240 2907 ad
2261 2869 2441 2908 omnes
2475 2862 2653 2924 gentes
2685 2852 2822 2925 (Jer.
2857 2850 3007 2924 xxv).
3029 2850 3280 2922 Ampulla
3303 2858 3386 2906 est
3408 2850 3564 2920 quasi
3589 2848 3772 2920 ampla

2167 2946 2351 3014 bulla;
2394 2948 2586 3004 similis
2631 2957 2718 3004 est
2750 2949 2897 3004 enim
2934 2945 3272 3003 rotunditate
3305 2945 3488 3008 bullis,
3533 2960 3657 3016 qua:
3699 2959 3768 3000 ex

2169 3039 2378 3108 spumis
2419 3055 2684 3110 aquarum
2733 3039 2871 3096 ﬁunt
2921 3049 3086 3110 atque
3146 3039 3220 3094 ita
3274 3037 3532 3092 inﬂantur
3580 3047 3768 3092 vento.

2167 3129 2412 3186 Diximus
2439 3141 2618 3187 autem
2662 3132 2915 3204 superius
2945 3132 3012 3188 de
3049 3131 3279 3203 mystica
3305 3127 3568 3199 [vasorum
3599 3129 3773 3199 signi-

2168 3219 2421 3277 ﬁcatione
2451 3239 2463 3275 :
2494 3236 2596 3277 nec
2629 3236 2855 3278 necesse
2884 3231 2969 3278 est
3001 3222 3180 3277 denuo
3210 3220 3264 3275 id
3304 3227 3589 3291 repetere;
3623 3219 3773 3291 quod

469 3305 760 3379 aenigmate
786 3307 1050 3377 latebant,
1079 3311 1133 3366 in
1166 3311 1289 3368 luce
1318 3311 1530 3382 prolata
1555 3321 1612 3368 et
1638 3313 1886 3384 exposita
1913 3321 2062 3379 sunt,
2090 3336 2138 3400 ο
2163 3309 2278 3381 iam
2308 3310 2542 3384 pleniter
2571 3318 2785 3368 constat
2817 3311 3168 3381 explanatum
3206 3323 3346 3366 esse.

471 3399 768 3456 insinuant.
793 3401 863 3456 Et
882 3402 1013 3473 quid
1039 3403 1093 3457 in
1120 3404 1436 3460 mortariolo
1462 3419 1652 3471 aureo,
1683 3404 1787 3460 nisi
1813 3419 1911 3460 cor
1949 3405 2062 3460 ele-

470 3498 685 3546 ctorum
719 3491 940 3563 plenum
983 3493 1164 3550 divina
1195 3494 1487 3564 sapientia,
1533 3503 1589 3552 et
1631 3502 1879 3552 aromata
1908 3496 1965 3552 in
2004 3511 2064 3554 se

468 3581 757 3641 continens
784 3584 1071 3653 virtutum,
1101 3585 1443 3658 significatur
1467 3588 1491 3642 ?

1084 3719 1314 3778 CAPUT
1351 3720 1445 3778 IV.

989 3829 1070 3887 De
1092 3832 1229 3889 vasis
1248 3834 1543 3905 potatoriis.

437 3979 442 3986 -
539 3941 802 4000 Poculum
848 3958 880 4000 a
911 3946 1149 4017 potando
1186 3947 1526 4003 nominatum
1560 3965 1574 4002 :
1606 3956 1691 4004 est
1729 3947 1875 4004 enim
1901 3962 2064 4005 omne

465 4051 582 4100 vas,
610 4037 666 4093 in
692 4053 802 4109 quo
823 4037 1041 4095 bibendi
1082 4052 1170 4095 εει
1211 4043 1566 4097 consuetudo.
1610 4040 1872 4097 Poculum
1913 4042 2062 4097 enim

469 4130 698 4202 mystice
731 4129 1004 4200 signiﬁcat
1044 4131 1273 4188 calicem
1323 4132 1605 4204 sanguinis
1640 4132 1876 4199 Domini,
1914 4133 2062 4203 quod

467 4223 548 4278 sic
575 4223 826 4287 inebriat,
860 4230 920 4277 ut
955 4231 1194 4279 mentem
1221 4233 1398 4288 sanet,
1435 4239 1468 4278 a
1503 4223 1716 4280 delictis
1741 4223 2060 4295 prohibens,

468 4329 578 4369 non
625 4318 694 4370 ad
727 4323 948 4385 peccata
984 4316 1310 4385 perducens.
1359 4314 1488 4371 Haec
1517 4315 1814 4372 vinolentia
1850 4316 2061 4373 sobrios

426 4426 432 4451 ς
469 4402 666 4470 reddit,
697 4403 814 4459 haec
849 4403 1129 4474 plenitudo
1167 4405 1326 4462 malis
1353 4414 1613 4472 evacuat;
1648 4414 1704 4462 et
1728 4406 1819 4476 qui
1846 4406 1938 4461 illo
1965 4422 2062 4478 po-

467 4495 592 4551 culo
630 4510 738 4550 non
780 4495 944 4551 fuerit
990 4497 1246 4570 repletus,
1292 4508 1495 4555 aeterna
1542 4499 1787 4556 redditur
1819 4509 2061 4573 egestate

425 4639 427 4642 .
460 4585 700 4657 jejunus.
745 4587 1024 4644 Invenitur
1048 4589 1213 4645 etiam
1241 4590 1296 4646 in
1333 4590 1477 4646 malo
1508 4591 1770 4662 positum,
1803 4600 1864 4648 ut
1890 4591 2060 4649 Isaias

2792 3401 3023 3458 CAPUT
3071 3401 3138 3456 V.

2500 3495 2580 3551 De
2605 3495 2742 3551 vasis
2764 3495 2984 3550 vinariis
3021 3496 3129 3549 sive
3165 3496 3422 3567 aquariis.

2231 3589 2592 3660 (Enophorus
2621 3603 2726 3644 vas
2756 3588 2938 3644 ferens
2965 3587 3172 3642 vinum.
3205 3585 3372 3645 Oinos
3407 3587 3553 3644 enim
3582 3587 3774 3644 vinum

2163 3688 2266 3736 est.
2293 3680 2370 3735 De
2394 3693 2502 3750 quo
2524 3686 2606 3734 est
2635 3677 2766 3733 illud
2798 3696 2811 3730 :

2316 3769 2542 3822 Vertitur
2563 3769 2846 3833 oenophoris
2869 3767 3064 3830 fundus,
3095 3770 3344 3820 sententia
3372 3769 3527 3819 nobis.

2163 3851 2408 3909 Phlascae
2445 3868 2513 3908 ex
2539 3850 2729 3908 Graeco
2764 3850 3029 3907 vocabulo
3063 3850 3240 3906 dictae.
3274 3850 3369 3906 Ila:
3395 3851 3774 3922 provehendis

2165 3959 2231 4002 ac
2261 3945 2619 4001 recoudendis
2649 3943 2862 4016 phyalis
2889 3944 3129 4014 primum
3161 3943 3319 4000 facta:
3348 3952 3499 4012 sunt,
3541 3945 3686 4001 unde
3713 3954 3775 4003 et

2163 4049 2510 4110 nuncupatas.
2548 4038 2744 4095 Postea
2783 4040 2840 4095 in
2883 4053 3040 4094 usum
3086 4038 3200 4094 vini
3242 4039 3606 4102 transierunt,
3655 4054 3775 4095 ma-

2164 4139 2326 4186 nente
2375 4129 2566 4187 Graeco
2599 4129 2883 4197 vocabulo,
2933 4129 3078 4186 unde
3121 4137 3474 4200 sumpserunt
3523 4129 3772 4185 initium.

2161 4221 2377 4293 Lagena
2395 4231 2450 4279 et
2469 4222 2628 4278 situla
2651 4221 2841 4278 Graeca
2863 4221 3082 4278 nomina
3105 4231 3254 4288 sunt,
3279 4221 3474 4279 inﬂexa
3495 4237 3564 4278 ex
3586 4231 3774 4293 parte,

2162 4323 2222 4369 ut
2245 4313 2438 4369 Latina
2468 4313 2677 4370 ﬁerent.
2712 4314 2791 4370 Illi
2820 4314 2968 4370 enim
2997 4313 3236 4385 lagenos,
3277 4329 3376 4369 nos
3417 4313 3663 4385 lagenas,
3691 4312 3776 4368 illi

2162 4403 2339 4472 sicile,
2381 4419 2481 4460 nos
2525 4403 2744 4459 situlam
2788 4403 3040 4462 dicimus.
3089 4403 3338 4476 Lagenae,
3378 4405 3547 4461 corda
3588 4404 3775 4461 homi-

2163 4511 2316 4562 num,
2360 4495 2641 4566 sapientiae
2671 4496 2859 4551 vinum
2900 4496 3215 4563 retinentia,
3258 4504 3320 4551 ut
3350 4496 3404 4551 in
3447 4497 3770 4568 propheta:

2164 4588 2350 4644 Omnis
2390 4588 2676 4660 laguncula
2721 4587 3022 4661 implebitur
3061 4591 3178 4645 vino
3207 4588 3344 4663 (Jer.
3377 4589 3528 4662 xm).
3560 4589 3775 4660 Hydria

463 4679 580 4735 ait:
615 4679 802 4750 Accepi
831 4680 896 4735 de
917 4697 1079 4736 manu
1108 4691 1201 4738 tua
1227 4682 1442 4739 calicem
1475 4684 1666 4753 ruinaz,
1690 4685 1938 4756 poculum
1961 4688 2057 4742 irae
2083 4703 2138 4763 D
2163 4695 2334 4751 genus
2383 4681 2532 4736 vasis
2588 4680 2843 4750 aquatilis
2892 4695 2992 4751 per
3044 4681 3440 4738 derivationem
3502 4690 3700 4737 VOCala
3751 4700 3769 4737 :

463 4781 511 4824 et
543 4770 920 4842 indignationis
950 4789 1079 4828 mea:
1103 4773 1239 4846 (Isa.
1266 4774 1399 4848 LXI).
1430 4774 1651 4831 Addidit
1673 4778 1864 4844 etiam,
1891 4793 2055 4847 quam

463 4862 785 4930 praeclarum
831 4872 916 4919 est
951 4865 1174 4937 utique,
1226 4884 1351 4924 cum
1393 4869 1520 4923 talia
1561 4869 1838 4935 conferat,
1889 4877 1951 4923 ut
1987 4869 2056 4924 ad

427 4992 430 4995 -
464 4951 728 5006 caelorum
764 4969 928 5025 regna
969 4957 1259 5025 perducat;
1306 4959 1373 5013 de
1414 4973 1522 5027 quo
1553 4959 1747 5028 poculo
1779 4959 1836 5014 in
1872 4959 2054 5012 Evan-

464 5040 606 5112 gelio
629 5041 828 5098 dicitur
853 5060 867 5098 :
903 5044 1008 5111 Qui
1045 5048 1233 5103 biberit
1265 5065 1329 5102 ea:
1350 5066 1488 5118 aqua
1513 5066 1674 5120 quam
1703 5067 1796 5121 ego
1823 5051 1914 5116 do,
1950 5068 2055 5105 non

464 5133 606 5187 sitiet
647 5150 901 5205 unquam,
929 5138 1020 5192 sed
1058 5137 1148 5208 ﬁet
1178 5139 1234 5192 in
1263 5155 1323 5192 eo
1371 5138 1490 5207 fons
1529 5156 1680 5210 aqua:
1723 5139 1958 5196 salientis
1998 5141 2054 5196 in

465 5223 627 5278 vitam
643 5234 892 5281 (sternant
911 5227 1092 5297 (Joan.
1111 5228 1210 5299 ιγ).
1228 5227 1438 5285 Ρθιθι-ξε
1458 5230 1669 5302 phyalaa
1692 5239 1839 5297 sunt,
1863 5232 2052 5289 dictae:

466 5314 553 5369 vel
579 5318 797 5388 quodin
830 5321 962 5391 ipsis
990 5329 1182 5391 potare
1216 5312 1472 5387 solemus,
1515 5323 1599 5378 vel
1627 5325 1771 5394 quod
1807 5333 2058 5394 patentes

466 5418 595 5466 sunt
617 5411 996 5484 dispansisque
1018 5411 1206 5469 labris.
1232 5413 1434 5470 Phiala:
1457 5415 1707 5472 doctores
1732 5427 1858 5472 sunt
1881 5420 2056 5474 sancti

466 5503 524 5558 in
551 5502 816 5571 Ecclesia,
843 5502 1022 5574 ampla
1051 5504 1276 5560 scientia
1295 5505 1501 5561 referti.
1529 5508 1606 5562 De
1633 5524 1742 5578 quo
1769 5509 1821 5563 in
1849 5510 2054 5564 Exodo.

465 5592 601 5650 Item
628 5595 840 5665 phyala:
865 5610 986 5650 sors
1009 5594 1062 5649 in
1085 5598 1462 5666 peccatoribus
1497 5599 1588 5652 ira:
1616 5599 1827 5663 divinm,
1855 5601 1921 5655 de
1949 5616 2058 5671 quo

465 5686 523 5739 in
552 5685 873 5757 Apocalypsi
909 5703 922 5739 :
951 5685 1180 5757 Septem,
1205 5687 1402 5757 inquit,
1427 5689 1634 5760 phyalte
1660 5691 1935 5746 novissime
1963 5691 2056 5745 ira:

400 5807 402 5810 τ
465 5775 566 5830 Dei
590 5776 756 5847 plena:
785 5776 969 5850 (Apoc.
1004 5779 1135 5850 xvr).
1165 5778 1390 5836 Cratcra
1419 5782 1558 5837 calix
1587 5792 1670 5837 est
1692 5784 1826 5838 duas
1853 5783 2059 5839 habens

467 5883 650 5936 ansas,
675 5879 727 5922 et
754 5879 836 5926 est
856 5870 1108 5929 Graecum
1128 5888 1329 5930 nomen
1359 5887 1373 5927 :
1406 5873 1708 5931 declinatur
1736 5875 1879 5930 enim
1915 5877 2056 5947 apud

813 5976 860 5993 -4

2162 4771 2299 4826 udor
2341 4771 2488 4825 enim
2536 4769 2711 4825 Graeci
2767 4786 2965 4841 aquam
3013 4771 3218 4826 dicunt.
3276 4771 3481 4842 Hydria
3536 4787 3772 4827 carnem

2164 4861 2442 4916 hominum
2480 4861 2768 4933 signiﬁcat,
2810 4870 2870 4916 ut
2914 4862 2967 4916 in
2999 4861 3138 4918 libro
3169 4861 3422 4917 Iudicum
3455 4880 3468 4916 ε
3520 4862 3590 4916 Et
3617 4864 3769 4918 dedit

2162 4952 2218 5004 in
2245 4969 2432 5006 manus
2461 4969 2643 5006 eorum
2677 4952 2894 5023 hydrias
2920 4969 3113 5007 vacuas
3141 4949 3296 5023 (Iud.
3329 4953 3451 5023 vn).
3477 4951 3546 5007 Et
3576 4952 3630 5007 in
3661 4952 3768 5009 Sa-

2164 5040 2380 5097 lomone
2430 5059 2445 5096 :
2499 5040 2846 5110 Conteratur,
2881 5042 3077 5114 inquit,
3137 5043 3326 5114 hydria
3376 5059 3536 5113 super
3583 5042 3771 5098 locum

2164 5134 2363 5206 (Eccle.
2401 5134 2522 5209 xu),
2570 5137 2674 5192 hoc
2703 5147 2807 5202 est,
2858 5137 3093 5192 carnalis
3119 5136 3410 5208 cupiditas,
3439 5135 3505 5191 de
3551 5151 3662 5206 qua
3705 5136 3768 5193 in

2161 5213 2460 5298 Evangelio
2496 5227 2695 5300 legitur
2729 5245 2743 5283 :
2787 5227 3014 5297 Reliquit
3054 5245 3175 5299 ergo
3227 5229 3472 5299 hydriam
3502 5244 3679 5290 suam,
3708 5235 3765 5280 et

2159 5322 2287 5376 abiit
2335 5322 2390 5376 in
2434 5323 2695 5376 civitatem
2747 5319 2928 5394 (Joan.
2972 5319 3068 5394 tv).
3121 5319 3229 5376 Sex
3270 5335 3403 5392 ergo
3453 5319 3663 5390 hydria:
3704 5318 3766 5372 in

2162 5413 2452 5485 Evangelio
2481 5411 2662 5486 (Joan.
2691 5413 2777 5488 ιι),
2824 5412 3133 5484 signiﬁcant
3172 5428 3268 5469 sex
3307 5421 3497 5467 tetates
3545 5409 3762 5476 mundi,

2164 5510 2216 5562 in
2248 5509 2445 5578 quibus
2471 5524 2611 5578 aqua
2649 5507 2930 5578 sapientia:
2969 5505 3154 5577 legalis
3179 5521 3279 5575 per
3305 5505 3583 5561 Christum
3620 5517 3759 5557 oon—

2165 5617 2320 5655 versa
2363 5609 2446 5655 est
2487 5601 2538 5654 in
2577 5601 2762 5654 vinum
2797 5599 2984 5670 gratia:
3030 5597 3311 5668 spiritalis.
3350 5595 3523 5652 Situla
3547 5636 3562 5661 ,
3612 5593 3767 5666 quod

2160 5694 2469 5749 sitientibus
2505 5702 2631 5762 apta
2669 5692 2738 5747 sit
2777 5691 2847 5746 ad
2891 5690 3183 5746 bibendum
3219 5707 3233 5744 :
3263 5689 3407 5760 quod
3448 5703 3546 5744 vas
3578 5686 3764 5742 Graeci

2164 5783 2357 5839 cadum
2389 5791 2603 5838 vocant.
2641 5781 2814 5836 Situla
2840 5780 3073 5852 mystice
3100 5796 3322 5838 carnem
3355 5778 3558 5835 Christi
3580 5775 3760 5848 signi-

2165 5876 2310 5932 ﬁcat.
2375 5875 2524 5933 Unde
2575 5874 2628 5930 in
2678 5871 2816 5931 libro
2874 5870 3233 5930 Numerorqu
3293 5871 3558 5945 scriptum
3601 5875 3692 5926 est
3732 5879 3754 5926 :
