4038 6324
368 330 466 386 601

1355 323 1443 379 DE
1481 321 1829 381 UNIVERSO
1867 323 2048 380 LIBRI
2083 323 2249 382 X-Xll.
2292 357 2362 367 —
2399 327 2527 384 LIB.
2570 323 2736 386 XXII.

3525 327 3636 394 6οΩ

370 450 516 504 Fluit"
546 463 687 518 aqua
727 445 792 500 de
820 443 983 499 situla
1004 442 1118 514 ejus
1139 438 1328 510 (Num.
1373 439 1546 510 xxxv).
1572 438 1822 495 Catinum
1851 455 1948 496 vas
1975 447 2027 507 Α
2051 455 2272 496 suorum
2301 441 2481 514 (Joan.
2515 443 2660 514 xm),
2707 443 2980 516 signiﬁcat
3021 446 3323 504 orationem
3359 458 3631 522 sanctam,

367 535 582 608 ﬁctile,
608 539 752 610 quod
797 536 990 592 melius
1030 543 1221 590 neutro
1267 547 1462 605 genere
1505 533 1736 598 dicitur,
1781 549 1945 604 quam

367 631 668 688 masculino
698 647 712 684 :
745 628 885 684 sicut
914 636 968 682 et
997 625 1223 680 salinum
1251 625 1448 680 dicitur
1472 639 1570 679 vas
1609 633 1794 693 aptum
1820 623 1947 679 sali-

365 725 487 782 bus.
519 722 766 779 Catinum
807 720 1053 774 eamdem
1076 716 1530 788 signiﬁcationem
1561 714 1743 781 habet,
1781 729 1945 785 quam

367 814 604 868 diximus
629 811 692 866 de
726 807 1033 880 paropside,
1062 807 1116 862 in
1153 822 1260 878 qua
1289 804 1676 860 manifestatus
1695 813 1781 860 est
1819 820 1946 875 pro-

367 904 512 960 ditor
546 901 864 958 Salvatoris.
915 898 1181 971 Scyphus,
1221 898 1274 952 in
1301 913 1409 969 quo
1446 912 1640 953 manus
1678 895 1940 952 lavamus.

365 997 627 1053 Orcarum
661 993 856 1049 seriola
886 1000 969 1047 est
1000 992 1132 1047 ordo
1171 997 1354 1045 rectus
1381 989 1469 1044 vel
1511 1004 1608 1045 vas
1641 987 1806 1044 ﬁctile
1832 989 1943 1044 vini

362 1089 501 1162 apud
550 1087 762 1158 Syriam
789 1085 1024 1158 primum
1054 1084 1440 1156 excogitatum,
1482 1083 1623 1140 sicut
1645 1083 1879 1138 cilicises
1912 1098 1943 1137 a

360 1181 547 1239 Cilicia
584 1186 942 1249 nuncupatae,
985 1178 1127 1232 unde
1170 1185 1224 1231 et
1252 1176 1486 1247 primum
1529 1175 1768 1231 advecta
1795 1183 1939 1229 sunt.

359 1273 608 1346 Scyphus
654 1271 928 1342 signiﬁcat
961 1268 1241 1324 scientiam
1280 1267 1460 1339 legis:
1492 1267 1632 1322 unde
1681 1267 1736 1322 in
1783 1281 1942 1322 sacco

357 1366 637 1436 Benjamin
666 1365 915 1420 inventus
951 1370 1035 1417 est
1063 1363 1296 1434 scyphus
1319 1361 1516 1432 Ioseph
1559 1359 1714 1432 (Gen.
1739 1356 1893 1432 'xmv)
1921 1376 1936 1426 ;

355 1461 480 1532 quia
514 1459 568 1513 in
599 1471 827 1528 corpore
869 1455 1018 1511 Pauli
1054 1455 1299 1510 doctrina
1325 1453 1562 1509 caelestis
1590 1451 1942 1523 praefulgebat

355 1553 574 1623 eloquii.
607 1550 747 1606 Orca
777 1558 860 1605 est
881 1548 1154 1619 amphora:
1174 1547 1402 1617 Species,
1428 1547 1582 1616 cujus
1612 1545 1819 1600 minore
1839 1559 1938 1599 vo-

352 1645 544 1703 cabulo
567 1659 784 1708 urceus,
801 1641 1123 1697 diminutivo
1145 1638 1393 1694 urceolus
1413 1647 1516 1694 est.
1543 1637 1823 1693 Dolium...
1839 1637 1940 1692 Cu-

351 1754 448 1808 pos
476 1745 530 1792 et
553 1751 721 1806 cupas
737 1750 764 1788 a
780 1732 1061 1803 capiendo,
1087 1731 1140 1785 id
1167 1739 1268 1795 est,
1294 1730 1609 1800 accipiendo
1629 1744 1825 1800 aquam
1849 1728 1934 1785 vel

2048 547 2147 603 per
2167 548 2327 603 quam
2352 534 2525 604 gratia
2551 533 2730 590 divina
2763 545 2885 606 post
2923 536 3250 594 lavationem
3279 541 3628 612 baptismatis

2046 628 2270 682 mundat
2289 642 2454 698 opera
2483 637 2668 683 nostra
2693 644 2723 683 a
2753 629 3007 686 sordibus
3028 633 3262 688 terrenis
3290 651 3304 689 :
3334 636 3480 691 unde
3506 637 3627 707 ipse

2046 717 2306 773 Dominus
2339 719 2393 772 in
2425 718 2718 789 Evangelio
2744 720 2821 773 ait
2851 734 2866 774 :
2901 719 3006 786 Qui
3043 721 3181 777 lotus
3206 733 3304 790 est,
3333 741 3438 780 non
3477 725 3633 784 habet

2046 825 2194 879 opus,
2230 807 2331 862 nisi
2363 807 2516 878 pedes
2543 806 2719 862 lavare
2747 821 2766 859 :
2788 808 2878 863 sed
2900 819 2976 864 est
3000 811 3229 867 mundus
3252 822 3390 868 totus
3413 813 3626 888 (Ibid.).

2046 899 2325 967 Quomodo
2369 908 2453 955 est
2494 909 2813 970 utrumque;
2858 909 2915 955 et
2949 903 3184 958 mundus
3231 911 3414 972 totus,
3459 913 3516 960 et
3545 912 3627 961 ta-

2044 1009 2169 1048 men
2195 995 2357 1064 pedes
2385 993 2597 1048 lavandi
2628 994 2788 1049 sunt?
2811 993 2924 1050 Nisi
2950 996 3075 1065 quia
3107 999 3342 1053 mundus
3373 1005 3517 1053 totus
3539 1005 3626 1053 est

2045 1085 2099 1141 in
2148 1086 2364 1141 lavacro
2408 1087 2580 1140 sancti
2625 1086 2997 1156 baptismatis,
3039 1087 3133 1144 sed
3167 1088 3363 1144 iterum
3403 1089 3627 1159 pulvere

2045 1185 2275 1232 terrenae
2319 1176 2670 1231 habitationis
2722 1177 3054 1232 sordidatur.
3113 1176 3269 1234 Unde
3307 1187 3364 1234 et
3401 1167 3628 1236 necesse

2043 1265 2209 1320 habet
2252 1265 2447 1321 iterum
2492 1266 2663 1321 lavari
2713 1282 2812 1337 per
2853 1268 3085 1338 gratiam
3140 1269 3336 1325 divinae
3383 1269 3625 1339 pietatis,

2043 1361 2168 1418 licet
2217 1362 2368 1433 prius
2393 1364 2581 1418 eadem
2603 1364 2778 1433 gratia
2797 1373 2944 1419 esset
2967 1373 3112 1420 totus
3147 1365 3461 1429 mundatus,
3487 1379 3620 1434 apo-

2041 1454 2181 1510 stolo
2206 1452 2410 1508 Joanne
2436 1462 2726 1509 attestante
2752 1468 2768 1506 :
2811 1453 2869 1508 Si
2894 1455 3184 1509 dixerimus
3205 1458 3330 1526 quia
3355 1463 3627 1526 peccatum

2041 1561 2146 1601 non
2189 1546 2471 1612 habemus,
2515 1564 2608 1601 nos
2639 1547 2778 1616 ipsos
2823 1548 3131 1618 decipimus,
3164 1558 3212 1602 et
3242 1549 3431 1603 veritas
3471 1549 3528 1603 in
3565 1563 3627 1604 eo

2044 1644 2234 1716 [nobis]
2284 1663 2388 1700 non
2435 1656 2510 1700 est
2559 1645 2622 1718 (I
2655 1644 2816 1701 Joan.
2870 1645 2942 1718 1).
2987 1645 3240 1713 Quotidie
3283 1661 3413 1716 ergo
3459 1645 3626 1715 pedes

2042 1733 2188 1790 lavat
2233 1737 2406 1802 nobis,
2449 1739 2542 1808 qui
2571 1737 2881 1806 interpellat
2922 1753 3019 1808 pro
3059 1740 3253 1804 nobis;
3295 1747 3350 1793 et
3384 1736 3627 1808 quotidie

353 1831 551 1892 vinum,
587 1835 810 1883 vocatas
834 1825 1024 1880 volunt
1065 1842 1077 1878 :
1115 1824 1258 1879 unde
1283 1830 1337 1878 et
1363 1836 1651 1891 caupones.
1699 1821 1832 1876 Uter
1867 1823 1934 1877 ab
1965 1817 2011 1876 B
2038 1843 2139 1883 nos
2157 1844 2291 1898 opus
2321 1830 2541 1895 habere,
2573 1836 2632 1883 ut
2659 1830 2824 1899 pedes
2859 1829 3126 1894 lavemus,
3156 1831 3210 1883 in
3240 1830 3356 1898 ipsa
3378 1829 3626 1883 oratione

350 1933 506 1982 utero
520 1932 741 1980 vocatus
764 1929 864 1977 est.
885 1921 959 1975 De
983 1928 1102 1974 utre
1121 1934 1250 1974 vero
1265 1917 1504 1988 psalmus
1525 1917 1601 1970 ait
1625 1935 1637 1970 :
1670 1915 1737 1970 Et
1763 1915 1935 1985 factus

350 2040 467 2078 sum
518 2021 651 2075 sicut
693 2028 809 2071 uter
845 2017 900 2071 in
942 2015 1168 2084 pruina,
1205 2011 1614 2083 justi/icationes
1663 2020 1780 2064 tuas
1832 2026 1937 2065 non

350 2131 467 2171 sum
495 2112 683 2166 oblitus
715 2107 887 2182 (Psal.
917 2105 1127 2178 cxvm).
1157 2103 1290 2159 Uter
1316 2103 1461 2158 enim
1505 2102 1558 2156 in
1599 2100 1796 2172 pruina
1835 2117 1934 2156 na-

352 2207 464 2262 tivo
503 2205 683 2262 calore
728 2209 1016 2258 vacuatum
1063 2198 1328 2254 beneﬁcio
1366 2195 1733 2252 conversionis
1767 2201 1936 2248 attra-

319 2299 517 2374 hitur,
547 2305 742 2354 etcum
768 2296 846 2350 sic
887 2291 1049 2348 fuerit
1080 2290 1222 2347 felici
1253 2299 1398 2345 sorte
1426 2297 1783 2353 maceratum,
1807 2301 1936 2356 pro-

317 2391 526 2460 _venit,
587 2387 728 2460 quod
789 2386 1074 2456 sequitur,
1131 2393 1190 2437 ut
1241 2381 1658 2454 justiﬁcationes
1717 2377 1932 2434 Domini

325 2481 652 2552 nullatenus
688 2479 860 2550 possit
907 2475 1171 2532 oblivisci.
1205 2473 1342 2530 Uter
1388 2472 1532 2527 enim
1560 2485 1758 2540 corpus
1787 2484 1933 2524 mor-

344 2571 451 2628 tale
471 2570 742 2643 signiﬁcat
763 2587 776 2623 :
805 2569 996 2640 pruina
1018 2565 1341 2622 beneﬁcium
1361 2563 1732 2620 conversionis
1752 2569 1934 2616 osten-

311 2664 424 2736 (dit
476 2677 492 2717 :
542 2677 641 2734 per
690 2673 853 2733 quam
897 2659 1096 2726 evenit,
1145 2667 1206 2712 ut
1253 2672 1382 2713 caro
1427 2667 1617 2711 nostra
1670 2653 1934 2708 laciviens

311 2752 630 2825 ,aﬁlictione
683 2750 1017 2822 paenitentia:
1075 2747 1449 2804 contrahatur.
1505 2744 1738 2800 Tantum
1785 2742 1930 2797 enim

343 2843 543 2900 crescit
567 2842 714 2899 calor
742 2839 889 2908 ﬁdei,
939 2846 1202 2912 quantum
1231 2839 1297 2895 de
1334 2836 1553 2893 ﬂamma
1593 2837 1930 2892 subtractum

341 2933 506 2990 fuerit
553 2933 838 3004 corporali.
886 2931 963 2986 De
1009 2931 1222 2986 utribus
1267 2945 1483 3000 quoque
1534 2928 1588 2982 in
1635 2925 1931 2998 Evangelio

341 3025 545 3081 mentio
574 3024 655 3091 ﬁt,
686 3025 777 3080 ubi
805 3023 1067 3079 Dominus
1096 3023 1162 3079 de
1186 3021 1574 3094 przedicatione
1617 3020 1741 3076 ﬁdei
1782 3020 1932 3075 locu-

342 3127 494 3172 turus
522 3115 600 3170 ait
623 3130 638 3170 :
667 3114 836 3170 Nemo
863 3115 1022 3168 mittit
1051 3114 1225 3169 vinum
1247 3129 1434 3168 novum
1456 3113 1511 3166 in
1532 3122 1674 3166 utres
1699 3119 1890 3168 veteres
1909 3152 1924 3176 ,

340 3209 571 3280 alioquin
610 3217 923 3279 rumpuntur
951 3217 1116 3272 utres,
1156 3216 1205 3260 et
1253 3206 1428 3260 vinum
1462 3203 1756 3274 effunditur
1786 3219 1805 3256 :
1834 3201 1926 3256 sed

341 3301 514 3356 vinum
542 3314 729 3354 novum
755 3299 810 3352 in
838 3307 977 3353 utres
1000 3313 1158 3352 novos
1185 3296 1397 3350 mittunt
1422 3307 1441 3346 :
1470 3304 1517 3349 et
1547 3293 1699 3348 ambo
1722 3309 1929 3348 conser-

339 3392 596 3447 rabuntur
625 3389 840 3464 (Matth.
875 3390 989 3463 1x);
1030 3390 1086 3445 in
1112 3388 1322 3444 utribus
1356 3387 1633 3444 veteribus
1675 3387 1926 3442 carnales

334 3484 588 3540 homines
614 3481 900 3553 designans
925 3489 981 3536 et
1005 3481 1060 3535 in
1084 3480 1297 3535 utribus
1322 3478 1478 3534 novis
1508 3477 1800 3547 spiritales,
1827 3476 1923 3546 qui

338 3579 447 3650 apti
479 3586 606 3633 sunt
633 3577 701 3632 ad
723 3576 1044 3646 capiendum
1072 3576 1258 3630 vinum
1281 3575 1468 3645 gratiae
1493 3575 1758 3630 caelestis.

406 3667 753 3738 Mulgarium,
796 3682 914 3732 vas,
957 3667 1012 3720 in
1048 3681 1154 3736 quo
1184 3665 1494 3737 mulgentur
1522 3681 1744 3736 pecora,
1779 3666 1924 3720 idem

291 3795 294 3800 η
338 3767 422 3816 est
453 3767 508 3815 et
540 3757 832 3814 mulctram
857 3757 926 3812 ab
955 3773 1019 3813 eo
1052 3756 1196 3828 quod
1237 3757 1310 3811 ibi
1335 3757 1608 3828 mulgetur
1644 3757 1750 3811 lac.
1787 3755 1925 3810 Mul-

286 3919 292 3925 ἢ
330 3851 548 3924 garium
567 3865 782 3922 quoque
803 3865 898 3905 vas
922 3857 1008 3905 est
1036 3849 1329 3921 pastorale,
1369 3849 1424 3902 in
1455 3863 1562 3918 quo
1580 3848 1666 3903 lac
1687 3846 1924 3902 infusum

301 3996 304 3998 .
337 3949 443 4008 est,
476 3950 531 3996 et
551 3940 820 4017 signiﬁcat
845 3949 1083 3997 veterem
1108 3938 1377 4008 legem,in
1410 3956 1515 4010 qua
1541 3938 1924 3994 continebatur

336 4032 426 4090 lac
465 4033 640 4090 facilis
683 4033 946 4089 doctrinae
986 4031 1250 4102 imperitis
1285 4031 1631 4086 conveniens.
1685 4029 1923 4085 Labrnm

285 4193 292 4208 ,
336 4135 585 4184 vocatum
607 4142 673 4182 eo
717 4125 860 4196 quod
902 4125 957 4180 in
986 4141 1052 4181 eo
1094 4123 1419 4179 lavationem
1446 4123 1564 4178 ﬁeri
1593 4121 1812 4178 solitum
1840 4127 1926 4176 est

286 4266 287 4274 ι
334 4217 646 4285 infantium,
690 4217 844 4287 cujus
889 4215 1296 4280 diminutivum,
1349 4213 1627 4268 labellum.
1674 4211 1820 4266 Idem
1865 4219 1922 4265 et

332 4309 570 4376 alveum,
619 4309 766 4379 quod
810 4308 863 4362 in
917 4323 982 4363 eo
1015 4306 1343 4362 ablutionem
1390 4305 1508 4360 ﬁeri
1565 4303 1780 4359 solitum
1818 4311 1920 4356 est.

335 4402 575 4459 Labrnm
605 4402 750 4458 enim
782 4403 837 4457 in
863 4402 1048 4457 Exodo
1072 4401 1310 4471 positum
1339 4398 1540 4470 legitur
1563 4405 1689 4453 ante
1717 4397 1922 4452 aditum

335 4495 518 4567 templi
566 4494 799 4561 Domini,
840 4494 930 4548 ubi
976 4493 1285 4548 sacerdotes
1327 4489 1584 4544 lavabant
1625 4501 1819 4543 manus
1866 4493 1922 4541 et

288 4657 290 4659 g
332 4587 519 4659 pedes,
562 4587 779 4658 quando
819 4582 1112 4656 ingressuri
1155 4590 1282 4637 sunt
1326 4578 1553 4652 [erant],
1591 4580 1918 4634 tabernacu-

333 4680 444 4734 lum
474 4677 789 4742 testimonii,
825 4684 880 4731 et
913 4675 1126 4744 quando
1150 4671 1422 4728 accessuri
1450 4672 1516 4726 ad
1547 4671 1749 4736 altare;
1775 4667 1920 4738 quod

333 4770 603 4840 signiﬁcat
616 4765 1047 4836 compunetionis
1071 4765 1431 4834 lacrymarum
1460 4760 1914 4817 emundationem.

335 4860 554 4914 Duobus
582 4875 818 4928 namque
855 4857 1026 4912 modis
1070 4856 1435 4927 lacrymarum
1465 4861 1520 4908 et
1549 4850 1920 4921 compunctio-

333 4967 463 5006 num
507 4959 680 5006 status
725 4950 1106 5020 distinguitur;
1147 4949 1272 5018 quia
1324 4947 1501 5019 primo
1549 4961 1772 5002 necesse
1809 4953 1912 5010 est,

336 5042 583 5113 quisquis
610 5043 678 5096 ad
702 5040 993 5096 Dominum
1027 5054 1322 5096 conversus
1349 5054 1454 5110 pro
1482 5039 1590 5104 his,
1621 5054 1743 5109 quae
1771 5054 1922 5095 com-

334 5140 502 5205 misit,
516 5131 782 5211 peccatis,
805 5139 1018 5196 veniam
1041 5137 1174 5192 fusis
1195 5137 1448 5208 lacrymis
1475 5147 1756 5208 precetur;
1781 5137 1924 5208 quod

337 5230 383 5285 si
421 5232 806 5287 comitantibus
853 5232 1028 5300 dignis
1064 5231 1404 5302 poenitentia:
1453 5230 1718 5286 fructibus
1763 5230 1923 5301 longo

279 5398 282 5399 ν
337 5333 586 5394 tempore
618 5324 930 5393 perfecerit,
973 5331 1162 5387 restat,
1202 5332 1263 5377 ut
1318 5324 1561 5378 securior
1600 5322 1667 5377 de
1699 5331 1922 5391 accepta

337 5423 687 5484 peccatorum
711 5417 867 5470 venia
892 5415 1115 5472 ellectus
1138 5414 1250 5482 jam
1275 5415 1559 5471 desideriis
1586 5413 1924 5468 initiantibus

339 5515 490 5577 optet
509 5508 695 5562 venire
723 5515 952 5577 tempus,
979 5523 1085 5577 quo
1108 5516 1380 5562 mereatur
1402 5509 1546 5562 inter
1576 5507 1924 5562 beatissimos

340 5599 659 5671 angelorum
704 5602 900 5656 choros
943 5601 1136 5656 faciem
1181 5603 1364 5657 videre
1409 5601 1703 5658 Creatoris.
1748 5601 1927 5656 Pelvis

341 5701 556 5758 vocata,
610 5694 751 5764 quod
791 5695 954 5764 pedes
996 5694 1070 5748 ibi
1101 5694 1368 5748 laventur.
1401 5694 1578 5749 Pelvis
1621 5694 1787 5758 enim,
1835 5692 1927 5748 ubi

341 5784 628 5857 Dominus,
677 5788 920 5845 immissa
958 5802 1121 5860 aqua,
1159 5787 1289 5845 lavit
1325 5786 1490 5859 pedes
1537 5786 1928 5858 discipulorum

2041 1919 2321 1976 Dominica
2361 1920 2702 1988 conﬁtemur,
2743 1937 2866 1976 cum
2913 1921 3183 1976 dicimus:
3217 1920 3434 1974 Dimitte
3474 1920 3622 1974 nobis

2038 2011 2210 2066 debita
2266 2021 2444 2067 nostra
2471 2054 2486 2079 ,
2531 2015 2665 2068 sicut
2704 2025 2753 2069 et
2800 2031 2893 2069 nos
2944 2015 3254 2069 dimittimus
3301 2013 3622 2070 debitoribus

2038 2103 2231 2158 nostris
2261 2102 2479 2176 (Matth.
2509 2105 2613 2177 v1).

2649 2196 2874 2254 CAPUT
2911 2199 2995 2254 VI.

2563 2285 2640 2340 De
2682 2289 2819 2342 vasis
2854 2288 3082 2344 oleariis.

2105 2376 2383 2434 Lenticula
2423 2378 2704 2433 vasculum
2734 2379 2994 2434 olearium
3033 2395 3100 2435 ex
3134 2395 3242 2436 aere
3267 2387 3362 2434 aut
3396 2386 3622 2451 argento

2034 2463 2255 2536 factum,
2301 2487 2331 2524 a
2374 2471 2612 2527 liniendo
2637 2473 2860 2528 dictum.
2896 2472 2987 2528 His
3008 2473 3152 2528 enim
3181 2489 3337 2544 reges
3364 2481 3418 2529 et
3434 2487 3619 2530 sacer-

2033 2562 2185 2617 dotes
2221 2561 2564 2618 ﬁniebantur.
2609 2561 2890 2634 Signiﬁcat
2917 2572 3098 2620 autem
3148 2564 3486 2636 Scripturam
3523 2578 3619 2619 sa-

2033 2667 2204 2719 cram,
2249 2654 2302 2708 in
2340 2669 2446 2724 qua
2493 2656 2801 2710 continetur
2824 2657 3113 2726 promissio
3158 2657 3394 2727 Spiritus
3423 2655 3619 2721 sancti,

2031 2761 2132 2816 per
2177 2745 2328 2815 cujus
2378 2748 2608 2820 gratiam
2659 2749 2914 2818 ungimur
2959 2756 3014 2804 et
3059 2747 3468 2804 sanctiﬁcamur
3511 2747 3623 2804 Deo

2034 2837 2219 2910 (Apoc.
2255 2837 2318 2908 ι),
2351 2853 2502 2911 reges
2529 2848 2585 2894 et
2623 2842 2936 2896 sacerdotes
2963 2840 3238 2911 spiritales
3262 2838 3544 2896 elﬁcimur.
3590 2830 3602 2840 ”

2629 2952 2857 3010 CAPUT
2902 2953 2993 3008 Vll

2353 3023 2430 3078 De
2465 3025 2603 3079 vasis
2623 3024 2944 3095 coquinariis
2969 3034 3019 3079 et
3043 3027 3298 3096 pistoriis.

2103 3116 2298 3174 Omnia
2326 3133 2455 3173 vasa
2482 3117 2750 3188 coquendi
2779 3131 2940 3174 causa
2966 3127 3159 3189 parata
3202 3118 3392 3174 cocula
3429 3117 3623 3174 dicun-

2033 3217 2140 3264 tur.
2173 3207 2404 3266 Plautus
2432 3227 2450 3264 :

2061 3308 2230 3360 Λευεὶς
2254 3309 2434 3360 eoculis
2454 3311 2570 3360 mihi
2595 3316 2799 3363 excocta
2833 3318 2909 3362 est
2931 3313 3088 3362 omnis
3109 3310 3461 3374 misericordia,
3487 3316 3584 3361 etc.

2029 3390 2146 3446 Olla
2195 3390 2337 3446 dicta
2367 3407 2465 3460 pro
2511 3407 2576 3446 eo
2619 3393 2764 3461 quod
2809 3392 3035 3448 ebulliat
3079 3393 3134 3448 in
3177 3409 3240 3448 ea
3289 3408 3452 3462 aqua,
3495 3392 3620 3463 igne

2002 3481 2294 3550 subjecto,
2337 3491 2398 3537 ut
2438 3483 2600 3538 altius
2633 3499 2802 3554 vapor
2827 3485 3145 3551 emittatur;
3195 3485 3336 3540 unde
3376 3490 3430 3539 et
3472 3481 3618 3538 bulla

2029 3573 2247 3639 dicitur,
2289 3588 2410 3644 qua
2451 3574 2505 3627 in
2546 3591 2686 3645 aqua
2717 3576 2866 3630 venti
2911 3576 3103 3646 spiritu
3132 3582 3484 3630 sustentatur.
3510 3572 3617 3628 Pa-

2030 3666 2175 3732 tella,
2199 3666 2355 3736 quasi
2375 3666 2558 3737 patula
2594 3685 2606 3720 :
2631 3675 2715 3722 est
2739 3667 2886 3721 enim
2913 3666 3019 3722 olla
3044 3666 3156 3720 oris
3204 3663 3618 3736 patentioribus.

2029 3755 2254 3827 Mystice
2299 3771 2429 3826 ergo
2472 3755 2527 3810 in
2570 3756 2677 3812 olla
2720 3757 2934 3827 generis
2977 3755 3229 3827 prosapia
3273 3751 3358 3826 (ut
3398 3752 3620 3822 quidam

2026 3849 2238 3923 volunt)
2282 3849 2639 3918 intelligitur:
2674 3850 2816 3905 unde
2845 3850 3106 3920 scriptum
3153 3856 3238 3903 est
3268 3847 3322 3902 in
3367 3845 3616 3917 psalmo:

2028 3941 2186 3996 Moab
2217 3941 2322 3996 olla
2351 3943 2458 4012 spei
2487 3958 2614 3996 mea:
2645 3939 2816 4014 (Psal.
2849 3941 2983 4013 ιιι),
3014 3949 3239 4010 propter
3268 3939 3438 3994 Ruth.
3479 3937 3617 3991 Item

2025 4033 2130 4090 olla
2160 4035 2436 4090 damnatio
2479 4035 2829 4104 sempiterna,
2855 4041 2916 4088 ut
2957 4034 3010 4087 in
3048 4031 3165 4088 Joel
3203 4050 3217 4087 :
3263 4031 3454 4086 Vultus
3485 4031 3620 4085 redi-

2025 4137 2212 4198 gentur
2243 4129 2301 4182 in
2339 4126 2498 4181 ollam
2547 4125 2707 4199 (Joel.
2758 4125 2843 4196 ll).
2896 4125 3135 4180 Rursum
3182 4124 3288 4179 olla
3333 4122 3488 4196 plebs
3535 4129 3620 4178 est

2022 4215 2274 4283 Judaica,
2325 4217 2618 4287 cupiditate
2660 4216 2865 4273 carnali
2917 4231 3167 4282 accensa,
3219 4216 3286 4272 de
3328 4228 3436 4285 qua
3465 4210 3618 4268 Jere-

2024 4309 2198 4364 mias:
2237 4305 2433 4374 Ollam,
2465 4308 2660 4377 inquit,
2700 4323 3006 4362 succensum
3045 4322 3137 4377 ego
3178 4305 3326 4361 video
3371 4301 3506 4376 (Jer.
3539 4301 3608 4376 ι).

2023 4401 2156 4456 Item
2207 4402 2262 4456 in
2307 4401 2524 4456 nomine
2554 4401 2673 4457 ollze
2719 4416 2959 4472 praesens
3001 4400 3265 4466 mundus,
3313 4396 3398 4453 vel
3446 4411 3618 4469 genus

2028 4495 2347 4561 humanum,
2391 4495 2504 4550 sive
2549 4495 2803 4564 quaelibet
2831 4497 3012 4550 anima
3038 4495 3317 4566 peccatrix
3360 4493 3471 4564 igni
3513 4491 3618 4546 tri-

2024 4585 2316 4641 bulationis
2359 4585 2604 4654 apposita
2649 4593 2894 4652 notatur,
2943 4585 3011 4641 de
3045 4601 3152 4655 quo
3185 4584 3446 4640 Dominus
3473 4581 3617 4636 dixit

2027 4681 2094 4734 ad
2138 4679 2473 4733 Ezechielem
2499 4693 2517 4730 :
2548 4675 2694 4732 Pone
2725 4678 2886 4732 ollam
2928 4695 3085 4747 super
3121 4693 3321 4747 prunas
3368 4689 3618 4738 vacuam,

2023 4769 2186 4822 donec
2228 4767 2509 4821 incalescat
2550 4784 2621 4820 (es
2662 4768 2774 4836 ejus
2800 4766 3016 4838 (Ezech.
3065 4765 3237 4835 xxrv).
3277 4762 3523 4818 Cacabus
3563 4769 3617 4816 et

2023 4874 2249 4914 cucuma
2276 4873 2306 4911 a
2330 4871 2463 4911 sono
2494 4855 2724 4912 fervoris
2751 4856 3222 4927 cognominantur.
3248 4853 3374 4908 Haec
3398 4853 3452 4907 in
3472 4851 3617 4906 Grae-

2022 4951 2102 5006 cis
2123 4959 2178 5005 et
2201 4949 2405 5005 Latinis
2430 4949 2736 5005 communia
2776 4949 2994 5002 nomina
3021 4947 3222 5002 habent
3253 4959 3268 4998 :
3300 4945 3394 4999 sed
3427 4951 3614 4998 utrum

2032 5040 2206 5096 Latini
2223 5057 2252 5094 a
2269 5041 2492 5104 Graacis,
2516 5056 2584 5093 an
2609 5037 3186 5094 Grzeci-aLatinishaac
3201 5033 3460 5090 vocabula
3488 5047 3617 5088 mu-

2031 5135 2264 5200 tuarint,
2333 5134 2599 5188 incertum
2657 5139 2760 5186 est.
2827 5130 3060 5184 Lebetes
3108 5142 3256 5182 aanea
3309 5140 3439 5179 vasa
3494 5130 3620 5179 sunt

2031 5228 2220 5285 Graeco
2248 5221 2499 5282 sermone
2536 5233 2728 5280 vocata
2764 5241 2777 5276 :
2811 5228 2937 5276 sunt
2967 5220 3113 5275 enim
3139 5217 3258 5273 ollae
3295 5217 3534 5271 minores
3564 5215 3622 5274 in

2029 5337 2186 5377 usum
2213 5319 2477 5389 coquendi
2506 5325 2727 5388 paratae.
2763 5314 2838 5368 De
2877 5313 3051 5369 lebete
3080 5326 3211 5383 ergo
3243 5310 3297 5364 in
3329 5306 3622 5363 Ezechiele

2028 5415 2102 5470 ita
2151 5416 2409 5483 scriptum
2439 5422 2523 5467 est
2555 5429 2567 5464 :
2604 5408 2734 5463 Haec
2783 5408 2910 5462 dicit
2957 5407 3214 5461 Dominus
3255 5404 3439 5458 Deus:
3475 5398 3620 5453 Pone

2028 5508 2258 5572 lebetem,
2286 5516 2334 5560 et
2361 5507 2507 5558 mitte
2547 5505 2602 5556 in
2629 5520 2743 5557 eam
2767 5519 2981 5573 aquam,
3009 5511 3056 5556 et
3084 5501 3229 5555 mitte
3254 5499 3310 5552 in
3339 5511 3459 5551 eam
3485 5493 3620 5547 divi-

2029 5601 2198 5655 siones
2234 5599 2430 5651 ossium
2461 5605 2508 5650 et
2554 5584 2828 5660 carnium,
2878 5605 2988 5649 etc.
3031 5592 3250 5665 (Ezech.
3295 5587 3473 5658 xxxv).
3518 5581 3623 5639 Ubi

2031 5694 2129 5750 sub
2156 5692 2349 5748 lebetis
2394 5690 2746 5746 similitudine
2788 5692 2980 5746 urbem
3018 5686 3322 5744 Jerusalem
3356 5674 3623 5736 describit

2031 5793 2086 5842 et
2111 5785 2210 5844 sub
2232 5783 2436 5842 ossium
2462 5792 2517 5840 et
2541 5783 2788 5840 carnium
2813 5782 3061 5841 coctione
3095 5783 3370 5838 tormenta
3393 5769 3622 5829 fortium
