4038 6324
426 376 534 433 605

1095 369 1153 424 Β.
1196 367 1447 425 RABANI
1484 366 1708 455 MAURI‘
1738 362 2055 420 ARCHiEP.
2096 360 2404 418 MOGUNT.
2447 357 2730 417 OPERUM
2768 356 2946 412 PARS
2986 356 3047 410 ll.

3567 355 3675 412 604

428 494 488 545 et
530 484 801 557 Fresiliam
845 479 1103 551 exprimit
1144 479 1201 533 in
1246 494 1345 541 eo,
1386 485 1442 533 et
1476 490 1582 546 per
1624 474 2000 531 excoctionem
2028 472 2079 533 Α
2105 484 2228 525 nem
2256 470 2465 524 Domini
2514 468 2711 523 ibidem
2761 465 3051 557 signiﬁcat.
3092 472 3451 527 autsauclam
3488 465 3685 522 Euge.

432 577 582 635 rubri
628 575 769 646 ignis
812 572 980 643 ipsius
1023 566 1261 625 civitatis
1311 568 1728 623 destructionem
1776 571 2001 634 propter

430 669 748 741 iniqtdtates
794 661 910 735 eius
938 662 1226 735 signiﬁcat.
1266 660 1428 715 Juxta
1481 658 1834 730 tropologiam
1875 671 2004 711 vero

429 759 565 816 urbe
614 758 718 814 ista
760 766 818 811 et
857 756 1003 809 labes
1041 753 1297 808 mundum
1343 753 1504 806 istum
1538 750 1864 821 signiﬁcant,
1908 746 2003 817 qui

434 853 493 907 in
512 848 745 920 maligno
792 847 991 918 positus
1014 855 1088 899 est
1110 844 1167 915 (1
1194 841 1355 897 Joan.
1386 842 1464 915 v).
1490 842 1589 897 Hic
1621 844 1673 897 in
1703 843 1789 897 die
1812 841 2004 911 iudicii

434 942 619 998 divino
648 940 770 1010 igne
812 936 1178 1000 succenditur,
1219 942 1274 988 et
1311 935 1500 989 civitas
1546 933 1869 1003 sanguinum
1908 947 2005 1000 po-

437 1034 589 1090 nitur
612 1046 774 1102 super
796 1029 1061 1085 carbones
1097 1027 1235 1098 ignis
1253 1067 1267 1092 ,
1299 1034 1358 1079 ut
1385 1026 1674 1096 impleatur
1700 1025 1839 1094 quod
1869 1023 2005 1077 seri-

433 1118 595 1195 ptum
614 1129 699 1178 est
726 1121 782 1175 in
812 1119 979 1174 Isaia:
1005 1102 1220 1171 'l‘labens
1242 1115 1489 1169 carbones
1510 1117 1667 1185 ignis,
1687 1114 1895 1168 sedebat
1914 1131 2006 1166 su-

433 1229 531 1284 per
557 1227 641 1266 eos
685 1210 832 1282 (lsa.
862 1208 947 1279 ι).
978 1208 1044 1262 Et
1084 1206 1371 1277 impleatur
1393 1206 1537 1275 quod
1583 1205 1842 1274 scriptum
1882 1211 2005 1256 est:

436 1302 593 1358 lihil
615 1302 894 1365 occultum,
925 1299 1063 1371 quod
1086 1314 1190 1353 non
1216 1296 1469 1355 reveletur
1494 1294 1706 1367 (Matth.
1736 1293 1813 1366 χ).
1842 1293 2007 1348 Dicit-

438 1409 545 1463 que
564 1408 624 1448 se
647 1391 906 1448 Dominus
935 1405 1043 1445 non
1069 1389 1332 1452 misereri,
1368 1403 1470 1444 nec
1503 1386 1685 1441 mundi
1726 1385 2009 1456 praeter-ire

434 1492 680 1556 peccata,
720 1498 893 1554 neque
921 1497 1149 1553 parcere
1187 1480 1385 1551 impiis,
1416 1494 1520 1535 nec
1549 1478 1771 1548 placari,
1813 1487 1871 1533 ut
1906 1480 2008 1535 vite

432 1582 665 1644 pereant
709 1573 1014 1643 impiorum,
1057 1570 1353 1626 secundum
1396 1569 1526 1625 illud
1565 1569 1707 1638 quod
1744 1570 1797 1623 in
1846 1569 2007 1639 primi

432 1662 630 1733 psalmi
660 1661 769 1719 ﬁne
794 1662 1013 1733 ponitur
1040 1679 1052 1714 :
1089 1660 1155 1719 Et
1194 1661 1294 1716 iter
1318 1661 1597 1731 impiorum
1624 1660 1831 1730 peribit.
1875 1659 2007 1715 Sar-

432 1762 564 1824 tago
603 1770 634 1809 a
680 1754 907 1824 strepitu
951 1754 1069 1810 soni
1132 1762 1343 1819 vocata,
1387 1754 1603 1824 quando
1653 1754 1808 1809 ardet
1848 1754 1903 1811 in
1945 1770 2009 1811 ea

2103 563 2260 629 siam,
2325 562 2379 617 in
2414 575 2521 629 qua
2566 558 2911 615 Testamenta
2961 556 3144 615 divina
3194 557 3470 617 recomlita
3532 567 3681 616 sunt.

2102 654 2236 708 item
2267 668 2390 708 arca
2420 651 2557 717 Noe,
2574 651 2721 721 quod
2742 657 2943 708 sanctae
2961 648 3220 709 Ecclesia:
3246 657 3435 719 typum
3471 657 3681 717 teneat,

2103 744 2405 801 manifestis
2436 744 2648 799 indiciis
2676 742 3075 814 comprobatur.
3126 741 3360 803 Looolus
3387 741 3453 801 ad
3480 741 3691 812 aliquid

2105 837 2410 907 ponendum
2465 837 2608 890 intra
2658 834 2835 891 factus
2886 834 3079 899 locus,
3124 849 3221 897 seu
3258 835 3329 893 ad
3374 840 3555 897 vestes
3600 833 3689 893 vel

2105 927 2395 994 pecuniam
2442 915 2872 980 custodiendam.
2929 923 3084 980 Unde
3132 937 3230 993 per
3273 923 3689 981 diminutionem

2107 1016 2320 1071 dicitur.
2379 1016 2604 1087 Legitur
2638 1017 2787 1072 enim
2833 1016 2903 1072 de
2931 1017 3108 1072 loculo
3152 1015 3446 1082 inGenesi,
3497 1018 3588 1073 ubi
3622 1018 3695 1073 de

2107 1108 2352 1176 sepulcro
2383 1107 2580 1177 Ioseph
2610 1116 2885 1172 narratur,
2945 1116 2999 1161 et
3023 1107 3076 1167 in
3123 1106 3412 1174 Evangelia
3438 1106 3502 1161 de
3539 1106 3693 1161 locu.

2108 1198 2176 1254 iis
2212 1197 2363 1254 Iuda:
2407 1199 2699 1268 proditoris
2743 1197 2947 1254 mentio
2992 1197 3070 1251 ﬁt.
3107 1195 3319 1253 Scrinia
3360 1206 3487 1251 sunt
3535 1211 3691 1261 vasa,

2109 1289 2163 1343 in
2189 1289 2385 1359 quibus
2431 1296 2717 1345 servantur
2758 1287 2883 1347 libri
2916 1287 3000 1342 vel
3039 1286 3300 1343 thesauri.
3352 1284 3503 1340 Unde
3546 1284 3695 1356 apud

2110 1378 2382 1434 Romanos
2422 1377 2521 1443 illi,
2570 1378 2664 1449 qui
2698 1377 2864 1441 libros
2890 1385 2947 1430 ct
2966 1376 3366 1433 ecclesiasticos
3405 1377 3694 1431 thesauros

2109 1478 2327 1526 servant
2357 1510 2372 1536 ,
2435 1470 2701 1547 scriniarii
2756 1478 3151 1540 nuncupantur.
3222 1468 3425 1527 Saccus
3470 1486 3502 1525 a
3553 1484 3689 1541 sago

2111 1562 2315 1629 dictus,
2372 1564 2516 1632 quod
2579 1579 2645 1619 eo
2693 1571 2919 1619 consuto
2966 1561 3250 1631 adiciatur,
3297 1565 3451 1635 quasi
3501 1578 3686 1633 sagas.

2110 1651 2494 1711 Paenitentiam
2541 1654 2684 1711 enim
2718 1654 2822 1715 iSte
2849 1661 2933 1713 est
2958 1654 3176 1717 habitus
3201 1664 3257 1710 et
3283 1655 3470 1710 vilium
3497 1670 3685 1711 rerum

2114 1747 2534 1805 condimentum.

431 1844 637 1901 deum.
680 1844 812 1899 Item
863 1854 1080 1914 sartago
1118 1843 1394 1901 tribulatio
1450 1845 1574 1900 vitae
1613 1844 1921 1913 praesentis,
1956 1854 2015 1902 ut
2041 1835 2089 1897 B
2186 1837 2517 1909 Marsupium
2541 1838 2786 1897 sacculus
2804 1853 3170 1905 nummorum,
3194 1840 3337 1909 quod
3344 1839 3533 1917 [irasci
3554 1856 3699 1897 mar—

415 1933 496 2003 ⁸ὅτι
545 1933 754 2004 psabno
787 1952 800 1987 :
844 1943 891 1989 et
929 1950 1049 1993 oua
1082 1949 1231 1999 mea,
1279 1934 1330 1991 id
1370 1942 1471 1999 est,
1527 1934 1695 1991 fortes
1736 1935 2012 2001 Ecclesia,

435 2023 573 2084 sicut
608 2023 664 2077 in
710 2021 931 2093 [τίποήο
959 2021 1198 2092 confrixa
1225 2031 1344 2077 sunt
1385 2020 1558 2093 (Psal.
1596 2022 1747 2096 xxx).
1778 2024 2013 2079 Rursum

444 2121 657 2183 sartago
684 2112 831 2167 zelus
861 2112 1196 2167 rectitudinis
1225 2114 1482 2168 adversus
1504 2124 1748 2183 peccata,
1782 2124 1838 2171 et
1867 2131 2015 2173 comv

441 2202 663 2274 punctio
712 2201 962 2257 fraternae
1006 2202 1353 2259 inﬁrmitatis.
1403 2202 1464 2257 In
1508 2204 1804 2259 Ezechiel:
1838 2205 1907 2258 Et
1935 2215 2010 2272 tu,

440 2293 520 2362 fili
542 2294 782 2359 hominis,
810 2311 941 2364 pone
962 2295 1277 2365 sartaginem
1297 2295 1431 2355 inter
1453 2305 1502 2350 te
1529 2305 1575 2349 et
1600 2297 1737 2350 inter
1758 2297 2016 2351 civitatem

435 2384 656 2456 (Each.
694 2383 790 2456 tv).
825 2385 901 2440 De
940 2385 1041 2447 hac
1084 2386 1360 2456 sartagine
1399 2385 1638 2455 loquitur
1681 2386 2011 2457 Apostolus:

436 2477 573 2545 Quis
593 2475 1007 2543 scandalizatur,
1029 2486 1080 2532 et
1101 2494 1195 2547 ego
1220 2493 1326 2533 non
1353 2478 1520 2532 uror?
1540 2476 1624 2549 (ΙΙ
1654 2475 1777 2533 Cor.
1809 2476 1910 2551 ιι.)

510 2567 650 2623 Mota
700 2567 899 2629 dicitur
934 2582 966 2623 a
1009 2568 1091 2627 sui
1134 2568 1460 2625 rotunditate
1499 2576 1722 2637 vocata,
1777 2577 1835 2624 ut
1876 2569 2017 2627 mala

440 2671 754 2731 pomorum,
794 2658 936 2719 sicut
979 2666 1037 2713 et
1081 2656 1276 2714 Graeci.
1306 2658 1411 2715 Per
1451 2658 1649 2713 molam
1696 2660 2020 2731 exprimitur

411 2760 416 2765 '
436 2748 705 2817 circuitus
724 2748 849 2807 vitae
870 2750 1173 2821 praesentis,
1194 2758 1251 2811 et
1281 2750 1432 2806 labor
1458 2758 1727 2809 terrenus.
1756 2752 1816 2807 In
1838 2752 2018 2813 Evan-

445 2837 583 2909 gelio
621 2852 636 2892 :
682 2838 785 2911 Qui
829 2839 1264 2897 seandalizaverit
1309 2859 1471 2899 unum
1509 2843 1575 2898 de
1617 2844 1823 2915 pusillis
1871 2845 2015 2911 istis,

444 2933 649 3003 expedit
674 2935 721 2988 ei
748 2946 802 2988 ut
827 2935 1176 3005 suspendalur
1201 2936 1342 2991 mola
1365 2937 1601 2999 asinaria
1632 2939 1687 2991 in
1721 2936 1858 2992 collo
1881 2939 2017 3009 ejus,

447 3037 494 3082 et
535 3029 865 3099 demergatur
902 3030 958 3085 in
1003 3026 1323 3099 profundum
1370 3030 1530 3084 maris
1576 3029 1792 3102 (Matth.
1837 3030 2016 3098 xvui).

2115 1944 2286 1999 supon
2316 1929 2600 1999 appellant.
2634 1929 2891 1999 Quaedam
2910 1928 3101 1987 Grtnca
3129 1930 3344 1986 nomina
3367 1931 3424 1989 in
3442 1930 3700 1989 Latinum

2116 2020 2274 2090 paulo
2299 2018 2667 2086 inﬂectuntur,
2696 2028 2920 2091 propter
2946 2019 3250 2077 Romanum
3290 2020 3582 2090 eloquium.
3612 2020 3702 2075 Si-

2117 2117 2300 2177 tarciae
2353 2126 2639 2175 nautarum
2687 2125 2812 2173 sunt
2861 2118 2929 2172 ab
2975 2130 3041 2171 eo
3086 2117 3231 2188 quod
3272 2126 3511 2173 consula:
3549 2124 3701 2175 sunt.

2116 2204 2455 2263 luvolucrum
2489 2207 2713 2272 dictum,
2759 2208 2903 2277 quod
2926 2205 3126 2276 aliquid
3148 2207 3204 2261 iu
3232 2222 3292 2263 se
3321 2214 3503 2265 teneat
3540 2206 3700 2262 invo-

2116 2296 2310 2359 lutum.
2361 2297 2553 2354 Fiscus
2579 2297 2826 2353 sacculus
2851 2305 2934 2353 est
2964 2297 3235 2368 publicus.
3275 2299 3416 2355 unde
3441 2306 3497 2353 et
3520 2295 3703 2355 ﬁscel-

2118 2387 2482 2451 lseetﬁscina:
2522 2388 2793 2451 dicuntur.
2847 2388 3000 2443 Hunc
3035 2389 3235 2449 habent
3277 2395 3561 2444 exactores
3585 2428 3601 2454 ,
3646 2396 3703 2442 et

2117 2479 2175 2537 in
2203 2494 2269 2539 eo
2298 2480 2518 2537 mittunt
2541 2474 2778 2539 debitum
2803 2478 3099 2555 pubbcum,
3128 2480 3272 2551 quod
3294 2479 3537 2535 redditur
3556 2480 3699 2550 regi-

2117 2570 2239 2629 bus.
2287 2570 2476 2629 Fiscus
2516 2580 2696 2647 autem
2736 2572 2911 2645 prima
2938 2571 3137 2642 positio
3175 2581 3277 2637 est,
3330 2570 3694 2629 derivativum

2121 2662 2333 2730 ﬁscina,
2362 2663 2739 2723 diminutivum
2763 2663 2988 2725 ﬁscella.
3040 2663 3297 2725 Saeculus
3318 2664 3547 2735 mystice
3576 2664 3699 2719 the-

2121 2753 2413 2811 saurizatio
2452 2761 2537 2809 est
2560 2755 2825 2815 bonorum
2848 2768 3094 2823 operum.
3155 2754 3306 2811 Unde
3332 2753 3592 2811 Dominus
3621 2751 3702 2809 ait

2121 2840 2178 2897 in
2199 2841 2489 2914 Evangelio
2526 2841 2754 2903 :Facite
2782 2845 2921 2900 vobis
2967 2843 3204 2905 sacerdos
3242 2844 3331 2905 aui
3360 2857 3465 2901 non
3506 2852 3707 2901 uetera-

2120 2944 2271 2995 tcunt
2299 2934 2451 3007 (Luc.
2489 2934 2612 3008 xu).
2659 2936 2726 2997 Et
2750 2935 2803 2991 in
2831 2935 2989 2990 aliam
3013 2942 3221 3004 partem
3262 2933 3398 2993 illud
3450 2933 3707 3005 intelligi.

2123 3034 2244 3092 tur,
2290 3027 2431 3099 quod
2481 3027 2537 3083 i‘n
2569 3025 2857 3083 Salomone
2905 3027 3137 3098 legitur:
3188 3025 3543 3097 Marsupium,
3587 3026 3705 3089 sive

442 3118 587 3189 Hinc
636 3120 690 3175 in
734 3119 870 3185 lsaia
917 3119 1180 3177 adversus
1221 3120 1548 3194 Babylonem
1599 3122 1838 3177 dicitur:
1874 3121 2018 3181 Tolle
2058 3190 2092 3199 _
2125 3120 2421 3186 sacculum,
2470 3136 2742 3176 commune
2781 3120 3141 3192 possideamur
3184 3116 3450 3199 (Proe.1),
3498 3118 3551 3173 id
3595 3127 3706 3184 est,

446 3212 661 3279 molam,
687 3224 734 3267 et
759 3212 893 3267 male
920 3212 1151 3283 farinam
1177 3214 1310 3285 (Isa.
1337 3190 1529 3285 sun).
1566 3213 1634 3268 Et
1656 3212 1780 3271 alibi
1808 3230 1821 3267 :
1849 3211 2023 3271 Occisi
2049 3190 2094 3257 (ἶ
2126 3212 2429 3277 avaritiam.
2478 3211 2614 3267 Pera
2634 3190 2791 3283 juxta
2818 3211 3126 3283 allegoriam
3170 3210 3342 3267 victus
3389 3190 3473 3269 est
3503 3208 3708 3265 sollici-

447 3312 598 3365 erunt
652 3301 844 3377 [otiosi
889 3301 1105 3377 eorum]
1166 3304 1413 3367 metentes
1462 3304 1515 3359 in
1564 3305 1766 3365 minuto
1809 3320 2023 3361 numero
2124 3304 2275 3363 tudo.
2324 3303 2477 3363 Unde
2503 3302 2763 3365 Dominus
2790 3302 3067 3379 praecepit,
3108 3300 3331 3363 dicens:
3382 3299 3561 3363 Nolite
3582 3316 3711 3371 por-

444 3391 651 3466 (Βίοις.
677 3393 798 3467 xu).
822 3393 974 3451 Mole
998 3395 1136 3460 dum,
1158 3396 1267 3456 duo
1288 3402 1612 3459 testamenta
1636 3395 1771 3466 legis
1801 3393 1881 3467 (ut
1908 3396 2025 3466 qui.

446 3482 573 3547 dum
599 3482 804 3559 volunt)
829 3483 1165 3561 signiﬁcant;
1202 3485 1345 3547 unde
1368 3485 1564 3555 legitur
1596 3486 1649 3541 in
1692 3484 2023 3557 Evangelio:

454 3573 601 3639 Tunc
620 3576 744 3635 dure
766 3586 916 3639 erunt
945 3578 999 3637 in
1028 3576 1345 3644 molendiao,
1376 3595 1482 3639 una
1509 3588 1826 3647 assumetur,
1849 3587 1897 3634 et
1919 3594 2027 3635 una

450 3666 774 3741 relinquetur
818 3668 1033 3747 (Matth.
1072 3671 1243 3742 xxiv).
1287 3670 1439 3727 Molar
1479 3672 1620 3740 duae,
1662 3687 1788 3743 spes
1816 3679 1873 3729 et
1912 3670 2026 3726 for.

450 3758 634 3833 mide,
666 3770 724 3819 nt
766 3760 825 3825 in
859 3760 1316 3819 Denteronomio:
1358 3762 1481 3818 Non
1521 3764 1747 3836 accipias
1797 3762 1912 3818 loco
1946 3764 2028 3835 pi-

453 3852 634 3921 gnoris
664 3850 966 3922 inferiorem
994 3862 1041 3907 et
1064 3854 1383 3924 superiorem
1426 3854 1619 3915 malam
1642 3853 1819 3927 (Deut.
1851 3852 2021 3926 xxiv).

454 3939 725 4011 Cribrum,
739 3940 883 4013 quod
903 3942 979 3999 ibi
1000 3951 1191 4005 currat
1212 3943 1563 4013 frumentum,
1580 3946 1736 4017 quasi
1760 3944 2028 4005 currifru—

450 4046 603 4104 sum.
642 4031 892 4093 Cribrum
924 4033 1080 4105 juxta
1111 4034 1419 4119 allegoriam
1466 4038 1739 4109 separatio
1775 4046 1862 4093 est
1905 4036 2029 4093 iide-

456 4119 590 4181 linm
611 4136 642 4180 a
662 4122 921 4183 societate
956 4122 1277 4185 inﬁdelium.
1311 4126 1386 4179 De
1413 4140 1521 4195 quo
1549 4125 1604 4183 in
1626 4124 1794 4187 Amos
1823 4125 2027 4183 mentio

454 4210 518 4271 ﬁt
560 4212 744 4285 (Amos
773 4213 873 4285 ιι),
905 4222 960 4275 et
997 4216 1051 4271 in
1087 4215 1377 4289 Evangelio
1420 4216 1681 4273 Dominus
1710 4220 1777 4275 ad
1806 4216 2027 4277 Petrum
2082 4236 2083 4239 ‘

455 4302 533 4363 ait
561 4319 575 4357 :
608 4300 742 4365 Ecce
772 4301 998 4361 Satanas
1019 4306 1280 4375 expetivit,
1305 4315 1359 4360 ut
1387 4307 1634 4363 cribraret
1664 4325 1749 4366 vos
1775 4310 1908 4366 sicut
1933 4312 2030 4367 tri-

457 4394 639 4461 ticum,
670 4403 777 4457 etc.
801 4394 952 4468 (Luc.
983 4396 1143 4469 ιλιι).

1040 4487 1264 4546 CAPUT
1307 4488 1439 4548 VIII.

934 4577 1014 4639 De
1048 4580 1183 4643 uasis
1208 4582 1548 4651 repositoriis.

530 4667 981 4741 Gazopbylacium
1020 4689 1147 4737 arca
1195 4681 1277 4729 est
1320 4676 1407 4731 ubi
1444 4676 1770 4749 colliguntur
1801 4681 1857 4738 in
1895 4691 2029 4741 tem-

459 4762 550 4837 plo
595 4779 661 4821 ea
711 4781 833 4839 qua:
884 4768 952 4824 ad
980 4768 1327 4841 indigentiam
1354 4785 1646 4841 pauperum
1698 4774 2025 4831 mittuntur:

459 4857 813 4927 compositum
854 4868 940 4915 est
973 4868 1154 4923 autem
1179 4860 1247 4918 de
1282 4860 1462 4934 lingua
1497 4864 1714 4922 Persica
1739 4874 1794 4921 et
1822 4865 2028 4929 Graeca.

454 4947 608 5009 Gaza
631 4951 779 5011 enim
795 4952 977 5024 lingua
1002 4953 1291 5013 Persarum
1340 4955 1557 5024 divitias,
1609 4959 1827 5019 lilaxion
1874 4959 2031 5031 [phu-

459 5039 643 5113 lace],
690 5040 877 5100 Graec
925 5047 1165 5107 custodia
1206 5049 1615 5119 interpretatur.
1671 5048 1893 5120 Mystice
1936 5067 2031 5113 aa-

464 5141 572 5197 tem
617 5134 1052 5205 gazophylacium
1097 5141 1261 5195 corda
1303 5148 1429 5199 sunt
1470 5147 1781 5199 sanctorum
1820 5142 2032 5212 sapien-

462 5220 554 5276 tiae
599 5221 798 5281 divitiis
843 5225 1043 5295 plena:
1079 5228 1221 5298 quod
1265 5229 1319 5281 in
1363 5228 1644 5289 Ezechiele
1678 5231 1938 5301 propheta
1979 5240 2033 5295 et

460 5313 521 5373 in
560 5314 847 5387 Evangelia
886 5319 1019 5377 satis
1066 5318 1487 5379 demonstratur.
1524 5320 1663 5377 Area
1702 5322 1844 5379 dicta
1888 5325 2030 5397 quod
2078 5338 2081 5341 ’

460 5414 649 5465 arceat
684 5407 858 5463 visum
898 5416 1060 5478 atque
1102 5407 1382 5477 prohibeat
1426 5424 1441 5464 :
1495 5411 1620 5469 hinc
1662 5421 1718 5471 et
1755 5413 2029 5480 arcivum,

463 5493 589 5552 hinc
638 5504 693 5552 et
735 5510 991 5555 arcanum
1019 5534 1034 5563 ,
1076 5494 1130 5551 id
1173 5506 1256 5555 est
1301 5508 1604 5569 secretum,
1665 5502 1807 5563 unde
1854 5498 2037 5559 ctetcri

463 5593 735 5643 arcentur.
766 5584 920 5643 Area:
944 5592 1123 5641 autem
1150 5587 1379 5657 mystica
1404 5591 1723 5661 signiﬁcatio
1758 5594 1814 5649 in
1850 5595 2045 5651 Exodo

460 5672 771 5748 plenissime
794 5674 1215 5742 demonstratur,
1259 5677 1347 5733 ubi
1370 5681 1434 5735 de
1458 5686 1857 5741 constructione
1895 5699 2044 5743 arcte

454 5764 772 5851 testamenti
812 5763 1025 5823 Domini
1073 5777 1359 5828 narratur:
1407 5775 1533 5849 quia
1560 5783 1671 5833 aut‘
1708 5777 1964 5841 incantati
1979 5800 2042 5841 υ-

2125 3405 2240 3457 tare
2255 3394 2533 3459 sacculum
2567 3412 2729 3468 neque
2752 3412 2933 3467 peram
2954 3397 3007 3450 in
3038 3396 3118 3453 via
3144 3394 3296 3475 (Luc.
3329 3393 3388 3467 Χ)

2742 3508 2968 3564 CAPUT
3006 3507 3098 3563 IX.

2732 3578 2807 3641 De
2852 3579 3101 3634 canistro.

2197 3669 2510 3729 Canistrum
2529 3668 2673 3731 ﬁssis
2689 3669 2878 3731 cannis
2902 3669 3228 3735 contexitur,
3256 3667 3397 3725 unde
3420 3675 3476 3729 et
3496 3683 3711 3727 nuncu-

2130 3769 2339 3830 patum.
2401 3762 2505 3819 Alii
2537 3761 2784 3825 Graecum
2831 3772 3098 3819 asserunt.
3165 3761 3467 3823 Canistrum
3527 3769 3711 3821 autem

2127 3850 2396 3924 signiﬁcat
2420 3853 2657 3925 linguam
2700 3853 2958 3922 doctoris,
3001 3854 3057 3910 in
3097 3869 3203 3931 qua
3251 3852 3552 3911 offeruntur
3575 3851 3713 3925 legis

2124 3951 2398 4017 praecepto
2423 3958 2588 4017 panes
2608 3959 2943 4021 azymorum.
2992 3946 3095 4003 hoc
3122 3952 3229 4011 est,
3275 3943 3497 4005 verbum
3526 3940 3712 4001 Evan-

2128 4035 2254 4109 gelii
2278 4035 2334 4092 in
2362 4035 2688 4102 sacriﬁcium
2720 4036 2957 4103 Domini.
2987 4038 3130 4097 sicut
3156 4036 3350 4113 legitm'
3378 4035 3431 4093 in
3455 4034 3716 4093 unctione

2127 4125 2313 4193 Aaron
2342 4136 2398 4184 et
2428 4127 2658 4191 ﬁliorum
2708 4128 2825 4199 ejus
2870 4128 3072 4190 laetum
3122 4144 3261 4187 esse.
3312 4126 3585 4197 Cophinus
3630 4135 3719 4189 est

2128 4234 2233 4277 vas
2261 4237 2329 4277 ex
2356 4222 2603 4294 virgultis
2625 4230 2936 4283 contextum
2950 4230 3131 4292 aptum
3158 4221 3417 4279 inundare
3448 4228 3712 4287 stercora,

2129 4320 2189 4371 et
2212 4324 2410 4375 terram
2429 4326 2666 4387 portare,
2698 4317 2764 4375 de
2788 4332 2896 4389 quo
2922 4316 3050 4373 dicit
3072 4315 3358 4372 Psalmista
3381 4330 3482 4391 pro
3509 4313 3713 4373 Israel:

2129 4404 2330 4461 Manus
2345 4408 2458 4478 ejus
2488 4409 2543 4463 iu
2571 4408 2788 4480 cophino
2828 4408 3111 4469 servierunt
3149 4404 3320 4481 (Psal.
3379 4404 3563 4478 Lxxx).
3624 4404 3722 4460 Div

2140 4509 2264 4561 etus
2280 4509 2464 4561 autem
2486 4501 2770 4571 caphinus,
2794 4501 2947 4573 quasi
2977 4516 3141 4561 covus
3162 4500 3245 4555 vel
3267 4499 3422 4575 quasi
3440 4514 3626 4559 cavus.
3650 4498 3721 4557 Et

2054 4556 2108 4619 υ
2263 4556 2671 4662 quamvisiuxta
2694 4556 2973 4649 historiam
2994 4592 3097 4647 dici
3118 4556 3413 4658 videnlur;
3429 4556 3644 4663 quando
3662 4556 3721 4649 iu

2140 4688 2373 4758 Egypto
2412 4685 2719 4742 indecorum
2764 4684 2991 4755 populus
3032 4684 3260 4745 diversis
3300 4684 3717 4743 necessitatibus

2142 4777 2410 4839 serviebat
2429 4796 2441 4830 :
2466 4777 2624 4832 modo
2638 4787 2699 4833 ut
2718 4776 2915 4833 lateres
2935 4772 3156 4843 faceret,
3181 4784 3241 4832 ut
3262 4785 3461 4837 terram
3473 4776 3723 4851 cophinis

2144 4871 2303 4929 modo
2325 4869 2635 4927 exhiberet:
2662 4878 2840 4929 tamen
2860 4869 3002 4926 istud
3027 4869 3456 4927 Christianorum
3475 4869 3724 4939 patribus

2145 4960 2451 5031 diligentius
2469 4958 2799 5030 applicamus
2818 4999 2836 5027 ,
2864 4974 2896 5015 a
2925 4974 3149 5033 quorum
3174 4960 3333 5019 dorso
3360 4957 3556 5015 avertit
3577 4959 3723 5019 Deus

2145 5066 2310 5111 onera
2335 5059 2677 5121 peccatorum
2705 5092 2722 5119 ,
2752 5051 2967 5123 quando
2990 5066 3051 5111 se
3069 5050 3212 5109 felici
3246 5050 3548 5113 humilitate
3594 5067 3724 5131 pro.

2146 5150 2414 5208 steruunt,
2438 5142 2578 5204 sicut
2602 5142 2717 5221 ipse
2742 5142 2872 5201 dicit
2900 5161 2913 5196 :
2950 5141 3129 5203 Venite
3174 5143 3243 5203 ad
3270 5158 3372 5209 me,
3402 5159 3579 5199 omnes
3630 5144 3723 5214 qui

2146 5231 2397 5289 laboratis
2419 5243 2465 5293 et
2481 5235 2681 5290 onerati
2705 5235 2847 5305 estis,
2864 5243 2911 5295 et
2928 5250 3018 5309 ego
3033 5251 3118 5291 vos
3136 5234 3367 5302 reﬁciam
3385 5233 3601 5306 (Matth.
3615 5236 3719 5306 ιι).

2147 5324 2416 5397 Cophinos
2431 5335 2606 5383 autem
2624 5326 2853 5389 dicimus
2874 5341 2970 5395 per
2990 5340 3125 5396 quos
3145 5325 3383 5383 sordium
3393 5340 3721 5396 purgamen-

2153 5422 2206 5473 ta
2234 5413 2565 5484 proﬁt-imus,
2593 5424 2651 5470 ut
2686 5416 2786 5473 loci
2812 5416 3019 5487 puritas
3042 5415 3330 5477 elucescat.
3381 5415 3572 5473 Manus
3592 5430 3723 5489 ergo

2150 5520 2279 5561 suas
2322 5506 2378 5561 iu
2431 5506 2510 5565 eis
2553 5514 2756 5573 tenent,
2827 5507 2919 5577 qui
2973 5514 3315 5576 peccatorum
3367 5502 3723 5565 immunditiis

2151 5608 2519 5668 occupantur:
2553 5602 2646 5656 sed
2667 5601 2733 5656 de
2758 5601 2861 5657 hac
2888 5601 3146 5656 servitute
3174 5599 3469 5655 liberamur
3494 5615 3525 5655 a
3543 5600 3724 5657 Domi-

2152 5708 2242 5756 no,
2274 5691 2486 5765 quando
2516 5690 2777 5747 scelerum
2804 5699 3112 5747 nostrorum
3137 5691 3387 5775 sordibus
3415 5692 3719 5763 expiamur.

2150 5788 2280 5845 Item
2342 5784 2623 5845 duodecim
2673 5770 2888 5870 cophini
2934 5785 3162 5877 apostoli
3211 5770 3615 5863 intelliguntur,
3662 5785 3722 5851 in

2047 5885 2129 5909 ινα-ι·
