4038 6324
296 365 401 424 605

1277 364 1366 420 DE
1402 359 1746 420 UNIVERSO
1786 358 1963 415 LIBRI
2008 357 2165 414 XXII.
2207 387 2272 396 —
2314 356 2440 410 LIB.
2487 356 2646 412 XXII.

3435 346 3540 402 606

293 481 492 551 quibus
541 478 782 536 miluom
829 484 954 535 sunt
1017 476 1254 547 reliquie
1315 476 1737 546 fragmentorum
1795 487 1862 526 ex
1891 467 2302 538 Alampadibus
2326 474 2505 520 autem
2532 466 2583 520 in
2615 463 2899 535 Evangelio
2925 463 3118 533 legitur
3143 461 3361 533 (Matth.
3391 460 3542 533 xxv),

295 570 536 641 quiaque
582 569 816 642 panibus
855 576 916 623 et
953 568 1157 623 duobus
1205 568 1444 637 piscibus
1471 564 1689 636 (Matth.
1726 562 1862 634 XIV).

299 663 497 734 Sparta
522 660 610 719 νδ
633 664 638 668 “
659 676 691 715 a
719 667 902 730 sparto
926 659 1045 714 fieri
1095 659 1270 725 solet,
1321 657 1406 713 vel
1441 656 1584 727 quod
1619 661 1869 724 exportet

299 754 525 827 ιὶὶφιὶίι.
557 753 619 822 in
644 752 931 823 Evangelia
957 766 1171 822 quoque
1197 750 1412 822 legitur,
1459 748 1603 818 quod
1631 747 1868 801 tulerunt

295 837 538 918 apostoli
554 845 621 901 de
647 843 965 916 iragmentis
1004 850 1207 912 septem
1256 856 1455 911 panum
1483 847 1687 907 septem
1716 850 1868 905 spor-

303 948 390 997 tas
413 937 600 1007 plenas
624 953 640 991 :
670 935 817 1005 quod
841 934 1110 1006 signiﬁcat
1135 933 1459 1003 apostolicos
1497 931 1750 986 doctores
1777 943 1865 992 ea,

305 1047 424 1102 qua:
448 1032 598 1103 plebs
637 1044 748 1084 non
776 1027 921 1088 valet
963 1038 1278 1082 consumere
1299 1025 1366 1078 de
1393 1021 1635 1088 mysticis
1674 1017 1872 1076 doctri-

303 1123 388 1181 nis
417 1123 653 1197 Spiritus
679 1121 870 1186 sancti,
904 1123 1006 1176 hoc
1030 1118 1133 1188 ipsi
1156 1116 1216 1171 in
1244 1130 1303 1171 se
1324 1113 1597 1184 colligant.

917 1234 1142 1292 CAPUT
1185 1232 1230 1288 Χ
1242 1273 1256 1286 .

741 1307 820 1362 De
853 1309 988 1361 uasis
1029 1303 1452 1359 luminariomn.

365 1399 574 1461 Focum
587 1400 792 1468 antiqui
813 1398 1150 1469 appellarunt
1171 1399 1377 1466 ignem;
1403 1393 1484 1446 fos
1503 1391 1646 1446 enim
1667 1389 1870 1452 Graece,

304 1493 495 1550 Latine
529 1492 669 1564 ignis
706 1501 823 1557 est,
864 1491 1005 1546 unde
1049 1498 1102 1544 et
1135 1489 1288 1558 juxta
1324 1484 1670 1558 philosophos
1712 1494 1874 1550 quos-

304 1585 427 1639 dam
466 1589 664 1638 cuncta
693 1590 1070 1652 procreantur,
1097 1588 1153 1635 et
1177 1593 1359 1636 revera
1393 1577 1509 1631 sine
1537 1573 1714 1629 calore
1742 1567 1875 1624 nihil

303 1673 548 1728 nascitur
580 1691 594 1728 :
640 1673 774 1732 adeo
803 1681 862 1726 ut
899 1673 966 1729 de
996 1672 1404 1741 septentrionen
1434 1675 1589 1738 poeta
1626 1665 1872 1720 dicatur:

1968 560 2109 630 quod
2154 560 2390 627 quinque
2450 559 2686 628 virgines
2728 559 3025 626 prudentes
3079 554 3358 622 lampades
3422 569 3547 609 suas

1965 665 2086 706 cum
2121 648 2238 704 oleo
2284 649 2623 702 habuerunt:
2677 647 2805 716 quia
2833 645 2992 700 electi
3023 646 3075 701 in
3121 645 3380 700 cordibus
3428 645 3544 700 suis

1967 739 2140 795 oleum
2164 738 2546 796 misericordiae
2574 747 2628 793 et
2655 737 2936 794 charitatis
2967 745 3172 801 tenent,
3205 736 3350 805 quod
3379 734 3542 790 fatuae

1967 832 2203 903 virgines
2250 846 2356 885 non
2397 830 2628 894 habent.
2681 828 2852 893 Unde,
2902 827 3229 884 intrantibus
3273 825 3551 896 prudenti-

1967 923 2066 980 bus
2090 924 2156 978 ad
2182 923 2416 990 nuptias,
2451 921 2610 976 fatum
2638 920 3004 990 repelluntur:
3052 927 3106 973 et
3143 932 3330 974 eortina
3357 931 3546 984 opera,
3595 977 3599 979 λ

1969 1029 2087 1084 quae
2113 1014 2258 1067 clara
2285 1013 2590 1068 hominibus
2621 1010 2750 1066 foris
2773 1017 3156 1080 apparuerunt,
3208 1008 3260 1062 in
3309 1007 3541 1062 adventu

1958 1103 2160 1174 judicis
2199 1104 2342 1156 intus
2390 1103 2766 1165 obscurantur,
2823 1108 2878 1153 et
2925 1114 2953 1151 a
2983 1099 3093 1151 Deo
3133 1095 3564 1152 retributionem-

1970 1209 2076 1249 non
2121 1194 2461 1258 invenerunt,
2486 1192 2609 1260 quia
2651 1207 2749 1260 pro
2772 1191 2852 1245 eis
2881 1196 3200 1257 receperunt
3234 1188 3301 1242 ab
3331 1186 3557 1240 homini-

1970 1286 2073 1342 bus
2117 1284 2322 1349 laudes,
2370 1299 2505 1352 quas
2536 1290 2870 1337 amaverunt.
2928 1281 3056 1334 ltem
3085 1264 3360 1347 lampades
3387 1275 3556 1346 signi-

1975 1374 2135 1429 ficant
2163 1382 2473 1428 sanctorum
2499 1373 2659 1427 corda
2689 1372 2985 1441 splendida,
3039 1380 3092 1424 et
3119 1369 3360 1424 scientia:
3387 1367 3547 1426 lumi-

1973 1481 2040 1522 ne
2067 1480 2276 1534 semper
2305 1463 2522 1532 fulgida,
2552 1472 2610 1515 ut
2638 1463 2689 1515 in
2721 1461 2956 1516 Canticis
2984 1462 3315 1516 canticorum
3341 1477 3352 1511 :
3400 1457 3556 1510 Lam-

1974 1556 2131 1627 padas
2159 1555 2291 1624 ejus,
2342 1553 2609 1623 lampades
2653 1553 2785 1622 ignis
2817 1563 2969 1622 atque
2997 1554 3332 1622 flammarum
3376 1547 3553 1620 (Cant.

1976 1646 2116 1715 vni).
2164 1645 2298 1698 ltem
2346 1644 2472 1696 alibi
2509 1644 2745 1713 legitur:
2805 1642 3031 1713 Lampas
3079 1650 3370 1712 contempta
3415 1638 3556 1709 apud

304 1762 485 1820 δειναί
513 1781 618 1820 non
649 1730 936 1836 quidquam
967 1730 1161 1834 frigere
1187 1730 1646 1832 gignant.-varro
1694 1763 1944 1836 autem“
1979 1738 2315 1836 cogitationes
2389 1735 2605 1788 divitth
2656 1731 2820 1835 (Joh.
2875 1733 3045 1836 xu)",
3091 1733 3232 1794 quod
3289 1730 3558 1836 significat

303 1852 452 1908 focos
499 1853 574 1907 ,ιη
619 1823 814 1917 dictos"
859 1823 1001 1921 quo};
1036 1823 1262 1905 ξυνθεὶς
1302 1851 1472 1920 ignes,
1541 1846 1677 1899 Nam
1731 1843 1869 1913 ignis
1899 1826 1947 1885 B
1975 1828 2222 1890 doctores
2260 1840 2378 1879 esse
2423 1833 2758 1893 contemples
2783 1824 2837 1876 in
2881 1824 3133 1878 cordibus
3177 1823 3553 1893 superborum.

303 1945 425 2014 ipsa
467 1942 682 1997 ﬂamma
731 1935 835 1998 est.
906 1942 1174 2012 Quidquid
1239 1950 1414 1995 autem
1473 1939 1652 2008 ignem
1709 1935 1870 1998 fovet,

307 2035 461 2090 focus
506 2046 753 2098 vocatur,
810 2047 922 2089 swe
964 2049 1081 2098 ara,
1137 2033 1250 2087 sive
1279 2031 1442 2094 aliud,
1496 2031 1550 2082 in
1581 2042 1689 2096 quo
1737 2025 1876 2095 ignis

269 2126 538 2184 ’fovetur.
567 2128 810 2184 Lucerna
838 2143 866 2180 a
891 2126 1087 2198 lychno
1116 2127 1258 2182 dicta
1288 2131 1390 2178 est.
1429 2121 1584 2178 Unde
1612 2127 1669 2174 et
1695 2118 1877 2172 brevia

305 2229 390 2276 est
411 2219 487 2283 lu,
513 2227 575 2274 ut
594 2219 810 2273 Persius
833 2235 847 2270 :

433 2318 685 2380 Dispositis
707 2319 935 2380 pinguem
961 2317 1181 2366 nebulam
1203 2331 1436 2371 vomuere
1462 2320 1691 2374 lucernae.

305 2400 368 2456 Si
395 2401 540 2454 enim
568 2415 598 2452 a
624 2399 743 2454 luce
769 2399 1063 2464 diceretur,
1093 2417 1200 2454 non
1229 2411 1400 2458 staret
1435 2419 1644 2460 versus.
1669 2406 1676 2412 ’
1701 2405 1878 2477 Lych-

305 2505 410 2545 nus
477 2497 655 2544 autem
717 2490 874 2559 quasi
926 2490 1154 2547 lucinius
1208 2511 1220 2546 :
1273 2504 1356 2548 est
1403 2496 1547 2549 enim
1605 2497 1876 2552 cicendela

303 2580 558 2635 lucernae.
629 2579 874 2635 Lucerna
927 2581 1182 2637 Ecclesia:
1235 2583 1368 2639 fides
1414 2593 1533 2651 est,
1587 2587 1667 2640 vel
1717 2602 1878 2655 opera

302 2669 547 2740 iustitia.
587 2671 741 2727 Unde
774 2672 828 2725 in
860 2670 1147 2727 Salomone
1173 2675 1436 2743 scriptum
1466 2685 1551 2730 est
1579 2694 1591 2730 ε
1628 2677 1878 2746 Propter-

307 2779 369 2816 ea
408 2780 512 2817 non
540 2764 898 2834 exstinguetur
927 2769 1139 2817 lucerna
1187 2766 1298 2834 ejus
1332 2782 1423 2834 per
1465 2775 1626 2819 totam
1680 2778 1880 2823 nectent

305 2850 491 2923 (Prov.
538 2852 713 2924 xm).
765 2853 897 2909 Item
951 2853 1166 2908 lucerna
1201 2855 1468 2925 signiﬁcat
1512 2858 1880 2926 propheticum

309 2957 618 2999 sermonem
662 2945 749 2998 vel
813 2947 1196 3015 praedicatores
1263 2947 1456 3001 divinae
1502 2940 1652 3019 legis.
1731 2949 1882 3006 Unde

303 3031 578 3102 Propheta
599 3035 677 3089 ait
707 3035 761 3088 in
783 3035 988 3104 psalmo
1018 3054 1030 3089 :
1090 3035 1324 3092 Lucerna
1353 3039 1566 3109 pedibus
1616 3042 1743 3095 meis
1767 3059 1882 3095 ver-

310 3123 432 3177 tum
473 3133 641 3192 tuum,
678 3125 897 3181 Domine
939 3124 1068 3197 (Ps.
1118 3128 1334 3202 cum}.
1391 3131 1457 3184 Et
1495 3132 1551 3186 in
1596 3133 1884 3203 Evangelio

307 3214 381 3268 de
403 3213 611 3270 Joanne
659 3217 895 3286 Baptista
926 3218 1184 3289 seruitum
1213 3230 1331 3275 est:
1395 3221 1494 3276 Ille
1523 3235 1633 3277 erat
1662 3223 1878 3280 lucerna

306 3302 500 3356 ardens
526 3307 578 3356 et
628 3301 806 3358 lucens
835 3303 1014 3374 (Joan.
1044 3305 1122 3377 v).
1166 3307 1560 3362 Candelabrum
1588 3325 1619 3363 a
1647 3311 1884 3368 candelis

289 3394 538 3461 dictum,
581 3397 737 3466 quasi
781 3396 1204 3462 candelaferum,
1238 3399 1381 3466 quod
1433 3401 1714 3458 candelam
1756 3403 1880 3457 fert.

307 3485 708 3548 “Metabum
751 3498 931 3544 autem
973 3492 1197 3560 mystice
1246 3508 1440 3561 corpus
1475 3495 1735 3558 Domini,
1800 3496 1886 3550 vel

311 3588 562 3638 suum
589 3580 906 3646 Ecclesiae},
933 3591 1027 3636 aut
1050 3583 1284 3636 divinant
1313 3585 1647 3654 Scripturarn
1677 3587 1884 3659 signiﬁ-

309 3679 422 3726 eat.
456 3669 610 3724 Unde
636 3671 691 3724 in
715 3671 975 3725 Zacharia
1002 3672 1196 3742 legitur
1219 3691 1230 3726 :
1268 3673 1388 3726 Vidi
1423 3692 1456 3728 α
1481 3675 1679 3730 dextris
1697 3678 1888 3733 altaris

311 3757 634 3813 candelabra
675 3759 782 3814 duo
827 3771 1069 3830 argentea
1119 3761 1302 3832 (Zaclt.
1348 3765 1442 3836 iv).
1498 3766 1633 3820 Nam
1684 3777 1890 3837 septem

313 3849 553 3908 lucerna
573 3850 897 3907 candelabro
919 3855 1267 3923 superposita:
1288 3855 1444 3926 (utin
1468 3857 1652 3912 Exodo
1673 3857 1888 3932 legitur)

313 3939 645 4008 s‘eptiformis
686 3942 941 3998 Ecclesia)
985 3957 1380 4001 sacramentum
1419 3958 1476 4003 et
1507 3961 1710 4020 septem
1751 3953 1892 4009 dona

315 4029 554 4102 Spiritus
584 4037 757 4090 sancti
798 4037 1122 4108 signiﬁcant.
1154 4039 1355 4096 Cereus
1379 4057 1478 4111 per
1501 4045 1892 4104 derivationem

319 4134 353 4173 a
379 4136 509 4177 cera
539 4139 736 4181 nomen
759 4125 944 4193 habet,
972 4141 1043 4182 ex
1069 4143 1178 4198 qua
1199 4128 1489 4200 formatur,
1535 4135 1600 4190 de
1625 4152 1734 4207 quo
1758 4139 1894 4194 dici-

320 4220 439 4269 ull:

501 4347 991 4432 nocturnos
1014 4364 1251 4432 [gestabo
1275 4377 1454 4432 cereus
1480 4371 1623 4432 ignes
1651 4387 1662 4424 :

568 4412 814 4468 Subducta
850 4419 978 4482 luce,
1007 4412 1160 4475 altera
1185 4412 1536 4480 lux—tibisan.

1975 1918 2089 1972 Fax
2119 1917 2282 1981 dicta,
2331 1916 2470 1984 quod
2501 1914 2679 1969 foccos
2714 1913 2917 1968 faciat:
2955 1913 3106 1984 cujus
3151 1914 3551 1975 diminutivum,

1977 2009 2171 2063 facula.
2224 2007 2454 2062 Latcrna
2507 2005 2631 2059 inde
2680 2014 2894 2071 vocata,
2945 2005 3088 2075 quod
3118 2004 3292 2058 lucem
3331 2003 3557 2060 interius

1978 2101 2177 2156 haheat
2229 2099 2490 2151 clausam.
2543 2096 2630 2151 Fit
2680 2096 2825 2150 enim
2862 2111 2926 2150 ex
2955 2091 3123 2164 'vitro,
3166 2095 3376 2150 recluso
3416 2094 3560 2146 intus

1977 2193 2178 2250 lumine
2207 2232 2219 2256 ,
2272 2200 2330 2243 ut
2376 2189 2522 2243 venti
2567 2188 2727 2244 flatus
2776 2190 2926 2243 adire
2974 2203 3081 2241 non
3135 2187 3344 2258 possit,
3385 2193 3435 2240 et
3493 2184 3558 2237 ad

1975 2284 2320 2357 prmhendum
2387 2283 2567 2336 lumen
2639 2281 2798 2336 facile
2864 2281 3064 2350 ubique
3119 2277 3555 2336 circumferetur.

1979 2376 2116 2447 Pyra
2166 2383 2265 2440 est,
2315 2389 2434 2442 qua:
2477 2374 2531 2426 in
2583 2374 2798 2428 modum
2844 2387 2954 2426 anc
2999 2387 3065 2426 ex
3107 2371 3269 2441 lignis
3319 2368 3559 2424 construi

1980 2467 2135 2534 solet,
2186 2476 2246 2521 ut
2271 2467 2477 2520 ardeat.
2525 2465 2634 2518 Pur
2683 2465 2826 2518 enim
2855 2464 2995 2536 ignis
3025 2463 3239 2518 dicitur.
3296 2460 3401 2515 Sed
3429 2475 3562 2530 pyra

1981 2569 2064 2614 est
2091 2559 2354 2628 lignorum
2383 2557 2687 2626 congeries,
2735 2571 2858 2612 cum
2889 2555 3124 2611 nonduin
3159 2552 3312 2608 ardet
3340 2571 3352 2604 :
3405 2566 3564 2619 rogus

1982 2656 2092 2711 est,
2120 2663 2239 2702 cum
2264 2648 2454 2700 ardere
2481 2646 2708 2716 coeperit
2740 2663 2752 2699 :
2782 2644 2998 2702 bustum
3020 2659 3148 2698 vero
3173 2643 3287 2714 jam
3314 2650 3562 2698 exustum

1982 2746 2223 2793 vocatur.
2270 2737 2478 2790 Pharus
2533 2745 2616 2790 est
2670 2735 2832 2790 turris
2884 2735 3154 2798 maxima,
3199 2748 3362 2803 quam
3413 2731 3564 2786 Grac-

1982 2830 2034 2886 ci
2057 2846 2120 2884 ac
2145 2829 2320 2884 Latini
2346 2845 2374 2882 a
2400 2828 2669 2882 communi
2704 2827 2871 2896 ipsius
2899 2826 2974 2880 rei
3003 2840 3101 2880 usu
3125 2825 3356 2894 pharum
3381 2818 3564 2892 appel-

1983 2922 2232 2980 laverunt
2257 2937 2320 2975 eo
2367 2921 2508 2988 quod
2554 2920 2894 2972 llatnmarum
2945 2917 3144 2972 indicio
3172 2916 3327 2984 longe
3355 2928 3388 2968 a
3417 2911 3568 2966 navi-

1983 3015 2234 3086 gantibus
2281 3011 2567 3066 videatur;
2619 3011 2759 3064 sicut
2813 3024 2978 3078 supra
3026 3008 3291 3064 diximus:
3355 3003 3568 3073 qualem

1986 3105 2306 3162 Ptolomaeus
2339 3101 2493 3170 juxta
2537 3100 2917 3155 Alexandriam
2978 3099 3347 3154 construxisse
3391 3095 3567 3151 octin-

1911 3182 1956 3244 Β
1987 3198 2162 3270 gentis
2213 3195 2430 3250 talentis
2484 3195 2736 3250 traditur.
2788 3191 2929 3248 Usus
2971 3194 3088 3264 ejus
3136 3201 3243 3256 est,
3299 3198 3565 3246 nocturno

1985 3288 2204 3346 navium
2260 3286 2441 3341 cursui
2505 3286 2656 3356 ignes
2719 3286 3005 3340 ostendere
3055 3285 3124 3340 ad
3176 3282 3570 3354 pronuntianda

1984 3375 2122 3430 vada
2158 3385 2453 3445 portusque
2485 3373 2766 3438 introitus,
2808 3390 2874 3428 ne
2907 3373 3113 3442 decepti
3155 3373 3396 3430 tenebris
3421 3370 3574 3426 navi-

1986 3475 2176 3537 gantes
2201 3469 2255 3520 in
2281 3465 2529 3535 scopulos
2553 3466 2812 3520 incidant.
2847 3463 2981 3520 Nam
3013 3464 3338 3524 Alexandria
3371 3462 3573 3520 fallaci-

1985 3558 2088 3614 bus
2108 3559 2258 3612 vadis
2282 3557 2567 3612 insidiosos
2595 3572 2842 3612 accessus
2861 3557 3044 3612 habet.
3067 3554 3204 3610 Hinc
3220 3569 3353 3625 ergo
3377 3555 3430 3607 in
3450 3567 3574 3622 por-

1989 3650 2133 3708 tibus
2160 3648 2438 3702 machinas
2469 3648 2537 3702 ad
2588 3647 2910 3716 praelucendi
2939 3646 3298 3706 ministerium
3327 3645 3563 3700 fabrica-

1991 3755 2074 3802 tas
2095 3746 2296 3816 pharos
2321 3743 2525 3798 dicunt.
2552 3742 2686 3797 Nam
2713 3744 2850 3812 pbos
2877 3741 2986 3807 lux,
3011 3755 3137 3800 Oros
3165 3739 3302 3796 visio
3331 3738 3529 3794 dicitur
3557 3757 3569 3792 :

1993 3836 2136 3890 unde
2163 3843 2219 3890 et
2244 3831 2437 3888 lucifer
2463 3833 2647 3889 Grmce
2676 3833 3014 3902 pbosphoros
3040 3830 3355 3900 appellatur.

2629 3943 2854 3999 CAPUT
2889 3943 2977 3996 XI.

2521 4015 2600 4069 De
2629 4013 2776 4068 lectis
2798 4023 2845 4067 et
2876 4012 3042 4070 sellis.

2062 4107 2293 4164 Lectica:
2314 4122 2344 4161 a
2360 4106 2512 4161 lectis
2535 4105 2719 4160 herbis
2742 4112 2961 4162 vocatae.
2991 4101 3209 4162 Stratus
3233 4117 3264 4156 a
3287 4101 3575 4157 sternendo

1991 4201 2190 4268 dictus,
2236 4199 2389 4270 quasi
2422 4198 2697 4254 storiatus.
2744 4197 2803 4252 In
2833 4197 2918 4254 his
3131 4193 3339 4264 antiqui
3364 4193 3432 4250 ad
3454 4191 3578 4250 dm.

1992 4296 2264 4354 miendum
2289 4295 2656 4358 accubabant,
2684 4293 2921 4350 nondum
2949 4293 3120 4348 laneis
3153 4291 3463 4348 stramentis
3494 4306 3580 4346 re-

1993 4388 2183 4458 pertis.
2215 4387 2414 4450 Storia,
2439 4385 2580 4455 quod
2608 4386 2679 4439 sit
2703 4395 2850 4442 terra
2884 4394 3076 4440 strata.
3108 4384 3273 4440 Carna
3291 4392 3375 4438 est
3399 4384 3580 4438 brevis

1997 4487 2054 4535 et
2095 4480 2248 4534 circa
2292 4487 2492 4538 tcta-am
2522 4495 2532 4530 :
2569 4475 2741 4534 Graeci
2771 4478 2917 4534 enim
2955 4479 3128 4532 camai
3163 4477 3325 4532 breve
3371 4477 3577 4534 dicunt.

323 4527 752 4636 cereusuamenl’
796 4544 888 4636 qui
914 4544 985 4602 ad
1020 4546 1399 4608 ίηωυίυίληάθε
1443 4556 1692 4613 tenebras
1721 4561 1894 4616 ηουιῖε
1919 4529 1974 4590 D
1998 4569 2075 4624 De
2107 4569 2262 4630 lectis
2287 4576 2342 4624 et
2379 4527 2551 4622 strata
2588 4566 2859 4636 Propheta
2883 4567 2937 4621 in

323 4629 654 4698 accenditur,
686 4633 955 4706 signiﬁcat
975 4640 1274 4700 doctrinam
1309 4646 1478 4702 ﬁdelis
1502 4652 1888 4719 praedicatoris,

323 4730 444 4787 quae
469 4719 734 4779 illuminat
762 4727 973 4786 animas
1005 4735 1170 4794 verbo
1218 4735 1314 4791 Dei
1344 4741 1626 4797 credentes
1669 4755 1723 4798 et
1768 4747 1895 4802 obe-

323 4809 553 4872 dientes.
581 4815 712 4875 Item
739 4820 805 4878 de
831 4835 955 4878 cera
985 4825 1042 4882 in
1067 4827 1276 4898 psalmo
1306 4832 1563 4902 scriptum
1593 4843 1679 4892 est
1704 4853 1716 4888 :
1748 4836 1894 4892 Sicut

320 4904 439 4998 [luit
467 4922 584 4998 cera
610 4926 644 4968 α
671 4909 808 4980 facie
829 4914 984 4985 ignis,
1020 4919 1096 4976 sic
1121 4922 1358 4992 peribunt
1381 4937 1678 4992 peccatores
1701 4945 1733 4984 α
1761 4928 1896 4998 facie

323 4993 444 5100 Paci,
475 5005 539 5099 “et
557 4997 690 5100 j-tuti
743 5005 1014 5100 {putentur
1060 5006 1230 5080 (Psal.
1280 5012 1475 5086 vau).
1539 4993 1800 5083 Quoniam
1850 5018 1905 5072 in

329 5273 480 5375 naria
503 5275 791 5375 pendentia
817 5291 943 5337 sunt
968 5282 1172 5344 lumina
1203 5289 1357 5358 quasi
1382 5289 1676 5358 lucanaria,
1725 5293 1778 5348 id
1801 5301 1903 5357 est,

325 5369 389 5424 in
414 5381 540 5426 aere
563 5369 817 5434 lucentia.
859 5374 1083 5438 Funalia
1105 5379 1384 5448 dicuntur,
1415 5398 1536 5452 qua:
1564 5386 1704 5440 intra
1725 5401 1904 5444 ceram

329 5467 480 5525 ﬁunt,
509 5461 650 5518 dicta
678 5480 711 5520 a
734 5466 972 5540 funibus,
1017 5487 1155 5542 quos
1183 5483 1310 5530 ante
1358 5491 1511 5530 usum
1540 5479 1728 5550 papyri
1779 5494 1904 5536 cera

324 5551 693 5614 almumdatos
752 5560 989 5618 habuere
1064 5563 1297 5634 majores
1339 5585 1351 5622 :
1403 5569 1542 5624 unde
1603 5580 1657 5626 et
1713 5570 1905 5627 funera

333 5646 604 5708 dicuntur.
672 5648 904 5722 Lampas
947 5653 1160 5714 ﬂamma
1207 5667 1292 5714 est
1343 5660 1397 5715 in
1451 5663 1653 5718 vertice
1692 5665 1904 5731 lucens,

331 5735 472 5798 dicta
501 5740 645 5812 quod
679 5741 909 5807 labentis
955 5756 1160 5808 motum
1185 5751 1474 5810 ostendere
1512 5757 1775 5815 videatur.
1830 5765 1906 5816 De

1997 4659 2060 4716 bo
2083 4675 2174 4726 per
2196 4656 2430 4726 singulas
2473 4665 2646 4714 noctes
2686 4656 2875 4712 lectam
2923 4674 3118 4720 meum,
3167 4657 3411 4726 lacrymis
3455 4657 3582 4709 meis

1993 4757 2218 4804 stratum
2243 4763 2414 4800 meum
2441 4746 2620 4814 γέραὸο
2649 4745 2821 4814 (l’sal.
2872 4745 2969 4816 vr).
3022 4745 3079 4800 Si
3109 4746 3211 4801 hoc
3249 4745 3314 4800 ad
3341 4743 3578 4798 litteram

1998 4839 2134 4895 velis
2162 4838 2427 4906 accipere,
2473 4837 2670 4892 merito
2707 4837 2924 4905 quidem
2951 4836 3173 4899 lectum,
3214 4849 3377 4903 quem
3401 4834 3576 4889 uoeti-

1999 4931 2104 4986 bus
2151 4930 2451 4998 polluerat,
2517 4928 2770 4999 lacrymis
2834 4928 3086 4988 abluebat
3125 4945 3138 4980 :
3187 4927 3283 4982 sed
3341 4926 3580 4982 occurrit

2007 5021 2337 5092 possibilitas
2397 5028 2456 5074 ut
2515 5028 2663 5075 tanta
2717 5020 2906 5076 fuisset
2965 5019 3121 5089 copia
3170 5018 3578 5088 'lacrymarum,

1891 5150 1906 5174 ,
2007 5128 2128 5184 qua:
2150 5129 2256 5168 non
2283 5112 2455 5172 solum
2479 5112 2693 5178 faciem,
2720 5113 2814 5168 sed
2841 5121 2895 5167 et
2921 5112 3118 5171 lectum
3151 5111 3347 5167 lavisse
3370 5110 3576 5166 dicere-

2011 5210 2117 5258 tur.
2175 5203 2515 5273 Quaprapter
2563 5203 2754 5259 melius
2787 5204 2991 5262 lectum
3018 5203 3430 5264 delectationem
3459 5216 3582 5258 cor-

2007 5297 2158 5366 poris
2203 5296 2583 5365 intelligamus,
2628 5297 2681 5351 in
2714 5312 2844 5366 qua,
2907 5295 3051 5350 velut
3098 5296 3152 5351 in
3184 5294 3352 5351 cubili
3383 5303 3572 5349 nostro
3604 5352 3609 5368 1

2009 5390 2363 5444 marcescenti
2389 5389 2645 5459 voluptati
2688 5389 2992 5455 renitimnr,
3034 5403 3196 5457 quam
3223 5395 3405 5459 potest
3425 5373 3608 5443 bomo'

2010 5480 2264 5551 lacrymis
2305 5484 2552 5550 quamvis
2600 5483 2787 5551 paucis
2818 5482 3022 5548 lavare,
3057 5483 3108 5540 si
3132 5499 3258 5539 eum
3303 5481 3583 5552 contingat

2010 5573 2217 5630 caelesti
2267 5574 2623 5643 inspiratione
2684 5574 2899 5631 deflere.
2963 5573 3149 5631 Cubile
3209 5582 3292 5629 est
3353 5569 3584 5628 cubandi

2012 5665 2180 5720 locus.
2235 5665 2526 5721 Grabaturn
2571 5665 2814 5724 Graecum
2851 5677 2952 5724 est.
2995 5665 3250 5736 Bajnnola
3296 5671 3380 5719 est
3417 5662 3588 5717 lectus

2008 5762 2102 5833 qui
2132 5761 2187 5816 in
2231 5761 2423 5818 itinere
2449 5762 2732 5836 bajulatur,
2774 5779 2804 5818 a
2828 5760 3136 5835 heiulando,
3181 5759 3241 5820 id
3267 5768 3352 5818 est
3394 5757 3587 5834 depor-
