4038 6324
440 391 452 397 -
495 337 598 395 607

1167 350 1226 404 Β.
1269 350 1519 408 RABANI
1559 353 1777 412 usum
1815 348 2129 408 ARCHIEP.
2168 338 2475 410 MOGUNT.
2515 349 2799 408 OPERUM
2833 349 3013 408 PARS
3044 351 3110 407 ιι.

3615 353 3619 357 ’
3641 357 3752 412 608

495 457 677 512 tando.
734 456 814 517 De
858 463 1022 520 cubili
1069 472 1247 519 autem
1298 467 1370 520 ita
1400 467 1453 520 in
1481 468 1756 538 psalterio
1801 468 2062 536 scriptum
2090 466 2360 534 Aquibus
2420 466 2658 536 peccatis
2707 457 2905 522 mortui
2947 467 3132 537 jacere
3178 467 3524 526 desiderant:
3602 472 3753 528 unde

491 553 576 599 est
619 563 632 600 :
666 546 732 603 In
772 551 1027 608 cubilibus
1067 557 1247 614 uestris
1291 559 1699 628 compungimiui
1746 557 1914 630 (Psal.
1959 557 2056 629 1v).

491 631 750 692 Ferarum
807 639 1138 698 domicilium
1173 647 1388 715 proprie
1437 648 1611 701 cubile
1664 648 1860 702 dicitur
1906 665 1938 702 a
1965 663 2062 702 cu-

490 730 687 787 bando.
734 734 1013 792 Ferocium
1062 755 1190 810 ergo
1235 743 1589 812 cogitationes
1631 753 1753 813 apte
1800 745 1933 799 dixit
1961 761 2060 800 cu-

491 819 618 875 bilia
653 837 670 876 :
717 827 963 893 quamvis
991 829 1257 884 interdum
1295 839 1348 885 et
1396 832 1446 886 in
1493 833 1634 887 bono
1664 834 1884 888 abusive
1918 833 2062 903 lega-

493 919 582 964 tur
627 924 979 986 assumptum,
1034 928 1091 974 ut
1118 921 1292 974 estde
1321 923 1565 977 sanctis:
1617 923 1961 978 Lwtabuntur
2007 927 2062 977 in

490 1004 742 1060 cubilibus
764 1009 873 1062 suis
894 1008 1064 1081 (Psal.
1097 1013 1298 1083 cxux).
1331 1012 1468 1068 Nam
1493 1016 1636 1084 quod
1660 1016 1809 1080 dicit,
1839 1017 1893 1068 in
1918 1015 2060 1069 cubi-

489 1091 624 1148 libus
667 1099 845 1152 uestris
873 1103 1298 1171 compuugimini,
1343 1105 1634 1174 signiﬁcat,
1689 1107 2060 1176 paenitentiam

485 1181 651 1257 agite.
718 1191 851 1260 Nam
903 1198 1314 1265 compunclione
1371 1200 1603 1268 quadam
1652 1200 1952 1254 animarum
2003 1200 2062 1253 ﬁt

489 1289 670 1348 optata
723 1287 1037 1341 conversio:
1091 1303 1154 1342 ac
1207 1289 1252 1342 si
1282 1291 1524 1345 diceret:
1576 1292 1818 1346 Deserite
1863 1307 2062 1360 pravas

489 1371 841 1439 cogitationes
884 1387 1132 1443 vestras,
1184 1390 1470 1450 antequam
1529 1382 1732 1436 scelera
1784 1391 2062 1451 perpetre-

486 1462 579 1516 tis.
624 1461 919 1521 Grabatum
947 1469 1089 1523 enim
1121 1471 1388 1542 signiﬁcat
1420 1473 1786 1527 sull‘erentiam
1814 1475 2055 1529 charita-

487 1555 558 1609 tis
584 1553 855 1613 fraternae.
886 1559 1037 1615 Unde
1063 1565 1323 1633 scriptum
1351 1575 1434 1619 est
1461 1567 1514 1619 in
1551 1565 1859 1636 Evangelio,
1909 1568 2058 1635 quod

489 1644 747 1704 Dominus
775 1651 972 1706 dixerit
989 1654 1286 1725 paralytico
1312 1671 1340 1710 a
1369 1672 1426 1710 se
1455 1666 1646 1711 sanato
1671 1675 1684 1711 :
1719 1657 1906 1728 Surge,
1938 1657 2061 1712 tolle

486 1738 759 1807 grabatum
789 1752 957 1808 tuum,
989 1755 1037 1797 et
1060 1745 1269 1799 ambula
1299 1747 1510 1817 (Matth.
1544 1748 1642 1818 Ix),
1688 1749 1738 1803 id
1767 1758 1867 1815 est,
1896 1750 2060 1805 relin-

2164 569 2286 610 cum
2316 555 2573 610 Dominus
2593 555 2763 610 voluit
2780 555 3044 612 suscitare
3069 565 3364 625 mortuum,
3409 559 3575 630 jussit
3594 569 3757 621 stare

2162 642 2421 698 feretrum
2465 662 2476 697 :
2535 646 2662 714 quia
2708 647 2881 702 vetuit
2944 646 3311 704 adulationum
3376 650 3644 723 decipulis
3688 653 3756 712 in

2159 736 2398 804 peccatis
2437 735 2638 792 diutius
2681 738 2902 792 morari.
2961 736 3194 794 Scamna
3228 748 3387 807 sunt,
3425 757 3548 812 quae
3591 743 3757 802 lectis

2164 827 2444 884 altioribus
2488 838 2847 900 apponuntur,
2903 832 3044 886 dicta
3070 848 3102 887 a
3133 834 3484 891 scandendo:
3516 837 3648 893 hinc
3696 847 3759 894 et

2162 922 2396 977 scabella
2441 923 2594 978 lectis
2635 925 2814 993 parvis
2857 925 2943 980 vel
2984 925 3130 982 sellis
3155 927 3224 982 ad
3257 942 3541 984 ascensum
3581 945 3758 1000 appo-

2163 1020 2382 1066 nuntur.
2426 1012 2728 1068 Scabellum
2771 1023 2952 1070 autem
2990 1023 3044 1070 et
3082 1018 3490 1087 suppedaneum
3520 1012 3750 1075 dicitur.

2164 1102 2296 1156 Nam
2336 1102 2506 1159 Graeci
2561 1106 2863 1176 upopodion
2909 1105 3134 1173 dicunt,
3179 1106 3358 1163 Latini
3414 1111 3713 1166 scabellum
3739 1153 3756 1178 ,

2163 1194 2249 1248 alii
2277 1195 2698 1263 suppedaneum,
2741 1198 2882 1266 quod
2909 1200 3008 1252 sub
3040 1199 3270 1268 pedibus
3299 1199 3392 1255 sit.
3438 1199 3755 1258 Scabellum

2163 1283 2570 1338 humiliatorum
2629 1284 3021 1355 subiectionem
3083 1289 3389 1360 signiﬁcat,
3442 1300 3500 1344 ut
3549 1300 3634 1346 est
3691 1292 3752 1346 in

2159 1376 2408 1444 psalmo:
2449 1376 2626 1430 Donec
2672 1395 2862 1448 ponam
2892 1379 3128 1434 inimicos
3156 1390 3272 1435 tuos
3317 1381 3604 1436 scabellum
3653 1400 3752 1452 pe-

2161 1466 2285 1519 dum
2315 1476 2522 1520 tuorum
2553 1467 2726 1538 (Psal.
2751 1456 2881 1537 Ctx).
2910 1468 3078 1524 Sedes
3101 1471 3266 1535 dicta,
3297 1472 3559 1541 quoniam
3597 1471 3750 1542 apud

2163 1564 2378 1611 veteres
2408 1556 2682 1612 Romanos
2707 1573 2812 1612 non
2840 1566 2959 1612 erat
3006 1575 3138 1614 usus
3173 1561 3552 1625 accumbeudi,
3600 1561 3752 1614 unde

2161 1655 2215 1701 et
2237 1646 2526 1703 consedere
2561 1647 2910 1702 dicebantur:
2951 1659 3230 1718 propterea
3255 1649 3348 1722 (ut
3378 1650 3454 1705 ait
3484 1650 3660 1705 Varro
3682 1651 3753 1704 de

2163 1736 2284 1791 Vita
2328 1739 2513 1808 populi
2564 1739 2825 1811 Romani)
2871 1741 2974 1795 viri
3027 1741 3366 1816 discumbere
3436 1753 3748 1812 cmperunt,

487 1844 593 1896 que
631 1841 853 1898 peccata
901 1834 1148 1903 pristina,
1206 1816 1616 1892 necessitatibus
1665 1839 1889 1894 [ηιμ-ηπ,
1933 1857 2059 1896 suc-
2087 1816 2137 1878 Β
2165 1829 2417 1885 mulieres
2443 1831 2630 1886 sedere
2656 1849 2668 1884 :
2697 1833 2822 1901 quia
2866 1833 3035 1902 turpis
3063 1833 3213 1888 visus
3239 1833 3296 1887 in
3321 1833 3553 1888 muliere
3582 1849 3752 1888 accu-

487 1934 686 1976 curre:
740 1926 875 1978 etin
905 1927 1170 1982 universis
1223 1945 1343 1998 quae
1395 1931 1526 2000 agis,
1559 1931 1702 1997 vide,
1753 1947 1818 1987 ne
1862 1933 1916 1987 in
1957 1934 2062 2008 hoc

490 2012 686 2066 saeculo
715 2024 950 2071 mentem
1000 2017 1154 2089 ﬁgas,
1206 2021 1298 2075 sed
1327 2021 1396 2075 ad
1423 2021 1707 2077 videndam
1739 2023 1934 2078 faciem
1983 2026 2060 2078 tui

493 2101 716 2160 festines
745 2106 1152 2179 Redemptoris:
1178 2126 1355 2181 surge,
1393 2112 1534 2166 bona
1559 2115 1832 2183 operando
1860 2133 1872 2168 :
1903 2124 2059 2185 porta

483 2195 773 2261 grabatum
823 2209 972 2253 tuum
998 2239 1013 2265 ,
1055 2200 1321 2279 diligendo
1366 2203 1707 2272 proximum:
1739 2211 1793 2259 et
1823 2206 2056 2269 ambula,

488 2291 850 2355 exspectando
871 2289 1084 2346 beatam
1111 2309 1259 2362 spem
1281 2303 1336 2348 et
1363 2295 1650 2350 adventum
1673 2297 1855 2364 glorim
1879 2299 2058 2369 magni

489 2373 603 2429 Dei.
637 2377 770 2433 Nam
792 2379 948 2448 juxta
970 2384 1280 2456 allegoriam
1304 2387 1473 2443 lectus
1499 2397 1592 2442 aut
1620 2390 1860 2459 requiem
1892 2391 2060 2461 signi-

489 2467 613 2524 ﬁcat
672 2471 724 2525 in
769 2469 1024 2539 Christo,
1074 2484 1168 2530 aut
1211 2478 1679 2546 contemplativam
1725 2480 1912 2544 vitam,
1968 2491 2060 2537 aut

485 2560 853 2619 inﬁrmitatem
893 2581 1225 2636 corpoream,
1259 2578 1350 2623 aut
1378 2569 1543 2624 vitam
1593 2570 1921 2640 opulentam,
1966 2581 2061 2627 aut

487 2651 863 2710 haereticorum
911 2658 1277 2729 deceptionem
1304 2703 1319 2727 ,
1367 2672 1460 2718 aut
1489 2664 1888 2720 tribulationem
1933 2666 2058 2721 vitm

476 2738 699 2799 ,l‘uturzc.
748 2743 944 2802 Lectus
981 2750 1123 2803 enim
1153 2751 1404 2816 Ecclesiae
1458 2754 1672 2822 requies
1699 2763 1784 2809 est
1813 2755 1867 2809 in
1902 2756 2059 2810 Chri-

485 2838 592 2896 sto,
617 2841 675 2886 ut
695 2843 779 2888 est
808 2835 936 2892 illud
967 2838 1020 2892 in
1049 2838 1272 2895 Cantico
1302 2843 1632 2897 canticorum
1657 2861 1669 2897 :
1707 2844 1844 2898 Ecce
1869 2845 2056 2900 lectum

488 2919 785 2979 Salomonis
848 2927 1118 2998 sexaginta
1166 2930 1326 2998 fortes
1371 2933 1603 2986 ambiunt
1658 2929 1855 3005 (Cant.
1928 2936 2054 3006 ιιι).

486 3009 618 3064 Item
645 3012 814 3071 lectus
846 3019 1058 3086 requies
1081 3021 1362 3090 spiritalis,
1394 3023 1496 3077 hoc
1521 3031 1622 3087 est,
1673 3024 1783 3076 vita
1815 3033 2056 3080 contem-

486 3101 685 3171 plativa
737 3106 792 3161 in
843 3109 1167 3166 Salomone:
1219 3112 1286 3168 In
1333 3112 1521 3168 lectulo
1566 3131 1677 3168 meo
1723 3131 1816 3184 per
1857 3125 2055 3169 noctem

484 3195 698 3261 quaesivi
721 3237 735 3260 ,
785 3215 934 3268 quem
959 3201 1220 3256 desiderat
1256 3205 1433 3258 anima
1481 3221 1597 3258 mea
1639 3204 1848 3275 (Ibid.).
1895 3205 1962 3258 Et
2001 3205 2055 3259 in

485 3282 800 3356 Evangelio:
833 3288 973 3346 Tunc
996 3292 1100 3346 duo
1129 3304 1279 3349 erunt
1313 3296 1367 3349 in
1396 3295 1544 3360 lecto,
1565 3313 1710 3350 [unus
1739 3307 2053 3363 assumetur,

483 3383 532 3427 et
583 3393 721 3432 unus
771 3379 1093 3452 relinquetur
1139 3384 1308 3454 (Luc.
1356 3386 1527 3459 xvu).
1581 3387 1817 3443 Rursum
1861 3388 2052 3456 lectus,

483 3465 716 3523 hominis
753 3485 972 3540 corpus,
1024 3475 1108 3527 vel
1161 3474 1449 3531 inﬁrmitas
1479 3481 1657 3532 carnis
1706 3479 1762 3533 in
1807 3479 2052 3549 psalmo:

482 3555 737 3613 Dominus
788 3563 934 3631 ορεηὶ
981 3563 1115 3632 ferat
1154 3564 1233 3618 illi
1279 3583 1434 3637 super
1461 3567 1647 3622 lectum
1705 3568 1900 3625 doloris
1942 3572 2055 3640 ejus

482 3646 502 3718 (
527 3647 673 3703 Psal.
714 3651 843 3724 χι.
889 3653 958 3708 Ει
1000 3655 1167 3711 alibi:
1219 3657 1424 3712 Laoabo
1471 3677 1561 3731 per
1606 3661 1838 3732 singulas
1884 3673 2055 3717 noctes

481 3738 668 3792 lectum
705 3758 878 3796 meum
913 3743 1084 3816 (Psal.
1107 3745 1206 3818 γι).
1238 3747 1433 3804 Lectus
1462 3751 1570 3806 vita
1599 3752 1882 3822 opulenta:
1911 3755 2056 3809 sicut

474 3827 536 3887 in
589 3829 756 3885 Amos
783 3847 882 3900 pro
924 3835 1178 3893 divitibus
1221 3840 1380 3910 hujus
1422 3842 1604 3896 saeculi
1655 3843 1890 3899 dicitur:
1942 3845 2048 3910 Qui

479 3919 716 3976 dormitis
761 3924 815 3977 in
860 3924 1004 3982 lectis
1048 3929 1286 3985 eburneis
1336 3933 1532 4004 (Amos
1582 3934 1702 4009 vt
1755 3935 1952 3993 Lectus
1999 3939 2052 3993 in

479 4009 718 4067 Ecclesia
758 4015 1133 4074 haereticorum
1171 4020 1436 4092 deceptio,
1471 4025 1536 4080 de
1567 4041 1674 4094 quo
1702 4027 1755 4080 in
1805 4026 2052 4084 Salomo-

480 4116 548 4156 ne
569 4102 826 4172 scriptum
849 4115 934 4162 est
956 4127 968 4162 :
988 4108 1202 4164 Intexui
1225 4111 1414 4167 lectum
1443 4131 1612 4168 meum
1634 4116 1843 4184 funibus
1867 4117 2050 4188 (Prov.

476 4195 598 4264 vn),
625 4197 728 4251 hoc
747 4207 852 4264 est,
880 4200 1109 4258 vinculis
1149 4214 1518 4272 peccatorum.
1574 4207 1774 4263 Lectus
1824 4210 2048 4267 tribula-

475 4289 550 4342 tio
595 4290 720 4343 vitze
763 4290 974 4345 futurae.
1023 4292 1161 4349 Hinc
1186 4282 1384 4350 dicitur
1413 4298 1466 4351 in
1499 4297 1823 4370 Apocalypsi
1854 4318 1867 4354 :
1911 4301 2051 4358 Ecce

475 4378 624 4430 mitto
662 4377 808 4432 illum
833 4380 888 4433 in
917 4381 1106 4434 lectum
1138 4399 1156 4436 :
1185 4394 1232 4438 et
1259 4387 1347 4454 qui
1375 4386 1662 4440 moechatur
1707 4406 1826 4442 cum
1863 4408 1945 4458 ea,
1995 4393 2050 4447 in

2162 1917 2322 1972 bitus.
2351 1918 2518 1975 Sedes
2537 1929 2715 1976 autem
2730 1922 2956 1990 mystice
2969 1921 3236 1991 signiﬁcat
3252 1922 3495 1977 habitum
3516 1937 3754 1992 regnan-

2163 2010 2231 2066 tis
2268 2013 2381 2066 sive
2420 2012 2732 2081 judicantis.
2784 2012 2936 2069 Unde
2983 2013 3182 2070 dicitur
3210 2016 3264 2069 in
3293 2014 3539 2085 psalmo:
3582 2005 3753 2069 Sedei

2160 2109 2251 2154 tua
2291 2103 2346 2154 in
2370 2101 2623 2156 swculum
2663 2103 2844 2157 steculi
2876 2102 3048 2174 (Psal.
3079 2102 3249 2175 xuv):
3298 2113 3351 2156 et
3379 2105 3615 2159 iterum:
3651 2101 3752 2157 Se-é

2159 2191 2269 2255 des,
2321 2192 2512 2262 inquit,
2560 2210 2718 2263 super
2753 2194 3017 2260 thronum,
3068 2195 3159 2265 qui
3179 2194 3395 2263 judicas
3443 2195 3746 2264 (equitatem

2159 2279 2327 2352 (Psal.
2385 2282 2482 2354 ιιι).
2535 2282 2602 2338 Et
2630 2283 2684 2337 in
2731 2283 3020 2354 Evangelio
3066 2284 3322 2338 Dominus
3351 2282 3610 2353 apostolis
3637 2283 3747 2336 ait:

2158 2371 2397 2426 sedebitis
2418 2389 2572 2443 super
2593 2373 2758 2438 sedes,
2768 2373 3069 2443 judicantes
3090 2373 3364 2428 duodecim
3384 2372 3550 2426 tribus
3572 2369 3749 2426 Israel

2160 2461 2375 2533 (Matth.
2418 2463 2554 2534 xxx).
2587 2464 2869 2519 Cathedra:
2892 2464 3038 2519 enim
3087 2464 3245 2520 sedes
3280 2464 3560 2519 doctorum
3593 2469 3746 2527 sum,

2159 2564 2214 2610 et
2239 2556 2543 2627 signiﬁcant
2570 2557 2798 2627 mystice
2846 2557 3070 2613 docendi
3122 2564 3468 2628 potestatem,
3528 2562 3624 2610 aut
3649 2555 3749 2610 do-

2158 2646 2383 2700 ctrinam
2408 2645 2541 2718 legis
2567 2645 2757 2717 Moysi,
2806 2647 2919 2703 sive
2953 2647 3114 2703 etiam
3142 2646 3522 2701 hareticorum
3546 2643 3724 2699 doctri

2159 2751 2302 2790 nam.
2371 2735 2505 2790 Nam
2553 2736 2809 2791 cathedra
2855 2737 3100 2791 doctrina
3142 2735 3226 2790 vel
3268 2742 3512 2806 potestas
3558 2740 3644 2788 est
3687 2732 3746 2787 in

2158 2829 2450 2898 psalterio:
2483 2828 2746 2883 Cathedra
2784 2830 3048 2883 seniorum
3071 2828 3248 2883 laudet
3271 2844 3388 2882 eum
3412 2825 3585 2898 (Psal.
3607 2823 3741 2895 (Νι).

2158 2919 2425 2976 Cathedra
2461 2920 2707 2975 doctrina
2733 2920 2867 2990 legis
2904 2919 3073 2992 Moysi
3105 2920 3160 2974 in
3185 2919 3520 2990 Evangelia:
3569 2917 3746 2988 Super

2158 3011 2461 3067 cathedram
2520 3012 2691 3082 Moysi
2717 3013 2963 3067 sederunt
3010 3011 3194 3066 scriba:
3241 3019 3288 3066 et
3343 3010 3640 3065 sacerdotes
3691 3017 3743 3062 et

2159 3101 2420 3158 Phariswi
2449 3103 2662 3175 (Matth.
2691 3103 2870 3175 nm).
2917 3103 3188 3159 Cathedra
3230 3101 3607 3156 haereticorum
3646 3099 3746 3154 do-

2083 3170 2128 3233 C
2161 3200 2357 3265 ctrina,
2386 3170 2528 3255 ut‘in
2550 3199 2794 3269 psalmo:
2829 3170 2915 3254 'Et
2937 3200 2993 3252 in
3027 3197 3276 3252 cathedra
3301 3195 3608 3266 pestilentia
3633 3209 3744 3248 non

2160 3292 2292 3345 sedit
2321 3289 2495 3365 (Psal.
2527 3290 2588 3363 ι).
2623 3291 2822 3346 Sedere
2855 3291 3000 3344 enim
3023 3288 3221 3344 docere
3249 3295 3350 3342 est.
3407 3284 3634 3347 Solium,
3681 3281 3743 3337 in

2160 3397 2267 3451 quo
2317 3397 2472 3452 reges
2523 3382 2715 3437 sedent
2763 3391 2984 3452 propter
3023 3379 3292 3434 cautelam
3339 3374 3582 3446 corporis
3628 3372 3741 3438 sui,

2159 3473 2454 3526 secundum
2513 3472 2773 3541 quosdam
2831 3487 2862 3524 a
2913 3471 3127 3526 solidite
3193 3469 3397 3524 dictum
3438 3465 3596 3536 quasi
3642 3479 3739 3520 so-

2157 3567 2325 3622 dium.
2372 3567 2679 3624 Secundum
2727 3566 2861 3621 alios
2905 3581 3002 3636 per
3041 3564 3400 3625 antistichon,
3446 3559 3604 3629 quasi
3641 3571 3740 3613 so-

2157 3658 2326 3726 dium,
2379 3675 2411 3714 a
2437 3659 2709 3713 sedendo:
2747 3659 2888 3713 unde
2915 3665 2970 3711 et
2999 3656 3150 3721 sella,
3188 3655 3344 3726 quasi
3371 3651 3531 3716 seda,
3587 3650 3736 3705 dicta

2155 3760 2257 3816 est,
2302 3758 2356 3805 et
2395 3749 2665 3814 subsellia,
2709 3749 2863 3820 quasi
2919 3746 3186 3803 subsedia.
3232 3743 3437 3800 Solium
3485 3741 3632 3796 enim
3674 3739 3734 3794 in

2157 3842 2451 3911 Scripturis
2479 3842 2650 3898 sacris
2691 3840 2967 3910 regnantis
2996 3839 3238 3894 habitum
3261 3846 3317 3891 et
3345 3834 3541 3890 divinat
3567 3831 3742 3902 maje-

2155 3933 2308 3988 statis
2355 3932 2727 3988 excellentiam
2759 3931 2957 4000 signat.
3009 3928 3164 3985 Unde
3198 3926 3461 3982 Dominus
3489 3924 3548 3978 in
3592 3921 3737 3978 Isaia

2154 4033 2209 4080 et
2254 4025 2308 4078 in
2339 4023 2545 4078 Michea
2573 4023 2768 4092 legitur
2795 4021 2998 4076 sedisse
3043 4028 3205 4090 super
3232 4018 3426 4074 solium
3453 4014 3736 4072 excelsum

2153 4124 2207 4172 et
2252 4115 2519 4171 elevatum
2567 4115 2714 4189 (Isa.
2772 4114 2886 4185 vr).
2933 4112 3101 4168 Filius
3143 4111 3287 4167 enim
3330 4109 3427 4164 Dei
3470 4108 3738 4164 Dominus

2152 4214 2337 4262 noster
2382 4206 2540 4262 Jesus
2585 4205 2831 4261 Christus
2875 4205 2978 4260 hac
3024 4203 3294 4259 sententia
3344 4201 3399 4256 in
3449 4197 3734 4270 regnantis

2151 4297 2340 4352 habitu
2381 4295 2821 4359 demonstratur,
2863 4293 2972 4362 qui‘
2997 4299 3192 4362 regnat
3234 4289 3291 4344 in
3339 4297 3627 4352 aeternum,
3675 4293 3740 4341 et

2151 4389 2300 4442 sedet
2328 4402 2488 4456 super
2525 4387 2708 4442 sedem
2748 4393 2992 4441 sanctam
3035 4397 3210 4436 suam.
3258 4377 3523 4450 Tripodes
3550 4390 3703 4432 scam

474 4482 666 4536 magna
696 4469 1024 4524 tribulatione
1064 4483 1214 4527 erunt
1245 4472 1428 4546 (Apoc.
1462 4477 1545 4550 ιι).
1597 4478 1851 4535 Pulvinar
1879 4481 2050 4540 lectus
2071 4513 2127 4574 Β
2153 4477 2279 4531 nelli
2306 4485 2453 4543 sunt,
2503 4477 2766 4531 habentes
2805 4484 2914 4529 tres
2945 4471 3111 4543 pedes
3137 4491 3150 4526 :
3184 4469 3291 4574 ‘sed
3319 4477 3375 4524 et
3399 4467 3735 4574 candelabra

475 4555 700 4611 divitum
730 4565 850 4612 est:
881 4558 1004 4614 inde
1031 4569 1086 4616 et
1122 4563 1390 4632 pulvilius.
1430 4564 1691 4624 Pulvillus
1719 4570 1864 4626 enim
1890 4573 2048 4644 signi-

471 4645 598 4704 ﬁcat
647 4647 1011 4718 deceptionem
1053 4654 1434 4726 adulatorum;
1476 4661 1617 4716 unde
1660 4663 1921 4733 scriptum
1964 4675 2047 4721 est

471 4744 525 4798 in
553 4745 854 4814 propheta:
891 4744 982 4800 γω
1011 4749 1172 4816 vobis,
1217 4752 1310 4822 qui
1333 4755 1609 4809 consuistis
1664 4756 1908 4827 pulvillos
1947 4759 2042 4812 sub

469 4836 609 4888 omni
637 4834 812 4888 cubitu
839 4852 1046 4904 manus,
1077 4850 1126 4894 et
1156 4844 1430 4899 cervicalia
1468 4846 1538 4899 ad
1568 4847 1771 4901 animas
1797 4848 2045 4917 diripien-

467 4927 562 4978 das
593 4923 808 4995 (Ezech.
832 4927 975 4998 xm).
1006 4928 1222 4999 Sponda
1253 4945 1436 4991 autem
1467 4937 1705 4992 exterior
1730 4953 1860 5007 pars
1887 4938 2038 5005 lecti,

467 5016 677 5084 pluteus
727 5021 970 5078 interior.
1023 5024 1270 5082 Geniales
1313 5028 1439 5083 lecti
1479 5029 1694 5098 proprie
1732 5037 1889 5096 sunt,
1952 5032 2048 5100 qui

467 5117 783 5165 sternuntur
807 5115 996 5180 puellis
1041 5118 1364 5174 nubentibus
1392 5138 1404 5172 :
1443 5119 1573 5173 dicti
1613 5128 1792 5174 autem
1817 5136 1847 5174 a
1879 5137 2013 5192 genc

467 5200 655 5254 randis
704 5201 906 5260 liberis.
970 5206 1242 5264 Cunabula
1296 5218 1422 5266 sunt
1478 5210 1695 5276 lectuli,
1747 5211 1800 5265 in
1850 5214 2044 5282 quibus

468 5287 698 5345 infantes
735 5291 921 5361 jacere
965 5308 1390 5365 consueverunt,
1452 5300 1626 5365 dicta,
1663 5301 1804 5370 quod
1865 5304 2042 5371 partui

466 5382 843 5454 adhibeantur,
884 5392 1036 5459 quasi
1062 5392 1344 5463 cynabula.
1383 5391 1515 5446 Nam
1555 5394 1712 5448 cuein
1748 5404 1829 5449 est
1855 5394 2039 5452 Graece

467 5474 630 5530 eniti:
663 5475 780 5534 hzec
826 5495 968 5552 sazpe
1001 5483 1221 5537 abusive
1260 5498 1357 5552 pro
1404 5482 1670 5537 infantum
1702 5485 2037 5542 nutrimento

465 5574 759 5633 ponuntur.
809 5568 1093 5625 Feretrum
1113 5571 1309 5625 dicitur
1357 5588 1420 5627 eo
1470 5573 1611 5641 quod
1650 5572 1703 5626 in
1733 5589 1797 5628 eo
1842 5575 2036 5628 mortui

463 5658 794 5715 deierantur.
831 5661 984 5729 Quod
1010 5671 1065 5716 et
1085 5662 1196 5731 jam
1228 5664 1450 5734 mystice
1491 5664 1760 5732 signiﬁcat
1789 5665 2037 5718 adulato-

461 5771 582 5817 rum
609 5754 844 5816 lavores,
891 5755 977 5810 vel
1002 5754 1174 5814 malas
1201 5755 1955 5834 consuetudineshominum,
1980 5756 2036 5812 in

2155 4568 2362 4639 tripoda
2385 4576 2528 4634 sunt,
2558 4568 2684 4638 quia
2711 4564 2958 4625 similiter
2984 4572 3094 4619 tres
3114 4561 3320 4618 habent
3343 4559 3529 4633 pedes.

2744 4677 2971 4734 CAPUT
3014 4676 3127 4732 XII.

2745 4749 2818 4803 De
2862 4747 3128 4804 vehiculis.

2217 4839 2444 4896 Carrum
2474 4857 2504 4894 a
2553 4840 2774 4896 cardine
2809 4849 3053 4895 rotarum
3091 4838 3316 4904 dictum,
3361 4839 3502 4892 unde
3524 4846 3576 4892 et
3606 4851 3734 4892 cur-

2149 4945 2241 4984 rus
2283 4930 2431 4995 dicti,
2459 4929 2602 4999 quod
2630 4938 2774 4986 rotas
2807 4930 3008 4985 habere
3050 4929 3322 4985 videntur.
3375 4927 3510 4982 Rota
3540 4934 3729 4982 autem

2148 5021 2311 5085 dicta,
2329 5021 2471 5090 quod
2500 5030 2637 5084 ruat,
2663 5030 2718 5075 et
2731 5021 3019 5077 rotundum
3044 5037 3072 5075 a
3098 5028 3215 5075 rota
3237 5024 3509 5073 vocatum.
3530 5016 3724 5071 Rheda

2147 5127 2314 5183 genus
2354 5111 2585 5165 vehiculi
2623 5120 2856 5181 quatuor
2891 5120 3170 5165 rotarum:
3203 5109 3302 5165 has
3342 5108 3549 5179 antiqui
3571 5115 3727 5162 retas

2145 5201 2412 5268 dicebant,
2456 5210 2674 5271 propter
2697 5201 2839 5271 quod
2880 5199 3140 5256 haberent
3177 5206 3346 5254 rotas.
3386 5197 3721 5268 Carpentum

2142 5296 2502 5365 pompaticum
2525 5293 2753 5350 vehiculi
2781 5308 2973 5364 genus,
3017 5291 3169 5362 quasi
3190 5306 3409 5346 carrum
3456 5285 3725 5360 pompati-

2144 5400 2286 5438 cum.
2314 5383 2617 5438 Plaustrum
2641 5383 2944 5438 vehiculum
2963 5385 3188 5438 duarum
3212 5391 3475 5443 rotarum,
3521 5378 3721 5448 quibus

2145 5492 2310 5530 onera
2335 5476 2647 5530 deferuntur
2687 5494 2698 5526 :
2733 5485 2789 5530 et
2809 5477 3012 5530 dictum
3048 5475 3369 5545 plaustrum,
3400 5471 3527 5542 quia
3554 5467 3724 5523 volvi-

2147 5577 2268 5620 tur:
2307 5566 2459 5632 quasi
2497 5566 2704 5620 diceres
2739 5565 3042 5636 pilastrum.
3090 5565 3226 5618 Rota
3270 5571 3451 5617 autem
3480 5559 3716 5630 mystico

2143 5655 2407 5726 signiﬁcat
2434 5664 2525 5708 aut
2555 5656 2760 5719 orbem,
2791 5662 2884 5708 aut
2910 5656 3075 5708 vitam
3089 5654 3416 5715 .humanam,
3447 5658 3542 5705 aut
3572 5647 3721 5703 voln—

2141 5749 2406 5806 bilitatem
2432 5749 2644 5813 animae,
2668 5755 2766 5828 aut
2787 5745 3193 5803 instabilitatem
3215 5739 3716 5827 humanamentis.
