4038 6324
267 372 372 432 609

1223 365 1312 422 DE
1351 359 1696 421 UNIVEBSO
1729 358 1908 416 LIBRI
1943 357 2106 414 XXII.
2149 388 2218 398 —
2253 356 2382 412 LIB.
2424 355 2590 412 XXII.

3413 355 3516 418 610

267 467 404 525 Nam
452 469 508 525 in
553 467 762 541 psalmo
809 466 1068 535 scriptum
1093 467 1216 516 est:
1272 457 1385 512 Vox
1423 456 1638 510 tonitrui
1667 456 1743 507 tui
1789 454 1845 506 in
1873 463 1924 520 Α
1949 450 2284 506 circumdato
2313 451 2463 505 exire
2492 450 2669 515 liceat,
2692 451 2981 507 observare
3005 460 3320 508 noscuntur.
3347 452 3519 510 Scalas

268 571 383 614 rota
408 559 580 631 (Psal.
606 556 810 629 Lxxw).
833 555 892 610 In
918 561 1035 608 rota
1059 565 1209 622 ergo,
1239 549 1292 602 id
1313 555 1415 611 est,
1438 545 1490 600 in
1517 545 1717 598 mundo
1743 558 1844 597 vox

269 652 496 706 tonitrui
545 650 660 719 ejus
723 661 941 719 egressa
1000 651 1122 707 est,
1187 638 1402 710 quando
1467 634 1848 706 praedicatores

270 742 474 798 Christi
519 739 780 796 circulum
831 719 997 792 totius
1045 732 1190 787 orbis
1238 728 1419 784 verbis
1469 723 1847 780 iutonantibus

273 834 651 904 impleverunt.
713 829 772 884 In
816 824 1098 882 Ezechiele
1145 830 1326 876 autem
1367 815 1739 887 multipliciter
1783 813 1850 904 de

274 903 413 980 rotis
443 924 776 994 disputatum
807 926 911 984 est,
937 916 1028 971 ubi
1057 913 1250 986 legitur
1281 909 1499 982 (Ezech.
1530 923 1571 974 ι,
1596 906 1672 980 x),
1703 903 1850 976 quod

277 1013 613 1086 apparuisset
649 1011 802 1082 juxta
827 1005 1077 1062 animalia
1124 1011 1240 1058 rota
1279 1014 1385 1054 una
1415 1012 1578 1067 super
1624 1006 1847 1059 terram,

277 1113 474 1176 etpost
521 1103 740 1158 modum
788 1102 855 1156 de
906 1106 1133 1170 quatuor
1181 1094 1314 1150 rotis
1354 1098 1560 1157 narrat,
1622 1103 1850 1159 quarum

276 1202 526 1265 aspectus
555 1199 674 1249 erat
702 1200 755 1247 et
783 1204 967 1262 opera,
994 1187 1148 1258 quasi
1178 1186 1250 1240 sit
1274 1191 1392 1238 rota
1413 1182 1470 1237 in
1496 1180 1674 1236 medio
1697 1187 1848 1233 rotae.

277 1284 336 1342 Si
367 1284 488 1356 quis
517 1291 690 1339 rotam
719 1295 1044 1350 cursumque
1069 1276 1374 1334 considerat
1399 1283 1660 1343 tempore,
1701 1271 1851 1325 vide-

275 1380 356 1435 bit
402 1378 663 1434 mundum
707 1391 828 1432 esse
856 1374 1181 1446 completum
1229 1381 1482 1426 sermone
1531 1363 1850 1438 apostolico.

279 1469 418 1525 Rota
445 1483 660 1539 quoque
706 1467 761 1520 in
814 1474 933 1521 rota
983 1464 1068 1519 vel
1115 1463 1344 1517 duorum
1386 1459 1641 1528 junctura
1669 1454 1856 1509 Testa-

277 1566 582 1615 mentorum
609 1566 714 1624 est,
742 1557 884 1627 quod
905 1555 1106 1610 indicat
1134 1552 1275 1609 scala
1303 1550 1467 1606 Iacob
1483 1546 1633 1622 (Gen.
1658 1543 1855 1615 xxvui)

278 1658 334 1706 et
366 1648 578 1719 forceps
624 1648 775 1703 Isaia:
820 1646 955 1718 (Isa.
994 1644 1102 1717 vr),
1155 1652 1212 1698 et
1262 1641 1467 1713 gladius
1517 1640 1600 1694 bis
1645 1645 1854 1701 acutus,

279 1741 364 1798 vel
407 1741 733 1812 Evangelica
763 1739 863 1795 sibi
910 1736 1260 1802 cohterentia,
1313 1748 1540 1805 quorum
1568 1745 1759 1786 cursus
1805 1736 1861 1784 et

1949 550 2075 596 sunt
2096 550 2404 596 sanctorum
2429 542 2721 612 profectus,
2753 555 2814 598 ut
2839 544 2891 614 in
2922 543 3115 598 Genesi
3144 545 3339 615 legitur
3376 564 3388 600 :
3429 545 3522 601 Vi-

1947 633 2122 704 ditque
2149 634 2311 688 Jacob
2350 636 2404 688 in
2427 636 2641 689 somniis
2667 635 2866 689 scalam
2887 645 3108 690 stantem
3128 654 3283 706 super
3304 649 3520 710 terram,

1947 732 1996 777 et
2024 740 2269 778 cacumen
2295 724 2438 778 illius
2467 735 2682 796 tangens
2711 726 2896 780 cwlum
2923 726 3074 799 (Gen.
3099 731 3313 799 xxvui).
3334 728 3525 801 Scopa:

1949 829 2093 868 cura:
2119 823 2246 870 sunt
2278 817 2663 885 superstitiosa:
2689 833 2787 888 per
2824 834 3016 874 vanam
3056 820 3303 890 gloriam,
3336 832 3396 877 ut
3438 833 3525 880 est

1950 904 2079 960 illud
2101 906 2509 978 evangelicum:
2549 907 2620 961 Et
2643 910 2852 963 veniens
2874 910 3062 964 invenit
3086 911 3300 966 domum
3338 931 3528 967 vacan-

1950 1006 2074 1064 tem,
2123 1000 2291 1069 scopis
2345 999 2652 1054 mandatam
2680 1010 2727 1054 et
2759 1010 3000 1056 ornatam
3037 1002 3188 1073 (Luc.
3238 1004 3338 1076 x1).
3374 1005 3442 1060 Et
3471 1006 3530 1061 in

1951 1088 2110 1144 aliam
2134 1099 2366 1159 partem,
2396 1099 2457 1145 ut
2488 1091 2542 1146 in
2567 1091 2741 1147 Isaia:
2783 1091 2851 1145 Et
2889 1093 3111 1162 scopabo
3172 1111 3290 1152 eum
3347 1114 3530 1168 scapa,

1951 1189 2120 1234 terens
2155 1179 2290 1252 (Isa.
2339 1180 2476 1254 xiv),
2518 1182 2572 1237 id
2618 1190 2722 1247 est,
2762 1181 3129 1238 satisfactione
3177 1186 3528 1255 paenitentiae.

2021 1270 2259 1326 Forﬁces
2289 1273 2582 1328 secundum
2606 1274 2982 1346 etymologiam
3011 1277 3109 1331 sia
3139 1278 3229 1332 ﬁlo
3257 1279 3529 1347 dicuntur,

1954 1361 1982 1431 f
1995 1362 2233 1430 ponitur,
2260 1370 2320 1415 ut
2348 1361 2581 1429 forﬁces,
2613 1379 2732 1433 quae
2760 1375 2885 1420 sunt
2921 1375 3193 1422 sartorum
3227 1369 3308 1423 :si
3338 1385 3368 1423 a
3399 1371 3529 1439 pilo,

1953 1471 1986 1524 p
2012 1462 2072 1507 ιιι
2099 1453 2352 1524 forpices,
2378 1470 2497 1524 qua:
2517 1463 2644 1510 sunt
2665 1464 2963 1524 tonsorum,
2986 1459 3033 1512 si
3057 1459 3124 1515 ab
3149 1460 3482 1530 accipiendo,
3505 1478 3534 1515 c

1955 1551 2016 1599 ut
2041 1543 2292 1614 forcipes,
2321 1560 2384 1600 eo
2410 1545 2553 1615 quod
2591 1544 2825 1602 formum
2849 1549 3084 1619 capiunt,
3136 1565 3254 1620 quae
3296 1560 3422 1607 sunt
3456 1551 3536 1607 fa-

1957 1637 2197 1692 brorum.
2254 1637 2511 1692 Formum
2541 1638 2686 1693 enim
2728 1639 2977 1695 dixerunt
3006 1642 3213 1712 antiqui
3254 1643 3484 1699 calidum
3518 1660 3532 1696 :

1959 1729 2100 1783 unde
2149 1737 2204 1783 et
2232 1729 2518 1784 formosus.
2549 1729 2829 1798 ,Novacula
2861 1741 2947 1786 est
2975 1732 3029 1786 in
3063 1734 3296 1802 quadam
3329 1735 3540 1791 subtili-

281 1842 489 1890 statura
519 1831 784 1889 tendit-ad
812 1831 1007 1886 malum
1054 1829 1238 1902 (Apoc.
1266 1826 1328 1899 ι).
1385 1826 1462 1880 De
1513 1823 1771 1894 plaustris
1800 1821 1853 1876 in
1883 1821 1931 1880 B
1958 1829 2066 1876 tate
2117 1829 2324 1876 tensum
2375 1822 2538 1878 latius
2580 1821 2788 1878 ferrum
2835 1826 3092 1880 radendis
3138 1827 3262 1897 pilis
3293 1828 3540 1884 acutissi-

279 1925 476 1982 Genesi
498 1926 760 1996 scriptum
784 1930 869 1980 est
889 1921 1041 1994 (Gen.
1069 1919 1216 1993 va),
1251 1919 1394 1989 quod
1420 1917 1629 1972 miserit
1645 1916 1860 1971 Pharao

267 2015 378 2089 per
407 2016 603 2087 Joseph
629 2015 930 2087 plaustrum
961 2013 1028 2068 ad
1055 2010 1462 2068 subvehendum
1482 2022 1668 2064 senem
1694 2005 1863 2062 Iacob

281 2118 340 2166 et
372 2108 621 2180 parvulos
643 2108 761 2178 ejus
795 2123 809 2160 :
837 2107 894 2161 in
921 2121 1027 2178 quo
1055 2105 1302 2176 signatur
1332 2100 1525 2156 solatia
1555 2106 1862 2170 opportuna

279 2199 577 2273 prasbuisse
623 2199 872 2254 doctores
898 2195 1130 2251 inﬁrmis
1181 2193 1536 2256 auditoribus,
1594 2205 1701 2260 quo
1730 2187 1866 2242 faci-

198 2344 222 2357 ,
281 2287 389 2346 lius
445 2287 652 2359 possint
682 2286 788 2342 iter
839 2284 1123 2356 praesentis
1154 2283 1279 2337 vitae
1322 2280 1574 2336 transire.
1630 2277 1763 2332 Item
1808 2277 1865 2331 in

282 2378 452 2438 Ληιοε
479 2379 738 2450 propheta
765 2377 964 2448 legitur
991 2374 1278 2444 Dominum
1323 2372 1561 2428 dixisse:
1594 2368 1732 2423 Ecce
1773 2382 1866 2438 ego

283 2469 509 2546 stridebo
548 2484 706 2538 super
725 2483 834 2533 vos,
882 2466 1018 2520 sicut
1063 2464 1246 2518 stridet
1277 2461 1572 2532 plaustrum
1621 2468 1867 2512 onustum

287 2559 428 2630 feno,
466 2569 513 2612 et
553 2557 737 2628 peribit
761 2558 887 2626 fuga
916 2573 948 2609 a
975 2553 1165 2620 veloce,
1223 2561 1329 2608 etc.
1385 2552 1584 2621 (Amos,
1640 2553 1723 2621 ιι).
1766 2547 1866 2603 Ubi

286 2651 727 2713 demonstratur,
786 2647 1073 2702 Dominum
1138 2641 1394 2713 conqueri
1464 2656 1522 2696 se
1579 2647 1862 2710 gravatum

287 2755 408 2806 esse
456 2739 748 2796 sceleribus
777 2737 1104 2802 Judaeorum,
1153 2750 1252 2804 pro
1280 2733 1478 2804 quibus
1501 2731 1581 2786 eis
1624 2729 1868 2784 velocem

289 2832 499 2888 induxit
535 2831 846 2887 vindictam.
894 2829 1027 2885 Item
1071 2836 1206 2883 rota:
1234 2827 1511 2890 circuitus,
1563 2824 1686 2878 vita:
1727 2838 1868 2894 pra:-

291 2925 458 2981 sentis
478 2924 630 2980 labor
654 2925 709 2979 in
737 2922 1027 2978 Salomone
1050 2939 1064 2976 :
1093 2920 1164 2974 Et
1190 2919 1555 2989 confringatur
1576 2924 1692 2969 rota
1713 2930 1870 2979 super

289 3016 590 3083 cisternam,
630 3024 678 3070 et
701 3029 910 3069 rursum
933 3029 1091 3084 pones
1124 3028 1210 3066 eos
1250 3019 1302 3063 ut
1329 3019 1496 3063 rotam
1522 3005 1720 3079 (Eccle.
1745 3004 1868 3076 xu).

885 3121 1113 3178 CAPUT
1152 3120 1286 3175 XIII.

583 3213 663 3270 De
690 3213 926 3286 reliquis,
956 3229 1073 3284 quw
1095 3212 1150 3265 in
1178 3227 1275 3265 usu
1307 3211 1584 3264 habentur.

300 3320 310 3332 *
349 3305 580 3363 Baculus
594 3322 625 3361 a
639 3305 852 3361 Baccho
864 3312 1142 3376 repertore
1159 3303 1286 3358 vitis
1301 3301 1472 3358 fertur
1484 3302 1753 3366 inventus,
1769 3315 1878 3371 quo

293 3397 539 3453 homines
560 3400 692 3453 moti
725 3398 852 3452 vino
878 3397 1212 3451 niterentur:
1243 3395 1381 3450 sicut
1414 3402 1596 3448 autem
1615 3378 1877 3448 a'Baccho

294 3487 542 3553 baculus,
567 3487 639 3541 ita
658 3502 690 3540 a
711 3486 904 3542 baculo
923 3486 1177 3542 bacillum
1203 3499 1300 3555 per
1326 3484 1754 3538 diminutionem.
1777 3482 1880 3537 Ba-

297 3578 455 3635 culus
477 3585 659 3632 autem
682 3577 1130 3633 sustentationem
1144 3575 1529 3630 imbecillitatis
1543 3575 1791 3628 humana:
1808 3574 1880 3628 si-

293 3669 537 3745 piﬁcat.
560 3667 712 3724 Unde
723 3668 986 3738 propheta
1001 3669 1069 3722 ad
1083 3667 1368 3722 Dominum
1394 3667 1468 3720 ait
1486 3683 1498 3718 :
1527 3664 1686 3735 Virga
1701 3675 1814 3730 tua,
1831 3673 1880 3719 et

296 3759 521 3816 baculus
537 3768 682 3826 tuus,
697 3759 792 3814 illa
805 3775 887 3813 me
905 3759 1173 3813 consolata
1186 3767 1326 3813 sunt.
1353 3756 1524 3829 (Psal.
1541 3757 1699 3828 xxu).
1715 3757 1882 3828 Virga

294 3855 442 3910 enim
459 3853 700 3925 pertinet
725 3852 792 3908 ad
801 3852 1070 3924 justitiam
1094 3850 1532 3907 etfortitudinem
1543 3849 1757 3904 Domini
1781 3848 1884 3903 sal-

297 3941 520 4006 vatoris,
546 3941 688 3996 sicut
709 3941 768 3996 in
787 3942 996 4012 psalmo
1015 3941 1240 3996 dicitur:
1266 3939 1425 4008 Virga
1438 3939 1721 4010 aequitatis,
1735 3938 1883 4008 virga

302 4033 447 4104 regni
462 4033 538 4086 tui
560 4031 861 4104 (Ps.xt.tv).
879 4031 1114 4088 Baculus
1139 4033 1208 4087 ad
1233 4031 1560 4101 adjutorium
1586 4031 1882 4084 humanum

303 4126 547 4197 respicit,
588 4141 697 4197 quo
731 4133 787 4181 et
805 4140 902 4195 pes
929 4132 1085 4179 caute
1112 4124 1380 4195 deﬁgitur,
1397 4132 1453 4178 et
1478 4130 1648 4178 totum
1687 4135 1885 4191 corpus

304 4217 361 4272 in
395 4218 526 4272 sude
550 4215 1136 4288 superincumbentium
1169 4215 1486 4270 sustinetur.
1513 4211 1625 4267 Hoc
1645 4211 1730 4266 usi
1761 4217 1886 4265 sunt

305 4309 648 4379 patriarchae,
673 4318 734 4364 ut
754 4309 1060 4365 dicitJacob
1081 4327 1094 4362 :
1114 4309 1179 4363 In
1205 4308 1388 4363 baculo
1402 4325 1514 4362 meo
1541 4307 1756 4362 transivi
1767 4304 1888 4359 Jor-

303 4399 495 4454 donem
545 4401 701 4455 istum
739 4397 892 4472 (Gen.
935 4401 1131 4471 xxxu).
1169 4399 1300 4455 Item
1339 4400 1391 4453 in
1427 4399 1610 4454 Exodo
1657 4397 1735 4452 ait
1782 4396 1888 4451 Do-

308 4493 492 4549 minus
515 4491 642 4548 ﬁliis
665 4491 831 4548 Israel
858 4509 872 4545 :
905 4491 1074 4546 Renes
1100 4501 1294 4546 vestros
1319 4491 1617 4561 accingetis,
1644 4499 1693 4544 et
1715 4499 1888 4544 tenen-

305 4585 614 4641 mbaculos
655 4585 713 4638 in
743 4585 984 4639 manibus
1036 4583 1310 4639 comedetis
1353 4582 1652 4658 [gstinantes
1685 4581 1882 4653 (Exod.

305 4677 431 4751 xu).
466 4675 662 4733 Vectes
705 4676 858 4743 dicti,
910 4657 1068 4746 quod.
1107 4657 1705 4737 manibus‘vectentur,
1744 4672 1888 4726 unde

305 4769 445 4824 ostia
486 4783 728 4838 saxaque
755 4767 1078 4823 evelluntur.
1109 4767 1303 4821 Vectes
1336 4765 1480 4819 enim
1511 4764 1797 4833 aliquando
1816 4763 1890 4817 si-

308 4858 571 4929 gniﬁcant
601 4867 818 4914 sanctos
836 4859 1106 4923 doctores,
1140 4856 1332 4926 quibus
1353 4854 1509 4924 juxta
1551 4851 1890 4908 constitutio-

310 4965 434 5007 nem
464 4951 701 5007 divinam
746 4951 1039 5006 vehebatur
1085 4962 1212 5003 arca
1261 4945 1534 5010 Ecclesiae,
1564 4945 1678 5000 sive
1701 4956 1887 4998 mensa

310 5042 630 5109 Domini,ut
657 5041 710 5096 in
739 5042 923 5097 Exodo
952 5040 1211 5110 scriptum
1241 5046 1344 5092 est.
1389 5037 1523 5092 Item
1563 5043 1746 5090 vectes
1786 5033 1889 5088 ali-

314 5134 529 5205 quando
558 5131 866 5204 signiﬁcant
891 5130 1122 5186 claustra
1155 5130 1317 5184 fortia
1345 5127 1565 5193 inferni,
1605 5128 1720 5181 sive
1765 5140 1890 5196 pec-

313 5235 549 5291 catores,
587 5238 722 5296 quos
747 5223 1006 5278 Dominus
1034 5221 1232 5292 legitur
1259 5218 1608 5290 confregisse,
1633 5216 1788 5286 juxta
1827 5215 1892 5269 il-

312 5317 405 5373 lud
431 5335 446 5371 :
479 5317 671 5372 Portus
701 5331 873 5372 teneas
899 5314 1159 5380 contrivit,
1188 5322 1237 5367 et
1259 5319 1425 5366 vectes
1455 5308 1649 5378 ferreos
1687 5305 1893 5376 confre-

312 5413 408 5482 git.
433 5409 606 5481 (Psal.
635 5406 764 5478 cvi).
792 5407 966 5462 Porta:
991 5413 1116 5460 sunt
1137 5418 1318 5470 genere,
1354 5400 1632 5456 hominum
1661 5411 1890 5452 consue-

316 5504 532 5558 tudines
561 5502 787 5565 vitiosae,
814 5516 934 5569 qua:
959 5514 1056 5554 nos
1080 5499 1154 5554 ita
1176 5498 1230 5551 in
1254 5504 1598 5566 peccatorum
1623 5491 1778 5545 atriis
1810 5504 1894 5545 re-

314 5593 558 5656 cludunt,
608 5599 669 5645 ut
717 5589 946 5646 exeundi
994 5598 1264 5658 nequeant
1310 5586 1552 5656 prmbere
1597 5581 1889 5636 licentiam.

316 5682 515 5739 Vectes
537 5691 714 5739 autem
740 5681 946 5737 ferreos
959 5679 1180 5748 spiritus
1199 5675 1503 5732 immundos
1523 5687 1630 5728 non
1653 5671 1897 5739 improbe

317 5775 567 5831 videmur
615 5775 880 5844 accipere,
928 5771 1018 5842 qui
1065 5770 1182 5825 illas
1209 5767 1403 5836 januas
1431 5772 1800 5836 peccatorum,
1828 5776 1895 5816 ne

1963 1929 2109 1969 mum
2151 1924 2532 1984 praeparatum,
2578 1915 2724 1985 quod
2753 1914 2880 1971 licet
2923 1917 3107 1971 barbae
3142 1925 3378 1988 segetem
3421 1933 3556 1983 meo,

1963 2013 2045 2060 tat
2092 2006 2444 2076 impressum,
2507 2005 2748 2075 corporis
2802 2013 2982 2060 tamen
3035 2006 3394 2062 substantiam
3458 2021 3547 2062 rc—

1962 2097 2157 2168 linquit
2187 2098 2428 2154 illaasam.
2461 2098 2518 2153 In
2547 2099 2809 2155 novacula
2843 2114 3057 2170 quoque
3104 2098 3254 2156 fraus
3297 2110 3352 2156 et
3391 2100 3547 2157 dolus

1964 2191 2283 2246 Antichristi
2303 2191 2642 2260 exprimitur.
2678 2192 2828 2248 Unde
2853 2193 2906 2246 in
2927 2192 3135 2263 psalmo
3154 2195 3412 2265 scriptum
3427 2203 3543 2250 est:

1965 2281 2294 2352 Injustitiam
2318 2283 2558 2352 cogitavit
2579 2283 2758 2352 lingua
2791 2291 2904 2348 tua,
2931 2284 3065 2337 sicut
3091 2283 3345 2339 novacula
3366 2295 3544 2351 acuta,

1968 2372 2140 2442 fecisti
2163 2372 2342 2426 dolum
2369 2371 2540 2443 (Psal.
2566 2371 2664 2445 LI).
2693 2371 3092 2428 Convenienter
3111 2389 3242 2446 ergo
3265 2374 3549 2432 saevissimi

1969 2466 2203 2521 hominis
2225 2466 2406 2521 dolum
2433 2475 2601 2522 acutae
2623 2466 2900 2521 novaculae
2913 2468 3269 2538 comparavit,
3295 2469 3420 2538 quia
3439 2469 3549 2525 sic-

1969 2569 2030 2613 ut
2069 2559 2158 2613 illa
2202 2559 2478 2613 hominem
2531 2574 2640 2614 non
2677 2559 2843 2624 lzedit,
2902 2559 2976 2614 ita
3014 2575 3116 2615 nec
3168 2560 3270 2616 iste
3313 2561 3550 2616 animam

1966 2650 2100 2720 justi
2157 2649 2258 2705 sub
2303 2651 2495 2720 quavis
2539 2649 2829 2706 aﬁlictione
2868 2649 3130 2720 percellit.
3185 2650 3369 2706 Potest
3403 2652 3551 2706 enim

1975 2743 2174 2798 radere.
2236 2742 2418 2797 omnia
2447 2782 2463 2808 ,
2526 2757 2646 2811 quae
2709 2751 2836 2797 sunt
2900 2741 3203 2799 forinsecus
3269 2743 3552 2810 attributa,

1973 2831 2126 2902 quasi
2179 2831 2317 2902 pilos
2361 2848 2375 2886 :
2421 2831 2515 2887 sed
2553 2833 2746 2887 anima:
2785 2833 3000 2888 interna
3036 2845 3166 2889 tunc
3188 2835 3360 2906 magis
3394 2832 3556 2889 cilicit

1974 2924 2304 2995 pulchriora,
2343 2924 2560 2994 quando
2594 2924 2646 2979 ei
2676 2923 2869 2978 nititur
2907 2923 3124 2981 auferre
3144 2925 3436 2980 mundana.

2046 3015 2225 3070 Clavis
2251 3015 2417 3081 dicta,
2445 3016 2590 3086 quod
2625 3015 2840 3071 claudat
2870 3025 2925 3071 et
2951 3018 3176 3086 aperiat.
3209 3017 3554 3084 Catenatum,

1977 3108 2121 3177 quod
2147 3108 2410 3178 capiendo
2435 3117 2637 3163 teneat.
2673 3108 2850 3163 Clavis
2873 3109 3019 3164 enim
3064 3110 3291 3180 mystice
3325 3110 3574 3182 adaper-.

1899 3169 1949 3233 θ
1984 3202 2182 3256 tionem
2209 3201 2470 3273 spiritalis
2497 3216 2688 3256 sensus
2710 3191 2996 3271 significat.
3040 3169 3193 3256 Unde
3221 3169 3478 3258 Dominus
3503 3203 3560 3258 in

1975 3295 2270 3364 Evangelio
2296 3296 2363 3350 ad
2389 3294 2732 3365 legisperitos
2752 3293 2828 3346 ait
2852 3310 2864 3345 :
2888 3293 3167 3363 Accepistis
3190 3292 3382 3348 clavem
3397 3294 3561 3348 scien-

1979 3387 2086 3452 tiw,
2112 3397 2159 3440 et
2174 3387 2273 3457 ipsi
2308 3402 2410 3440 non
2448 3386 2724 3450 introistis,
2757 3394 2804 3438 et
2828 3401 2934 3449 eos,
2959 3385 3047 3454 qui
3072 3384 3360 3449 intrabant,
3383 3383 3561 3454 prohi-

1981 3479 2164 3532 buistis
2188 3478 2338 3548 (Luc.
2369 3477 2469 3548 xi).
2494 3478 2562 3532 Et
2591 3478 2666 3531 ita
2699 3476 3126 3544 clavisjustitiaa,
3158 3473 3560 3540 misericordiae,

1946 3601 1955 3609 -
1978 3571 2306 3639 pietatisque
2332 3570 2558 3624 virtutes
2582 3569 2829 3640 designat
2856 3568 2909 3621 in
2935 3566 3249 3637 Evangelio,
3271 3564 3562 3620 ubi'Domi-

1981 3675 2083 3716 nus
2107 3659 2268 3714 Petro
2292 3660 2369 3714 ait
2399 3679 2412 3714 :
2441 3658 2554 3713 Tibi
2579 3659 2715 3712 dabo
2738 3657 2903 3712 claves
2927 3656 3070 3726 regni
3084 3654 3331 3708 caelorum
3345 3652 3561 3724 (Matth.

1982 3754 2118 3826 xvr).
2158 3752 2293 3808 Item
2335 3751 2537 3818 claves,
2578 3757 2752 3805 acutae
2799 3753 3111 3804 sanctorum
3152 3745 3565 3817 praedicationes

1983 3847 2149 3902 corda
2201 3843 2478 3898 hominum
2544 3840 2940 3911 transﬁgentes,
2999 3847 3060 3893 ut
3119 3838 3174 3893 in
3237 3837 3562 3896 Salomone:

1998 3933 2162 3988 Verba
2188 3931 2521 4002 sapientium,
2552 3939 2608 3984 ut
2638 3927 2860 3991 stimuli,
2889 3936 2937 3980 et
2968 3927 3116 3998 quasi
3146 3926 3278 3981 clavi
3304 3928 3360 3980 in
3399 3925 3566 3979 altum

1984 4025 2143 4094 deﬁxi
2191 4022 2390 4097 (Ecﬂe.
2421 4023 2542 4092 xu).
2568 4019 2747 4075 Clavis
2775 4015 3025 4082 enim,'ut
3049 4017 3299 4083 diximus,
3333 4014 3568 4085 apertio-

1985 4134 2109 4174 nem
2127 4123 2438 4173 sanctarum
2464 4114 2889 4183 Scripturarum,
2914 4108 2998 4163 vel
3023 4115 3341 4177 potestatem
3367 4105 3566 4176 ligandi

1986 4220 2148 4282 atque
2172 4208 2434 4272 solvendi,
2463 4222 2556 4263 seu
2580 4206 2670 4276 jus
2708 4199 3083 4258 introducendi
3117 4199 3186 4253 ad
3223 4199 3411 4264 vitam,
3455 4197 3569 4252 sive

1987 4298 2269 4370 dejiciendi
2293 4298 2362 4352 ad
2389 4305 2643 4359 mortem,
2674 4293 2818 4348 sicut
2841 4303 2939 4358 per
2973 4287 3169 4343 Isaiam
3195 4287 3260 4342 de
3289 4285 3567 4342 Salvatore

1989 4392 2187 4448 dicitur
2222 4406 2236 4443 :
2269 4387 2420 4442 Dabo
2444 4385 2638 4439 clavem
2675 4381 2860 4435 domus
2906 4377 3076 4433 David
3118 4391 3273 4446 super
3323 4375 3564 4429 humeros

1989 4485 2124 4555 ejus,
2152 4491 2201 4536 et
2233 4479 2450 4550 aperiet,
2481 4485 2529 4530 et
2558 4491 2658 4529 non
2686 4480 2762 4527 est
2787 4472 2875 4542 qui
2901 4469 3115 4524 claudat
3147 4465 3281 4540 (Isa.
3306 4465 3466 4536 xxu).
3504 4463 3572 4520 Et

1988 4578 2044 4632 in
2057 4573 2377 4644 Apocalypsi
2403 4588 2415 4622 ε
2439 4568 2620 4622 Habeo
2638 4566 2808 4620 claves
2825 4565 3006 4618 mortis
3024 4571 3073 4616 et
3091 4560 3285 4629 inferni
3299 4559 3482 4630 (Apoc.
3505 4558 3569 4630 ι).

1989 4663 2298 4732 Horologia,
2322 4659 2464 4728 quod
2481 4657 2552 4711 ibi
2573 4656 2735 4710 horas
2756 4655 3016 4724 legamus,
3044 4652 3098 4706 id
3117 4647 3572 4716 est,colligamus.

1990 4758 2085 4812 Est
2108 4756 2250 4811 enim
2273 4754 2327 4806 in
2353 4749 2568 4806 solariis
2607 4746 2863 4816 positum,
2901 4743 2994 4797 ubi
3024 4758 3055 4795 a
3082 4741 3236 4795 clavo
3274 4752 3370 4807 per
3404 4737 3577 4790 lineas

1992 4845 2164 4904 currit
2189 4843 2400 4906 umbra,
2427 4848 2486 4894 ut
2515 4850 2893 4908 quamcunque
2933 4833 3039 4890 diei
3071 4834 3258 4887 horam
3301 4827 3570 4886 ostendat.

2564 4950 2792 5007 CAPUT
2825 4947 2966 5004 XIV.

2430 5026 2510 5081 De
2534 5021 2891 5078 instrumentis
2917 5018 3126 5073 rusticis

2067 5126 2322 5180 Aratrum
2351 5120 2418 5177 ab
2440 5118 2646 5174 arando
2664 5123 2869 5170 terram
2888 5119 3160 5173 vocatum,
3175 5104 3330 5178 quasi
3356 5113 3571 5160 arater-

2000 5219 2160 5275 rium.
2207 5217 2404 5272 Vomer
2429 5213 2623 5275 dictus,
2657 5207 2801 5278 quod
2826 5205 3140 5260 vi‘humum
3169 5207 3346 5265 eruat,
3371 5211 3467 5266 seu
3504 5196 3570 5252 ah

1999 5310 2296 5368 cvomendo
2327 5316 2547 5362 terram.
2573 5304 2650 5358 De
2681 5312 2790 5370 quo
2816 5293 3138 5352 Lucretius:
3236 5320 3241 5325 -

2878 5387 3038 5436 Uncus
3061 5386 3209 5434 aratri

2122 5465 2338 5516 Ferreus
2351 5455 2543 5511 occulte
2563 5453 2806 5503 decrescit
2835 5461 3006 5501 vomer
3039 5448 3086 5495 in
3108 5447 3255 5496 arvis.

2005 5568 2286 5632 Sumitque
2319 5572 2418 5626 per
2455 5550 2782 5607 detrimenta
2816 5545 3098 5616 fulgorem.
3142 5541 3394 5609 Ligones,
3432 5534 3575 5607 quod

2007 5629 2426 5717 terram—levent,
2445 5645 2599 5719 quasi
2628 5645 2864 5698 levoues.
2894 5639 3148 5693 Aratrum
3175 5634 3318 5688 enim
3350 5629 3576 5699 mystice

2007 5751 2272 5825 signiﬁcat
2299 5761 2433 5816 opus
2454 5717 2854 5813 praedicationis
2881 5729 3223 5802 evangelicae,
3252 5725 3306 5779 in
3334 5735 3440 5800 quo
3464 5717 3577 5778 cuia
