4100 6324
527 297 632 354 615

1188 293 1250 350 Β.
1290 292 1547 350 RABANI
1586 293 1807 351 MAURI
1846 290 2168 350 ARCHIEP.
2210 289 2522 348 MOGUNT.
2565 290 2850 349 OPERUM
2887 291 3068 348 PARS
3105 291 3196 348 lli.

3705 289 3816 344 616

521 411 908 476 nuntiationes.
951 409 1004 464 id
1050 416 1151 474 est,
1206 410 1290 464 vis
1336 410 1476 473 soni,
1521 425 1640 478 quae
1669 409 1884 464 auditur
1923 422 1988 463 ac
2021 407 2101 461 in—
2131 411 2180 469 Α
2207 407 2392 470 virtus,
2438 406 2566 470 vita,
2610 407 2713 459 vix.
2789 404 2833 459 U
2871 412 3074 468 autem,
3134 401 3382 473 quamvis
3439 408 3811 468 contractum,

523 505 819 575 telligitur;
856 503 1039 574 ﬁgura:
1087 517 1217 558 vero
1264 518 1448 557 earum
1484 502 1696 566 litterae,
1739 520 1772 554 ιι
1802 517 1930 554 vero
1965 509 2019 554 et
2054 500 2102 563 ὁ,

521 607 576 653 et
624 616 670 663 c,
715 606 769 652 et
809 596 913 651 alia
957 595 1230 666 quaelibet,
1280 610 1472 649 nomen
1502 602 1586 650 est
1615 603 1669 649 et
1711 590 2106 662 pronuntiatib—

520 691 625 756 nis,
664 697 716 744 et
753 687 974 759 ﬁgurae;
1002 687 1201 758 legitur
1245 687 1594 752 elementum,
1652 686 1970 755 intelligitur
2021 684 2110 738 lit-

520 789 680 846 tera,"
711 780 970 835 scribitur
998 787 1052 834 et
1092 779 1420 834 nominatur.

593 875 798 930 Littera
824 873 970 928 dicta
1005 872 1158 942 quasi
1204 871 1417 942 legitera
1445 911 1460 937 ,
1488 869 1614 940 quia
1641 869 1836 941 legitur
1870 878 1927 924 et
1964 869 2109 939 quod

523 964 829 1036 legentibus
863 963 970 1017 iter
1020 961 1281 1025 ostendit,
1320 967 1376 1013 et
1413 975 1445 1012 a
1487 959 1648 1012 litura
1678 973 1840 1027 quam
1879 959 2104 1028 patitur,

517 1068 572 1115 et
597 1060 739 1128 quod
769 1058 994 1128 legendo
1027 1057 1269 1111 iteratur.
1302 1055 1500 1110 Omnes
1527 1067 1657 1123 ergo
1685 1053 1879 1107 litterae
1911 1053 2107 1123 quibus

518 1149 696 1204 Latini
726 1156 967 1213 utuntur,
1017 1146 1206 1217 viginti
1245 1153 1300 1198 et
1331 1154 1442 1200 tres
1477 1152 1642 1198 sunt:
1683 1158 1915 1213 quarum
1956 1142 2108 1197 diti‘e-

519 1242 708 1296 rentiae
746 1249 858 1296 tres
886 1247 1029 1295 sunt.
1079 1239 1257 1293 Prima
1286 1236 1590 1292 diﬁ'erentia
1620 1236 1907 1305 qualitates
1943 1237 2106 1292 habet

517 1332 674 1397 duas,
727 1345 848 1401 quae
890 1338 983 1384 aut
1025 1328 1232 1383 Latinae
1292 1334 1436 1392 sunt,
1487 1334 1581 1380 aut
1630 1323 2104 1380 Grzecae:Latinae

515 1431 642 1478 sunt
708 1436 816 1476 una
864 1429 920 1476 et
954 1420 1174 1491 viginti;
1222 1417 1448 1482 Graecae,
1495 1415 1634 1482 dum,
1662 1431 1695 1485 y
1723 1413 1943 1478 vocalis,
1986 1423 2042 1468 et
2073 1431 2104 1467 z

515 1511 875 1576 semivocalis,
927 1526 1047 1581 quae
1093 1510 1146 1564 in
1190 1523 1348 1563 usum
1404 1521 1594 1561 eorum
1647 1513 1869 1574 propter
1911 1503 2102 1559 Graeca

514 1605 734 1660 nomina
770 1611 1057 1660 venerunt.
1089 1601 1228 1657 Sunt
1258 1608 1313 1653 et
1353 1599 1472 1653 aliae
1513 1598 1768 1668 quinque,
1802 1612 1937 1667 quas
1979 1603 2103 1667 post

512 1697 914 1768 perceptionem
952 1693 1247 1751 Dominicae
1278 1691 1419 1756 ﬁdei,
1462 1696 1517 1744 et
1544 1689 1590 1744 si
1615 1703 1719 1743 non
1751 1688 1806 1742 in
1831 1686 2103 1757 alphabeti

2213 497 2461 550 eumdem
2493 503 2691 559 tamen,
2721 495 2823 548 hoc
2847 503 2929 549 est
2954 512 3008 564 y,
3040 509 3231 549 sonum
3265 493 3446 556 habet,
3485 493 3628 547 inter
3648 510 3702 563 q,
3757 501 3818 549 et

2212 604 2260 652 e,
2289 595 2343 641 et
2370 587 2406 651 ἱ,
2442 594 2496 640 ει
2525 603 2592 649 αι,
2622 585 2987 655 diphthongon
3016 584 3255 654 positum
3288 593 3464 653 atque,
3494 581 3630 653 quis,
3657 600 3816 653 quae;

2213 692 2422 732 necnon
2457 679 2600 732 inter
2627 693 2659 746 g
2695 684 2749 729 et
2775 676 2991 729 easdem
3032 674 3265 748 vocales,
3326 688 3450 726 cum
3481 672 3535 725 in
3564 688 3670 727 una
3697 672 3815 743 syl-

2210 765 2331 822 laba
2371 768 2450 822 sic
2492 766 2858 831 inveniuntur,
2911 773 3015 819 ut:
3049 765 3286 835 pingues,
3332 763 3540 833 anguis,
3590 763 3814 832 lingme.

2209 856 2243 912 Ι
2263 865 2444 913 autem
2465 873 2565 928 pro
2587 856 2786 926 duplici
2817 865 3148 912 consonante
3181 855 3396 909 videtur
3416 867 3557 918 esse,
3588 854 3819 924 quando

2209 945 2350 1002 inter
2379 949 2512 1003 duas
2542 949 2755 1004 vocales
2784 958 2866 1003 est
2890 948 3084 1018 posita,
3130 947 3358 1016 ideoque
3409 960 3624 1015 semper
3660 946 3818 1017 prio-

2209 1053 2324 1094 rem
2353 1039 2616 1110 syllabam
2652 1038 2782 1094 facit
2829 1039 3078 1109 longam;
3101 1045 3159 1092 ut
3188 1052 3201 1090 :
3237 1038 3431 1100 maius,
3463 1038 3632 1107 peius,
3659 1039 3805 1102 eius,

2208 1132 2333 1201 quia
2382 1148 2489 1186 non
2541 1132 2698 1186 aliter
2741 1131 3082 1203 pronuntiari
3129 1139 3330 1201 potest,
3379 1143 3542 1198 quam
3584 1129 3631 1183 si
3678 1144 3815 1184 cum

2205 1221 2373 1292 priori
2395 1221 2592 1292 syllaba
2621 1222 2827 1291 priori,
2857 1231 3058 1277 etcum
3085 1220 3332 1290 sequenti
3363 1219 3532 1273 altera
3562 1218 3816 1288 profera-

2205 1321 2324 1378 tur;
2349 1321 2404 1368 et
2427 1312 2548 1369 ideo
2565 1315 2772 1384 antiqui
2798 1314 2852 1368 in
2872 1313 2960 1368 his
2984 1313 3164 1368 verbis
3181 1313 3287 1367 duo
3307 1312 3346 1365 ii
3372 1326 3586 1382 semper
3607 1310 3813 1366 scribe-

2204 1403 2353 1459 bant.
2379 1403 2422 1458 V
2436 1419 2562 1460 vero
2586 1404 2703 1459 loco
2724 1404 3068 1460 consonantis
3089 1404 3284 1474 posita,
3311 1403 3556 1457 eamdem
3580 1417 3812 1471 prorsus

2205 1493 2259 1549 in
2277 1495 2529 1551 omnibus
2549 1498 2654 1550 vim
2679 1495 2842 1550 habet
2863 1497 3004 1566 apud
3026 1495 3249 1549 Latinos
3268 1509 3432 1564 quam
3450 1493 3591 1563 apud
3613 1491 3812 1548 Eolos

2206 1585 2496 1656 digamma,
2533 1594 2587 1639 et
2614 1585 2752 1654 ipsiu
2788 1584 3088 1654 sdigamma
3116 1597 3251 1637 voce
3285 1599 3387 1635 vau
3421 1580 3662 1650 profecta
3694 1588 3808 1645 est,

2203 1690 2302 1744 pro
2331 1691 2436 1746 qua
2458 1675 2643 1730 Caesar
2677 1675 2819 1729 hanc
2841 1673 3092 1745 ﬁguram,
3128 1673 3182 1728 id
3203 1680 3288 1728 est
3319 1670 3390 1737 F,
3418 1672 3583 1727 scribi
3609 1671 3806 1726 voluit.

512 1763 703 1844 ordine
729 1787 1016 1857 recipiunt,
1050 1785 1245 1841 divinis
1277 1793 1458 1838 tamen
1492 1781 1705 1852 paginis
1736 1780 1934 1836 inditas
1967 1795 2099 1834 con-
2129 1772 2177 1832 B
2207 1768 2488 1840 Digamma
2537 1767 2681 1857 enim
2723 1767 3009 1837 aliquando
3052 1765 3460 1857 pro#si_mplici,
3512 1763 3808 1857 aliquando

514 1880 710 1945 tinent,
745 1880 803 1945 h,
832 1893 1024 1950 proper
1061 1894 1248 1933 nomen
1287 1877 1482 1942 lhesu;
1519 1885 1560 1932 Α
1594 1883 1650 1930 ει
1669 1885 1733 1940 Ω,
1760 1883 1980 1945 propter
2011 1888 2105 1927 au-

512 1971 823 2027 ctoritatem
846 1969 1016 2025 divini
1051 1967 1340 2033 sermonis,
1369 1967 1482 2038 Ego
1509 1983 1625 2020 sum
1654 1965 1786 2039 ἄλφα
1817 1975 1871 2020 ει
1911 1967 2104 2039 ὠμέγα,

516 2071 571 2119 ει
591 2069 812 2132 propter
839 2075 1036 2116 nomen
1069 2069 1186 2115 xm.
1219 2058 1468 2113 Secunda
1497 2055 1799 2112 diﬁ'erentia
1829 2056 1883 2109 in
1909 2055 2104 2110 litteris

513 2148 804 2224 qualitates
842 2165 996 2220 mque
1023 2149 1157 2206 duas
1205 2149 1388 2212 habet,
1427 2163 1548 2218 qua:
1597 2157 1692 2202 aut
1717 2147 1933 2202 vocales
1978 2155 2104 2202 sunt

515 2252 607 2299 aut
631 2249 1011 2299 consonantes.
1035 2240 1168 2296 Item
1193 2240 1354 2294 tertia
1374 2238 1678 2295 diﬂ‘erentia
1700 2246 1785 2294 est
1811 2239 1956 2294 inter
1973 2253 2103 2293 con-

511 2342 788 2400 sonantes,
828 2332 973 2403 quod
1015 2333 1260 2403 quadam
1286 2339 1416 2386 sunt
1453 2331 1827 2396 semivocales,
1853 2332 2103 2401 quaedam

510 2435 692 2492 mutae,
725 2428 971 2497 quaedam
1021 2425 1258 2496 liquidae,
1297 2435 1350 2480 et
1379 2425 1625 2494 quaedam
1655 2424 1918 2494 duplices.
1962 2422 2104 2478 Sunt

510 2525 692 2574 tamen
725 2516 941 2574 vocales
965 2517 1226 2588 quinque,
1258 2516 1485 2582 scilicet,
1515 2533 1568 2582 a,
1600 2533 1648 2581 e,
1681 2517 1720 2581 i,
1748 2533 1798 2582 ο,
1828 2532 1903 2581 u;
1937 2514 2102 2570 semi-

509 2608 726 2664 vocales
751 2616 978 2679 septem,
1013 2607 1054 2674 ι,
1084 2623 1157 2673 m,
1188 2625 1242 2673 n,
1274 2623 1317 2670 r,
1345 2623 1391 2672 ε,
1415 2623 1471 2671 π,
1497 2623 1543 2660 z.
1595 2605 1754 2661 Muta:
1797 2620 2012 2670 novem,
2049 2606 2100 2671 ὁ,

510 2714 562 2762 c,
591 2699 650 2764 ά,
683 2698 728 2768 f,
762 2714 814 2768 g,
841 2697 891 2764 k,
922 2714 978 2764 p,
1001 2715 1033 2768 q
1085 2704 1142 2752 et
1178 2708 1217 2751 t.
1265 2695 1492 2751 Vocales
1554 2696 1710 2751 dictae
1761 2703 1886 2751 sunt
1947 2696 2102 2765 quasi

510 2796 778 2854 sonantes,
831 2787 958 2857 quia
986 2795 1042 2842 et
1066 2801 1253 2841 vocem
1277 2803 1373 2858 per
1397 2801 1456 2842 se
1501 2785 1722 2850 faciunt,
1780 2794 1834 2840 et
1857 2784 1976 2839 aliis
2003 2800 2099 2839 vo-

510 2893 629 2934 cem
657 2886 948 2949 prmstant;
980 2888 1340 2935 consonantes
1362 2880 1600 2950 quidem,
1633 2879 1776 2950 quod
1801 2884 2104 2933 consonant

506 2968 784 3025 vocalibus
815 2988 827 3023 :
854 2978 910 3026 et
937 2971 1078 3026 bene
1110 2969 1366 3026 dicuntur
1392 2981 1761 3037 consonantes,
1805 2970 1950 3046 quod
1993 2971 2100 3044 duo

507 3059 627 3114 soni
681 3059 841 3114 simul
907 3069 1122 3116 sonant.
1191 3059 1555 3116 Semivocales
1597 3061 1898 3130 appellatae,
1956 3061 2101 3130 quod

504 3151 720 3222 plenam
747 3166 935 3208 vocem
985 3168 1094 3210 non
1123 3153 1348 3218 habent,
1394 3161 1453 3206 ut
1489 3151 1730 3207 semiviri
1779 3160 1835 3207 et
1885 3151 2097 3221 semidii
2125 3137 2170 3201 C

505 3243 776 3309 dicuntur,
827 3258 935 3298 non
960 3243 1103 3314 quod
1134 3243 1364 3309 dimidii,
1412 3244 1674 3312 sedquod
1723 3242 1872 3313 pleni
1901 3243 1975 3298 dii
2039 3251 2096 3298 et

501 3335 645 3406 pleni
678 3336 779 3391 viri
807 3351 915 3392 non
939 3337 1048 3390 sint
1077 3353 1092 3402 ;
1123 3336 1208 3391 his
1230 3337 1274 3391 si
1295 3335 1551 3391 detrahas
1583 3337 1852 3402 vocalem,
1894 3339 2096 3394 habent

504 3434 686 3481 tamen
730 3435 789 3482 et
814 3435 1036 3482 tenuem
1062 3441 1255 3481 sonum
1309 3433 1366 3482 et
1404 3427 1624 3482 sibilum
1675 3428 2003 3497 quemdam;
2036 3437 2096 3484 ut

503 3516 551 3571 si
585 3516 755 3582 dicas,
803 3528 832 3558 ι
862 3515 990 3571 tolle
1035 3517 1158 3572 inde
1195 3516 1434 3572 vocalem
1481 3535 1524 3582 e,
1581 3529 1740 3573 sonat
1770 3528 1948 3575 tamen
1977 3521 2096 3591 qui-

502 3607 627 3663 dam
670 3606 862 3662 sibilus
908 3622 974 3661 ac
1025 3606 1200 3662 tenuis
1247 3624 1432 3663 sonus.
1491 3608 1649 3663 Mulae
1691 3618 1871 3664 autem
1911 3612 2092 3680 dictae,

501 3714 608 3754 non
651 3698 796 3766 quod
818 3698 1040 3753 omnino
1061 3712 1192 3753 voce
1225 3708 1471 3765 careant,
1529 3701 1622 3756 sed
1653 3702 1797 3771 quod
1835 3702 1902 3757 ad
1946 3717 2094 3758 com-

499 3791 838 3862 parationem
890 3790 1027 3845 bene
1073 3792 1416 3859 sonantium,
1482 3794 1734 3864 exiguam
1802 3795 2092 3864 quamdam

497 3890 708 3953 partem
751 3882 900 3937 vocis
925 3882 1202 3949 habeant;
1252 3883 1397 3940 velut
1441 3885 1683 3954 infamis
1730 3886 1927 3942 dicitur
1973 3902 2091 3940 mu-

499 3970 620 4039 lier,
665 3987 772 4028 non
802 3987 923 4043 qua:
969 3981 1121 4029 caret
1148 3973 1343 4041 forma,
1392 3976 1488 4030 sed
1517 3991 1637 4045 quae
1672 3976 1812 4030 male
1856 3984 1940 4030 est
1985 3976 2093 4030 for-

307 4055 312 4060 ’
411 4071 418 4074 ’
499 4073 677 4130 mata;
701 4071 756 4118 et
785 4063 1035 4135 frigidum
1071 4065 1302 4120 dicimus
1329 4079 1452 4119 eum
1483 4067 1571 4135 qui
1595 4083 1700 4122 non
1729 4067 1944 4136 penitus
1991 4082 2088 4120 ex-

459 4179 466 4200 ι
499 4167 627 4224 pers
647 4163 730 4212 est
768 4154 988 4221 caloris,
1037 4156 1132 4210 sed
1161 4156 1253 4224 qui
1281 4155 1508 4210 minimo
1537 4157 1640 4211 hoc
1668 4158 1859 4210 utitur.
1912 4156 2088 4211 Latini

498 4262 688 4304 omnes
715 4245 932 4302 vocales
971 4246 1261 4301 dichronas
1288 4246 1509 4313 habent,
1551 4247 1606 4302 id
1647 4255 1752 4313 est,
1805 4263 1926 4318 quae
1971 4264 2091 4304 cor-

495 4339 600 4408 ripi
626 4345 932 4408 possuntet
949 4337 1194 4408 produci,
1247 4340 1700 4408 quemadmodum
1734 4339 1906 4395 (ἔτωεί
1955 4349 2085 4407 tres,

2207 1873 2307 1929 pro
2355 1856 2552 1928 duplici
2593 1865 2926 1912 consonante
2951 1857 3091 1927 apud
3131 1853 3322 1910 ABolos
3349 1854 3626 1909 invenitur
3667 1853 3811 1909 scri-

2205 1957 2317 2018 pta,
2367 1949 2552 2018 sicque
2584 1957 2831 2004 nostrum
2868 1965 2896 2002 υ
2947 1946 3123 2003 locum
3152 1945 3414 2018 simplicis
3461 1944 3677 2001 videtur
3707 1944 3808 1999 ha-

2205 2041 2336 2096 bere
2359 2041 2732 2106 consonantis,
2767 2048 2830 2095 ut
2857 2057 2870 2094 :

2270 2153 2335 2204 At
2353 2152 2525 2206 Venus
2546 2153 2674 2204 haud
2698 2154 2860 2203 animo
2881 2153 3212 2216 nequidquam
3235 2152 3478 2202 exterrita
3503 2154 3694 2213 mater;

2205 2256 2434 2329 duplicis
2463 2272 2679 2328 quoque
2727 2271 2850 2312 cum
2879 2256 2935 2312 in
2973 2255 3248 2326 praeterito
3275 2253 3519 2325 perfecto
3565 2263 3622 2309 et
3651 2251 3804 2324 plus-

2204 2366 2366 2421 quam
2419 2351 2662 2422 pert‘ecto
2706 2350 2883 2406 tertiae
2932 2359 2988 2405 et
3019 2358 3229 2420 quartae
3272 2347 3692 2419 conjugationis,
3747 2346 3803 2401 in

2206 2443 2404 2513 quibus
2434 2445 2451 2497 i
2483 2452 2608 2498 ante
2633 2459 2663 2497 υ
2691 2450 3080 2498 consonantem
3104 2441 3280 2511 posita
3299 2479 3316 2506 ,
3357 2439 3678 2509 producitur
3711 2453 3803 2493 ea—

2205 2536 2435 2604 demque
2461 2534 2738 2590 suhtracta
2755 2533 3070 2602 corripitur,
3096 2539 3157 2585 ut
3180 2530 3371 2600 rupiui,
3405 2528 3569 2598 cupii,
3595 2528 3800 2598 cupire-

2203 2641 2342 2690 ram,
2393 2625 2693 2694 cupieram;
2753 2623 2955 2688 audivi,
2991 2621 3162 2687 audii,
3227 2619 3556 2682 audiveram,
3617 2616 3802 2674 audie-

2205 2732 2340 2773 ram.
2383 2716 2686 2787 Aliquando
2711 2730 2842 2772 vero
2875 2715 3088 2771 metrici
3136 2713 3238 2768 hac
3285 2712 3579 2781 digamma,
3632 2727 3660 2765 υ
3693 2720 3750 2765 ει
3781 2710 3801 2762 i

2204 2805 2325 2862 loco
2342 2807 2694 2863 consonantis
2715 2806 2914 2877 posita,
2942 2820 3043 2877 pro
3069 2811 3319 2872 correpta
3345 2801 3521 2858 vocali
3546 2807 3797 2864 utuntur,

2203 2908 2265 2954 ut
2305 2898 2580 2966 Horatius,
2633 2899 2776 2954 silva:
2820 2897 3192 2969 trissyllahum
3248 2894 3474 2967 protulit
3529 2893 3583 2948 in
3623 2894 3800 2964 epodo

2207 2991 2310 3047 hoc
2358 3007 2520 3047 versu
2549 3005 2563 3043 :

2450 3080 2698 3144 Nivesque
2719 3078 3170 3144 deducuut_Jovem

2450 3143 2590 3193 Nunc
2611 3140 2766 3200 mare,
2793 3155 2920 3191 nunc
2938 3140 3095 3191 silvae.

2197 3227 2295 3284 Est
2339 3226 2484 3282 enim
2529 3228 2817 3282 dimetrum
2867 3226 3158 3280 iambicum
3183 3223 3531 3294 coniunctum
3561 3222 3798 3294 penthe-

2197 3319 2425 3374 mimere
2467 3319 2707 3374 heroico.
2768 3317 2836 3372 Et
2873 3316 3127 3372 Aurelius
3187 3315 3515 3370 Prudentius
3564 3315 3621 3369 in
3661 3311 3799 3386 Psy-

2197 3411 2518 3467 chomachia
2563 3425 2578 3464 :

2351 3523 2567 3587 Egregia
2590 3524 2817 3573 comitata
2838 3523 2940 3572 viro
2965 3535 2978 3572 :
3005 3533 3114 3571 nam
3142 3521 3390 3584 proximus
3412 3519 3512 3570 Iob.

2197 3623 2594 3695 Sciendumque
2635 3625 2780 3695 quod
2807 3623 2953 3680 Eoli
2985 3610 3254 3695 digamma
3303 3608 3471 3678 causa
3498 3623 3795 3695 aspiratio-

2195 3717 2301 3781 nis,
2364 3724 2425 3771 ut
2458 3715 2760 3787 effugerent
2804 3716 3031 3787 spiritus
3078 3713 3474 3779 austeritatem,
3521 3724 3578 3768 et
3624 3729 3793 3770 causa

2194 3807 2374 3862 hiatus
2397 3805 2688 3872 devitandi,
2729 3805 3100 3862 assumebant.
3173 3804 3281 3860 Nos
3313 3813 3490 3860 autem
3524 3805 3578 3859 in
3605 3805 3795 3862 multis

2193 3898 2430 3968 quidem,
2463 3907 2782 3953 nontamen
2833 3898 2889 3952 in
2911 3898 3164 3954 omnibus
3204 3897 3327 3952 illos
3376 3897 3677 3967 sequimur,
3730 3906 3794 3952 ut

2192 4002 2316 4043 cum
2351 3988 2657 4043 devitantes
2683 3987 3072 4059 aspirationem
3120 3987 3374 4051 dicimus,
3403 4001 3635 4054 vespera,
3685 3986 3788 4052 vis,

2193 4079 2376 4144 uestis;
2419 4079 2652 4144 hiatum,
2704 4077 3037 4142 utzclauus,
3088 4077 3326 4147 argiuus,
3373 4092 3537 4146 pauo,
3607 4092 3787 4143 ovum,

2193 4169 2322 4234 ovis,
2357 4167 2526 4222 bouis.
2577 4168 2655 4222 Ex
2709 4167 3131 4224 consonantibus
3179 4180 3308 4236 ergo
3356 4175 3482 4221 sunt
3525 4165 3545 4218 ι
3581 4175 3689 4222 etr
3715 4165 3786 4221 li-

2192 4259 2387 4329 quidae,
2429 4259 2624 4328 quibus
2649 4260 2870 4329 quidam
2914 4259 3117 4314 addunt
3163 4274 3214 4310 m
3239 4265 3295 4311 et
3320 4273 3388 4323 n;
3424 4257 3506 4311 ha:
3560 4265 3787 4327 postpo-

2193 4351 2309 4404 sitae
2346 4351 2391 4420 f,
2421 4351 2731 4406 semivocali
2769 4359 2824 4406 et
2859 4366 2953 4406 sex
3003 4350 3184 4416 mutis,
3232 4350 3283 4404 id
3310 4357 3412 4414 est,
3465 4349 3514 4413 ὁ,
3546 4366 3594 4414 c,
3641 4350 3694 4412 d,
3726 4365 3784 4420 9,

496 4452 553 4496 α,
586 4452 604 4486 ι
625 4439 681 4485 ει
709 4445 774 4496 u;
808 4451 830 4484 ε
855 4443 986 4484 vero
1019 4439 1075 4486 et
1117 4451 1144 4486 ο
1176 4445 1392 4501 semper
1418 4430 1592 4487 Graeci
1645 4433 1836 4488 breves
1866 4434 2085 4499 habent,

498 4530 550 4545 Α.
591 4542 619 4545 μ-
649 4525 695 4545 ΑΙ
745 4541 773 4545 -.
817 4533 1029 4545 ,ΛΜ-υ...
1059 4519 1243 4545 ιΛ-ιιυι-ιη
1325 4520 1517 4545 Ι)..Α..Α..
1569 4529 1691 4545 ..ι-...ι
1716 4521 1926 4545 -.-μιλιηκ
1979 4529 2035 4545 --Α
2065 4537 2078 4545 ι

2198 4464 2246 4516 p,
2301 4455 2340 4511 t,
2395 4462 2496 4517 pro
2525 4445 2751 4501 arbitrio
2777 4453 2971 4517 poetae,
3025 4445 3346 4514 plerumque
3370 4446 3426 4500 in
3463 4453 3639 4500 metro
3672 4446 3784 4499 vim

495 4530 554 4576 et
591 4542 622 4578 η
647 4525 702 4574 et
738 4541 780 4574 ω
816 4533 1029 4590 semper
1059 4519 1265 4591 longas.
1320 4520 1521 4576 Breves
1567 4529 1694 4575 sunt
1716 4521 1952 4587 vocales,
1979 4529 2078 4576 ut:

496 4627 665 4678 amor,
695 4612 814 4679 erit,
847 4611 968 4680 iter,
1001 4615 1194 4684 operis,
1227 4614 1446 4684 utique;
1477 4614 1649 4685 longae
1687 4631 1702 4669 :
1729 4632 1858 4681 tera,
1887 4627 2078 4682 erecta,

491 4707 608 4777 iuit,
664 4723 838 4773 omen,
885 4705 1031 4761 utile.
1102 4707 1184 4762 Ex
1239 4708 1324 4763 his
1357 4707 1522 4778 igitur
1583 4708 1860 4764 vocalibus
1905 4709 2013 4763 iet
2046 4724 2082 4762 u

491 4811 778 4860 transeunt
837 4802 894 4858 in
934 4804 1344 4859 consonantium
1395 4812 1753 4872 potestatem;
1811 4819 1936 4860 cum
1989 4812 2084 4859 aut

490 4896 648 4965 ipsae‘
661 4895 805 4950 inter
836 4910 894 4950 se
947 4897 1310 4966 geminantur,
1344 4903 1404 4949 ut
1435 4910 1450 4949 :
1483 4895 1648 4962 Juno,
1690 4898 1832 4963 vita;
1863 4904 1957 4950 aut
1983 4909 2080 4951 vo-

491 4983 700 5039 calibus
727 4984 1084 5054 applicantur,
1113 4994 1174 5038 ut
1201 5003 1212 5037 :
1243 4993 1402 5051 vates,
1454 4985 1624 5052 velox,
1654 5002 1772 5052 uox,
1819 4986 1838 5038 ί
1887 4993 1946 5039 ιιι
2006 4985 2081 5038 ie-

493 5087 609 5137 cur,
645 5073 812 5137 iocus,
869 5074 952 5128 hae
998 5074 1162 5128 etiam
1185 5054 1378 5129 mediae
1409 5075 1685 5140 dicuntur,
1739 5076 1996 5145 quoniam
2022 5075 2078 5131 in

494 5161 816 5231 quibusdam
845 5163 1170 5218 dictionibus
1228 5165 1463 5219 medium
1502 5180 1692 5220 sonum
1717 5166 1940 5230 habent,
1977 5180 2079 5222 nec

495 5254 818 5318 naturalem,
863 5269 964 5308 nec
991 5255 1288 5325 proprium,
1339 5257 1432 5312 sed
1457 5257 1694 5311 alternos
1724 5256 1866 5310 inter
1893 5271 1951 5310 se
1985 5272 2075 5312 so-

490 5361 598 5407 nos
621 5346 978 5414 confundunt,
1007 5356 1094 5402 ut:
1118 5350 1196 5403 vir
1214 5351 1459 5420 Optimus.
1487 5349 1594 5403 Eti
1618 5348 1835 5418 quidem
1860 5349 2076 5420 quando

489 5448 622 5516 post
649 5459 682 5495 n
716 5449 1099 5496 consonantem
1127 5441 1245 5498 loco
1278 5441 1547 5513 digamma
1597 5439 1838 5498 functam
1885 5439 2080 5498 Aiolici

493 5533 732 5605 ponitur,
767 5532 944 5588 brevis
972 5543 1090 5602 est;
1119 5543 1378 5605 sequente
1408 5534 1462 5600 ά,
1497 5543 1551 5588 ει
1573 5551 1644 5599 m,
1674 5543 1730 5590 et
1757 5551 1805 5602 r,
1851 5544 1905 5590 et
1944 5545 1984 5601 t,
2026 5545 2081 5590 et

501 5641 554 5691 τ,
585 5640 775 5680 sonum
801 5643 833 5694 y
858 5625 1044 5682 Graece
1089 5627 1304 5683 videtur
1328 5625 1550 5692 habere,
1593 5634 1652 5680 ut
1682 5640 1698 5682 :
1731 5627 1902 5693 video,
1943 5626 2074 5692 vim,

568 5751 596 5781 ι
636 5739 796 5796 Deest
815 5737 1034 5810 aliquid.

2191 4535 2537 4590 consonantis
2566 4536 2842 4600 amittunt,
2868 4543 2922 4589 et
2960 4535 3178 4589 brevem
3203 4533 3463 4605 syllabam
3505 4534 3782 4600 reddunt;

2190 4640 2255 4679 ac
2302 4625 2424 4680 ideo
2464 4624 2776 4680 Priscianus
2822 4625 3023 4690 docuit,
3069 4625 3099 4693 f
3139 4626 3313 4696 magis
3355 4634 3562 4680 mutam
3615 4640 3785 4692 esse,

2191 4715 2220 4754 ιι
2243 4715 2334 4785 qui
2362 4715 2407 4771 si
2430 4723 2515 4770 est
2541 4723 2690 4770 muta
2720 4715 2975 4785 quaelibet
3003 4715 3223 4785 liquidis
3249 4715 3585 4786 praeponitur
3618 4724 3675 4771 et
3703 4715 3788 4772 lo-

2190 4822 2312 4862 cum
2342 4807 2535 4862 litterte
2556 4830 2588 4882 φ
2615 4806 2817 4862 Graecae
2859 4815 3022 4861 muta:
3060 4807 3198 4877 apud
3231 4822 3333 4863 nos
3367 4808 3600 4872 obtinet,
3646 4821 3787 4882 pra-

2190 4905 2274 4952 ter
2298 4897 2443 4967 quod
2479 4896 2602 4952 ﬁxis
2630 4896 2815 4964 labris,
2853 4898 3124 4966 quomodo
3151 4919 3205 4970 φ,
3238 4896 3638 4968 pronuntianda
3668 4910 3782 4952 non

2183 4994 2306 5053 est;
2344 4986 2376 5040 Ic
2397 4988 2541 5042 enim
2571 4994 2627 5042 et
2651 5005 2702 5058 q,
2735 4988 2982 5058 quamvis
3025 4988 3199 5058 ﬁgura
3229 4995 3283 5040 et
3310 4985 3530 5041 nomine
3555 4986 3782 5042 videan-

2183 5087 2273 5134 tur
2334 5079 2570 5150 aliquam
2612 5079 2813 5134 habere
2869 5077 3228 5131 differentiam
3290 5091 3416 5132 cum
3467 5093 3516 5142 ε,
3590 5085 3780 5133 tamen

2181 5171 2423 5226 eamdem
2474 5178 2582 5224 tam
2609 5169 2663 5223 in
2692 5184 2825 5224 sono
2864 5183 3057 5224 vocum
3097 5184 3258 5239 quam
3313 5169 3368 5223 in
3394 5177 3569 5224 metro
3619 5177 3780 5242 pote-

2179 5270 2374 5318 statem
2400 5262 2712 5326 continent;
2743 5270 2799 5316 et
2847 5260 2878 5312 k
2918 5260 3136 5330 quidem
3176 5259 3394 5330 penitus
3439 5275 3777 5331 supervacua

2184 5359 2285 5415 est,
2338 5352 2480 5405 nulla
2512 5353 2658 5406 enim
2711 5351 2922 5406 videtur
2961 5351 3101 5405 ratio
3134 5366 3232 5406 cur
3278 5368 3311 5404 a
3363 5359 3624 5421 sequente
3659 5352 3779 5407 hac

2185 5441 2349 5496 scribi
2389 5442 2620 5498 debeat:
2644 5442 2915 5514 Carthago
2953 5443 3096 5496 enim
3136 5449 3191 5496 et
3236 5451 3394 5512 caput
3431 5441 3544 5496 sive
3567 5455 3670 5512 per
3714 5440 3776 5510 ι,

2183 5535 2299 5589 sive
2335 5549 2434 5604 per
2464 5552 2491 5588 c
2529 5535 2858 5600 scribantur,
2914 5534 3114 5589 nullam
3161 5532 3370 5588 faciunt
3416 5547 3519 5588 nec
3544 5533 3598 5588 in
3637 5548 3777 5590 sono

2183 5641 2283 5681 nec
2325 5626 2376 5680 in
2401 5634 2668 5696 potestate
2700 5626 2942 5696 ejusdem
2971 5623 3319 5681 consonantis
3356 5621 3720 5682 differentiam
3751 5637 3775 5692 ς

2254 5741 2280 5780 b
2306 5740 2480 5796 Locus
2508 5741 2846 5808 depravatus.
2933 5783 2960 5799 .
