4100 6324
188 6035 243 6067 υτ

360 481 463 537 6l7

1164 470 1554 531 EXCERPTIO
1585 471 1675 529 DE
1707 466 1893 524 ARTE
1928 459 2384 522 GRAMMATICA
2420 455 2780 515 PRISCIANI.

3504 456 3608 515 618

363 620 392 672 q
437 614 567 654 vero
602 602 826 666 propter
865 592 999 648 nihil
1040 590 1185 647 aliud
1224 591 1508 648 scribenda
1546 587 1761 644 videtur
1787 600 1928 649 esse,
1957 586 2006 646 Α
2033 580 2219 651 ptione
2252 577 2588 642 litterarum;
2621 572 2995 672 collegas-sn.
3020 570 3166 626 enim
3208 570 3407 629 dicitur
3428 574 3584 630 conci

363 692 468 748 nisi
510 697 570 744 ut
594 685 838 743 ostendat
867 694 1182 755 sequentem
1221 702 1248 739 υ
1287 692 1411 739 ante
1441 682 1668 737 alteram
1696 676 1935 734 vocalem
1962 754 1969 759 _

365 783 419 837 in
455 780 641 837 eadem
685 776 889 849 syllaba
936 775 1168 846 positam
1208 774 1441 844 perdere
1495 773 1604 827 vim
1646 770 1837 825 littera
1883 768 1937 822 in

363 883 565 930 metro:
614 867 664 923 H
696 877 873 924 autem
900 865 1240 937 aspirationis
1262 872 1347 921 est
1374 872 1524 931 nota,
1555 871 1610 918 et
1632 860 1767 915 nihil
1796 857 1939 913 aliud

363 965 525 1021 habet
551 962 743 1017 littera
775 959 880 1015 nisi
908 957 1153 1029 ﬁguram,
1215 962 1277 1010 ut
1306 954 1613 1011 Priscianus
1633 951 1781 1006 dicit.
1833 947 1941 1003 Ali-

361 1059 452 1129 qui
496 1066 672 1113 tamen
721 1051 1059 1125 grammatici
1110 1050 1342 1105 litteram
1388 1063 1508 1104 eam
1563 1058 1682 1102 esse
1730 1043 1934 1110 dicunt,

362 1151 482 1222 quia
510 1162 660 1204 more
691 1144 1036 1202 consonantis
1061 1142 1257 1197 littera
1282 1142 1336 1196 in
1357 1149 1532 1195 metro
1556 1150 1698 1207 saepe
1717 1136 1937 1190 brevem

357 1244 616 1316 syllabam
649 1242 863 1313 longam
901 1238 1094 1294 reddit.
1141 1235 1285 1297 Hac,
1332 1233 1375 1289 si
1407 1251 1434 1287 c
1456 1238 1619 1287 muta
1657 1227 1938 1316 subiuncta

356 1315 539 1400 fuerit,
582 1355 625 1406 χ
667 1339 821 1389 notat
857 1328 1131 1394 Graeam;
1174 1327 1219 1383 si
1258 1344 1291 1397 p
1320 1323 1610 1395 praposita
1660 1315 1846 1383 fuerit,
1904 1339 1936 1388 φ

355 1425 642 1495 signiﬁcat.
686 1423 818 1480 Item
848 1422 894 1478 si
921 1421 1083 1476 fuerit
1116 1429 1134 1473 t
1163 1417 1451 1490 praeposita
1488 1409 1804 1482 aspirationi
1840 1421 1939 1478 pro

354 1521 382 1573 θ
406 1518 645 1588 ponitur.
706 1514 766 1571 Si
795 1533 856 1586 ps
888 1512 1044 1568 simul
1088 1510 1294 1583 posita,
1325 1509 1363 1580 ψ
1400 1506 1643 1563 Gracam
1693 1507 1941 1556 asserunt

353 1608 609 1673 litteram,
652 1615 706 1663 et
750 1607 867 1661 hac
913 1605 967 1659 in
1001 1601 1300 1674 peregrinis
1343 1595 1683 1659 dictionibus,
1728 1599 1786 1646 ut
1820 1589 1943 1645 Chi-

354 1715 540 1764 maro,
574 1696 936 1769 philosophus,
972 1692 1239 1763 thelesfor,
1281 1685 1718 1761 psalmigraphus.
1770 1680 1941 1738 Cate-

353 1806 473 1845 rum
512 1788 843 1844 hvocalibus
874 1800 1150 1855 nunquam
1180 1779 1497 1851 supponitur
1536 1776 1639 1831 nisi
1680 1775 1735 1829 in
1775 1773 1942 1827 inter-

348 1883 603 1955 iectione,
651 1890 741 1948 alt,
769 1881 855 1946 oh,
890 1895 1010 1950 qua
1041 1874 1385 1933 obturbantis
1427 1880 1485 1928 et
1505 1869 1734 1925 dolentis
1763 1867 1937 1938 signi-

353 1972 521 2028 ﬁcant
560 1969 830 2028 allectum.
877 1969 915 2025 S
950 1983 1162 2039 quoque
1194 1963 1481 2036 singularis
1504 1969 1589 2017 est
1629 1958 1934 2030 potestatis,

352 2082 474 2137 qua
523 2067 577 2121 in
595 2072 771 2120 metro
791 2063 901 2118 vim
932 2076 1082 2118 suam
1105 2060 1415 2129 frequenter
1439 2053 1656 2110 amittit.
1700 2051 1825 2106 liae
1845 2049 1941 2105 ali-

348 2159 587 2229 quando,
647 2158 703 2212 in
746 2156 922 2228 capite
969 2154 1122 2210 verbi
1171 2149 1458 2223 praeposita
1501 2147 1684 2203 altera
1742 2158 1937 2200 conso-

351 2246 529 2317 nanti,
580 2248 934 2322 praecedentis
971 2245 1135 2301 verbi‘
1177 2242 1529 2299 novissimam
1570 2237 1832 2311 syllabam
1884 2236 1937 2289 in

353 2341 574 2395 brevem
626 2340 866 2396 vocalem
916 2337 1248 2394 desinentem
1307 2330 1581 2406 producit,
1647 2325 1939 2398 aliquando

353 2440 654 2501 correptam
711 2428 986 2498 relinquit.
1054 2425 1208 2480 Hanc
1247 2434 1301 2479 et
1343 2419 1631 2492 aliquando
1660 2418 1716 2473 in
1758 2416 1939 2472 medio

352 2524 520 2579 verbo
546 2524 698 2578 alteri
722 2519 1038 2578 consonanti
1066 2516 1411 2589 praepositam
1436 2511 1757 2583 liquentium
1788 2522 1939 2564 more

354 2614 616 2686 disperire
662 2614 880 2684 quidam
915 2611 1119 2674 dicunt,
1172 2617 1232 2664 ut
1265 2610 1318 2662 in
1353 2606 1444 2661 illo
1483 2602 1695 2675 Virgilii
1725 2619 1740 2657 :

380 2694 385 2699 ’
477 2713 711 2764 Hortatur
737 2711 1010 2771 Mnesteus,
1037 2707 1193 2766 Nune,
1216 2719 1342 2755 nunc
1360 2704 1603 2765 insurgite
1625 2700 1797 2751 remis.

350 2790 403 2846 X
430 2794 624 2864 duplex
660 2793 817 2848 modo
855 2807 954 2861 pro
982 2806 1058 2855 cs,
1103 2787 1264 2842 modo
1291 2801 1389 2857 pro
1414 2801 1471 2855 gs
1515 2782 1796 2853 accipitur,
1836 2787 1933 2833 ut:

350 2902 503 2956 apex,
526 2885 710 2955 apicis,
734 2899 880 2955 grex,
905 2882 1109 2953 gregis;
1138 2876 1335 2933 transit
1364 2886 1543 2931 tamen
1569 2871 1853 2943 aliquando
1881 2870 1937 2924 in

349 2991 380 3031 υ
408 2982 814 3039 consonantem,
863 2982 965 3029 ut:
1008 2973 1123 3037 nix,
1163 2969 1316 3035 nivis,
1353 2982 1454 3023 nec
1497 2981 1606 3021 non
1647 2966 1702 3020 in
1742 2980 1802 3030 c,
1830 2970 1934 3017 ut:

352 3083 479 3131 nox,
523 3067 721 3132 noctis;
757 3065 899 3120 subit
930 3063 1093 3120 etiam
1126 3061 1246 3116 loco
1279 3057 1646 3131 aspirationis,
1695 3064 1757 3109 ut
1787 3054 1934 3118 veho,

350 3156 486 3222 veri,
524 3159 692 3223 traho,
726 3157 897 3223 traxi;
929 3156 1023 3211 sed
1045 3157 1159 3211 hac
1198 3161 1385 3209 contra
1415 3150 1652 3222 regulam
1680 3144 1937 3204 declinari

354 3248 617 3304 videntur.
647 3246 688 3301 Z
719 3250 781 3304 in,
803 3249 995 3320 gracis
1024 3243 1397 3301 tantummodo
1439 3242 1658 3312 ponitur
1686 3236 1936 3296 dictioni—

352 3345 485 3411 bus;
516 3361 615 3415 pro
650 3345 750 3400 hac
796 3299 1039 3400 :eterum
1084 3341 1305 3413 quidam
1334 3339 1353 3392 i
1384 3335 1625 3392 vocalem
1663 3333 1936 3397 dixerunt,
1964 3299 2013 3364 δ

352 3435 567 3505 quidam
594 3438 728 3491 duas
770 3452 821 3490 ss
861 3435 1099 3491 scribere
1150 3431 1432 3487 solebant:
1461 3427 1606 3481 unde
1626 3425 1817 3495 jugum
1856 3421 1940 3477 di-

353 3532 500 3578 ctum
538 3535 621 3583 est
659 3526 807 3579 velut
851 3541 1043 3595 zugon,
1089 3530 1145 3578 et
1184 3521 1393 3592 Jupiter
1434 3518 1592 3595 velut
1632 3525 1937 3586 seuspater;

354 3615 484 3671 item
511 3614 843 3679 Messentius,
867 3622 922 3669 et
956 3614 1223 3683 petissare,
1257 3620 1313 3666 et
1338 3594 1630 3674 tablissai’e,
1647 3615 1712 3683 et
1744 3614 1938 3661 catera

354 3702 659 3773 hujusmodi
709 3715 868 3755 usum
914 3681 1156 3755 veterem
1201 3698 1569 3755 declarabant.
1623 3681 1762 3750 Illud
1798 3710 1940 3766 pra-

354 3804 507 3850 terea
545 3793 701 3849 nobis
751 3792 1109 3847 intimandum
1158 3799 1246 3846 est
1287 3789 1431 3859 quod
1469 3787 1710 3843 omnium
1749 3800 1939 3840 conso-

352 3887 599 3943 nantium
637 3886 941 3941 litterarum
976 3886 1081 3939 ista
1119 3890 1311 3937 natura
1359 3882 1451 3947 sit,
1487 3888 1547 3935 ut
1588 3870 1939 3934 semivocales

353 3994 541 4035 omnes
566 3978 634 4033 ab
658 3995 686 4033 e
711 3978 988 4047 incipiant,
1030 3985 1085 4032 et
1123 3977 1178 4032 in
1225 3991 1285 4031 se
1312 3973 1584 4040 desinant,
1619 3980 1843 4043 excepta
1879 3986 1938 4036 ω,

356 4089 475 4144 qua
500 4073 567 4127 ab
597 4070 627 4123 i'
651 4071 873 4141 incipit;
904 4078 960 4124 et
1003 4077 1167 4124 muta
1191 4082 1380 4123 omnes
1409 4082 1437 4121 a
1470 4082 1529 4122 se
1569 4065 1853 4135 incipiant,
1886 4070 1942 4118 et

358 4165 409 4218 in
438 4181 466 4218 e
500 4163 772 4229 desinant,
817 4162 1058 4233 exceptis
1080 4161 1111 4214 Ιί
1139 4169 1196 4217 et
1219 4177 1251 4232 g
1281 4168 1337 4215 et
1376 4146 1429 4213 Ιί.
1478 4158 1761 4214 Postremo
1809 4155 1942 4211 illud

356 4254 651 4308 notandum
680 4262 763 4309 est
796 4254 937 4323 quod
971 4252 1260 4322 unicuique
1288 4250 1485 4305 littera
1524 4249 1778 4305 accidunt
1806 4258 1937 4314 tres,

298 4412 303 4413 γ
356 4350 529 4415 idest,
560 4340 776 4416 nomen,
815 4363 924 4418 quo
963 4347 1273 4403 nominatur
1319 4353 1374 4400 et
1402 4343 1824 4414 pronuntiatur;
1871 4341 1937 4395 ﬁ-

356 4455 511 4511 gura,
540 4456 645 4508 qua
678 4441 877 4510 scripta
903 4438 1166 4508 aspicitur
1190 4446 1243 4493 et
1264 4444 1513 4502 notatur;
1542 4442 1807 4506 potestas,
1831 4447 1939 4504 qua

356 4533 423 4586 ad
443 4533 829 4602 proprietatem
859 4546 1012 4584 suam
1048 4545 1078 4583 a
1120 4528 1345 4598 reliquis
1373 4527 1437 4604 in~
1460 4527 1682 4581 metrica
1726 4525 1941 4579 ratione

356 4631 669 4694 segregatur
689 4630 743 4677 et
773 4619 1110 4689 intelligitur,
1140 4627 1322 4672 utrum
1351 4617 1422 4671 sit
1447 4616 1671 4680 vocalis,
1707 4630 1777 4669 an
1803 4630 1937 4670 con-
1964 4651 2020 4713 Β

354 4731 575 4781 sonans,
600 4730 668 4769 an
703 4712 922 4784 duplex,
965 4727 1033 4765 an
1074 4708 1433 4786 semivocalis,
1463 4723 1530 4762 an
1576 4714 1743 4770 muta,
1772 4722 1841 4760 an
1870 4705 1939 4759 li-

355 4808 536 4875 quida.
567 4805 781 4862 Accidit
808 4806 970 4859 etiam
998 4805 1294 4859 secundum
1327 4801 1537 4871 aliquos
1565 4809 1818 4854 auctores
1852 4798 1942 4852 lit-

357 4900 489 4953 teris
511 4899 665 4965 ordo,
697 4913 804 4967 quo
847 4898 952 4952 alia
996 4896 1275 4967 praecedit,
1307 4895 1409 4950 alia
1458 4894 1827 4964 subsequitur,
1862 4894 1938 4948 ita

357 4998 415 5043 ut
441 5007 472 5042 α
494 4989 646 5059 prior
671 4989 760 5053 sit,
808 4988 1144 5055 subsequens
1165 4988 1217 5051 b,
1248 4986 1408 5043 tertia
1446 5004 1494 5052 ο,
1525 5000 1591 5041 ac
1615 4985 1809 5041 deinde
1834 5000 1941 5040 ca-

356 5090 486 5135 tera
514 5080 568 5135 in
595 5079 841 5135 ordinem
870 5079 1084 5133 littera.
1118 5077 1163 5129 Α
1186 5084 1366 5131 autem
1396 5075 1453 5129 in
1490 5077 1742 5131 omnibus
1769 5075 1942 5144 genti-

355 5174 455 5229 bus
486 5175 606 5231 ideo
636 5175 785 5245 prior
808 5181 892 5229 est
915 5173 1239 5237 litterarum,
1265 5186 1364 5242 pro
1392 5185 1457 5227 eo
1481 5161 1626 5239 qt'iod
1652 5168 1768 5238 ipsa
1787 5166 1940 5238 prior

358 5268 707 5325 nascentibus
742 5273 929 5322 vo'cem
964 5264 1158 5337 aperit.

973 5359 1050 5414 De
1085 5357 1313 5428 syllaba.

432 5451 649 5524 Syllaba
675 5460 757 5508 est
781 5450 997 5522 proprie
1036 5449 1384 5521 congregatio
1410 5455 1503 5502 aut
1530 5444 1941 5516 comprehensio

358 5543 683 5609 litterarum,
712 5543 812 5598 sub
838 5556 947 5597 uno
973 5547 1197 5597 accentu
1230 5547 1285 5594 et
1313 5554 1422 5593 uno
1463 5537 1653 5608 spiritu
1686 5533 1893 5606 prolata
1920 5550 1935 5601 ;

361 5634 583 5691 abusive
625 5639 807 5689 tamen
850 5632 1012 5689 etiam
1060 5631 1415 5704 Singularium
1471 5628 1731 5685 vocalium
1779 5639 1942 5682 sonos

362 5725 593 5797 Syllabas
629 5728 968 5783 nominamus
999 5724 1239 5795 :sgllaba
1273 5722 1484 5790 Graec,
1504 5721 1710 5777 Latine
1762 5733 1944 5774 conce-

320 5816 491 5917 .ptio,
533 5815 647 5871 sive
683 5816 967 5885 complexio
998 5816 1213 5872 dicitur.
1256 5814 1394 5869 Nam
1423 5813 1625 5885 syllaba
1665 5811 1811 5868 dicta
1859 5816 1944 5865 est

364 5910 468 5968 ἀπὸ
484 5916 572 5966 τοῦ
610 5907 975 5975 συλλαμϐάνειν
1003 5908 1067 5962 τὰ
1089 5908 1392 5980 γράμματα,
1438 5904 1493 5960 id
1522 5912 1626 5971 est,
1671 5920 1701 5957 a
1744 5921 1940 5960 conccd

310 6026 449 6065 ·.σ
546 5983 573 6023 ³
692 6070 703 6087 ο
801 5994 1070 6066 Panos.
1105 5999 1265 6063 CXI.

334 6090 359 6121 Δ*

2036 684 2165 741 pere
2191 686 2204 723 :
2228 668 2370 724 unde
2412 680 2541 723 vere
2588 671 2673 720 est
2717 662 2806 717 illa
2847 660 3066 732 syllaba,
3097 675 3218 731 qua
3252 676 3321 717 ex
3366 661 3610 733 pluribus

2039 761 2281 819 nascitur
2296 760 2511 815 litteris.
2542 758 2590 813 Α
2625 754 2850 828 singulis
2893 760 3074 809 tamen
3103 754 3365 824 incipiens
3383 755 3610 828 syllaba,

2037 868 2144 908 non
2172 852 2292 922 plus
2318 866 2483 923 quam
2529 849 2595 905 ad
2647 862 2739 903 sex
2783 846 2994 902 litteras
3032 845 3087 899 in
3129 843 3326 901 Latino
3361 861 3613 905 sermone

2036 940 2328 1012 procedere
2353 947 2550 1012 potest,
2581 946 2642 992 ut
2670 954 2727 1002 a,
2773 936 2860 1002 ab,
2903 943 2999 1000 est,
3041 951 3201 1002 mars,
3231 946 3397 1002 stans,
3433 938 3610 1010 stirps.

2034 1031 2105 1088 Et
2125 1033 2399 1090 sciendum
2426 1040 2511 1088 est
2537 1031 2680 1102 quod
2711 1029 2854 1084 nulla
2893 1028 3098 1100 syllaba
3129 1034 3241 1084 tres
3272 1028 3489 1085 vocales
3516 1031 3613 1085 ha—

2034 1125 2162 1181 beat
2189 1145 2202 1181 :
2229 1128 2372 1182 unde
2398 1143 2431 1179 u
2452 1125 2548 1181 cli
2576 1140 2683 1180 non
2728 1122 2887 1177 aliter
2909 1122 3208 1193 junguntur
3241 1122 3613 1194 diphthongis,

2035 1214 2141 1269 nisi
2166 1214 2298 1279 loco
2328 1216 2519 1286 posita
2550 1212 2988 1278 consonantium,
3016 1219 3076 1266 ut
3116 1211 3298 1278 silua,
3337 1212 3542 1280 Troiae;
3575 1229 3612 1269 ιι

2037 1313 2247 1365 tantum
2273 1307 2426 1379 jungi
2474 1314 2654 1377 potest
2693 1305 3046 1376 diphthongo,
3095 1320 3217 1360 cum
3262 1306 3461 1360 amittit
3501 1306 3612 1362 vim

2037 1396 2250 1464 littera,
2284 1407 2363 1465 ut,
2392 1414 2528 1469 qua,
2555 1397 2781 1468 linguae;
2810 1404 2866 1451 et
2889 1411 3030 1467 saepe
3054 1411 3162 1451 una
3187 1396 3393 1452 vocalis
3417 1398 3617 1467 produ-

2039 1494 2127 1540 cta
2166 1486 2438 1542 invenitur
2458 1499 2560 1555 pro
2589 1485 2923 1556 diphthongo
2952 1486 3148 1555 posita,
3180 1493 3239 1539 ut
3283 1486 3491 1556 inquiro
3517 1502 3617 1557 pro

2039 1591 2243 1647 qurere,
2280 1574 2513 1639 include,
2550 1588 2651 1644 pro
2681 1573 2891 1640 claudo,
2924 1576 3101 1629 occido
3137 1591 3238 1647 pro
3262 1576 3427 1642 caedo,
3466 1575 3616 1631 illido

2039 1679 2140 1735 pro
2166 1663 2320 1730 (cedo,
2351 1662 2509 1718 Nilus
2547 1678 2648 1734 pro
2696 1661 2901 1729 Neilus,
2947 1681 3101 1720 musa
3122 1681 3222 1736 pro
3265 1680 3478 1737 mogsa;
3507 1675 3564 1724 et
3585 1682 3621 1725 ο

2042 1754 2315 1810 contrario
2341 1769 2438 1825 pro
2470 1753 2629 1826 longa
2669 1753 2841 1810 vocali
2889 1754 2982 1811 ﬁet
3027 1755 3414 1827 diphthongus,
3439 1765 3503 1813 ut
3535 1758 3617 1815 la-

2042 1862 2154 1911 vor,
2182 1845 2398 1910 lautus;
2427 1845 2599 1916 faveo,
2625 1846 2838 1916 fautus;
2866 1847 2993 1912 avis,
3034 1863 3242 1918 auceps.
3287 1846 3394 1904 Sed
3418 1856 3474 1904 et
3513 1850 3622 1909 boc

1965 1939 2014 2001 B
2040 1938 2335 1994 notandum
2371 1946 2455 1993 est
2486 1938 2631 2009 quod
2675 1938 2723 1993 si
2755 1937 3078 1995 antecedant
3107 1946 3221 1993 tres
3261 1947 3624 2015 consonantes

2042 2032 2307 2098 vocalem,
2345 2047 2453 2087 non
2492 2041 2719 2103 possunt
2750 2032 2855 2087 nisi
2897 2031 3002 2086 duo
3039 2033 3322 2103 consequi,
3365 2043 3427 2089 ut
3471 2052 3622 2091 mon-

2042 2133 2240 2191 strans,
2261 2125 2458 2180 scrobs.
2486 2124 2598 2180 Nec
2631 2125 2829 2180 iterum
2857 2125 2905 2179 si
2942 2132 3364 2194 consequantur,
3395 2139 3625 2211 possupt

2041 2216 2363 2272 antecedere
2407 2215 2514 2271 nisi
2555 2215 2696 2282 dua,
2725 2226 2788 2269 ut
2826 2215 3003 2285 stirps.
3049 2216 3184 2271 Tres
3213 2226 3398 2272 autem
3428 2234 3623 2275 conso-

2042 2314 2368 2365 nantes‘non
2397 2315 2627 2379 possunt
2659 2306 2820 2361 aliter
2840 2304 2993 2375 jungi
3018 2307 3071 2361 in
3099 2306 3369 2378 principio
3403 2309 3623 2380 syllaba

2040 2403 2098 2458 ni
2127 2404 2199 2458 sit
2224 2404 2397 2474 prima
2419 2419 2445 2457 s
2471 2410 2527 2457 et
2549 2400 2788 2458 secunda
2819 2407 2942 2471 post
2967 2416 2993 2457 s
3014 2399 3101 2455 vel
3121 2416 3169 2465 ο,
3195 2400 3282 2455 vel
3304 2418 3362 2471 p,
3392 2401 3539 2465 velt,
3570 2410 3627 2457 et

2040 2496 2202 2552 tertia
2231 2494 2250 2548 ι
2270 2494 2355 2550 vel
2379 2511 2407 2548 r
2432 2501 2530 2549 :ut
2547 2491 2805 2564 sculptile,
2830 2490 3124 2561 splendens,
3149 2491 3343 2557 scriba,
3372 2501 3620 2560 stratum,

2038 2589 2251 2659 sprevit.
2284 2587 2341 2642 In
2373 2588 2478 2643 line
2513 2602 2646 2642 vero
2676 2585 2929 2640 dictionis
2947 2592 3138 2640 contra
3190 2584 3491 2641 invenimus
3517 2588 3629 2657 pri-

1954 2699 1960 2703 -
2040 2695 2187 2734 mam
2212 2678 2472 2755 liquidam
2500 2687 2815 2749 sequentem
2848 2685 3077 2743 mutam,
3110 2685 3440 2746 postremam
3474 2694 3517 2742 s,
3543 2689 3623 2744 ut,

2039 2772 2184 2840 urbs,
2216 2775 2406 2845 stirps:
2434 2772 2663 2829 duarum
2708 2772 2872 2844 igitur
2914 2772 3324 2827 consonantium
3368 2771 3529 2826 simul
3564 2772 3620 2826 in

2040 2864 2247 2936 syllaba
2281 2866 2579 2937 positarum
2631 2866 2735 2921 ista
2780 2865 2919 2920 ratio
2956 2874 3059 2921 est.
3100 2865 3466 2921 Semivocales
3502 2865 3625 2922 aliis

2041 2957 2453 3013 semivocalibus
2486 2963 2874 3028 praeponuntur
2925 2957 2980 3011 in
3035 2957 3223 3012 eadem
3270 2956 3496 3028 syllaba,
3537 2962 3623 3024 ut,

2042 3045 2332 3114 Mnesteus,
2362 3048 2553 3115 amnis,
2606 3046 2856 3118 Smyrna,
2896 3047 3241 3118 smaragdus;
3274 3063 3400 3101 nam
3428 3046 3622 3102 vitium

2041 3136 2252 3193 faciunt
2280 3141 2374 3210 qui
2410 3155 2494 3193 sm
2538 3139 2814 3205 scribunt;
2844 3152 3120 3208 nunquam
3155 3138 3301 3193 enim
3347 3137 3543 3209 duplex
3568 3139 3627 3194 in

2043 3228 2219 3299 capite
2262 3228 2478 3300 syllaba
2520 3236 2701 3298 potest
2742 3243 2867 3284 cum
2912 3226 3016 3283 alia
3042 3227 3196 3299 jungi
3247 3238 3623 3299 consonante,

2044 3319 2186 3388 quod
2213 3318 2464 3375 Lucanus
2490 3320 2725 3376 ostendit
2760 3319 2816 3375 in
2847 3319 3058 3376 decimo
3082 3338 3095 3374 :

2167 3422 2333 3486 Terga
2362 3422 2573 3473 sedente
2596 3420 2772 3471 crebro
2790 3420 2992 3470 macula
3014 3420 3238 3472 distincta
3257 3421 3540 3486 smaragdo;

2043 3523 2170 3563 nam
2202 3506 2307 3562 nisi
2336 3514 2482 3563 esset
2507 3523 2533 3560 s
2555 3510 2681 3560 ante
2714 3522 2788 3571 m,
2832 3505 3081 3561 subtrahi
3108 3505 3161 3560 in
3202 3514 3378 3562 metro
3407 3506 3631 3562 minime

2042 3600 2339 3671 potuisset;
2366 3598 2554 3654 senim
2611 3597 2666 3651 in
2716 3604 2890 3653 metro
2935 3612 3077 3667 sape
3129 3597 3240 3652 vim
3283 3598 3633 3654 consonantis

2044 3690 2264 3754 amittit,
2295 3695 2421 3744 ante
2462 3685 2624 3743 aliam
2654 3697 3048 3743 consonantem
3097 3689 3151 3742 in
3192 3690 3381 3743 eadem
3422 3688 3629 3757 syllaba

2042 3779 2241 3850 posita,
2277 3794 2308 3831 z
2337 3784 2516 3833 autem
2548 3793 2655 3833 non
2706 3778 2812 3833 nisi
2852 3785 3113 3846 sequatur
3137 3784 3441 3847 correptam
3468 3791 3627 3833 voca-

2043 3867 2172 3934 lem,
2210 3876 2267 3923 et
2307 3868 2479 3923 altera
2524 3883 2649 3923 mox
2696 3867 2798 3923 sibi
2848 3875 3129 3937 sequatur.
3165 3866 3224 3921 in
3255 3868 3362 3921 line
3410 3883 3631 3936 quoque

2044 3957 2263 4030 syllaba
2296 3972 2486 4013 omnes
2524 3957 2740 4028 liquida
2768 3956 2943 4012 solent
2983 3965 3109 4011 ante
3136 3974 3161 4011 s
3186 3956 3332 4026 poni,
3367 3966 3447 4021 ut,
3485 3957 3626 4026 puls,

2044 4065 2150 4113 ars,
2198 4049 2396 4119 hyems,
2423 4064 2574 4119 pons.
2626 4045 2889 4102 Similiter
2932 4055 3056 4100 ante
3080 4060 3117 4099 ω
3155 4052 3401 4114 excepta,
3431 4062 3504 4111 m,
3548 4053 3626 4110 ut,

2044 4140 2177 4209 falx,
2227 4140 2375 4206 lanx,
2411 4156 2528 4194 arx.
2572 4138 2632 4193 In
2663 4137 2851 4193 multis
2893 4146 3072 4191 autem
3103 4145 3488 4206 praponuntur
3522 4136 3551 4189 b
3579 4144 3635 4191 et

2042 4248 2095 4302 g,
2128 4238 2385 4300 sequente
2408 4228 2464 4295 ά,
2488 4238 2570 4293 ιιι,
2610 4226 2872 4297 bdelyros,
2899 4223 3167 4291 bdellium,
3199 4240 3369 4297 genus
3409 4225 3629 4298 lapidis,

2042 4322 2418 4394 mygdonides;
2441 4336 2469 4375 ε
2492 4334 2624 4375 vero
2645 4326 2700 4373 et
2724 4334 2758 4388 p
2787 4324 3176 4388 praponuntur
3198 4325 3457 4387 sequente
3484 4326 3525 4385 t,
3546 4326 3630 4384 ut,

2044 4415 2227 4483 lectus,
2257 4424 2430 4486 aptus.
2466 4410 2817 4468 Semivocalis
2840 4410 2984 4465 nulla
3013 4410 3346 4481 praponitur
3368 4412 3533 4467 mutis
3572 4411 3631 4466 in

2043 4508 2221 4577 capite
2248 4505 2521 4571 dictionis,
2546 4504 2698 4559 nisis
2728 4510 2988 4572 sequente
3024 4501 3074 4568 b,
3105 4509 3161 4556 et
3186 4517 3236 4568 c,
3266 4511 3322 4557 et
3344 4519 3398 4573 ᾳ,
3419 4510 3475 4557 et
3498 4520 3551 4574 p,
3576 4511 3635 4558 et

2044 4609 2086 4666 t,
2109 4609 2193 4664 ut,
2220 4598 2469 4661 asbestus,
2504 4605 2732 4659 scutum,
2763 4594 3031 4665 squalens,
3082 4602 3280 4663 sperat,
3316 4602 3482 4646 stans.
3517 4579 3633 4645 Mu-

2045 4698 2113 4744 ta
2136 4704 2350 4759 quoque
2387 4700 2576 4742 omnes
2602 4697 2741 4754 pene
2767 4685 3020 4739 omnibus
3058 4690 3445 4753 praponuntur
3476 4681 3635 4751 liqui-

2044 4782 2146 4845 dis,
2178 4788 2256 4845 ut,
2316 4774 2761 4842 blandus,claret,
2784 4773 3002 4827 abodlas
3027 4774 3154 4843 (hoc
3174 4780 3259 4826 est
3286 4786 3483 4826 nomen
3505 4771 3635 4825 bar-

2043 4869 2286 4942 barum),
2315 4867 2529 4939 glacies,
2559 4865 2769 4930 tlemus,
2796 4864 3007 4935 planus,
3035 4863 3224 4933 ﬂavus,
3267 4862 3462 4929 abnuo,
3507 4860 3635 4916 Cni-

2043 4968 2190 5034 dum,
2220 4966 2473 5030 Ariadne,
2497 4960 2691 5027 Gneus,
2726 4960 2972 5025 zEtnam,
3002 4956 3338 5027 contempnit,
3365 4954 3632 5022 Brennus,

2043 5060 2240 5120 creber.
2270 5057 2529 5118 Drances,
2551 5065 2754 5121 gratus,
2780 5052 2965 5120 frater,
2995 5059 3224 5118 pratum,
3249 5056 3468 5101 tractus.
3491 5046 3632 5102 Ante

2046 5167 2097 5207 m
2120 5158 2301 5206 autem
2340 5146 2689 5203 inveniuntur
2711 5151 2920 5198 tantum
2949 5158 2997 5208 c,
3021 5140 3079 5208 ά,
3113 5157 3165 5212 g,
3194 5149 3234 5206 t,
3257 5146 3318 5195 ut
3343 5139 3630 5206 Alcmene,

2049 5245 2320 5307 Admetus,
2355 5241 2599 5311 dragma,
2643 5236 2930 5307 rhythmos.
2965 5232 3063 5288 Sin
3112 5241 3294 5288 autem
3335 5230 3542 5303 syllaba
3576 5231 3633 5287 in

2048 5338 2186 5394 duas
2215 5334 2413 5391 desinit
2442 5338 2828 5395 consonantes,
2855 5342 3076 5383 necesse
3099 5334 3186 5384 est
3204 5327 3441 5397 priorem
3468 5325 3631 5395 liqui-

2048 5431 2173 5487 dam
2196 5443 2319 5485 esse
2339 5434 2395 5481 et
2414 5422 2751 5494 sequentem,
2778 5438 2804 5476 s
2828 5429 2885 5476 et
2910 5442 2976 5493 χ,
3000 5428 3061 5474 ιιι
3086 5434 3251 5490 supra
3271 5417 3632 5482 ostendimus,

2049 5530 2178 5588 etc,
2204 5529 2311 5576 ett
2359 5516 2712 5572 antecedente
2754 5531 2810 5581 η,
2861 5520 2942 5581 ιιι,
2986 5513 3127 5580 hinc,
3173 5511 3376 5578 dicunt,
3427 5518 3631 5575 amant,

2051 5617 2226 5681 hunc;
2253 5626 2354 5669 nec
2392 5627 2498 5666 non
2522 5618 2626 5666 ets
2671 5607 2942 5664 antecedit
2984 5616 3025 5673 t,
3069 5614 3130 5661 ut
3170 5605 3227 5661 in
3253 5603 3635 5676 praepositione

2050 5717 2184 5781 post,
2217 5713 2272 5764 et
2292 5708 2346 5763 in
2370 5704 2748 5778 conjunctione
2768 5713 2873 5769 ast,
2895 5701 3025 5758 etin
3047 5700 3214 5756 verbo
3235 5697 3469 5753 anomali
3496 5695 3631 5767 [Al.,

2051 5800 2232 5858 verbis
2261 5798 2569 5871 anomalis],
2620 5805 2700 5864 ut,
2735 5813 2870 5861 sum,
2912 5804 2985 5861 es,
3037 5804 3132 5849 est.
3159 5791 3297 5846 Nam
3338 5797 3392 5844 et
3439 5786 3560 5841 loco
3592 5786 3632 5854 ψ

2052 5901 2255 5956 Graca
2308 5892 2364 5948 bs
2391 5901 2445 5950 ct
2491 5908 2551 5962 ps
2585 5889 2869 5955 scribitur,
2917 5903 3012 5954 pro
3057 5884 3267 5940 ratione
3293 5874 3536 5949 genitivi,
3572 5878 3632 5929 ut

3100 5974 3181 6037 i0
