4100 6324
473 436 579 494 619

1079 428 1142 487 Β.
1185 428 1440 487 RABANI
1474 427 1694 489 MAURI
1726 425 2037 493 ΔΒΕΗΙΕΡ.

2140 424 2393 491 DGUNT.
2416 422 2704 483 OPERUM
2743 420 2921 517 PARS
2950 414 3038 477 Ill.

3628 420 3740 485 620

472 552 677 617 Ara“.
731 548 951 612 M0558;
1014 545 1243 617 Ριιορι,
1278 543 1515 616 palmis;
1561 542 1765 611 σφωε,
1819 539 2053 607 adibis;
2081 545 2136 611 Α
2159 542 2374 615 quando
2396 548 2517 617 post
2535 539 2780 597 vocalem
2819 545 3015 593 natura
3045 535 3261 608 longam
3284 533 3405 590 duae
3430 548 3743 593 consonan-

470 648 731 719 μήκωνα,
1060 638 1393 705 Quibusdam
1425 645 1628 703 ama,
1666 643 1727 691 ut
1766 650 1926 705 supra
1955 634 2053 688 do-

471 736 707 801 cuimus,
758 747 869 787 non
916 729 1075 785 aliter
1118 728 1333 784 videtur
1375 728 1417 799 ψ
1453 727 1641 787 Graeca
1688 727 1793 785 nisi
1820 742 1881 797 ps
1917 724 2052 783 scri-

469 828 647 885 benda
667 842 687 894 ;
709 836 1018 896 quanquam
1044 821 1191 876 enim
1232 820 1371 875 ratio
1398 820 1620 891 genitivi
1645 834 1810 889 supra
1849 817 2051 873 dictam

471 920 656 992 exigat
692 896 1036 985 scripturam,
1064 920 1247 966 tamen
1289 910 1666 983 cognationem
1694 907 1813 985 soni
1841 907 1910 965 ad
1947 906 2052 963 hoc

469 1006 849 1081 procliviorem
876 1021 902 1059 s
926 1003 1104 1067 aiunt;
1136 1001 1239 1057 hoc
1266 1006 1446 1056 tamen
1477 998 1757 1056 sciendum
1790 1005 1877 1053 est
1905 996 2054 1068 quod

471 1099 797 1173 principium
822 1095 1040 1168 syllabae
1081 1084 1231 1149 omni
1272 1090 1569 1160 modopro
1593 1111 1637 1161 χ
1666 1105 1725 1159 ps
1755 1087 1913 1144 debet
1953 1087 2051 1141 ba-

469 1194 622 1259 bere,
660 1200 742 1257 ut,
789 1190 1066 1261 psittacus,
1107 1183 1415 1257 pendulus,
1453 1184 1580 1253 ipse.
1638 1180 1795 1238 Nubo
1831 1193 2049 1250 quoque

471 1283 645 1354 nupsi,
678 1280 870 1345 scribo,
899 1278 1081 1349 scripsi
1124 1276 1350 1343 iaciunt,
1379 1273 1626 1344 quamvis
1667 1271 1927 1349 analogia
1950 1285 2049 1341 per

471 1376 501 1428 b
524 1373 668 1444 cogit
706 1370 965 1434 scribere,
1008 1367 1104 1424 sed
1127 1366 1398 1437 euphonia
1440 1370 1688 1433 superat,
1735 1376 1855 1432 quae
1881 1360 2048 1417 etiam

468 1475 702 1536 nuptam,
730 1477 837 1520 non
867 1461 1105 1526 nubtam,
1132 1468 1188 1513 et
1205 1459 1457 1529 scriptum
1495 1472 1603 1513 non
1629 1455 1880 1513 scrinium
1900 1468 2049 1509 com-

466 1556 619 1628 pellit
642 1569 739 1626 per
765 1572 822 1626 ρ,
866 1569 976 1613 non
1022 1567 1122 1623 per
1146 1553 1199 1617 b,
1230 1551 1414 1607 dicere
1452 1558 1509 1604 et
1554 1549 1816 1605 scribere.
1844 1546 2047 1605 Omnes

465 1647 699 1716 denique
720 1646 943 1717 syllabae
959 1652 1055 1700 aut
1080 1643 1252 1713 longas
1273 1649 1419 1706 sunt,
1444 1649 1537 1695 aut
1556 1641 1766 1704 breves,
1791 1646 1884 1694 aut
1898 1653 2049 1694 com-

463 1749 678 1793 munes.
721 1734 923 1806 Longa
970 1734 1222 1789 dicuntur
1263 1747 1384 1801 qua
1425 1744 1638 1799 semper
1676 1729 1847 1799 longae
1885 1737 2043 1795 sunt;

462 1827 684 1891 breves,
705 1839 827 1894 quae
865 1839 1082 1895 semper
1124 1824 1319 1878 breves
1353 1831 1511 1889 sunt;
1559 1835 1896 1888 communes,
1925 1836 2047 1891 qua

2156 642 2240 693 tes
2276 643 2596 707 sequuntur,
2625 642 2681 689 et
2730 629 2833 689 una
2877 630 3096 701 duplex,
3139 637 3200 683 ut
3224 645 3409 712 pmons,
3453 645 3578 692 rex;
3606 645 3745 700 qua-

2154 737 2279 783 tuor
2319 736 2561 797 tempora
2600 733 2741 791 sunt,
2774 730 2835 779 ut
2874 730 3003 799 puta
3048 721 3239 795 siquis
3268 719 3430 781 simul
3470 730 3635 793 ponat
3681 722 3743 779 in

2151 836 2313 877 versu
2342 820 2424 875 lex
2452 818 2621 891 prima
2650 824 2705 873 et
2726 813 2819 869 tua:
2848 812 3018 879 clara,
3047 820 3102 867 et
3123 828 3230 884 pax
3263 809 3439 893 plena,
3466 819 3523 869 et
3546 812 3634 867 his
3659 812 3741 868 sl-

2152 912 2321 971 milia.
2356 909 2566 966 Vocalis
2593 905 2739 971 enim
2758 913 2954 963 natura
2976 904 3137 977 longa
3162 911 3251 962 est
3275 903 3330 961 in
3360 901 3407 957 le
3433 910 3487 957 et
3514 902 3569 959 tu
3598 916 3655 960 et
3683 904 3741 961 in

2151 1021 2241 1075 pa,
2263 1010 2319 1065 et
2351 1004 2459 1060 duo
2496 1010 2740 1077 tempora
2790 999 2976 1065 habet,
3010 998 3124 1053 haec
3161 997 3432 1066 excipitur
3470 997 3539 1052 ab
3573 1013 3611 1051 π
3638 997 3743 1052 du-

2149 1092 2298 1166 plici,
2346 1108 2466 1167 quae
2508 1107 2678 1148 unum
2721 1099 2933 1161 tempus
2988 1089 3171 1156 habet,
3218 1104 3383 1160 quam
3436 1097 3743 1161 sequuntur

2150 1192 2301 1243 muta
2323 1193 2380 1242 et
2410 1184 2635 1255 liquida,
2667 1199 2785 1254 qua:
2813 1182 2944 1237 item
2974 1195 3073 1252 per
3112 1194 3169 1236 se
3196 1197 3364 1235 unum
3401 1188 3615 1250 tempus
3642 1180 3745 1236 ha-

2148 1276 2279 1334 bent
2301 1285 2357 1333 et
2381 1275 2668 1347 complent.
2707 1274 2803 1333 Ha:
2825 1288 2954 1344 ergo
2984 1287 3174 1329 omnes
3199 1271 3359 1331 simul
3381 1271 3580 1344 junctae
3604 1287 3744 1342 qua-

2149 1376 2274 1426 tuor
2304 1379 2543 1443 tempora
2589 1368 2818 1435 faciunt,
2862 1376 3045 1422 tamen
3092 1366 3147 1421 in
3196 1376 3372 1422 metro
3402 1380 3625 1422 necesse
3654 1377 3745 1421 est

2148 1474 2587 1532 unamquamque
2628 1457 2887 1532 syllabam
2921 1465 2977 1513 et
3011 1456 3171 1512 unius
3200 1462 3257 1510 et
3284 1455 3512 1514 duorum
3561 1455 3740 1524 accipi

2149 1558 2470 1622 temporum.
2513 1549 2720 1607 Caetera
2762 1564 2977 1619 quoque
3024 1555 3268 1620 tempora
3300 1563 3421 1620 quin
3461 1547 3738 1614 accidunt,

2148 1642 2417 1715 superﬂua
2447 1658 2479 1699 a
2502 1642 2741 1699 metricis
2763 1641 3096 1713 judicantur.
3122 1639 3390 1697 Numerus
3424 1640 3739 1701 litterarum

2148 1733 2345 1789 accidit
2369 1733 2607 1809 syllabae,
2634 1732 2783 1805 quia,
2814 1741 2873 1789 ut
2908 1748 3071 1803 supra
3115 1731 3373 1800 diximus,
3405 1748 3510 1788 non
3555 1734 3742 1789 minus

2148 1837 2311 1892 quam
2332 1821 2512 1888 unius,
2533 1837 2633 1878 nec
2656 1821 2776 1895 plus
2796 1837 2958 1892 quam
2982 1837 3076 1877 sex
3096 1821 3399 1878 litterarum
3430 1823 3571 1894 apud
3587 1822 3742 1877 Lati-

462 1918 627 1973 modo
656 1918 854 1972 breves
884 1923 1033 1983 sunt,
1066 1916 1228 1971 modo
1273 1914 1465 1985 longa},
1497 1923 1658 1984 prout
1689 1914 2045 1970 versiﬁcatori
2071 1916 2122 1979 Β
2148 1926 2247 1968 nos
2276 1920 2453 1983 potest
2480 1911 2716 1967 inveniri
2738 1911 2965 1984 syllaba,
2995 1912 3231 1985 illudque
3265 1912 3626 1971 intimandum
3654 1921 3743 1969 est

460 2007 748 2076 placuerit.
778 2005 887 2063 Sed
923 2005 1093 2077 longae
1127 2006 1337 2061 duobus
1369 2005 1544 2061 modis
1578 2004 1733 2070 ﬁunt,
1766 2013 1961 2063 natura
1990 2014 2047 2062 et

460 2100 730 2187 ppidone
760 2108 995 2155 :natura
1028 2099 1244 2168 quidem
1286 2096 1513 2164 hilariae,
1565 2106 1658 2154 aut
1692 2098 2045 2168 productione

460 2193 715 2250 videlicet
752 2193 1106 2265 Singularium
1130 2192 1423 2259 vocalium,
1448 2201 1530 2258 ut,
1575 2194 1744 2258 navis,
1778 2192 1945 2258 sedes,
1978 2193 2045 2262 ﬁo

459 2284 771 2367 aisne-ten,
823 2299 1000 2349 um;
1051 2291 1146 2339 aut
1189 2284 1418 2339 duarum
1462 2281 1869 2350 conjunctione;
1898 2283 2045 2354 quod

456 2373 824 2446 diphthongon
881 2382 1110 2441 vocant;
1162 2375 1484 2447 diphthongi
1539 2384 1721 2432 autem
1789 2376 2044 2433 dicuntur

455 2463 599 2534 quod
639 2463 797 2520 binos
833 2466 1156 2537 phthougos,
1208 2468 1313 2521 hoc
1340 2475 1444 2533 est,
1493 2482 1656 2524 voces
1691 2468 2044 2538 comprehen-

456 2553 628 2609 dant:
656 2569 783 2610 nam
815 2556 1038 2627 singulae
1078 2556 1291 2613 vocales
1328 2573 1456 2614 suas
1500 2574 1663 2615 voces
1705 2560 1927 2626 habent,
1960 2567 2042 2626 ut,

453 2660 640 2710 castra,
666 2661 841 2716 pm,
868 2658 1146 2717 augustas,
1180 2666 1359 2714 carus,
1411 2652 1483 2717 ei,
1519 2652 1665 2721 quod
1693 2660 1776 2708 est
1821 2640 2044 2723 interie-

451 2734 564 2790 ctio
589 2733 823 2793 dolentis
842 2744 899 2792 et
926 2738 1183 2803 timentis,
1219 2749 1278 2795 ut
1304 2741 1492 2812 Virgil.
1522 2757 1561 2799 ιι
1592 2741 1831 2799 ιλΕηθᾸιιε

580 2823 640 2874 Ei
673 2825 817 2890 mibi,
844 2827 1003 2891 qualis
1025 2836 1156 2892 erat,
1179 2836 1413 2893 quantum
1437 2840 1657 2885 mutatus
1679 2835 1743 2883 ab
1766 2833 1881 2897 illo;

447 2917 505 2965 et
529 2926 592 2963 ae
619 2912 835 2980 quando
861 2911 917 2967 in
944 2914 1180 2985 genitivo
1215 2930 1340 2972 casu
1385 2932 1417 2972 a
1456 2919 1631 2989 poetis
1656 2934 1756 2989 per
1785 2918 2039 2975 diaeresin

447 2999 743 3071 profertur,
776 3005 1070 3061 secundum
1095 3006 1314 3067 Graecos
1336 3023 1433 3079 per
1454 3028 1487 3063 a
1514 3010 1611 3065 eti
1639 3009 1895 3065 scribitur
1920 3010 2037 3067 sive

446 3093 500 3149 in
522 3095 763 3166 propriis
786 3097 1112 3169 nominibus,
1151 3100 1372 3168 xEneai,
1402 3102 1672 3169 Anchisai,
1708 3103 1821 3159 sive
1860 3102 1916 3158 in
1941 3116 2039 3172 ap-

444 3185 740 3255 pellativis,
790 3197 851 3244 ut
893 3191 1075 3260 pictai,
1126 3191 1310 3259 aulai;
1368 3202 1593 3265 utraque
1629 3195 1778 3253 enim
1833 3194 2031 3266 longa:

446 3274 705 3347 Virgilius
727 3278 782 3332 in
806 3295 868 3333 ιιι
889 3298 903 3333 :

633 3367 778 3419 Aulai
812 3371 977 3421 medio
1000 3371 1216 3427 libabant
1236 3373 1409 3438 pocula
1430 3375 1627 3440 Bacchi,

441 3458 544 3514 pro
570 3446 741 3515 culte;
773 3460 828 3506 et
850 3452 1041 3508 Cicero
1067 3472 1078 3506 :

627 3536 790 3601 Atque
813 3542 983 3592 oculos
1007 3552 1155 3607 urget
1181 3546 1390 3608 pedibus
1415 3558 1687 3613 pectusque
1708 3554 1872 3618 nopai,

441 3629 542 3707 pro
572 3634 741 3707 itopte,
772 3621 824 3677 id
850 3632 955 3691 est,
986 3628 1205 3697 scorpii.
1235 3628 1508 3686 Positione
1538 3650 1667 3688 vero
1694 3633 1867 3707 longa:
1896 3636 2033 3693 ﬁunt

443 3704 660 3775 syllaba:
704 3713 877 3767 tribus
918 3718 1093 3771 modis
1124 3733 1137 3770 :
1177 3736 1299 3775 cum
1329 3733 1577 3795 correpta
1608 3704 1812 3783 vocalis
1837 3738 1930 3784 aut
1977 3730 2034 3786 in

441 3795 578 3852 duas
601 3798 802 3856 desinit
827 3818 1211 3877 consonantes,
1245 3821 1303 3867 ut
1330 3823 1435 3879 ast,
1464 3825 1555 3871 aut
1584 3817 1634 3871 in
1663 3834 1826 3874 unam
1858 3820 2035 3891 dupli-

440 3902 581 3956 cem,
612 3900 691 3959 ut,
727 3892 854 3960 dum,
885 3907 979 3953 aut
1025 3900 1079 3954 in
1109 3918 1270 3958 unam
1302 3906 1498 3962 desinit
1527 3920 1935 3977 consonantem,
1976 3921 2034 3968 et

441 3981 711 4051 excipitur
741 3983 809 4040 ab
850 3985 1042 4057 altera,
1074 4000 1154 4059 ut,
1177 4011 1326 4063 arca,
1353 4007 1448 4053 aut
1475 4000 1743 4068 excipitur
1776 4001 1844 4056 ab
1865 4018 1901 4056 ω
1928 4002 2029 4057 du-

438 4070 567 4142 plici
612 4086 966 4147 cansonante,
1012 4092 1090 4151 ut,
1132 4087 1272 4152 axis,
1322 4096 1417 4143 aut
1457 4090 1733 4160 excipitur.
1766 4094 1834 4146 ab
1866 4093 2027 4149 iloco

440 4168 790 4222 consonantis
831 4171 1029 4239 posita,
1064 4182 1125 4226 ut
1174 4174 1354 4244 Troja.
1386 4176 1516 4242 Quae
1557 4180 1753 4248 positio
1783 4198 2029 4238 nonnun-

440 4264 605 4322 quam
662 4254 719 4311 in
753 4257 944 4315 metris
985 4260 1043 4314 in
1084 4268 1195 4317 tres
1242 4262 1503 4319 dividitur
1532 4265 1792 4339 syllabas,
1841 4279 1900 4328 ut
1944 4282 2029 4331 est

440 4340 576 4400 illud
598 4361 616 4400 :

569 4456 717 4510 Arma
738 4460 896 4510 virum
916 4461 1192 4526 tabulaque
1214 4473 1269 4517 et
1290 4465 1436 4518 Troia
1457 4482 1575 4533 gaza
1598 4485 1688 4537 per
1710 4476 1898 4541 undas;

440 4565 538 4613 aut
566 4558 768 4616 desinit
808 4562 863 4617 in
911 4576 1319 4637 consonantem,
1344 4582 1439 4628 aut
1464 4576 1733 4647 excipitur
1762 4582 1834 4636 ab
1861 4599 1895 4636 u
1921 4592 1977 4639 et
2005 4601 2027 4639 s

2147 2004 2292 2075 quod
2321 2005 2501 2062 omnis
2525 2005 2732 2078 syllaba
2765 2006 2954 2081 incipit
2980 2007 3182 2063 habere
3209 2007 3473 2063 rationem
3500 2023 3532 2062 a
3561 2007 3742 2063 vocali

2146 2106 2329 2154 utrum
2356 2098 2512 2169 longa
2540 2100 2631 2165 sit,
2656 2115 2725 2154 an
2766 2100 2967 2155 brevis.
2999 2099 3204 2156 Deinde
3228 2090 3284 2157 et
3308 2090 3642 2171 considerari
3670 2100 3745 2156 de

2146 2192 2588 2259 consonantibus,
2619 2192 2993 2263 sequentibus,
3031 2207 3140 2246 non
3183 2192 3249 2249 de
3282 2192 3738 2265 praecedentibus.

2143 2281 2520 2340 Praecedentes
2541 2285 2685 2340 enim
2714 2293 3073 2341 consonantes
3102 2299 3208 2340 non
3240 2284 3343 2354 ipsi
3369 2293 3597 2356 prosunt
3616 2300 3741 2358 quae

2146 2375 2410 2447 sequitur,
2460 2376 2555 2432 sed
2594 2376 2853 2432 anteriori
2901 2375 3095 2442 vocali,
3146 2375 3298 2431 verbi
3343 2376 3541 2450 gratia,
3590 2385 3650 2430 ut
3689 2375 3740 2430 si

2144 2466 2265 2539 quis
2294 2466 2454 2522 simul
2486 2466 2650 2532 dicat,
2681 2484 2825 2539 gens,
2865 2469 3044 2538 stirps,
3075 2485 3109 2523 η
3131 2468 3276 2524 enim
3310 2476 3365 2522 et
3389 2468 3495 2523 duo
3523 2485 3574 2521 ss
3611 2483 3739 2521 cum

2143 2559 2360 2630 tpriori
2388 2559 2582 2624 vocali,
2630 2559 2683 2614 id
2714 2569 2798 2616 est
2839 2576 2884 2625 e,
2918 2576 3075 2616 suum
3119 2567 3332 2630 tempus
3358 2559 3640 2623 tribuunt;
3683 2564 3743 2613 et

2142 2650 2273 2705 item
2309 2667 2353 2717 r,
2378 2668 2432 2723 p,
2459 2668 2505 2716 s,
2546 2651 2869 2723 praecedenti
2903 2666 2962 2705 se
2994 2652 3012 2703 i
3042 2651 3376 2706 consociant.
3407 2649 3740 2705 Communes

2144 2748 2322 2795 autem
2363 2741 2581 2813 syllabae
2610 2740 2781 2797 modis
2812 2740 2947 2795 ﬁunt
2978 2756 3190 2807 novem,
3223 2741 3419 2812 quibus
3446 2749 3538 2796 aut
3577 2748 3743 2795 natu-

2142 2832 2331 2888 raliter
2358 2833 2530 2905 longze
2555 2833 2752 2903 poetali
2783 2832 3003 2889 licentia
3025 2832 3078 2887 in
3111 2833 3321 2897 breves,
3347 2841 3443 2887 aut
3471 2832 3740 2887 naturali-

2142 2932 2227 2981 ter
2269 2925 2459 2980 breves
2513 2923 2914 2981 transferuntur
2970 2924 3024 2978 in
3070 2923 3276 2995 longas.
3310 2922 3527 2978 Primus
3569 2923 3741 2995 igitur

2140 3015 2334 3071 modus
2359 3022 2443 3070 est
2481 3030 2603 3073 cum
2654 3024 2903 3085 correpta
2942 3013 3145 3070 vocalis
3188 3015 3240 3069 in
3281 3015 3470 3069 eodem
3500 3014 3667 3069 verbo
3702 3028 3739 3068 a

2140 3106 2350 3163 duobus
2388 3107 2662 3178 excipitur
2701 3107 3144 3174 consonantibus,
3195 3122 3424 3178 quarum
3462 3105 3740 3177 posterior

2138 3197 2210 3255 sit
2235 3196 2479 3269 liquida;
2512 3204 2598 3253 est
2623 3197 2770 3253 enim
2796 3205 2992 3252 natura
3030 3196 3209 3252 brevis
3245 3197 3300 3251 in
3331 3197 3453 3262 hoc,
3486 3213 3631 3250 mens
3658 3206 3739 3250 te-

2061 3298 2111 3366 ρ
2142 3292 2313 3348 riebris
2345 3293 2569 3349 obscura
2597 3295 2744 3360 suis;
2775 3303 2857 3351 est
2882 3295 3148 3366 positione
3178 3294 3337 3369 longa
3359 3296 3413 3350 in
3444 3296 3567 3363 hoc,
3590 3312 3738 3350 mor-

2137 3386 2304 3457 tisque
2338 3386 2583 3441 tenebris.
2609 3385 2676 3441 Et
2718 3386 3000 3443 sciendum
3029 3388 3173 3458 quod
3205 3404 3311 3443 non
3348 3387 3522 3444 solum
3558 3387 3737 3445 ante!

2140 3476 2222 3532 vel
2253 3493 2298 3544 r,
2337 3478 2433 3533 sed
2461 3479 2626 3534 etiam
2673 3488 2799 3535 ante
2842 3497 2890 3535 m
2920 3481 3004 3536 vel
3056 3497 3088 3535 η
3134 3481 3324 3554 posita:
3365 3491 3547 3551 mutae,
3585 3481 3734 3550 apud

2134 3566 2346 3637 priscos
2382 3577 2572 3640 poetas
2602 3568 2811 3629 faciunt
2836 3586 3151 3627 communes
3199 3570 3451 3643 syllabas,
3506 3578 3566 3627 ut
3601 3567 3732 3624 Ovi-

2135 3657 2259 3714 dius
2278 3673 2295 3712 :

2203 3749 2553 3815 Piscosamque
2579 3752 2765 3805 Cnidon
2788 3755 3136 3817 gravidamque
3161 3755 3455 3807 Amathunta
3490 3754 3718 3804 metallis.

2136 3830 2415 3889 Secundus
2447 3835 2637 3889 modus
2660 3844 2745 3890 cst
2775 3851 2897 3891 cum
2927 3845 3175 3907 correpta
3208 3836 3412 3891 vocalis
3443 3836 3498 3891 in
3524 3851 3722 3897 conso-

2135 3930 2353 3978 nantem
2384 3924 2601 3995 desinit,
2648 3935 2704 3981 et
2730 3928 3000 3998 excipitur
3040 3928 3108 3983 ab
3132 3929 3165 3982 It
3202 3928 3421 3997 littera;
3470 3937 3555 3985 est
3576 3929 3725 3983 enim

2134 4024 2332 4069 natura
2364 4017 2545 4071 brevis
2576 4018 2628 4072 in
2654 4018 2757 4074 hoc
2792 4037 2805 4071 :

2232 4106 2489 4157 Porcinum
2513 4118 2721 4160 tenuere
2740 4123 2968 4176 gregem,
2989 4114 3150 4176 niger,
3169 4113 3405 4178 hispidus,
3422 4114 3658 4179 horrens;

2132 4189 2290 4261 longa
2320 4191 2373 4244 in
2404 4193 2506 4247 hoc
2527 4212 2539 4245 :

2227 4301 2312 4352 Vir
2334 4302 2529 4353 humilis
2554 4313 2725 4357 maesto
2749 4298 2975 4370 dejectus
2997 4307 3183 4360 lumine
3204 4316 3401 4363 terram.

2131 4383 2350 4441 Tertius
2378 4386 2569 4441 modus
2607 4397 2689 4445 est
2730 4390 2950 4461 syllaba:
2978 4394 3306 4461 communis,
3340 4412 3462 4450 cum
3494 4395 3722 4451 verbum

2129 4475 2349 4546 aliquod
2375 4477 2427 4533 in
2455 4479 2695 4535 vocalem
2737 4482 2988 4539 desinens
3034 4493 3357 4553 correptam,
3396 4485 3665 4557 excipitur
3692 4503 3722 4542 a

2130 4567 2340 4624 duabus
2372 4572 2812 4639 consonantibus,
2844 4590 3074 4644 quarum
3098 4576 3249 4647 prior
3282 4576 3437 4632 sits:
3465 4586 3548 4633 est
3572 4578 3722 4633 enim

438 4650 629 4722 positis
664 4652 718 4708 in
767 4652 887 4709 loco
931 4662 1365 4728 consonantium,
1406 4673 1466 4721 ιιι
1511 4668 1739 4733 aduena,
1785 4662 2105 4731 παίωσι-,θ
2128 4668 2323 4714 natura
2350 4661 2530 4716 brevis
2555 4663 2608 4718 in
2636 4663 2737 4719 hoc
2762 4664 3084 4722 Fortunati:

349 4788 358 4802 ι
438 4743 643 4801 Bneves
672 4760 803 4802 vero
848 4755 977 4803 sunt
1012 4749 1231 4821 syllaba:
1252 4768 1373 4823 quae
1398 4757 1592 4814 horum
1640 4762 1773 4815 nihil
1821 4763 2024 4819 habue-

375 4912 387 4935 ⁴
438 4838 568 4893 rint.
593 4837 805 4895 Accidit
838 4840 1124 4935 unicuique
1151 4842 1368 4915 syllabis
1399 4856 1574 4917 tenor,
1607 4853 1857 4921 spiritus,
1887 4863 2025 4909 tem-

436 4944 560 4998 pus,
584 4944 845 4986 numerus
864 4930 1190 4989 litterarum.
1222 4934 1400 4993 Tcnor
1420 4950 1633 5008 acutus,
1653 4952 1709 4998 et
1734 4945 1935 5014 gravis,
1967 4952 2026 5002 et

437 5021 836 5090 circumﬂexus,
868 5026 962 5096 qui
1003 5027 1060 5082 in
1085 5044 1409 5102 unaquaque
1448 5035 1686 5091 dictione
1713 5049 1862 5093 certa
1898 5053 2021 5094 cer-

438 5123 527 5171 tus
566 5128 693 5170 esse
740 5114 920 5171 debet.
968 5114 1229 5175 Similiter
1276 5122 1501 5191 spiritus
1549 5139 1710 5194 asper
1758 5134 1814 5181 et
1860 5126 2018 5185 lenis.

440 5204 676 5274 Tempus
707 5221 877 5261 unum
901 5217 958 5263 et
982 5208 1118 5277 duo;
1147 5221 1241 5265 aut
1263 5211 1428 5267 etiam
1453 5210 1536 5282 (ut
1557 5213 1885 5282 quihusdam
1906 5217 2018 5287 pla-

438 5296 547 5366 cet)
579 5310 745 5353 uuum
792 5300 961 5357 sanis
983 5308 1041 5357 et
1081 5302 1189 5357 duo
1230 5301 1418 5367 semis,
1450 5310 1508 5358 et
1547 5304 1647 5360 tria
1680 5316 1733 5365 et
1763 5315 2015 5377 quatuor.

441 5384 639 5453 Unum,
669 5388 717 5443 si
736 5390 938 5447 vocalis
964 5392 1145 5447 brevis
1166 5405 1264 5461 per
1289 5408 1370 5459 se,
1396 5402 1451 5450 et
1473 5396 1519 5453 si
1536 5388 1672 5453 ‘eam
1695 5416 1802 5455 una
1827 5416 2019 5458 conso-

438 5489 574 5531 nans
600 5476 831 5550 simplex
855 5489 1239 5549 consequatur,
1268 5489 1327 5539 ut
1351 5495 1529 5554 caput.
1564 5487 1741 5543 Unum
1766 5491 1931 5547 semis
1960 5491 2017 5551 in

436 5569 814 5630 communibus
835 5571 1072 5643 syllabis,
1095 5572 1162 5628 de
1196 5574 1394 5644 quibus
1422 5587 1613 5646 postea
1640 5581 1902 5651 dicemus,
1934 5593 2016 5652 ut,

2316 4775 2582 4827 Ordinibus
2608 4779 2750 4827 variis
2773 4779 2879 4829 alba
2904 4780 3188 4843 smaragdus
3208 4784 3357 4836 inest.

2130 4879 2225 4935 Est
2247 4881 2516 4952 positione
2541 4882 2695 4954 longa
2730 4884 2782 4938 in
2806 4885 2908 4941 hoc
2938 4885 3141 4942 Sedulii
3164 4905 3178 4942 :

2316 4993 2559 5043 Adveniat
2583 5008 2792 5054 regnum
2812 4997 2910 5058 jam
2932 4999 3129 5059 jamque
3149 4997 3340 5049 scilicet
3361 4998 3495 5049 illud.

2133 5090 2260 5147 Hzec
2298 5109 2515 5165 quoque
2542 5113 2567 5149 s
2595 5097 2809 5163 littera,
2851 5099 2970 5155 aliis
3011 5100 3217 5157 duabus
3267 5101 3717 5167 consonantibus,

2130 5184 2183 5240 id
2206 5194 2290 5240 est
2317 5198 2478 5241 mutze
2498 5196 2551 5241 et
2588 5188 2823 5258 liquidae,
2857 5190 2911 5244 in
2939 5192 3204 5263 principio
3233 5194 3453 5266 syllabae
3478 5210 3716 5265 sequen-

2128 5278 2199 5333 tis
2221 5280 2543 5348 ,przeposita,
2590 5281 2940 5338 inveniuntur
2970 5302 3309 5343 communem
3342 5287 3602 5360 syllabam
3632 5287 3718 5342 l‘a-

2126 5385 2272 5436 cere,
2303 5380 2363 5424 ut
2388 5371 2667 5438 Horatius,
2698 5373 2945 5429 Sermon.
2984 5377 3075 5432 lib.
3109 5395 3125 5432 ι
3151 5398 3163 5431 :

2283 5479 2569 5542 Linquimus
2592 5483 2749 5533 insani
2776 5484 2999 5537 ridentes
3022 5492 3213 5550 praemia
3238 5488 3434 5541 scriba.

2127 5581 2223 5640 Est
2260 5593 2442 5643 autem
2478 5587 2671 5643 modus
2710 5597 2939 5658 quartus
2982 5591 3201 5662 syllabae
3231 5593 3553 5660 communis,
3586 5608 3714 5648 cum

435 5656 703 5734 lacrytac.
814 5662 1208 5756 longis-natura
1239 5674 1295 5723 et
1315 5668 1584 5737 positione
1605 5673 1711 5731 duo
1729 5683 1857 5731 sunt
1887 5684 2021 5733 tem-
2122 5685 2248 5746 post
2263 5679 2456 5749 pedem
2486 5656 2780 5751 quemlibet
2804 5699 2909 5741 una
2939 5656 3143 5756 syllaba
3172 5685 3352 5745 brevis
3384 5656 3713 5743 remanserit

433 5762 589 5852 ωτι.
619 5759 683 5852 αξ
701 5752 793 5818 da.
817 5760 900 5806 σει
923 5769 941 5817 ;
967 5752 1073 5852 duo
1101 5756 1287 5823 semis,
1316 5765 1375 5811 ut
1394 5761 1610 5828 quando
1629 5772 1752 5832 post
1776 5765 2017 5825 vocalem
2121 5769 2188 5829 de
2219 5773 2405 5843 verbo,
2432 5789 2553 5845 qua:
2587 5775 2668 5831 vel
2716 5776 2769 5831 in
2800 5752 3039 5833 vocalem
3080 5780 3329 5835 desinens
3372 5778 3642 5852 excipitur
3678 5797 3711 5839 a

436 5847 637 5897 natura
656 5842 871 5909 longam
897 5845 1141 5916 sequitur
1165 5863 1269 5904 una
1304 5865 1633 5921 consonans,
1659 5866 1718 5913 ut
1744 5858 1854 5923 sol;
1887 5860 2012 5928 tria,
2118 5842 2465 5922 consonante
2480 5870 2627 5925 verbi
2666 5874 2960 5940 sequentis,
2994 5871 3075 5931 vel
3106 5872 3158 5929 in
3188 5842 3578 5935 consonantem
3607 5874 3707 5937 αυ-
