  <div class='ocr_page' id='page_1' title='image "/cluster/home/n/w/nwhite01/storage/ocr_20150623/111/hvd.32044009716333/318.png"; bbox 0 0 4100 6324; ppageno 0'>
   <div class='ocr_carea' id='block_1_1' title="bbox 341 441 441 506">
    <p class='ocr_par' dir='ltr' id='par_1_1' title="bbox 341 441 441 506">
     <span class='ocr_line' id='line_1_1' title="bbox 341 441 441 506; baseline 0 -1"><span class='ocrx_word' id='word_1_1' title='bbox 341 441 441 506; x_wconf 60' lang='grc' dir='ltr'><strong>ϐὒί</strong></span> 
     </span>
    </p>
   </div>
   <div class='ocr_carea' id='block_1_2' title="bbox 1151 412 2780 497">
    <p class='ocr_par' dir='ltr' id='par_1_2' title="bbox 1151 412 2780 497">
     <span class='ocr_line' id='line_1_2' title="bbox 1151 412 2780 497; baseline -0.013 -10"><span class='ocrx_word' id='word_1_2' title='bbox 1151 426 1542 497; x_wconf 78' lang='lat' dir='ltr'><strong>EXCEBPTIO</strong></span> <span class='ocrx_word' id='word_1_3' title='bbox 1578 427 1668 484; x_wconf 90' lang='lat' dir='ltr'><strong>DE</strong></span> <span class='ocrx_word' id='word_1_4' title='bbox 1705 425 1896 490; x_wconf 79' lang='lat' dir='ltr'><strong>ARTE</strong></span> <span class='ocrx_word' id='word_1_5' title='bbox 1931 418 2388 496; x_wconf 69' lang='lat' dir='ltr'><strong>GRAMMATICA</strong></span> <span class='ocrx_word' id='word_1_6' title='bbox 2421 412 2780 472; x_wconf 81' lang='lat' dir='ltr'><strong>PRISCIANI.</strong></span> 
     </span>
    </p>
   </div>
   <div class='ocr_carea' id='block_1_3' title="bbox 3496 409 3604 472">
    <p class='ocr_par' dir='ltr' id='par_1_3' title="bbox 3496 409 3604 472">
     <span class='ocr_line' id='line_1_3' title="bbox 3496 409 3604 472; baseline 0 0"><span class='ocrx_word' id='word_1_7' title='bbox 3496 409 3604 472; x_wconf 68' lang='grc'><strong>622</strong></span> 
     </span>
    </p>
   </div>
   <div class='ocr_carea' id='block_1_4' title="bbox 335 525 3604 626">
    <p class='ocr_par' dir='ltr' id='par_1_4' title="bbox 335 525 3604 626">
     <span class='ocr_line' id='line_1_4' title="bbox 335 525 3604 626; baseline -0.006 -22"><span class='ocrx_word' id='word_1_8' title='bbox 335 556 524 618; x_wconf 62' lang='lat' dir='ltr'><strong>sinetis</strong></span> <span class='ocrx_word' id='word_1_9' title='bbox 545 546 811 626; x_wconf 76' lang='lat' dir='ltr'><strong>excipitur</strong></span> <span class='ocrx_word' id='word_1_10' title='bbox 833 544 1006 610; x_wconf 78' lang='lat' dir='ltr'><strong>altera</strong></span> <span class='ocrx_word' id='word_1_11' title='bbox 1043 543 1214 608; x_wconf 78' lang='lat' dir='ltr'><strong>vocali</strong></span> <span class='ocrx_word' id='word_1_12' title='bbox 1243 551 1366 608; x_wconf 86' lang='lat' dir='ltr'><strong>:est</strong></span> <span class='ocrx_word' id='word_1_13' title='bbox 1394 541 1538 609; x_wconf 78' lang='lat' dir='ltr'><strong>enim</strong></span> <span class='ocrx_word' id='word_1_14' title='bbox 1569 548 1766 608; x_wconf 78' lang='lat' dir='ltr'><strong>natura</strong></span> <span class='ocrx_word' id='word_1_15' title='bbox 1805 540 1922 600; x_wconf 88' lang='lat' dir='ltr'><strong>bre-</strong></span> <span class='ocrx_word' id='word_1_16' title='bbox 1946 539 1998 614; x_wconf 77' lang='grc' dir='ltr'><strong>ᾼ</strong></span> <span class='ocrx_word' id='word_1_17' title='bbox 2025 534 2227 591; x_wconf 85' lang='lat' dir='ltr'><strong>Omnes</strong></span> <span class='ocrx_word' id='word_1_18' title='bbox 2263 532 2459 604; x_wconf 79' lang='lat' dir='ltr'><strong>quippe</strong></span> <span class='ocrx_word' id='word_1_19' title='bbox 2513 534 2874 584; x_wconf 82' lang='lat' dir='ltr'><strong>consonantes</strong></span> <span class='ocrx_word' id='word_1_20' title='bbox 2918 525 3157 596; x_wconf 67' lang='lat' dir='ltr'><strong>syllabae,</strong></span> <span class='ocrx_word' id='word_1_21' title='bbox 3194 536 3255 580; x_wconf 89' lang='lat' dir='ltr'><strong>ut</strong></span> <span class='ocrx_word' id='word_1_22' title='bbox 3294 527 3369 580; x_wconf 90' lang='lat' dir='ltr'><strong>ait</strong></span> <span class='ocrx_word' id='word_1_23' title='bbox 3407 529 3604 597; x_wconf 68' lang='lat' dir='ltr'><strong>Varro,</strong></span> 
     </span>
    </p>
   </div>
   <div class='ocr_carea' id='block_1_5' title="bbox 339 643 671 708">
    <p class='ocr_par' dir='ltr' id='par_1_5' title="bbox 339 643 671 708">
     <span class='ocr_line' id='line_1_5' title="bbox 339 643 671 708; baseline -0.027 -5"><span class='ocrx_word' id='word_1_24' title='bbox 339 647 422 708; x_wconf 79' lang='lat' dir='ltr'><strong>vis.</strong></span> <span class='ocrx_word' id='word_1_25' title='bbox 445 645 501 699; x_wconf 89' lang='lat' dir='ltr'><strong>in</strong></span> <span class='ocrx_word' id='word_1_26' title='bbox 529 643 634 698; x_wconf 75' lang='lat' dir='ltr'><strong>hoc</strong></span> <span class='ocrx_word' id='word_1_27' title='bbox 658 658 671 694; x_wconf 89' lang='lat'><strong>:</strong></span> 
     </span>
    </p>
   </div>
   <div class='ocr_carea' id='block_1_6' title="bbox 461 725 1746 798">
    <p class='ocr_par' dir='ltr' id='par_1_6' title="bbox 461 725 1746 798">
     <span class='ocr_line' id='line_1_6' title="bbox 461 725 1746 798; baseline -0.009 -13"><span class='ocrx_word' id='word_1_28' title='bbox 461 734 609 796; x_wconf 80' lang='lat' dir='ltr'><strong>Cujus</strong></span> <span class='ocrx_word' id='word_1_29' title='bbox 628 745 752 784; x_wconf 89' lang='lat' dir='ltr'><strong>onus</strong></span> <span class='ocrx_word' id='word_1_30' title='bbox 773 729 891 783; x_wconf 86' lang='lat' dir='ltr'><strong>leve</strong></span> <span class='ocrx_word' id='word_1_31' title='bbox 910 737 1004 793; x_wconf 82' lang='lat' dir='ltr'><strong>est,</strong></span> <span class='ocrx_word' id='word_1_32' title='bbox 1025 730 1165 792; x_wconf 82' lang='lat' dir='ltr'><strong>cujus</strong></span> <span class='ocrx_word' id='word_1_33' title='bbox 1176 728 1294 798; x_wconf 85' lang='lat' dir='ltr'><strong>juga</strong></span> <span class='ocrx_word' id='word_1_34' title='bbox 1319 725 1454 786; x_wconf 84' lang='lat' dir='ltr'><strong>ferre</strong></span> <span class='ocrx_word' id='word_1_35' title='bbox 1477 737 1628 776; x_wconf 82' lang='lat' dir='ltr'><strong>suave</strong></span> <span class='ocrx_word' id='word_1_36' title='bbox 1653 730 1746 784; x_wconf 87' lang='lat' dir='ltr'><strong>est.</strong></span> 
     </span>
    </p>
   </div>
   <div class='ocr_carea' id='block_1_7' title="bbox 339 819 862 892">
    <p class='ocr_par' dir='ltr' id='par_1_7' title="bbox 339 819 862 892">
     <span class='ocr_line' id='line_1_7' title="bbox 339 819 862 892; baseline -0.015 -13"><span class='ocrx_word' id='word_1_37' title='bbox 339 823 438 886; x_wconf 86' lang='lat' dir='ltr'><strong>Est</strong></span> <span class='ocrx_word' id='word_1_38' title='bbox 464 821 624 892; x_wconf 82' lang='lat' dir='ltr'><strong>longa</strong></span> <span class='ocrx_word' id='word_1_39' title='bbox 648 819 703 876; x_wconf 87' lang='lat' dir='ltr'><strong>in</strong></span> <span class='ocrx_word' id='word_1_40' title='bbox 722 819 825 880; x_wconf 87' lang='lat' dir='ltr'><strong>hoc</strong></span> <span class='ocrx_word' id='word_1_41' title='bbox 849 834 862 871; x_wconf 88' lang='lat'><strong>:</strong></span> 
     </span>
    </p>
   </div>
   <div class='ocr_carea' id='block_1_8' title="bbox 476 905 1629 978">
    <p class='ocr_par' dir='ltr' id='par_1_8' title="bbox 476 905 1629 978">
     <span class='ocr_line' id='line_1_8' title="bbox 476 905 1629 978; baseline -0.007 -16"><span class='ocrx_word' id='word_1_42' title='bbox 476 911 700 970; x_wconf 81' lang='lat' dir='ltr'><strong>Frondea</strong></span> <span class='ocrx_word' id='word_1_43' title='bbox 719 909 836 968; x_wconf 78' lang='lat' dir='ltr'><strong>licus</strong></span> <span class='ocrx_word' id='word_1_44' title='bbox 860 916 988 978; x_wconf 78' lang='lat' dir='ltr'><strong>erat,</strong></span> <span class='ocrx_word' id='word_1_45' title='bbox 1005 909 1144 978; x_wconf 72' lang='lat' dir='ltr'><strong>cujus</strong></span> <span class='ocrx_word' id='word_1_46' title='bbox 1161 909 1210 957; x_wconf 91' lang='lat' dir='ltr'><strong>in</strong></span> <span class='ocrx_word' id='word_1_47' title='bbox 1227 908 1406 960; x_wconf 77' lang='lat' dir='ltr'><strong>robore</strong></span> <span class='ocrx_word' id='word_1_48' title='bbox 1429 905 1629 956; x_wconf 89' lang='lat' dir='ltr'><strong>nullum.</strong></span> 
     </span>
    </p>
   </div>
   <div class='ocr_carea' id='block_1_9' title="bbox 339 982 1926 1062">
    <p class='ocr_par' dir='ltr' id='par_1_9' title="bbox 339 982 1926 1062">
     <span class='ocr_line' id='line_1_9' title="bbox 339 982 1926 1062; baseline -0.011 -10"><span class='ocrx_word' id='word_1_49' title='bbox 339 996 473 1058; x_wconf 85' lang='lat' dir='ltr'><strong>ltem</strong></span> <span class='ocrx_word' id='word_1_50' title='bbox 501 991 693 1048; x_wconf 86' lang='lat' dir='ltr'><strong>modus</strong></span> <span class='ocrx_word' id='word_1_51' title='bbox 721 991 961 1062; x_wconf 91' lang='lat' dir='ltr'><strong>quintus,</strong></span> <span class='ocrx_word' id='word_1_52' title='bbox 994 1006 1116 1052; x_wconf 83' lang='lat' dir='ltr'><strong>cum</strong></span> <span class='ocrx_word' id='word_1_53' title='bbox 1166 1006 1292 1060; x_wconf 88' lang='lat' dir='ltr'><strong>pars</strong></span> <span class='ocrx_word' id='word_1_54' title='bbox 1340 986 1605 1043; x_wconf 85' lang='lat' dir='ltr'><strong>orationis</strong></span> <span class='ocrx_word' id='word_1_55' title='bbox 1639 983 1837 1040; x_wconf 90' lang='lat' dir='ltr'><strong>desinit</strong></span> <span class='ocrx_word' id='word_1_56' title='bbox 1870 982 1926 1036; x_wconf 89' lang='lat' dir='ltr'><strong>in</strong></span> 
     </span>
    </p>
   </div>
   <div class='ocr_carea' id='block_1_10' title="bbox 343 1075 1928 1158">
    <p class='ocr_par' dir='ltr' id='par_1_10' title="bbox 343 1075 1928 1158">
     <span class='ocr_line' id='line_1_10' title="bbox 343 1075 1928 1158; baseline -0.011 -15"><span class='ocrx_word' id='word_1_57' title='bbox 343 1087 750 1158; x_wconf 88' lang='lat' dir='ltr'><strong>diphthongon,</strong></span> <span class='ocrx_word' id='word_1_58' title='bbox 790 1090 1049 1154; x_wconf 74' lang='lat' dir='ltr'><strong>sequente</strong></span> <span class='ocrx_word' id='word_1_59' title='bbox 1103 1082 1283 1146; x_wconf 79' lang='lat' dir='ltr'><strong>statim</strong></span> <span class='ocrx_word' id='word_1_60' title='bbox 1353 1080 1528 1134; x_wconf 88' lang='lat' dir='ltr'><strong>altera</strong></span> <span class='ocrx_word' id='word_1_61' title='bbox 1575 1075 1791 1141; x_wconf 80' lang='lat' dir='ltr'><strong>vocali;</strong></span> <span class='ocrx_word' id='word_1_62' title='bbox 1844 1079 1928 1128; x_wconf 86' lang='lat' dir='ltr'><strong>est</strong></span> 
     </span>
    </p>
   </div>
   <div class='ocr_carea' id='block_1_11' title="bbox 342 1167 1924 1244">
    <p class='ocr_par' dir='ltr' id='par_1_11' title="bbox 342 1167 1924 1244">
     <span class='ocr_line' id='line_1_11' title="bbox 342 1167 1924 1244; baseline -0.009 -12"><span class='ocrx_word' id='word_1_63' title='bbox 342 1179 485 1232; x_wconf 89' lang='lat' dir='ltr'><strong>enim</strong></span> <span class='ocrx_word' id='word_1_64' title='bbox 510 1176 671 1244; x_wconf 82' lang='lat' dir='ltr'><strong>longa</strong></span> <span class='ocrx_word' id='word_1_65' title='bbox 701 1175 758 1240; x_wconf 90' lang='lat' dir='ltr'><strong>in_</strong></span> <span class='ocrx_word' id='word_1_66' title='bbox 778 1175 905 1240; x_wconf 86' lang='lat' dir='ltr'><strong>hoc,</strong></span> <span class='ocrx_word' id='word_1_67' title='bbox 925 1181 1006 1238; x_wconf 89' lang='lat' dir='ltr'><strong>ut,</strong></span> <span class='ocrx_word' id='word_1_68' title='bbox 1036 1189 1200 1226; x_wconf 76' lang='lat' dir='ltr'><strong>musa:</strong></span> <span class='ocrx_word' id='word_1_69' title='bbox 1223 1170 1486 1238; x_wconf 77' lang='lat' dir='ltr'><strong>Aonides;</strong></span> <span class='ocrx_word' id='word_1_70' title='bbox 1510 1167 1690 1223; x_wconf 87' lang='lat' dir='ltr'><strong>brevis</strong></span> <span class='ocrx_word' id='word_1_71' title='bbox 1712 1168 1765 1221; x_wconf 91' lang='lat' dir='ltr'><strong>in</strong></span> <span class='ocrx_word' id='word_1_72' title='bbox 1790 1167 1891 1220; x_wconf 90' lang='lat' dir='ltr'><strong>hoc</strong></span> <span class='ocrx_word' id='word_1_73' title='bbox 1911 1177 1924 1216; x_wconf 89' lang='lat'><strong>:</strong></span> 
     </span>
    </p>
   </div>
   <div class='ocr_carea' id='block_1_12' title="bbox 340 1263 1558 1338">
    <p class='ocr_par' dir='ltr' id='par_1_12' title="bbox 340 1263 1558 1338">
     <span class='ocr_line' id='line_1_12' title="bbox 340 1263 1558 1338; baseline -0.007 -14"><span class='ocrx_word' id='word_1_74' title='bbox 340 1268 541 1324; x_wconf 72' lang='lat' dir='ltr'><strong>Insula:</strong></span> <span class='ocrx_word' id='word_1_75' title='bbox 564 1267 717 1321; x_wconf 85' lang='lat' dir='ltr'><strong>Ionio</strong></span> <span class='ocrx_word' id='word_1_76' title='bbox 752 1267 806 1320; x_wconf 77' lang='lat' dir='ltr'><strong>in</strong></span> <span class='ocrx_word' id='word_1_77' title='bbox 834 1281 1043 1338; x_wconf 83' lang='lat' dir='ltr'><strong>magno.</strong></span> <span class='ocrx_word' id='word_1_78' title='bbox 1069 1263 1327 1335; x_wconf 80' lang='lat' dir='ltr'><strong>Virgilius</strong></span> <span class='ocrx_word' id='word_1_79' title='bbox 1358 1264 1412 1316; x_wconf 91' lang='lat' dir='ltr'><strong>in</strong></span> <span class='ocrx_word' id='word_1_80' title='bbox 1443 1278 1518 1317; x_wconf 85' lang='lat' dir='ltr'><strong>vn</strong></span> <span class='ocrx_word' id='word_1_81' title='bbox 1545 1281 1558 1315; x_wconf 78' lang='grc' dir='ltr'>ε</span> 
     </span>
    </p>
   </div>
   <div class='ocr_carea' id='block_1_13' title="bbox 477 1353 1635 1420">
    <p class='ocr_par' dir='ltr' id='par_1_13' title="bbox 477 1353 1635 1420">
     <span class='ocr_line' id='line_1_13' title="bbox 477 1353 1635 1420; baseline -0.006 -11"><span class='ocrx_word' id='word_1_82' title='bbox 477 1359 740 1420; x_wconf 85' lang='lat' dir='ltr'><strong>Stipitibus</strong></span> <span class='ocrx_word' id='word_1_83' title='bbox 763 1357 898 1406; x_wconf 90' lang='lat' dir='ltr'><strong>duris</strong></span> <span class='ocrx_word' id='word_1_84' title='bbox 924 1359 1085 1420; x_wconf 82' lang='lat' dir='ltr'><strong>agitur</strong></span> <span class='ocrx_word' id='word_1_85' title='bbox 1109 1354 1370 1404; x_wconf 84' lang='lat' dir='ltr'><strong>sudibusve</strong></span> <span class='ocrx_word' id='word_1_86' title='bbox 1397 1353 1635 1414; x_wconf 66' lang='lat' dir='ltr'><strong>praeustis.</strong></span> 
     </span>
    </p>
   </div>
   <div class='ocr_carea' id='block_1_14' title="bbox 336 1434 1928 1512">
    <p class='ocr_par' dir='ltr' id='par_1_14' title="bbox 336 1434 1928 1512">
     <span class='ocr_line' id='line_1_14' title="bbox 336 1434 1928 1512; baseline -0.008 -15"><span class='ocrx_word' id='word_1_87' title='bbox 336 1441 455 1497; x_wconf 73' lang='lat' dir='ltr'><strong>Hec</strong></span> <span class='ocrx_word' id='word_1_88' title='bbox 488 1456 616 1512; x_wconf 88' lang='lat' dir='ltr'><strong>ergo</strong></span> <span class='ocrx_word' id='word_1_89' title='bbox 646 1441 825 1505; x_wconf 89' lang='lat' dir='ltr'><strong>modo,</strong></span> <span class='ocrx_word' id='word_1_90' title='bbox 866 1439 1006 1494; x_wconf 86' lang='lat' dir='ltr'><strong>sicut</strong></span> <span class='ocrx_word' id='word_1_91' title='bbox 1037 1445 1094 1493; x_wconf 89' lang='lat' dir='ltr'><strong>et</strong></span> <span class='ocrx_word' id='word_1_92' title='bbox 1135 1437 1342 1509; x_wconf 78' lang='lat' dir='ltr'><strong>priore,</strong></span> <span class='ocrx_word' id='word_1_93' title='bbox 1389 1434 1722 1500; x_wconf 84' lang='lat' dir='ltr'><strong>recentiores</strong></span> <span class='ocrx_word' id='word_1_94' title='bbox 1756 1440 1928 1503; x_wconf 77' lang='lat' dir='ltr'><strong>poetae</strong></span> 
     </span>
    </p>
   </div>
   <div class='ocr_carea' id='block_1_15' title="bbox 335 1523 1931 1604">
    <p class='ocr_par' dir='ltr' id='par_1_15' title="bbox 335 1523 1931 1604">
     <span class='ocr_line' id='line_1_15' title="bbox 335 1523 1931 1604; baseline -0.009 -12"><span class='ocrx_word' id='word_1_95' title='bbox 335 1527 620 1593; x_wconf 85' lang='lat' dir='ltr'><strong>rarissime</strong></span> <span class='ocrx_word' id='word_1_96' title='bbox 656 1542 901 1601; x_wconf 90' lang='lat' dir='ltr'><strong>utuntur,</strong></span> <span class='ocrx_word' id='word_1_97' title='bbox 941 1532 1037 1588; x_wconf 92' lang='lat' dir='ltr'><strong>sed</strong></span> <span class='ocrx_word' id='word_1_98' title='bbox 1066 1531 1239 1604; x_wconf 83' lang='lat' dir='ltr'><strong>magis</strong></span> <span class='ocrx_word' id='word_1_99' title='bbox 1264 1529 1636 1602; x_wconf 71' lang='lat' dir='ltr'><strong>synalmpham</strong></span> <span class='ocrx_word' id='word_1_100' title='bbox 1675 1527 1729 1580; x_wconf 91' lang='lat' dir='ltr'><strong>in</strong></span> <span class='ocrx_word' id='word_1_101' title='bbox 1759 1540 1822 1580; x_wconf 90' lang='lat' dir='ltr'><strong>eo</strong></span> <span class='ocrx_word' id='word_1_102' title='bbox 1849 1523 1931 1586; x_wconf 79' lang='lat' dir='ltr'><strong>fa-</strong></span> 
     </span>
    </p>
   </div>
   <div class='ocr_carea' id='block_1_16' title="bbox 346 1625 910 1696">
    <p class='ocr_par' dir='ltr' id='par_1_16' title="bbox 346 1625 910 1696">
     <span class='ocr_line' id='line_1_16' title="bbox 346 1625 910 1696; baseline -0.007 -13"><span class='ocrx_word' id='word_1_103' title='bbox 346 1629 519 1693; x_wconf 90' lang='lat' dir='ltr'><strong>ciunt,</strong></span> <span class='ocrx_word' id='word_1_104' title='bbox 550 1637 609 1681; x_wconf 93' lang='lat' dir='ltr'><strong>ut</strong></span> <span class='ocrx_word' id='word_1_105' title='bbox 637 1625 872 1696; x_wconf 85' lang='lat' dir='ltr'><strong>Prosper</strong></span> <span class='ocrx_word' id='word_1_106' title='bbox 898 1643 910 1679; x_wconf 91' lang='lat'>:</span> 
     </span>
    </p>
   </div>
   <div class='ocr_carea' id='block_1_17' title="bbox 437 1709 1869 1779">
    <p class='ocr_par' dir='ltr' id='par_1_17' title="bbox 437 1709 1869 1779">
     <span class='ocr_line' id='line_1_17' title="bbox 437 1709 1869 1779; baseline -0.009 -10"><span class='ocrx_word' id='word_1_107' title='bbox 437 1718 543 1769; x_wconf 79' lang='lat' dir='ltr'><strong>Non</strong></span> <span class='ocrx_word' id='word_1_108' title='bbox 569 1726 745 1767; x_wconf 74' lang='lat' dir='ltr'><strong>nosti-aa</strong></span> <span class='ocrx_word' id='word_1_109' title='bbox 769 1718 862 1766; x_wconf 87' lang='lat' dir='ltr'><strong>hoc</strong></span> <span class='ocrx_word' id='word_1_110' title='bbox 887 1717 1116 1779; x_wconf 79' lang='lat' dir='ltr'><strong>eplsest,</strong></span> <span class='ocrx_word' id='word_1_111' title='bbox 1139 1714 1227 1763; x_wconf 88' lang='lat' dir='ltr'><strong>sed</strong></span> <span class='ocrx_word' id='word_1_112' title='bbox 1240 1714 1310 1779; x_wconf 79' lang='lat' dir='ltr'><strong>ab</strong></span> <span class='ocrx_word' id='word_1_113' title='bbox 1333 1711 1417 1779; x_wconf 86' lang='lat' dir='ltr'><strong>illo</strong></span> <span class='ocrx_word' id='word_1_114' title='bbox 1436 1711 1643 1774; x_wconf 78' lang='lat' dir='ltr'><strong>sumitur</strong></span> <span class='ocrx_word' id='word_1_115' title='bbox 1668 1709 1747 1759; x_wconf 88' lang='lat' dir='ltr'><strong>hic</strong></span> <span class='ocrx_word' id='word_1_116' title='bbox 1770 1719 1869 1770; x_wconf 86' lang='lat' dir='ltr'><strong>ros,</strong></span> 
     </span>
    </p>
   </div>
   <div class='ocr_carea' id='block_1_18' title="bbox 500 1777 1570 1841">
    <p class='ocr_par' dir='ltr' id='par_1_18' title="bbox 500 1777 1570 1841">
     <span class='ocr_line' id='line_1_18' title="bbox 500 1777 1570 1841; baseline -0.009 -11"><span class='ocrx_word' id='word_1_117' title='bbox 500 1782 592 1841; x_wconf 84' lang='lat' dir='ltr'><strong>Qui</strong></span> <span class='ocrx_word' id='word_1_118' title='bbox 616 1784 794 1833; x_wconf 79' lang='lat' dir='ltr'><strong>siccam</strong></span> <span class='ocrx_word' id='word_1_119' title='bbox 811 1777 984 1840; x_wconf 74' lang='lat' dir='ltr'><strong>rupem</strong></span> <span class='ocrx_word' id='word_1_120' title='bbox 1004 1777 1214 1828; x_wconf 80' lang='lat' dir='ltr'><strong>fundere</strong></span> <span class='ocrx_word' id='word_1_121' title='bbox 1234 1777 1379 1837; x_wconf 78' lang='lat' dir='ltr'><strong>jussit</strong></span> <span class='ocrx_word' id='word_1_122' title='bbox 1403 1784 1570 1836; x_wconf 81' lang='lat' dir='ltr'><strong>aquas.</strong></span> 
     </span>
    </p>
   </div>
   <div class='ocr_carea' id='block_1_19' title="bbox 345 1857 1934 1935">
    <p class='ocr_par' dir='ltr' id='par_1_19' title="bbox 345 1857 1934 1935">
     <span class='ocr_line' id='line_1_19' title="bbox 345 1857 1934 1935; baseline -0.008 -12"><span class='ocrx_word' id='word_1_123' title='bbox 345 1867 652 1935; x_wconf 78' lang='lat' dir='ltr'><strong>Sextusque</strong></span> <span class='ocrx_word' id='word_1_124' title='bbox 672 1865 865 1926; x_wconf 83' lang='lat' dir='ltr'><strong>modus</strong></span> <span class='ocrx_word' id='word_1_125' title='bbox 894 1871 978 1919; x_wconf 88' lang='lat' dir='ltr'><strong>est</strong></span> <span class='ocrx_word' id='word_1_126' title='bbox 1011 1879 1134 1918; x_wconf 92' lang='lat' dir='ltr'><strong>cum</strong></span> <span class='ocrx_word' id='word_1_127' title='bbox 1161 1862 1478 1932; x_wconf 90' lang='lat' dir='ltr'><strong>productam</strong></span> <span class='ocrx_word' id='word_1_128' title='bbox 1506 1857 1748 1912; x_wconf 82' lang='lat' dir='ltr'><strong>vocalem</strong></span> <span class='ocrx_word' id='word_1_129' title='bbox 1774 1870 1934 1912; x_wconf 83' lang='lat' dir='ltr'><strong>voea-</strong></span> 
     </span>
    </p>
   </div>
   <div class='ocr_carea' id='block_1_20' title="bbox 342 1950 1756 2027">
    <p class='ocr_par' dir='ltr' id='par_1_20' title="bbox 342 1950 1756 2027">
     <span class='ocr_line' id='line_1_20' title="bbox 342 1950 1756 2027; baseline -0.008 -13"><span class='ocrx_word' id='word_1_130' title='bbox 342 1959 410 2016; x_wconf 89' lang='lat' dir='ltr'><strong>lis</strong></span> <span class='ocrx_word' id='word_1_131' title='bbox 443 1959 613 2015; x_wconf 87' lang='lat' dir='ltr'><strong>altera</strong></span> <span class='ocrx_word' id='word_1_132' title='bbox 649 1957 1036 2027; x_wconf 79' lang='lat' dir='ltr'><strong>consequitur;</strong></span> <span class='ocrx_word' id='word_1_133' title='bbox 1067 1962 1150 2009; x_wconf 90' lang='lat' dir='ltr'><strong>est</strong></span> <span class='ocrx_word' id='word_1_134' title='bbox 1173 1953 1318 2009; x_wconf 87' lang='lat' dir='ltr'><strong>enim</strong></span> <span class='ocrx_word' id='word_1_135' title='bbox 1343 1952 1503 2022; x_wconf 83' lang='lat' dir='ltr'><strong>longa</strong></span> <span class='ocrx_word' id='word_1_136' title='bbox 1530 1951 1585 2004; x_wconf 87' lang='lat' dir='ltr'><strong>in</strong></span> <span class='ocrx_word' id='word_1_137' title='bbox 1610 1950 1714 2007; x_wconf 88' lang='lat' dir='ltr'><strong>hoc</strong></span> <span class='ocrx_word' id='word_1_138' title='bbox 1738 1967 1756 2003; x_wconf 89' lang='lat'><strong>:-</strong></span> 
     </span>
    </p>
   </div>
   <div class='ocr_carea' id='block_1_21' title="bbox 533 2042 1700 2106">
    <p class='ocr_par' dir='ltr' id='par_1_21' title="bbox 533 2042 1700 2106">
     <span class='ocr_line' id='line_1_21' title="bbox 533 2042 1700 2106; baseline -0.006 -7"><span class='ocrx_word' id='word_1_139' title='bbox 533 2050 576 2100; x_wconf 85' lang='lat'><strong>0</strong></span> <span class='ocrx_word' id='word_1_140' title='bbox 601 2050 782 2099; x_wconf 78' lang='lat' dir='ltr'><strong>utinam</strong></span> <span class='ocrx_word' id='word_1_141' title='bbox 804 2049 856 2106; x_wconf 83' lang='lat' dir='ltr'><strong>in</strong></span> <span class='ocrx_word' id='word_1_142' title='bbox 875 2045 1108 2098; x_wconf 81' lang='lat' dir='ltr'><strong>thalamos</strong></span> <span class='ocrx_word' id='word_1_143' title='bbox 1129 2045 1271 2096; x_wconf 87' lang='lat' dir='ltr'><strong>invisi</strong></span> <span class='ocrx_word' id='word_1_144' title='bbox 1293 2043 1494 2096; x_wconf 63' lang='lat' dir='ltr'><strong>Cesaris</strong></span> <span class='ocrx_word' id='word_1_145' title='bbox 1526 2042 1700 2100; x_wconf 80' lang='lat' dir='ltr'><strong>issem;</strong></span> 
     </span>
    </p>
   </div>
   <div class='ocr_carea' id='block_1_22' title="bbox 344 2134 786 2194">
    <p class='ocr_par' dir='ltr' id='par_1_22' title="bbox 344 2134 786 2194">
     <span class='ocr_line' id='line_1_22' title="bbox 344 2134 786 2194; baseline -0.005 -4"><span class='ocrx_word' id='word_1_146' title='bbox 344 2134 529 2194; x_wconf 83' lang='lat' dir='ltr'><strong>brevis</strong></span> <span class='ocrx_word' id='word_1_147' title='bbox 551 2135 606 2190; x_wconf 90' lang='lat' dir='ltr'><strong>in</strong></span> <span class='ocrx_word' id='word_1_148' title='bbox 637 2135 744 2190; x_wconf 88' lang='lat' dir='ltr'><strong>hoc</strong></span> <span class='ocrx_word' id='word_1_149' title='bbox 771 2147 786 2188; x_wconf 88' lang='lat'><strong>:</strong></span> 
     </span>
    </p>
   </div>
   <div class='ocr_carea' id='block_1_23' title="bbox 501 2215 1930 2296">
    <p class='ocr_par' dir='ltr' id='par_1_23' title="bbox 501 2215 1930 2296">
     <span class='ocr_line' id='line_1_23' title="bbox 501 2215 1930 2296; baseline -0.008 -14"><span class='ocrx_word' id='word_1_150' title='bbox 501 2226 576 2282; x_wconf 81' lang='lat' dir='ltr'><strong>Te</strong></span> <span class='ocrx_word' id='word_1_151' title='bbox 602 2226 848 2296; x_wconf 74' lang='lat' dir='ltr'><strong>Corydon,</strong></span> <span class='ocrx_word' id='word_1_152' title='bbox 869 2237 901 2276; x_wconf 92' lang='grc' dir='ltr'>ο</span> <span class='ocrx_word' id='word_1_153' title='bbox 919 2223 1090 2286; x_wconf 73' lang='lat' dir='ltr'><strong>Alexi,</strong></span> <span class='ocrx_word' id='word_1_154' title='bbox 1116 2223 1263 2284; x_wconf 67' lang='lat' dir='ltr'><strong>trahit</strong></span> <span class='ocrx_word' id='word_1_155' title='bbox 1285 2233 1374 2280; x_wconf 69' lang='lat' dir='ltr'><strong>sua</strong></span> <span class='ocrx_word' id='word_1_156' title='bbox 1408 2230 1658 2284; x_wconf 75' lang='lat' dir='ltr'><strong>quemque</strong></span> <span class='ocrx_word' id='word_1_157' title='bbox 1681 2215 1930 2279; x_wconf 65' lang='lat' dir='ltr'><strong>voluptas;</strong></span> 
     </span>
    </p>
   </div>
   <div class='ocr_carea' id='block_1_24' title="bbox 343 2309 1028 2383">
    <p class='ocr_par' dir='ltr' id='par_1_24' title="bbox 343 2309 1028 2383">
     <span class='ocr_line' id='line_1_24' title="bbox 343 2309 1028 2383; baseline -0.013 -13"><span class='ocrx_word' id='word_1_158' title='bbox 343 2319 403 2371; x_wconf 80' lang='lat' dir='ltr'><strong>et</strong></span> <span class='ocrx_word' id='word_1_159' title='bbox 431 2311 562 2374; x_wconf 83' lang='lat' dir='ltr'><strong>item</strong></span> <span class='ocrx_word' id='word_1_160' title='bbox 583 2310 838 2383; x_wconf 70' lang='lat' dir='ltr'><strong>Virgilius</strong></span> <span class='ocrx_word' id='word_1_161' title='bbox 876 2309 930 2368; x_wconf 90' lang='lat' dir='ltr'><strong>in</strong></span> <span class='ocrx_word' id='word_1_162' title='bbox 956 2323 989 2362; x_wconf 88' lang='lat' dir='ltr'><strong>v</strong></span> <span class='ocrx_word' id='word_1_163' title='bbox 1014 2325 1028 2371; x_wconf 67' lang='grc' dir='ltr'>ς</span> 
     </span>
    </p>
   </div>
   <div class='ocr_carea' id='block_1_25' title="bbox 502 2396 1657 2466">
    <p class='ocr_par' dir='ltr' id='par_1_25' title="bbox 502 2396 1657 2466">
     <span class='ocr_line' id='line_1_25' title="bbox 502 2396 1657 2466; baseline -0.012 -8"><span class='ocrx_word' id='word_1_164' title='bbox 502 2406 746 2460; x_wconf 78' lang='lat' dir='ltr'><strong>infindunt</strong></span> <span class='ocrx_word' id='word_1_165' title='bbox 766 2406 950 2466; x_wconf 77' lang='lat' dir='ltr'><strong>pariter</strong></span> <span class='ocrx_word' id='word_1_166' title='bbox 967 2400 1152 2464; x_wconf 65' lang='lat' dir='ltr'><strong>sulcos,</strong></span> <span class='ocrx_word' id='word_1_167' title='bbox 1171 2405 1428 2463; x_wconf 66' lang='lat' dir='ltr'><strong>totumque</strong></span> <span class='ocrx_word' id='word_1_168' title='bbox 1443 2396 1657 2461; x_wconf 63' lang='lat' dir='ltr'><strong>dehiscit</strong></span> 
     </span>
    </p>
   </div>
   <div class='ocr_carea' id='block_1_26' title="bbox 501 2467 812 2530">
    <p class='ocr_par' dir='ltr' id='par_1_26' title="bbox 501 2467 812 2530">
     <span class='ocr_line' id='line_1_26' title="bbox 501 2467 812 2530; baseline 0.006 -13"><span class='ocrx_word' id='word_1_169' title='bbox 501 2467 812 2530; x_wconf 76' lang='lat' dir='ltr'><strong>convulsum.</strong></span> 
     </span>
    </p>
   </div>
   <div class='ocr_carea' id='block_1_27' title="bbox 347 2539 1936 2620">
    <p class='ocr_par' dir='ltr' id='par_1_27' title="bbox 347 2539 1936 2620">
     <span class='ocr_line' id='line_1_27' title="bbox 347 2539 1936 2620; baseline -0.011 -12"><span class='ocrx_word' id='word_1_170' title='bbox 347 2551 519 2620; x_wconf 84' lang='lat' dir='ltr'><strong>Quem</strong></span> <span class='ocrx_word' id='word_1_171' title='bbox 563 2550 783 2606; x_wconf 90' lang='lat' dir='ltr'><strong>modum</strong></span> <span class='ocrx_word' id='word_1_172' title='bbox 826 2547 1072 2610; x_wconf 86' lang='lat' dir='ltr'><strong>moderni</strong></span> <span class='ocrx_word' id='word_1_173' title='bbox 1099 2545 1498 2602; x_wconf 83' lang='lat' dir='ltr'><strong>versiﬁcatores</strong></span> <span class='ocrx_word' id='word_1_174' title='bbox 1524 2542 1582 2596; x_wconf 84' lang='lat' dir='ltr'><strong>in</strong></span> <span class='ocrx_word' id='word_1_175' title='bbox 1607 2539 1797 2595; x_wconf 89' lang='lat' dir='ltr'><strong>eadem</strong></span> <span class='ocrx_word' id='word_1_176' title='bbox 1836 2550 1936 2606; x_wconf 84' lang='lat' dir='ltr'><strong>po—</strong></span> 
     </span>
    </p>
   </div>
   <div class='ocr_carea' id='block_1_28' title="bbox 348 2639 1649 2716">
    <p class='ocr_par' dir='ltr' id='par_1_28' title="bbox 348 2639 1649 2716">
     <span class='ocr_line' id='line_1_28' title="bbox 348 2639 1649 2716; baseline -0.011 -16"><span class='ocrx_word' id='word_1_177' title='bbox 348 2645 456 2701; x_wconf 89' lang='lat' dir='ltr'><strong>tius</strong></span> <span class='ocrx_word' id='word_1_178' title='bbox 483 2651 638 2716; x_wconf 89' lang='lat' dir='ltr'><strong>parte</strong></span> <span class='ocrx_word' id='word_1_179' title='bbox 659 2641 924 2699; x_wconf 89' lang='lat' dir='ltr'><strong>orationis</strong></span> <span class='ocrx_word' id='word_1_180' title='bbox 959 2641 1144 2697; x_wconf 84' lang='lat' dir='ltr'><strong>facere</strong></span> <span class='ocrx_word' id='word_1_181' title='bbox 1176 2642 1529 2701; x_wconf 88' lang='lat' dir='ltr'><strong>consuerunt,</strong></span> <span class='ocrx_word' id='word_1_182' title='bbox 1554 2639 1649 2688; x_wconf 90' lang='lat' dir='ltr'><strong>ut:</strong></span> 
     </span>
    </p>
   </div>
   <div class='ocr_carea' id='block_1_29' title="bbox 532 2733 1068 2806">
    <p class='ocr_par' dir='ltr' id='par_1_29' title="bbox 532 2733 1068 2806">
     <span class='ocr_line' id='line_1_29' title="bbox 532 2733 1068 2806; baseline -0.011 -19"><span class='ocrx_word' id='word_1_183' title='bbox 532 2735 623 2798; x_wconf 79' lang='lat' dir='ltr'><strong>Eoi</strong></span> <span class='ocrx_word' id='word_1_184' title='bbox 646 2746 836 2786; x_wconf 85' lang='lat' dir='ltr'><strong>venere</strong></span> <span class='ocrx_word' id='word_1_185' title='bbox 855 2733 1068 2806; x_wconf 85' lang='lat' dir='ltr'><strong>magi....</strong></span> 
     </span>
    </p>
   </div>
   <div class='ocr_carea' id='block_1_30' title="bbox 383 2826 439 2872">
    <p class='ocr_par' dir='ltr' id='par_1_30' title="bbox 383 2826 439 2872">
     <span class='ocr_line' id='line_1_30' title="bbox 383 2826 439 2872; baseline 0 0"><span class='ocrx_word' id='word_1_186' title='bbox 383 2826 439 2872; x_wconf 72' lang='grc' dir='ltr'>ιε</span> 
     </span>
    </p>
   </div>
   <div class='ocr_carea' id='block_1_31' title="bbox 348 2834 1719 2971">
    <p class='ocr_par' dir='ltr' id='par_1_31' title="bbox 348 2834 1719 2971">
     <span class='ocr_line' id='line_1_31' title="bbox 383 2834 439 2872; baseline 0 0"><span class='ocrx_word' id='word_1_187' title='bbox 383 2834 402 2872; x_wconf 86' lang='grc' dir='ltr'><strong>ι</strong></span> <span class='ocrx_word' id='word_1_188' title='bbox 424 2834 439 2872; x_wconf 92' lang='lat'><strong>:</strong></span> 
     </span>
     <span class='ocr_line' id='line_1_32' title="bbox 348 2834 1719 2971; baseline -0.012 -9"><span class='ocrx_word' id='word_1_189' title='bbox 348 2834 378 2874; x_wconf 56' lang='grc' dir='ltr'>ε</span> <span class='ocrx_word' id='word_1_190' title='bbox 537 2907 836 2971; x_wconf 87' lang='lat' dir='ltr'><strong>Splendidus</strong></span> <span class='ocrx_word' id='word_1_191' title='bbox 860 2905 1073 2956; x_wconf 83' lang='lat' dir='ltr'><strong>auctoris</strong></span> <span class='ocrx_word' id='word_1_192' title='bbox 1090 2903 1154 2954; x_wconf 91' lang='lat' dir='ltr'><strong>de</strong></span> <span class='ocrx_word' id='word_1_193' title='bbox 1176 2903 1366 2952; x_wconf 81' lang='lat' dir='ltr'><strong>vertice</strong></span> <span class='ocrx_word' id='word_1_194' title='bbox 1388 2898 1548 2961; x_wconf 77' lang='lat' dir='ltr'><strong>fulget</strong></span> <span class='ocrx_word' id='word_1_195' title='bbox 1572 2897 1719 2948; x_wconf 86' lang='lat' dir='ltr'><strong>Eous.</strong></span> 
     </span>
    </p>
   </div>
   <div class='ocr_carea' id='block_1_32' title="bbox 350 2979 1940 3062">
    <p class='ocr_par' dir='ltr' id='par_1_32' title="bbox 350 2979 1940 3062">
     <span class='ocr_line' id='line_1_33' title="bbox 350 2979 1940 3062; baseline -0.01 -15"><span class='ocrx_word' id='word_1_196' title='bbox 350 2990 625 3062; x_wconf 84' lang='lat' dir='ltr'><strong>Septimus</strong></span> <span class='ocrx_word' id='word_1_197' title='bbox 646 2991 840 3048; x_wconf 90' lang='lat' dir='ltr'><strong>modus</strong></span> <span class='ocrx_word' id='word_1_198' title='bbox 861 2997 965 3055; x_wconf 89' lang='lat' dir='ltr'><strong>est,</strong></span> <span class='ocrx_word' id='word_1_199' title='bbox 997 3003 1121 3045; x_wconf 90' lang='lat' dir='ltr'><strong>cum</strong></span> <span class='ocrx_word' id='word_1_200' title='bbox 1149 3001 1448 3058; x_wconf 88' lang='lat' dir='ltr'><strong>pronomen</strong></span> <span class='ocrx_word' id='word_1_201' title='bbox 1480 3000 1507 3038; x_wconf 73' lang='grc' dir='ltr'><em>ο</em></span> <span class='ocrx_word' id='word_1_202' title='bbox 1535 2983 1714 3036; x_wconf 86' lang='lat' dir='ltr'><strong>littera</strong></span> <span class='ocrx_word' id='word_1_203' title='bbox 1755 2979 1940 3034; x_wconf 88' lang='lat' dir='ltr'><strong>termi-</strong></span> 
     </span>
    </p>
   </div>
   <div class='ocr_carea' id='block_1_33' title="bbox 349 3075 1939 3157">
    <p class='ocr_par' dir='ltr' id='par_1_33' title="bbox 349 3075 1939 3157">
     <span class='ocr_line' id='line_1_34' title="bbox 349 3075 1939 3157; baseline -0.009 -13"><span class='ocrx_word' id='word_1_204' title='bbox 349 3097 533 3144; x_wconf 87' lang='lat' dir='ltr'><strong>natum</strong></span> <span class='ocrx_word' id='word_1_205' title='bbox 582 3088 784 3144; x_wconf 85' lang='lat' dir='ltr'><strong>vocalis</strong></span> <span class='ocrx_word' id='word_1_206' title='bbox 829 3088 1012 3145; x_wconf 87' lang='lat' dir='ltr'><strong>statim</strong></span> <span class='ocrx_word' id='word_1_207' title='bbox 1041 3085 1328 3157; x_wconf 89' lang='lat' dir='ltr'><strong>sequitur;</strong></span> <span class='ocrx_word' id='word_1_208' title='bbox 1379 3089 1464 3136; x_wconf 90' lang='lat' dir='ltr'><strong>est</strong></span> <span class='ocrx_word' id='word_1_209' title='bbox 1503 3079 1648 3135; x_wconf 91' lang='lat' dir='ltr'><strong>enim</strong></span> <span class='ocrx_word' id='word_1_210' title='bbox 1679 3077 1835 3146; x_wconf 82' lang='lat' dir='ltr'><strong>longa</strong></span> <span class='ocrx_word' id='word_1_211' title='bbox 1884 3075 1939 3130; x_wconf 92' lang='lat' dir='ltr'><strong>in</strong></span> 
     </span>
    </p>
   </div>
   <div class='ocr_carea' id='block_1_34' title="bbox 347 3181 734 3237">
    <p class='ocr_par' dir='ltr' id='par_1_34' title="bbox 347 3181 734 3237">
     <span class='ocr_line' id='line_1_35' title="bbox 347 3181 734 3237; baseline -0.003 -1"><span class='ocrx_word' id='word_1_212' title='bbox 347 3181 453 3237; x_wconf 83' lang='lat' dir='ltr'><strong>hoc</strong></span> <span class='ocrx_word' id='word_1_213' title='bbox 488 3181 694 3237; x_wconf 80' lang='lat' dir='ltr'><strong>Sedulii</strong></span> <span class='ocrx_word' id='word_1_214' title='bbox 719 3195 734 3235; x_wconf 88' lang='lat'><strong>:</strong></span> 
     </span>
    </p>
   </div>
   <div class='ocr_carea' id='block_1_35' title="bbox 473 3265 1836 3338">
    <p class='ocr_par' dir='ltr' id='par_1_35' title="bbox 473 3265 1836 3338">
     <span class='ocr_line' id='line_1_36' title="bbox 473 3265 1836 3338; baseline -0.007 -16"><span class='ocrx_word' id='word_1_215' title='bbox 473 3273 581 3338; x_wconf 67' lang='lat' dir='ltr'><strong>lion</strong></span> <span class='ocrx_word' id='word_1_216' title='bbox 599 3276 716 3338; x_wconf 83' lang='lat' dir='ltr'><strong>quia</strong></span> <span class='ocrx_word' id='word_1_217' title='bbox 739 3275 822 3336; x_wconf 91' lang='lat' dir='ltr'><strong>qui</strong></span> <span class='ocrx_word' id='word_1_218' title='bbox 846 3284 1066 3338; x_wconf 74' lang='lat' dir='ltr'><strong>summus</strong></span> <span class='ocrx_word' id='word_1_219' title='bbox 1084 3271 1236 3338; x_wconf 62' lang='lat' dir='ltr'><strong>Pater</strong></span> <span class='ocrx_word' id='word_1_220' title='bbox 1260 3279 1356 3330; x_wconf 83' lang='lat' dir='ltr'><strong>est,</strong></span> <span class='ocrx_word' id='word_1_221' title='bbox 1379 3273 1431 3318; x_wconf 90' lang='lat' dir='ltr'><strong>et</strong></span> <span class='ocrx_word' id='word_1_222' title='bbox 1452 3266 1605 3338; x_wconf 67' lang='lat' dir='ltr'><strong>Filius</strong></span> <span class='ocrx_word' id='word_1_223' title='bbox 1630 3265 1710 3338; x_wconf 69' lang='lat' dir='ltr'><strong>hic</strong></span> <span class='ocrx_word' id='word_1_224' title='bbox 1729 3271 1836 3326; x_wconf 86' lang='lat' dir='ltr'><strong>est;</strong></span> 
     </span>
    </p>
   </div>
   <div class='ocr_carea' id='block_1_36' title="bbox 475 3293 2017 3406">
    <p class='ocr_par' dir='ltr' id='par_1_36' title="bbox 475 3293 2017 3406">
     <span class='ocr_line' id='line_1_37' title="bbox 475 3293 1931 3338; baseline -0.009 -14"><span class='ocrx_word' id='word_1_225' title='bbox 475 3293 581 3324; x_wconf 79' lang='lat' dir='ltr'><strong>non</strong></span> <span class='ocrx_word' id='word_1_226' title='bbox 599 3293 716 3338; x_wconf 75' lang='lat' dir='ltr'><strong>quia</strong></span> <span class='ocrx_word' id='word_1_227' title='bbox 739 3293 822 3336; x_wconf 80' lang='lat' dir='ltr'><strong>qm</strong></span> <span class='ocrx_word' id='word_1_228' title='bbox 846 3293 1066 3322; x_wconf 69' lang='lat' dir='ltr'><strong>summus</strong></span> <span class='ocrx_word' id='word_1_229' title='bbox 1088 3293 1236 3321; x_wconf 67' lang='lat' dir='ltr'><strong>ratur</strong></span> <span class='ocrx_word' id='word_1_230' title='bbox 1260 3293 1356 3330; x_wconf 69' lang='lat' dir='ltr'><strong>cat,</strong></span> <span class='ocrx_word' id='word_1_231' title='bbox 1379 3293 1431 3318; x_wconf 76' lang='lat' dir='ltr'><strong>cs</strong></span> <span class='ocrx_word' id='word_1_232' title='bbox 1453 3293 1477 3316; x_wconf 83' lang='lat' dir='ltr'><strong>r</strong></span> <span class='ocrx_word' id='word_1_233' title='bbox 1493 3293 1605 3316; x_wconf 75' lang='lat' dir='ltr'><strong>mua</strong></span> <span class='ocrx_word' id='word_1_234' title='bbox 1631 3293 1710 3312; x_wconf 72' lang='lat' dir='ltr'><strong>um</strong></span> <span class='ocrx_word' id='word_1_235' title='bbox 1729 3293 1804 3313; x_wconf 69' lang='lat' dir='ltr'><strong>cat.</strong></span> <span class='ocrx_word' id='word_1_236' title='bbox 1821 3300 1836 3326; x_wconf 83' lang='lat'><strong>,</strong></span> <span class='ocrx_word' id='word_1_237' title='bbox 1921 3307 1931 3319; x_wconf 85' lang='grc'>,</span> 
     </span>
     <span class='ocr_line' id='line_1_38' title="bbox 475 3293 2017 3406; baseline -0.009 -20"><span class='ocrx_word' id='word_1_238' title='bbox 475 3337 575 3388; x_wconf 85' lang='lat' dir='ltr'><strong>Sed</strong></span> <span class='ocrx_word' id='word_1_239' title='bbox 597 3339 712 3401; x_wconf 80' lang='lat' dir='ltr'><strong>quia</strong></span> <span class='ocrx_word' id='word_1_240' title='bbox 735 3337 870 3406; x_wconf 83' lang='lat' dir='ltr'><strong>quod</strong></span> <span class='ocrx_word' id='word_1_241' title='bbox 887 3348 1105 3390; x_wconf 77' lang='lat' dir='ltr'><strong>summus</strong></span> <span class='ocrx_word' id='word_1_242' title='bbox 1124 3334 1274 3388; x_wconf 88' lang='lat' dir='ltr'><strong>Pater</strong></span> <span class='ocrx_word' id='word_1_243' title='bbox 1295 3337 1374 3387; x_wconf 84' lang='lat' dir='ltr'><strong>est</strong></span> <span class='ocrx_word' id='word_1_244' title='bbox 1421 3337 1470 3380; x_wconf 88' lang='lat' dir='ltr'><strong>ot</strong></span> <span class='ocrx_word' id='word_1_245' title='bbox 1494 3329 1649 3388; x_wconf 69' lang='lat' dir='ltr'><strong>Filius.</strong></span> <span class='ocrx_word' id='word_1_246' title='bbox 1679 3327 1772 3382; x_wconf 83' lang='lat' dir='ltr'><strong>hoc</strong></span> <span class='ocrx_word' id='word_1_247' title='bbox 1795 3331 1888 3378; x_wconf 86' lang='lat' dir='ltr'><strong>est.</strong></span> <span class='ocrx_word' id='word_1_248' title='bbox 1969 3293 2017 3366; x_wconf 64' lang='grc' dir='ltr'>α</span> 
     </span>
    </p>
   </div>
   <div class='ocr_carea' id='block_1_37' title="bbox 347 3420 788 3480">
    <p class='ocr_par' dir='ltr' id='par_1_37' title="bbox 347 3420 788 3480">
     <span class='ocr_line' id='line_1_39' title="bbox 347 3420 788 3480; baseline 0 -4"><span class='ocrx_word' id='word_1_249' title='bbox 347 3420 539 3476; x_wconf 85' lang='lat' dir='ltr'><strong>Brevis</strong></span> <span class='ocrx_word' id='word_1_250' title='bbox 570 3421 625 3476; x_wconf 91' lang='lat' dir='ltr'><strong>in</strong></span> <span class='ocrx_word' id='word_1_251' title='bbox 652 3422 788 3480; x_wconf 78' lang='lat' dir='ltr'><strong>hoc:</strong></span> 
     </span>
    </p>
   </div>
   <div class='ocr_carea' id='block_1_38' title="bbox 475 3503 1816 3575">
    <p class='ocr_par' dir='ltr' id='par_1_38' title="bbox 475 3503 1816 3575">
     <span class='ocr_line' id='line_1_40' title="bbox 475 3503 1816 3575; baseline -0.003 -13"><span class='ocrx_word' id='word_1_252' title='bbox 475 3512 568 3563; x_wconf 82' lang='lat' dir='ltr'><strong>Hic</strong></span> <span class='ocrx_word' id='word_1_253' title='bbox 590 3514 687 3574; x_wconf 87' lang='lat' dir='ltr'><strong>vir,</strong></span> <span class='ocrx_word' id='word_1_254' title='bbox 705 3511 786 3562; x_wconf 89' lang='lat' dir='ltr'><strong>hic</strong></span> <span class='ocrx_word' id='word_1_255' title='bbox 805 3515 910 3575; x_wconf 83' lang='lat' dir='ltr'><strong>est,</strong></span> <span class='ocrx_word' id='word_1_256' title='bbox 929 3511 1024 3562; x_wconf 83' lang='lat' dir='ltr'><strong>tibi</strong></span> <span class='ocrx_word' id='word_1_257' title='bbox 1046 3521 1197 3574; x_wconf 86' lang='lat' dir='ltr'><strong>quem</strong></span> <span class='ocrx_word' id='word_1_258' title='bbox 1223 3506 1439 3571; x_wconf 85' lang='lat' dir='ltr'><strong>promitti</strong></span> <span class='ocrx_word' id='word_1_259' title='bbox 1462 3506 1643 3571; x_wconf 77' lang='lat' dir='ltr'><strong>saepius</strong></span> <span class='ocrx_word' id='word_1_260' title='bbox 1665 3503 1816 3562; x_wconf 62' lang='lat' dir='ltr'><strong>audis.</strong></span> 
     </span>
    </p>
   </div>
   <div class='ocr_carea' id='block_1_39' title="bbox 352 3588 1948 3656">
    <p class='ocr_par' dir='ltr' id='par_1_39' title="bbox 352 3588 1948 3656">
     <span class='ocr_line' id='line_1_41' title="bbox 352 3588 1948 3656; baseline -0.006 -9"><span class='ocrx_word' id='word_1_261' title='bbox 352 3592 460 3647; x_wconf 89' lang='lat' dir='ltr'><strong>Sed</strong></span> <span class='ocrx_word' id='word_1_262' title='bbox 487 3600 544 3656; x_wconf 85' lang='lat' dir='ltr'><strong>et</strong></span> <span class='ocrx_word' id='word_1_263' title='bbox 585 3594 900 3654; x_wconf 76' lang='lat' dir='ltr'><strong>adverbium</strong></span> <span class='ocrx_word' id='word_1_264' title='bbox 926 3609 1095 3656; x_wconf 88' lang='lat' dir='ltr'><strong>unum</strong></span> <span class='ocrx_word' id='word_1_265' title='bbox 1127 3609 1154 3645; x_wconf 90' lang='lat' dir='ltr'><strong>c</strong></span> <span class='ocrx_word' id='word_1_266' title='bbox 1182 3592 1361 3648; x_wconf 85' lang='lat' dir='ltr'><strong>littera</strong></span> <span class='ocrx_word' id='word_1_267' title='bbox 1403 3588 1750 3655; x_wconf 83' lang='lat' dir='ltr'><strong>terminatum</strong></span> <span class='ocrx_word' id='word_1_268' title='bbox 1800 3599 1948 3650; x_wconf 81' lang='lat' dir='ltr'><strong>cont-</strong></span> 
     </span>
    </p>
   </div>
   <div class='ocr_carea' id='block_1_40' title="bbox 348 3678 1944 3756">
    <p class='ocr_par' dir='ltr' id='par_1_40' title="bbox 348 3678 1944 3756">
     <span class='ocr_line' id='line_1_42' title="bbox 348 3678 1944 3756; baseline -0.004 -14"><span class='ocrx_word' id='word_1_269' title='bbox 348 3701 573 3751; x_wconf 74' lang='lat' dir='ltr'><strong>tuunem</strong></span> <span class='ocrx_word' id='word_1_270' title='bbox 599 3684 862 3756; x_wconf 82' lang='lat' dir='ltr'><strong>syllabam</strong></span> <span class='ocrx_word' id='word_1_271' title='bbox 895 3684 1058 3752; x_wconf 68' lang='lat' dir='ltr'><strong>facit;</strong></span> <span class='ocrx_word' id='word_1_272' title='bbox 1097 3691 1181 3748; x_wconf 87' lang='lat' dir='ltr'><strong>est</strong></span> <span class='ocrx_word' id='word_1_273' title='bbox 1209 3684 1357 3742; x_wconf 87' lang='lat' dir='ltr'><strong>enim</strong></span> <span class='ocrx_word' id='word_1_274' title='bbox 1375 3683 1535 3752; x_wconf 85' lang='lat' dir='ltr'><strong>longa</strong></span> <span class='ocrx_word' id='word_1_275' title='bbox 1576 3681 1630 3746; x_wconf 86' lang='lat' dir='ltr'><strong>in</strong></span> <span class='ocrx_word' id='word_1_276' title='bbox 1674 3680 1779 3746; x_wconf 81' lang='lat' dir='ltr'><strong>hoc</strong></span> <span class='ocrx_word' id='word_1_277' title='bbox 1802 3678 1944 3742; x_wconf 80' lang='lat' dir='ltr'><strong>Pau—</strong></span> 
     </span>
    </p>
   </div>
   <div class='ocr_carea' id='block_1_41' title="bbox 349 3781 490 3844">
    <p class='ocr_par' dir='ltr' id='par_1_41' title="bbox 349 3781 490 3844">
     <span class='ocr_line' id='line_1_43' title="bbox 349 3781 490 3844; baseline -0.007 -9"><span class='ocrx_word' id='word_1_278' title='bbox 349 3781 448 3844; x_wconf 80' lang='lat' dir='ltr'><strong>lini</strong></span> <span class='ocrx_word' id='word_1_279' title='bbox 476 3795 490 3834; x_wconf 90' lang='lat'><strong>:</strong></span> 
     </span>
    </p>
   </div>
   <div class='ocr_carea' id='block_1_42' title="bbox 479 3867 1542 3934">
    <p class='ocr_par' dir='ltr' id='par_1_42' title="bbox 479 3867 1542 3934">
     <span class='ocr_line' id='line_1_44' title="bbox 479 3867 1542 3934; baseline -0.005 -14"><span class='ocrx_word' id='word_1_280' title='bbox 479 3870 652 3921; x_wconf 91' lang='lat' dir='ltr'><strong>Donec</strong></span> <span class='ocrx_word' id='word_1_281' title='bbox 673 3872 919 3934; x_wconf 69' lang='lat' dir='ltr'><strong>aspirante</strong></span> <span class='ocrx_word' id='word_1_282' title='bbox 945 3869 1053 3924; x_wconf 87' lang='lat' dir='ltr'><strong>Deo</strong></span> <span class='ocrx_word' id='word_1_283' title='bbox 1077 3869 1333 3919; x_wconf 85' lang='lat' dir='ltr'><strong>conatibus</strong></span> <span class='ocrx_word' id='word_1_284' title='bbox 1354 3867 1503 3930; x_wconf 75' lang='lat' dir='ltr'><strong>aegris</strong></span> <span class='ocrx_word' id='word_1_285' title='bbox 1524 3879 1542 3929; x_wconf 86' lang='lat'><strong>;</strong></span> 
     </span>
    </p>
   </div>
   <div class='ocr_carea' id='block_1_43' title="bbox 352 3955 1176 4027">
    <p class='ocr_par' dir='ltr' id='par_1_43' title="bbox 352 3955 1176 4027">
     <span class='ocr_line' id='line_1_45' title="bbox 352 3955 1176 4027; baseline -0.005 -14"><span class='ocrx_word' id='word_1_286' title='bbox 352 3956 536 4013; x_wconf 85' lang='lat' dir='ltr'><strong>brevis</strong></span> <span class='ocrx_word' id='word_1_287' title='bbox 571 3956 624 4010; x_wconf 94' lang='lat' dir='ltr'><strong>in</strong></span> <span class='ocrx_word' id='word_1_288' title='bbox 647 3956 752 4011; x_wconf 90' lang='lat' dir='ltr'><strong>hoc</strong></span> <span class='ocrx_word' id='word_1_289' title='bbox 777 3955 1050 4027; x_wconf 90' lang='lat' dir='ltr'><strong>Prosperi,</strong></span> <span class='ocrx_word' id='word_1_290' title='bbox 1079 3964 1176 4010; x_wconf 90' lang='lat' dir='ltr'><strong>ut:</strong></span> 
     </span>
    </p>
   </div>
   <div class='ocr_carea' id='block_1_44' title="bbox 479 4061 1701 4128">
    <p class='ocr_par' dir='ltr' id='par_1_44' title="bbox 479 4061 1701 4128">
     <span class='ocr_line' id='line_1_46' title="bbox 479 4061 1701 4128; baseline -0.003 -14"><span class='ocrx_word' id='word_1_291' title='bbox 479 4066 648 4120; x_wconf 77' lang='lat' dir='ltr'><strong>Morbo</strong></span> <span class='ocrx_word' id='word_1_292' title='bbox 667 4067 880 4118; x_wconf 88' lang='lat' dir='ltr'><strong>obsessis</strong></span> <span class='ocrx_word' id='word_1_293' title='bbox 905 4067 1174 4128; x_wconf 60' lang='lat' dir='ltr'><strong>prastanda</strong></span> <span class='ocrx_word' id='word_1_294' title='bbox 1198 4071 1270 4115; x_wconf 81' lang='lat' dir='ltr'><strong>est</strong></span> <span class='ocrx_word' id='word_1_295' title='bbox 1298 4078 1415 4116; x_wconf 78' lang='lat' dir='ltr'><strong>cura</strong></span> <span class='ocrx_word' id='word_1_296' title='bbox 1435 4061 1701 4123; x_wconf 76' lang='lat' dir='ltr'><strong>medendi:</strong></span> 
     </span>
    </p>
   </div>
   <div class='ocr_carea' id='block_1_45' title="bbox 541 4128 1551 4192">
    <p class='ocr_par' dir='ltr' id='par_1_45' title="bbox 541 4128 1551 4192">
     <span class='ocr_line' id='line_1_47' title="bbox 541 4128 1551 4192; baseline -0.002 -16"><span class='ocrx_word' id='word_1_297' title='bbox 541 4128 709 4178; x_wconf 90' lang='lat' dir='ltr'><strong>Donec</strong></span> <span class='ocrx_word' id='word_1_298' title='bbox 734 4131 782 4177; x_wconf 92' lang='lat' dir='ltr'><strong>in</strong></span> <span class='ocrx_word' id='word_1_299' title='bbox 808 4137 995 4190; x_wconf 75' lang='lat' dir='ltr'><strong>aegroto</strong></span> <span class='ocrx_word' id='word_1_300' title='bbox 1017 4141 1224 4192; x_wconf 87' lang='lat' dir='ltr'><strong>corpore</strong></span> <span class='ocrx_word' id='word_1_301' title='bbox 1251 4129 1344 4176; x_wconf 82' lang='lat' dir='ltr'><strong>vita</strong></span> <span class='ocrx_word' id='word_1_302' title='bbox 1367 4134 1551 4178; x_wconf 85' lang='lat' dir='ltr'><strong>manet.</strong></span> 
     </span>
    </p>
   </div>
   <div class='ocr_carea' id='block_1_46' title="bbox 355 4205 1953 4284">
    <p class='ocr_par' dir='ltr' id='par_1_46' title="bbox 355 4205 1953 4284">
     <span class='ocr_line' id='line_1_48' title="bbox 355 4205 1953 4284; baseline -0.004 -18"><span class='ocrx_word' id='word_1_303' title='bbox 355 4211 590 4266; x_wconf 86' lang='lat' dir='ltr'><strong>Octavus</strong></span> <span class='ocrx_word' id='word_1_304' title='bbox 627 4211 822 4266; x_wconf 88' lang='lat' dir='ltr'><strong>modus</strong></span> <span class='ocrx_word' id='word_1_305' title='bbox 861 4219 965 4276; x_wconf 90' lang='lat' dir='ltr'><strong>est,</strong></span> <span class='ocrx_word' id='word_1_306' title='bbox 999 4227 1124 4268; x_wconf 92' lang='lat' dir='ltr'><strong>cum</strong></span> <span class='ocrx_word' id='word_1_307' title='bbox 1151 4221 1458 4284; x_wconf 89' lang='lat' dir='ltr'><strong>correptam</strong></span> <span class='ocrx_word' id='word_1_308' title='bbox 1505 4207 1745 4263; x_wconf 87' lang='lat' dir='ltr'><strong>vocalem</strong></span> <span class='ocrx_word' id='word_1_309' title='bbox 1780 4205 1836 4261; x_wconf 90' lang='lat' dir='ltr'><strong>in</strong></span> <span class='ocrx_word' id='word_1_310' title='bbox 1863 4219 1953 4261; x_wconf 89' lang='lat' dir='ltr'><strong>ea-</strong></span> 
     </span>
    </p>
   </div>
   <div class='ocr_carea' id='block_1_47' title="bbox 355 4297 1950 4374">
    <p class='ocr_par' dir='ltr' id='par_1_47' title="bbox 355 4297 1950 4374">
     <span class='ocr_line' id='line_1_49' title="bbox 355 4297 1950 4374; baseline -0.004 -16"><span class='ocrx_word' id='word_1_311' title='bbox 355 4305 475 4358; x_wconf 87' lang='lat' dir='ltr'><strong>dem</strong></span> <span class='ocrx_word' id='word_1_312' title='bbox 511 4311 667 4374; x_wconf 88' lang='lat' dir='ltr'><strong>parte</strong></span> <span class='ocrx_word' id='word_1_313' title='bbox 693 4303 960 4358; x_wconf 88' lang='lat' dir='ltr'><strong>orationis</strong></span> <span class='ocrx_word' id='word_1_314' title='bbox 992 4303 1343 4373; x_wconf 88' lang='lat' dir='ltr'><strong>consequitur</strong></span> <span class='ocrx_word' id='word_1_315' title='bbox 1375 4319 1403 4354; x_wconf 83' lang='lat' dir='ltr'><strong><em>z</em></strong></span> <span class='ocrx_word' id='word_1_316' title='bbox 1431 4315 1737 4356; x_wconf 86' lang='lat' dir='ltr'><strong>consonans</strong></span> <span class='ocrx_word' id='word_1_317' title='bbox 1762 4297 1950 4354; x_wconf 76' lang='lat' dir='ltr'><strong>Graeca</strong></span> 
     </span>
    </p>
   </div>
   <div class='ocr_carea' id='block_1_48' title="bbox 358 4393 1553 4480">
    <p class='ocr_par' dir='ltr' id='par_1_48' title="bbox 358 4393 1553 4480">
     <span class='ocr_line' id='line_1_50' title="bbox 358 4393 1553 4480; baseline -0.004 -28"><span class='ocrx_word' id='word_1_318' title='bbox 358 4395 572 4466; x_wconf 85' lang='lat' dir='ltr'><strong>duplex.</strong></span> <span class='ocrx_word' id='word_1_319' title='bbox 600 4396 697 4452; x_wconf 90' lang='lat' dir='ltr'><strong>Est</strong></span> <span class='ocrx_word' id='word_1_320' title='bbox 727 4397 884 4480; x_wconf 35' lang='lat' dir='ltr'><strong>enim.</strong></span> <span class='ocrx_word' id='word_1_321' title='bbox 896 4395 1056 4468; x_wconf 87' lang='lat' dir='ltr'><strong>longa</strong></span> <span class='ocrx_word' id='word_1_322' title='bbox 1081 4395 1137 4449; x_wconf 89' lang='lat' dir='ltr'><strong>in</strong></span> <span class='ocrx_word' id='word_1_323' title='bbox 1169 4395 1273 4451; x_wconf 81' lang='lat' dir='ltr'><strong>hoc</strong></span> <span class='ocrx_word' id='word_1_324' title='bbox 1291 4393 1516 4451; x_wconf 83' lang='lat' dir='ltr'><strong>Juvenci</strong></span> <span class='ocrx_word' id='word_1_325' title='bbox 1542 4413 1553 4447; x_wconf 88' lang='lat'><strong>:</strong></span> 
     </span>
    </p>
   </div>
   <div class='ocr_carea' id='block_1_49' title="bbox 541 4506 1572 4577">
    <p class='ocr_par' dir='ltr' id='par_1_49' title="bbox 541 4506 1572 4577">
     <span class='ocr_line' id='line_1_51' title="bbox 541 4506 1572 4577; baseline 0.006 -20"><span class='ocrx_word' id='word_1_326' title='bbox 541 4506 758 4558; x_wconf 77' lang='lat' dir='ltr'><strong>Ditiicile</strong></span> <span class='ocrx_word' id='word_1_327' title='bbox 789 4515 868 4558; x_wconf 89' lang='lat' dir='ltr'><strong>est</strong></span> <span class='ocrx_word' id='word_1_328' title='bbox 890 4510 1037 4560; x_wconf 86' lang='lat' dir='ltr'><strong>terris</strong></span> <span class='ocrx_word' id='word_1_329' title='bbox 1059 4509 1232 4562; x_wconf 77' lang='lat' dir='ltr'><strong>atiixos</strong></span> <span class='ocrx_word' id='word_1_330' title='bbox 1245 4509 1398 4562; x_wconf 85' lang='lat' dir='ltr'><strong>divite</strong></span> <span class='ocrx_word' id='word_1_331' title='bbox 1422 4519 1572 4577; x_wconf 67' lang='lat' dir='ltr'><strong>gaza;</strong></span> 
     </span>
    </p>
   </div>
   <div class='ocr_carea' id='block_1_50' title="bbox 308 4607 1066 4683">
    <p class='ocr_par' dir='ltr' id='par_1_50' title="bbox 308 4607 1066 4683">
     <span class='ocr_line' id='line_1_52' title="bbox 308 4607 1066 4683; baseline -0.001 -15"><span class='ocrx_word' id='word_1_332' title='bbox 308 4607 315 4616; x_wconf 89' lang='grc'><em>’</em></span> <span class='ocrx_word' id='word_1_333' title='bbox 357 4611 541 4668; x_wconf 89' lang='lat' dir='ltr'><strong>brevis</strong></span> <span class='ocrx_word' id='word_1_334' title='bbox 568 4612 623 4668; x_wconf 90' lang='lat' dir='ltr'><strong>in</strong></span> <span class='ocrx_word' id='word_1_335' title='bbox 648 4613 751 4668; x_wconf 89' lang='lat' dir='ltr'><strong>hoc</strong></span> <span class='ocrx_word' id='word_1_336' title='bbox 780 4612 1022 4683; x_wconf 88' lang='lat' dir='ltr'><strong>ejusdem</strong></span> <span class='ocrx_word' id='word_1_337' title='bbox 1051 4628 1066 4667; x_wconf 88' lang='lat'><strong>:</strong></span> 
     </span>
    </p>
   </div>
   <div class='ocr_carea' id='block_1_51' title="bbox 541 4703 1680 4769">
    <p class='ocr_par' dir='ltr' id='par_1_51' title="bbox 541 4703 1680 4769">
     <span class='ocr_line' id='line_1_53' title="bbox 541 4703 1680 4769; baseline -0.002 -14"><span class='ocrx_word' id='word_1_338' title='bbox 541 4705 602 4756; x_wconf 88' lang='lat' dir='ltr'><strong>Et</strong></span> <span class='ocrx_word' id='word_1_339' title='bbox 627 4718 742 4769; x_wconf 81' lang='lat' dir='ltr'><strong>gaza</strong></span> <span class='ocrx_word' id='word_1_340' title='bbox 766 4706 982 4756; x_wconf 87' lang='lat' dir='ltr'><strong>distabat</strong></span> <span class='ocrx_word' id='word_1_341' title='bbox 1001 4718 1171 4755; x_wconf 87' lang='lat' dir='ltr'><strong>rerum</strong></span> <span class='ocrx_word' id='word_1_342' title='bbox 1195 4707 1442 4768; x_wconf 86' lang='lat' dir='ltr'><strong>possessio</strong></span> <span class='ocrx_word' id='word_1_343' title='bbox 1469 4703 1680 4766; x_wconf 81' lang='lat' dir='ltr'><strong>fulgens.</strong></span> 
     </span>
    </p>
   </div>
   <div class='ocr_carea' id='block_1_52' title="bbox 361 4784 1938 4860">
    <p class='ocr_par' dir='ltr' id='par_1_52' title="bbox 361 4784 1938 4860">
     <span class='ocr_line' id='line_1_54' title="bbox 361 4784 1938 4860; baseline 0 -20"><span class='ocrx_word' id='word_1_344' title='bbox 361 4789 544 4844; x_wconf 72' lang='lat' dir='ltr'><strong>Nouus</strong></span> <span class='ocrx_word' id='word_1_345' title='bbox 576 4790 770 4844; x_wconf 89' lang='lat' dir='ltr'><strong>modus</strong></span> <span class='ocrx_word' id='word_1_346' title='bbox 799 4797 883 4848; x_wconf 88' lang='lat' dir='ltr'><strong>est</strong></span> <span class='ocrx_word' id='word_1_347' title='bbox 909 4805 1016 4859; x_wconf 88' lang='lat' dir='ltr'><strong>quo</strong></span> <span class='ocrx_word' id='word_1_348' title='bbox 1046 4789 1226 4844; x_wconf 90' lang='lat' dir='ltr'><strong>omnis</strong></span> <span class='ocrx_word' id='word_1_349' title='bbox 1250 4788 1455 4860; x_wconf 82' lang='lat' dir='ltr'><strong>syllaba</strong></span> <span class='ocrx_word' id='word_1_350' title='bbox 1500 4784 1795 4842; x_wconf 85' lang='lat' dir='ltr'><strong>novissima</strong></span> <span class='ocrx_word' id='word_1_351' title='bbox 1823 4800 1938 4844; x_wconf 82' lang='lat' dir='ltr'><strong>ver—</strong></span> 
     </span>
    </p>
   </div>
   <div class='ocr_carea' id='block_1_53' title="bbox 363 4877 1955 4952">
    <p class='ocr_par' dir='ltr' id='par_1_53' title="bbox 363 4877 1955 4952">
     <span class='ocr_line' id='line_1_55' title="bbox 363 4877 1955 4952; baseline 0 -20"><span class='ocrx_word' id='word_1_352' title='bbox 363 4896 472 4947; x_wconf 79' lang='lat' dir='ltr'><strong>sus,</strong></span> <span class='ocrx_word' id='word_1_353' title='bbox 501 4880 552 4945; x_wconf 80' lang='lat' dir='ltr'><strong>in</strong></span> <span class='ocrx_word' id='word_1_354' title='bbox 581 4897 904 4951; x_wconf 87' lang='lat' dir='ltr'><strong>quocunque</strong></span> <span class='ocrx_word' id='word_1_355' title='bbox 939 4893 1136 4946; x_wconf 86' lang='lat' dir='ltr'><strong>metro,</strong></span> <span class='ocrx_word' id='word_1_356' title='bbox 1165 4883 1514 4952; x_wconf 86' lang='lat' dir='ltr'><strong>adiaphoros,</strong></span> <span class='ocrx_word' id='word_1_357' title='bbox 1543 4881 1597 4936; x_wconf 91' lang='lat' dir='ltr'><strong>id</strong></span> <span class='ocrx_word' id='word_1_358' title='bbox 1623 4889 1709 4936; x_wconf 86' lang='lat' dir='ltr'><strong>est</strong></span> <span class='ocrx_word' id='word_1_359' title='bbox 1738 4877 1955 4940; x_wconf 68' lang='lat' dir='ltr'><strong>indiffe-</strong></span> 
     </span>
    </p>
   </div>
   <div class='ocr_carea' id='block_1_54' title="bbox 362 4973 1952 5042">
    <p class='ocr_par' dir='ltr' id='par_1_54' title="bbox 362 4973 1952 5042">
     <span class='ocr_line' id='line_1_56' title="bbox 362 4973 1952 5042; baseline 0 -16"><span class='ocrx_word' id='word_1_360' title='bbox 362 4987 486 5027; x_wconf 89' lang='lat' dir='ltr'><strong>rens</strong></span> <span class='ocrx_word' id='word_1_361' title='bbox 531 4983 632 5039; x_wconf 81' lang='lat' dir='ltr'><strong>est,</strong></span> <span class='ocrx_word' id='word_1_362' title='bbox 672 4981 728 5027; x_wconf 90' lang='lat' dir='ltr'><strong>et</strong></span> <span class='ocrx_word' id='word_1_363' title='bbox 771 4973 839 5028; x_wconf 87' lang='lat' dir='ltr'><strong>ad</strong></span> <span class='ocrx_word' id='word_1_364' title='bbox 878 4974 1210 5035; x_wconf 82' lang='lat' dir='ltr'><strong>voluntatem</strong></span> <span class='ocrx_word' id='word_1_365' title='bbox 1252 4982 1559 5041; x_wconf 77' lang='lat' dir='ltr'><strong>poetarum,</strong></span> <span class='ocrx_word' id='word_1_366' title='bbox 1605 4981 1660 5034; x_wconf 84' lang='lat' dir='ltr'><strong>et</strong></span> <span class='ocrx_word' id='word_1_367' title='bbox 1701 4981 1952 5042; x_wconf 85' lang='lat' dir='ltr'><strong>correpta</strong></span> 
     </span>
    </p>
   </div>
   <div class='ocr_carea' id='block_1_55' title="bbox 359 5063 1951 5135">
    <p class='ocr_par' dir='ltr' id='par_1_55' title="bbox 359 5063 1951 5135">
     <span class='ocr_line' id='line_1_57' title="bbox 359 5063 1951 5135; baseline -0.001 -17"><span class='ocrx_word' id='word_1_368' title='bbox 359 5065 674 5133; x_wconf 82' lang='lat' dir='ltr'><strong>producitur</strong></span> <span class='ocrx_word' id='word_1_369' title='bbox 708 5072 764 5126; x_wconf 87' lang='lat' dir='ltr'><strong>et</strong></span> <span class='ocrx_word' id='word_1_370' title='bbox 791 5066 1050 5135; x_wconf 80' lang='lat' dir='ltr'><strong>producta</strong></span> <span class='ocrx_word' id='word_1_371' title='bbox 1082 5064 1408 5134; x_wconf 87' lang='lat' dir='ltr'><strong>corripitur;</strong></span> <span class='ocrx_word' id='word_1_372' title='bbox 1441 5063 1592 5132; x_wconf 79' lang='lat' dir='ltr'><strong>cujus</strong></span> <span class='ocrx_word' id='word_1_373' title='bbox 1621 5065 1862 5132; x_wconf 74' lang='lat' dir='ltr'><strong>exempla</strong></span> <span class='ocrx_word' id='word_1_374' title='bbox 1896 5065 1951 5116; x_wconf 90' lang='lat' dir='ltr'><strong>in</strong></span> 
     </span>
    </p>
   </div>
   <div class='ocr_carea' id='block_1_56' title="bbox 360 5157 1953 5229">
    <p class='ocr_par' dir='ltr' id='par_1_56' title="bbox 360 5157 1953 5229">
     <span class='ocr_line' id='line_1_58' title="bbox 360 5157 1953 5229; baseline 0.001 -18"><span class='ocrx_word' id='word_1_375' title='bbox 360 5157 610 5214; x_wconf 87' lang='lat' dir='ltr'><strong>omnibus</strong></span> <span class='ocrx_word' id='word_1_376' title='bbox 632 5159 820 5216; x_wconf 88' lang='lat' dir='ltr'><strong>metris</strong></span> <span class='ocrx_word' id='word_1_377' title='bbox 848 5167 974 5223; x_wconf 80' lang='lat' dir='ltr'><strong>sunt</strong></span> <span class='ocrx_word' id='word_1_378' title='bbox 999 5160 1252 5229; x_wconf 68' lang='lat' dir='ltr'><strong>plurima,</strong></span> <span class='ocrx_word' id='word_1_379' title='bbox 1281 5160 1576 5216; x_wconf 84' lang='lat' dir='ltr'><strong>Sciendum</strong></span> <span class='ocrx_word' id='word_1_380' title='bbox 1601 5168 1781 5215; x_wconf 82' lang='lat' dir='ltr'><strong>autem</strong></span> <span class='ocrx_word' id='word_1_381' title='bbox 1807 5158 1953 5229; x_wconf 91' lang='lat' dir='ltr'><strong>quod</strong></span> 
     </span>
    </p>
   </div>
   <div class='ocr_carea' id='block_1_57' title="bbox 362 5238 1954 5326">
    <p class='ocr_par' dir='ltr' id='par_1_57' title="bbox 362 5238 1954 5326">
     <span class='ocr_line' id='line_1_59' title="bbox 362 5238 1954 5326; baseline 0.003 -23"><span class='ocrx_word' id='word_1_382' title='bbox 362 5248 499 5306; x_wconf 79' lang='lat' dir='ltr'><strong>falso</strong></span> <span class='ocrx_word' id='word_1_383' title='bbox 534 5247 570 5306; x_wconf 76' lang='lat' dir='ltr'><strong>at:</strong></span> <span class='ocrx_word' id='word_1_384' title='bbox 605 5252 844 5312; x_wconf 87' lang='lat' dir='ltr'><strong>litteram</strong></span> <span class='ocrx_word' id='word_1_385' title='bbox 868 5255 1052 5312; x_wconf 87' lang='lat' dir='ltr'><strong>dicunt</strong></span> <span class='ocrx_word' id='word_1_386' title='bbox 1076 5238 1422 5313; x_wconf 70' lang='lat' dir='ltr'><strong>communem</strong></span> <span class='ocrx_word' id='word_1_387' title='bbox 1463 5254 1724 5326; x_wconf 85' lang='lat' dir='ltr'><strong>syllabam</strong></span> <span class='ocrx_word' id='word_1_388' title='bbox 1773 5253 1954 5308; x_wconf 80' lang='lat' dir='ltr'><strong>facere</strong></span> 
     </span>
    </p>
   </div>
   <div class='ocr_carea' id='block_1_58' title="bbox 361 5341 1956 5416">
    <p class='ocr_par' dir='ltr' id='par_1_58' title="bbox 361 5341 1956 5416">
     <span class='ocr_line' id='line_1_60' title="bbox 361 5341 1956 5416; baseline -0.006 -6"><span class='ocrx_word' id='word_1_389' title='bbox 361 5355 522 5410; x_wconf 69' lang='lat' dir='ltr'><strong>P0558</strong></span> <span class='ocrx_word' id='word_1_390' title='bbox 544 5341 600 5397; x_wconf 79' lang='grc' dir='ltr'><strong>ίῐι</strong></span> <span class='ocrx_word' id='word_1_391' title='bbox 638 5353 838 5410; x_wconf 80' lang='lat' dir='ltr'><strong>metro.</strong></span> <span class='ocrx_word' id='word_1_392' title='bbox 865 5346 994 5416; x_wconf 82' lang='lat' dir='ltr'><strong>quia</strong></span> <span class='ocrx_word' id='word_1_393' title='bbox 1035 5361 1156 5406; x_wconf 82' lang='lat' dir='ltr'><strong>cum</strong></span> <span class='ocrx_word' id='word_1_394' title='bbox 1206 5345 1262 5405; x_wconf 91' lang='lat' dir='ltr'><strong>in</strong></span> <span class='ocrx_word' id='word_1_395' title='bbox 1289 5345 1479 5402; x_wconf 86' lang='lat' dir='ltr'><strong>eadem</strong></span> <span class='ocrx_word' id='word_1_396' title='bbox 1499 5353 1656 5416; x_wconf 87' lang='lat' dir='ltr'><strong>parte</strong></span> <span class='ocrx_word' id='word_1_397' title='bbox 1692 5345 1956 5400; x_wconf 89' lang='lat' dir='ltr'><strong>orationis</strong></span> 
     </span>
    </p>
   </div>
   <div class='ocr_carea' id='block_1_59' title="bbox 364 5436 1955 5509">
    <p class='ocr_par' dir='ltr' id='par_1_59' title="bbox 364 5436 1955 5509">
     <span class='ocr_line' id='line_1_61' title="bbox 364 5436 1955 5509; baseline 0 -18"><span class='ocrx_word' id='word_1_398' title='bbox 364 5436 612 5507; x_wconf 86' lang='lat' dir='ltr'><strong>sequitur</strong></span> <span class='ocrx_word' id='word_1_399' title='bbox 631 5437 890 5503; x_wconf 87' lang='lat' dir='ltr'><strong>vocalem,</strong></span> <span class='ocrx_word' id='word_1_400' title='bbox 923 5440 1036 5496; x_wconf 84' lang='lat' dir='ltr'><strong>sive</strong></span> <span class='ocrx_word' id='word_1_401' title='bbox 1065 5447 1258 5498; x_wconf 83' lang='lat' dir='ltr'><strong>natura</strong></span> <span class='ocrx_word' id='word_1_402' title='bbox 1295 5438 1455 5509; x_wconf 80' lang='lat' dir='ltr'><strong>longa</strong></span> <span class='ocrx_word' id='word_1_403' title='bbox 1481 5439 1573 5501; x_wconf 88' lang='lat' dir='ltr'><strong>sit,</strong></span> <span class='ocrx_word' id='word_1_404' title='bbox 1601 5439 1715 5493; x_wconf 87' lang='lat' dir='ltr'><strong>sive</strong></span> <span class='ocrx_word' id='word_1_405' title='bbox 1757 5446 1955 5492; x_wconf 90' lang='lat' dir='ltr'><strong>natura</strong></span> 
     </span>
    </p>
   </div>
   <div class='ocr_carea' id='block_1_60' title="bbox 363 5527 1956 5599">
    <p class='ocr_par' dir='ltr' id='par_1_60' title="bbox 363 5527 1956 5599">
     <span class='ocr_line' id='line_1_62' title="bbox 363 5527 1956 5599; baseline -0.003 -15"><span class='ocrx_word' id='word_1_406' title='bbox 363 5527 567 5594; x_wconf 85' lang='lat' dir='ltr'><strong>brevis,</strong></span> <span class='ocrx_word' id='word_1_407' title='bbox 597 5544 813 5599; x_wconf 86' lang='lat' dir='ltr'><strong>semper</strong></span> <span class='ocrx_word' id='word_1_408' title='bbox 837 5545 960 5586; x_wconf 85' lang='lat' dir='ltr'><strong>eam</strong></span> <span class='ocrx_word' id='word_1_409' title='bbox 991 5531 1156 5586; x_wconf 85' lang='lat' dir='ltr'><strong>habet</strong></span> <span class='ocrx_word' id='word_1_410' title='bbox 1183 5530 1419 5597; x_wconf 73' lang='lat' dir='ltr'><strong>longam,</strong></span> <span class='ocrx_word' id='word_1_411' title='bbox 1447 5536 1505 5584; x_wconf 87' lang='lat' dir='ltr'><strong>ut</strong></span> <span class='ocrx_word' id='word_1_412' title='bbox 1534 5545 1662 5598; x_wconf 70' lang='lat' dir='ltr'><strong>pax,</strong></span> <span class='ocrx_word' id='word_1_413' title='bbox 1685 5527 1800 5592; x_wconf 71' lang='lat' dir='ltr'><strong>lux,</strong></span> <span class='ocrx_word' id='word_1_414' title='bbox 1831 5542 1956 5592; x_wconf 74' lang='lat' dir='ltr'><strong>vox,</strong></span> 
     </span>
    </p>
   </div>
   <div class='ocr_carea' id='block_1_61' title="bbox 367 5621 1957 5695">
    <p class='ocr_par' dir='ltr' id='par_1_61' title="bbox 367 5621 1957 5695">
     <span class='ocr_line' id='line_1_63' title="bbox 367 5621 1957 5695; baseline 0 -19"><span class='ocrx_word' id='word_1_415' title='bbox 367 5638 481 5690; x_wconf 67' lang='lat' dir='ltr'><strong>rex,</strong></span> <span class='ocrx_word' id='word_1_416' title='bbox 512 5622 629 5690; x_wconf 73' lang='lat' dir='ltr'><strong>(ex;</strong></span> <span class='ocrx_word' id='word_1_417' title='bbox 659 5633 715 5683; x_wconf 88' lang='lat' dir='ltr'><strong>et</strong></span> <span class='ocrx_word' id='word_1_418' title='bbox 745 5625 875 5684; x_wconf 81' lang='lat' dir='ltr'><strong>item</strong></span> <span class='ocrx_word' id='word_1_419' title='bbox 903 5625 1018 5695; x_wconf 73' lang='lat' dir='ltr'><strong>fax,</strong></span> <span class='ocrx_word' id='word_1_420' title='bbox 1047 5641 1166 5691; x_wconf 70' lang='lat' dir='ltr'><strong>neat,</strong></span> <span class='ocrx_word' id='word_1_421' title='bbox 1213 5626 1326 5692; x_wconf 64' lang='lat' dir='ltr'><strong>uix,</strong></span> <span class='ocrx_word' id='word_1_422' title='bbox 1359 5640 1484 5686; x_wconf 71' lang='lat' dir='ltr'><strong>nar,</strong></span> <span class='ocrx_word' id='word_1_423' title='bbox 1514 5639 1646 5678; x_wconf 68' lang='lat' dir='ltr'><strong>nux.</strong></span> <span class='ocrx_word' id='word_1_424' title='bbox 1670 5621 1806 5676; x_wconf 88' lang='lat' dir='ltr'><strong>Cum</strong></span> <span class='ocrx_word' id='word_1_425' title='bbox 1824 5635 1957 5676; x_wconf 90' lang='lat' dir='ltr'><strong>vero</strong></span> 
     </span>
    </p>
   </div>
   <div class='ocr_carea' id='block_1_62' title="bbox 370 5713 1957 5789">
    <p class='ocr_par' dir='ltr' id='par_1_62' title="bbox 370 5713 1957 5789">
     <span class='ocr_line' id='line_1_64' title="bbox 370 5713 1957 5789; baseline 0.001 -21"><span class='ocrx_word' id='word_1_426' title='bbox 370 5714 426 5769; x_wconf 79' lang='lat' dir='ltr'><strong>in</strong></span> <span class='ocrx_word' id='word_1_427' title='bbox 458 5717 758 5785; x_wconf 88' lang='lat' dir='ltr'><strong>primordio</strong></span> <span class='ocrx_word' id='word_1_428' title='bbox 787 5717 949 5782; x_wconf 72' lang='lat' dir='ltr'><strong>fuerit</strong></span> <span class='ocrx_word' id='word_1_429' title='bbox 983 5719 1158 5784; x_wconf 87' lang='lat' dir='ltr'><strong>verbi,</strong></span> <span class='ocrx_word' id='word_1_430' title='bbox 1206 5734 1313 5782; x_wconf 83' lang='lat' dir='ltr'><strong>non</strong></span> <span class='ocrx_word' id='word_1_431' title='bbox 1355 5725 1534 5789; x_wconf 85' lang='lat' dir='ltr'><strong>potest</strong></span> <span class='ocrx_word' id='word_1_432' title='bbox 1563 5716 1864 5788; x_wconf 81' lang='lat' dir='ltr'><strong>producere</strong></span> <span class='ocrx_word' id='word_1_433' title='bbox 1893 5713 1957 5769; x_wconf 77' lang='lat' dir='ltr'><strong>ti-</strong></span> 
     </span>
    </p>
   </div>
   <div class='ocr_carea' id='block_1_63' title="bbox 371 5807 1353 5879">
    <p class='ocr_par' dir='ltr' id='par_1_63' title="bbox 371 5807 1353 5879">
     <span class='ocr_line' id='line_1_65' title="bbox 371 5807 1353 5879; baseline 0.001 -15"><span class='ocrx_word' id='word_1_434' title='bbox 371 5807 549 5864; x_wconf 85' lang='lat' dir='ltr'><strong>nalem</strong></span> <span class='ocrx_word' id='word_1_435' title='bbox 573 5807 817 5866; x_wconf 86' lang='lat' dir='ltr'><strong>vocalem</strong></span> <span class='ocrx_word' id='word_1_436' title='bbox 842 5810 1043 5879; x_wconf 80' lang='lat' dir='ltr'><strong>prioris</strong></span> <span class='ocrx_word' id='word_1_437' title='bbox 1063 5811 1233 5877; x_wconf 85' lang='lat' dir='ltr'><strong>verbi,</strong></span> <span class='ocrx_word' id='word_1_438' title='bbox 1255 5819 1318 5866; x_wconf 91' lang='lat' dir='ltr'><strong>ut</strong></span> <span class='ocrx_word' id='word_1_439' title='bbox 1340 5829 1353 5865; x_wconf 91' lang='lat'><strong>:</strong></span> 
     </span>
    </p>
   </div>
   <div class='ocr_carea' id='block_1_64' title="bbox 561 5917 1736 5990">
    <p class='ocr_par' dir='ltr' id='par_1_64' title="bbox 561 5917 1736 5990">
     <span class='ocr_line' id='line_1_66' title="bbox 561 5917 1736 5990; baseline 0.003 -22"><span class='ocrx_word' id='word_1_440' title='bbox 561 5917 796 5977; x_wconf 59' lang='lat' dir='ltr'><strong>Pontium</strong></span> <span class='ocrx_word' id='word_1_441' title='bbox 817 5919 868 5990; x_wconf 87' lang='lat' dir='ltr'><strong>iu</strong></span> <span class='ocrx_word' id='word_1_442' title='bbox 891 5919 1058 5988; x_wconf 75' lang='lat' dir='ltr'><strong>stratis</strong></span> <span class='ocrx_word' id='word_1_443' title='bbox 1079 5920 1316 5988; x_wconf 76' lang='lat' dir='ltr'><strong>conduxit</strong></span> <span class='ocrx_word' id='word_1_444' title='bbox 1337 5919 1496 5974; x_wconf 84' lang='lat' dir='ltr'><strong>littora</strong></span> <span class='ocrx_word' id='word_1_445' title='bbox 1523 5921 1736 5973; x_wconf 79' lang='lat' dir='ltr'><strong>Xerxes.</strong></span> 
     </span>
    </p>
   </div>
   <div class='ocr_carea' id='block_1_65' title="bbox 1960 1920 2009 1986">
    <p class='ocr_par' dir='ltr' id='par_1_65' title="bbox 1960 1920 2009 1986">
     <span class='ocr_line' id='line_1_67' title="bbox 1960 1920 2009 1986; baseline 0 -6"><span class='ocrx_word' id='word_1_446' title='bbox 1960 1920 2009 1986; x_wconf 84' lang='grc' dir='ltr'>Β</span> 
     </span>
    </p>
   </div>
   <div class='ocr_carea' id='block_1_66' title="bbox 2023 615 3606 692">
    <p class='ocr_par' dir='ltr' id='par_1_66' title="bbox 2023 615 3606 692">
     <span class='ocr_line' id='line_1_68' title="bbox 2023 615 3606 692; baseline -0.004 -13"><span class='ocrx_word' id='word_1_447' title='bbox 2023 625 2141 679; x_wconf 81' lang='lat' dir='ltr'><strong>aliae</strong></span> <span class='ocrx_word' id='word_1_448' title='bbox 2181 631 2308 678; x_wconf 88' lang='lat' dir='ltr'><strong>sunt</strong></span> <span class='ocrx_word' id='word_1_449' title='bbox 2346 636 2569 692; x_wconf 80' lang='lat' dir='ltr'><strong>asperae,</strong></span> <span class='ocrx_word' id='word_1_450' title='bbox 2602 628 2660 676; x_wconf 90' lang='lat' dir='ltr'><strong>ut</strong></span> <span class='ocrx_word' id='word_1_451' title='bbox 2697 627 2838 682; x_wconf 74' lang='lat' dir='ltr'><strong>trux,</strong></span> <span class='ocrx_word' id='word_1_452' title='bbox 2872 632 3041 679; x_wconf 71' lang='lat' dir='ltr'><strong>crux;</strong></span> <span class='ocrx_word' id='word_1_453' title='bbox 3079 615 3196 672; x_wconf 83' lang='lat' dir='ltr'><strong>aliae</strong></span> <span class='ocrx_word' id='word_1_454' title='bbox 3227 616 3372 672; x_wconf 89' lang='lat' dir='ltr'><strong>leves</strong></span> <span class='ocrx_word' id='word_1_455' title='bbox 3401 615 3606 689; x_wconf 55' lang='grc' dir='ltr'><strong>μήπω,</strong></span> 
     </span>
    </p>
   </div>
   <div class='ocr_carea' id='block_1_67' title="bbox 2022 711 3603 790">
    <p class='ocr_par' dir='ltr' id='par_1_67' title="bbox 2022 711 3603 790">
     <span class='ocr_line' id='line_1_69' title="bbox 2022 711 3603 790; baseline -0.005 -16"><span class='ocrx_word' id='word_1_456' title='bbox 2022 717 2217 790; x_wconf 85' lang='lat' dir='ltr'><strong>lenes],</strong></span> <span class='ocrx_word' id='word_1_457' title='bbox 2246 726 2306 780; x_wconf 81' lang='lat' dir='ltr'><strong>ut</strong></span> <span class='ocrx_word' id='word_1_458' title='bbox 2353 716 2501 781; x_wconf 78' lang='lat' dir='ltr'><strong>luna,</strong></span> <span class='ocrx_word' id='word_1_459' title='bbox 2543 713 2706 777; x_wconf 65' lang='lat' dir='ltr'><strong>tanta;</strong></span> <span class='ocrx_word' id='word_1_460' title='bbox 2738 711 2856 766; x_wconf 85' lang='lat' dir='ltr'><strong>aliae</strong></span> <span class='ocrx_word' id='word_1_461' title='bbox 2905 725 3178 780; x_wconf 85' lang='lat' dir='ltr'><strong>proceres,</strong></span> <span class='ocrx_word' id='word_1_462' title='bbox 3205 725 3326 780; x_wconf 76' lang='lat' dir='ltr'><strong>quae</strong></span> <span class='ocrx_word' id='word_1_463' title='bbox 3365 712 3603 766; x_wconf 89' lang='lat' dir='ltr'><strong>vocalem</strong></span> 
     </span>
    </p>
   </div>
   <div class='ocr_carea' id='block_1_68' title="bbox 2024 801 3610 892">
    <p class='ocr_par' dir='ltr' id='par_1_68' title="bbox 2024 801 3610 892">
     <span class='ocr_line' id='line_1_70' title="bbox 2024 801 3610 892; baseline -0.006 -26"><span class='ocrx_word' id='word_1_464' title='bbox 2024 811 2238 892; x_wconf 79' lang='lat' dir='ltr'><strong>longam</strong></span> <span class='ocrx_word' id='word_1_465' title='bbox 2265 817 2568 872; x_wconf 75' lang='lat' dir='ltr'><strong>extremam</strong></span> <span class='ocrx_word' id='word_1_466' title='bbox 2589 806 2791 868; x_wconf 79' lang='lat' dir='ltr'><strong>habent</strong></span> <span class='ocrx_word' id='word_1_467' title='bbox 2822 812 2914 863; x_wconf 84' lang='lat' dir='ltr'><strong>aut</strong></span> <span class='ocrx_word' id='word_1_468' title='bbox 2941 801 3312 872; x_wconf 71' lang='lat' dir='ltr'><strong>penultimam,</strong></span> <span class='ocrx_word' id='word_1_469' title='bbox 3342 810 3422 867; x_wconf 87' lang='lat' dir='ltr'><strong>ut,</strong></span> <span class='ocrx_word' id='word_1_470' title='bbox 3460 820 3610 856; x_wconf 87' lang='lat' dir='ltr'><strong>man-</strong></span> 
     </span>
    </p>
   </div>
   <div class='ocr_carea' id='block_1_69' title="bbox 2024 891 3613 967">
    <p class='ocr_par' dir='ltr' id='par_1_69' title="bbox 2024 891 3613 967">
     <span class='ocr_line' id='line_1_71' title="bbox 2024 891 3613 967; baseline -0.006 -13"><span class='ocrx_word' id='word_1_471' title='bbox 2024 891 2266 964; x_wconf 71' lang='lat' dir='ltr'><strong>suetudo,</strong></span> <span class='ocrx_word' id='word_1_472' title='bbox 2289 897 2549 967; x_wconf 69' lang='lat' dir='ltr'><strong>facilitas;</strong></span> <span class='ocrx_word' id='word_1_473' title='bbox 2574 895 2689 956; x_wconf 75' lang='lat' dir='ltr'><strong>aliae</strong></span> <span class='ocrx_word' id='word_1_474' title='bbox 2717 892 3018 958; x_wconf 65' lang='lat' dir='ltr'><strong>retorridte,</strong></span> <span class='ocrx_word' id='word_1_475' title='bbox 3040 907 3162 961; x_wconf 68' lang='lat' dir='ltr'><strong>quae</strong></span> <span class='ocrx_word' id='word_1_476' title='bbox 3182 898 3384 956; x_wconf 84' lang='lat' dir='ltr'><strong>mutam</strong></span> <span class='ocrx_word' id='word_1_477' title='bbox 3408 891 3613 946; x_wconf 89' lang='lat' dir='ltr'><strong>habent</strong></span> 
     </span>
    </p>
   </div>
   <div class='ocr_carea' id='block_1_70' title="bbox 2027 983 3608 1054">
    <p class='ocr_par' dir='ltr' id='par_1_70' title="bbox 2027 983 3608 1054">
     <span class='ocr_line' id='line_1_72' title="bbox 2027 983 3608 1054; baseline -0.007 -8"><span class='ocrx_word' id='word_1_478' title='bbox 2027 999 2365 1054; x_wconf 79' lang='lat' dir='ltr'><strong>extremam;</strong></span> <span class='ocrx_word' id='word_1_479' title='bbox 2415 997 2477 1047; x_wconf 91' lang='lat' dir='ltr'><strong>ut</strong></span> <span class='ocrx_word' id='word_1_480' title='bbox 2517 987 2622 1052; x_wconf 75' lang='lat' dir='ltr'><strong>hic,</strong></span> <span class='ocrx_word' id='word_1_481' title='bbox 2657 986 2793 1050; x_wconf 81' lang='lat' dir='ltr'><strong>hoc;</strong></span> <span class='ocrx_word' id='word_1_482' title='bbox 2840 983 2960 1042; x_wconf 71' lang='lat' dir='ltr'><strong>alite</strong></span> <span class='ocrx_word' id='word_1_483' title='bbox 3014 983 3279 1050; x_wconf 76' lang='lat' dir='ltr'><strong>barbarae,</strong></span> <span class='ocrx_word' id='word_1_484' title='bbox 3327 991 3407 1048; x_wconf 88' lang='lat' dir='ltr'><strong>ut,</strong></span> <span class='ocrx_word' id='word_1_485' title='bbox 3453 999 3608 1052; x_wconf 75' lang='lat' dir='ltr'><strong>gaza,</strong></span> 
     </span>
    </p>
   </div>
   <div class='ocr_carea' id='block_1_71' title="bbox 2028 1076 3614 1151">
    <p class='ocr_par' dir='ltr' id='par_1_71' title="bbox 2028 1076 3614 1151">
     <span class='ocr_line' id='line_1_73' title="bbox 2028 1076 3614 1151; baseline -0.004 -14"><span class='ocrx_word' id='word_1_486' title='bbox 2028 1099 2325 1146; x_wconf 82' lang='lat' dir='ltr'><strong>mammon;</strong></span> <span class='ocrx_word' id='word_1_487' title='bbox 2365 1081 2485 1136; x_wconf 68' lang='lat' dir='ltr'><strong>alia:</strong></span> <span class='ocrx_word' id='word_1_488' title='bbox 2532 1079 2797 1151; x_wconf 61' lang='lat' dir='ltr'><strong>graecum,</strong></span> <span class='ocrx_word' id='word_1_489' title='bbox 2829 1085 2908 1145; x_wconf 81' lang='lat' dir='ltr'><strong>ut,</strong></span> <span class='ocrx_word' id='word_1_490' title='bbox 2956 1078 3210 1147; x_wconf 66' lang='lat' dir='ltr'><strong>hymnos,</strong></span> <span class='ocrx_word' id='word_1_491' title='bbox 3257 1093 3462 1141; x_wconf 62' lang='lat' dir='ltr'><strong>zenon;</strong></span> <span class='ocrx_word' id='word_1_492' title='bbox 3493 1076 3614 1131; x_wconf 60' lang='lat' dir='ltr'><strong>alia:</strong></span> 
     </span>
    </p>
   </div>
   <div class='ocr_carea' id='block_1_72' title="bbox 2029 1167 3612 1243">
    <p class='ocr_par' dir='ltr' id='par_1_72' title="bbox 2029 1167 3612 1243">
     <span class='ocr_line' id='line_1_74' title="bbox 2029 1167 3612 1243; baseline -0.006 -13"><span class='ocrx_word' id='word_1_493' title='bbox 2029 1175 2198 1238; x_wconf 72' lang='lat' dir='ltr'><strong>durat,</strong></span> <span class='ocrx_word' id='word_1_494' title='bbox 2227 1181 2286 1227; x_wconf 87' lang='lat' dir='ltr'><strong>ut</strong></span> <span class='ocrx_word' id='word_1_495' title='bbox 2307 1174 2536 1243; x_wconf 77' lang='lat' dir='ltr'><strong>ignotus,</strong></span> <span class='ocrx_word' id='word_1_496' title='bbox 2563 1173 2837 1241; x_wconf 76' lang='lat' dir='ltr'><strong>cognitus;</strong></span> <span class='ocrx_word' id='word_1_497' title='bbox 2874 1169 2992 1232; x_wconf 65' lang='lat' dir='ltr'><strong>alia)</strong></span> <span class='ocrx_word' id='word_1_498' title='bbox 3018 1168 3228 1233; x_wconf 84' lang='lat' dir='ltr'><strong>molles,</strong></span> <span class='ocrx_word' id='word_1_499' title='bbox 3255 1176 3314 1232; x_wconf 79' lang='lat' dir='ltr'><strong>ut</strong></span> <span class='ocrx_word' id='word_1_500' title='bbox 3339 1168 3494 1230; x_wconf 67' lang='lat' dir='ltr'><strong>(edes,</strong></span> <span class='ocrx_word' id='word_1_501' title='bbox 3530 1167 3612 1221; x_wconf 82' lang='lat' dir='ltr'><strong>lu-</strong></span> 
     </span>
    </p>
   </div>
   <div class='ocr_carea' id='block_1_73' title="bbox 2032 1258 3720 1332">
    <p class='ocr_par' dir='ltr' id='par_1_73' title="bbox 2032 1258 3720 1332">
     <span class='ocr_line' id='line_1_75' title="bbox 2032 1258 3720 1332; baseline -0.006 -10"><span class='ocrx_word' id='word_1_502' title='bbox 2032 1267 2128 1322; x_wconf 75' lang='lat' dir='ltr'><strong>dus</strong></span> <span class='ocrx_word' id='word_1_503' title='bbox 2178 1275 2232 1324; x_wconf 88' lang='lat' dir='ltr'><strong>et</strong></span> <span class='ocrx_word' id='word_1_504' title='bbox 2259 1267 2380 1328; x_wconf 86' lang='lat' dir='ltr'><strong>ideo</strong></span> <span class='ocrx_word' id='word_1_505' title='bbox 2415 1267 2516 1330; x_wconf 81' lang='lat' dir='ltr'><strong>hoc</strong></span> <span class='ocrx_word' id='word_1_506' title='bbox 2555 1265 2777 1327; x_wconf 80' lang='lat' dir='ltr'><strong>omnino</strong></span> <span class='ocrx_word' id='word_1_507' title='bbox 2805 1276 3024 1327; x_wconf 86' lang='lat' dir='ltr'><strong>servare</strong></span> <span class='ocrx_word' id='word_1_508' title='bbox 3052 1259 3270 1328; x_wconf 78' lang='lat' dir='ltr'><strong>debent,</strong></span> <span class='ocrx_word' id='word_1_509' title='bbox 3296 1260 3387 1328; x_wconf 90' lang='lat' dir='ltr'><strong>qui</strong></span> <span class='ocrx_word' id='word_1_510' title='bbox 3429 1258 3617 1332; x_wconf 81' lang='lat' dir='ltr'><strong>volunt</strong></span> <span class='ocrx_word' id='word_1_511' title='bbox 3708 1261 3720 1332; x_wconf 66' lang='grc' dir='ltr'>ξ</span> 
     </span>
    </p>
   </div>
   <div class='ocr_carea' id='block_1_74' title="bbox 2025 1347 3720 1428">
    <p class='ocr_par' dir='ltr' id='par_1_74' title="bbox 2025 1347 3720 1428">
     <span class='ocr_line' id='line_1_76' title="bbox 2025 1347 3720 1428; baseline -0.001 -20"><span class='ocrx_word' id='word_1_512' title='bbox 2025 1357 2272 1413; x_wconf 79' lang='lat' dir='ltr'><strong>lubricos</strong></span> <span class='ocrx_word' id='word_1_513' title='bbox 2300 1364 2356 1412; x_wconf 86' lang='lat' dir='ltr'><strong>et</strong></span> <span class='ocrx_word' id='word_1_514' title='bbox 2386 1364 2668 1418; x_wconf 86' lang='lat' dir='ltr'><strong>currentes</strong></span> <span class='ocrx_word' id='word_1_515' title='bbox 2711 1369 2900 1417; x_wconf 84' lang='lat' dir='ltr'><strong>versus</strong></span> <span class='ocrx_word' id='word_1_516' title='bbox 2931 1353 3131 1415; x_wconf 75' lang='lat' dir='ltr'><strong>facere,</strong></span> <span class='ocrx_word' id='word_1_517' title='bbox 3160 1360 3220 1406; x_wconf 81' lang='grc' dir='ltr'><strong>ιιι</strong></span> <span class='ocrx_word' id='word_1_518' title='bbox 3261 1352 3620 1422; x_wconf 87' lang='lat' dir='ltr'><strong>quodcunque</strong></span> 
     </span>
    </p>
   </div>
   <div class='ocr_carea' id='block_1_75' title="bbox 2035 1440 3624 1516">
    <p class='ocr_par' dir='ltr' id='par_1_75' title="bbox 2035 1440 3624 1516">
     <span class='ocr_line' id='line_1_77' title="bbox 2035 1440 3624 1516; baseline -0.003 -14"><span class='ocrx_word' id='word_1_519' title='bbox 2035 1447 2090 1502; x_wconf 91' lang='lat' dir='ltr'><strong>in</strong></span> <span class='ocrx_word' id='word_1_520' title='bbox 2137 1447 2288 1503; x_wconf 88' lang='lat' dir='ltr'><strong>sonis</strong></span> <span class='ocrx_word' id='word_1_521' title='bbox 2332 1461 2494 1504; x_wconf 88' lang='lat' dir='ltr'><strong>aures</strong></span> <span class='ocrx_word' id='word_1_522' title='bbox 2540 1452 2750 1516; x_wconf 80' lang='lat' dir='ltr'><strong>gravet,</strong></span> <span class='ocrx_word' id='word_1_523' title='bbox 2782 1443 2865 1498; x_wconf 89' lang='lat' dir='ltr'><strong>vcl</strong></span> <span class='ocrx_word' id='word_1_524' title='bbox 2905 1442 3286 1512; x_wconf 80' lang='lat' dir='ltr'><strong>obstupescere</strong></span> <span class='ocrx_word' id='word_1_525' title='bbox 3327 1440 3507 1506; x_wconf 77' lang='lat' dir='ltr'><strong>faciat,</strong></span> <span class='ocrx_word' id='word_1_526' title='bbox 3544 1441 3624 1497; x_wconf 84' lang='lat' dir='ltr'><strong>vi-</strong></span> 
     </span>
    </p>
   </div>
   <div class='ocr_carea' id='block_1_76' title="bbox 2035 1533 3624 1606">
    <p class='ocr_par' dir='ltr' id='par_1_76' title="bbox 2035 1533 3624 1606">
     <span class='ocr_line' id='line_1_78' title="bbox 2035 1533 3624 1606; baseline -0.001 -12"><span class='ocrx_word' id='word_1_527' title='bbox 2035 1548 2154 1598; x_wconf 85' lang='lat' dir='ltr'><strong>tare</strong></span> <span class='ocrx_word' id='word_1_528' title='bbox 2179 1538 2522 1603; x_wconf 87' lang='lat' dir='ltr'><strong>contendant,</strong></span> <span class='ocrx_word' id='word_1_529' title='bbox 2562 1545 2617 1592; x_wconf 88' lang='lat' dir='ltr'><strong>et</strong></span> <span class='ocrx_word' id='word_1_530' title='bbox 2669 1535 2953 1606; x_wconf 81' lang='lat' dir='ltr'><strong>euphoniae</strong></span> <span class='ocrx_word' id='word_1_531' title='bbox 2991 1534 3050 1592; x_wconf 84' lang='lat' dir='ltr'><strong>in</strong></span> <span class='ocrx_word' id='word_1_532' title='bbox 3100 1533 3438 1600; x_wconf 78' lang='lat' dir='ltr'><strong>carminibus</strong></span> <span class='ocrx_word' id='word_1_533' title='bbox 3477 1547 3624 1592; x_wconf 80' lang='lat' dir='ltr'><strong>Itum-</strong></span> 
     </span>
    </p>
   </div>
   <div class='ocr_carea' id='block_1_77' title="bbox 2036 1629 2472 1696">
    <p class='ocr_par' dir='ltr' id='par_1_77' title="bbox 2036 1629 2472 1696">
     <span class='ocr_line' id='line_1_79' title="bbox 2036 1629 2472 1696; baseline -0.007 -9"><span class='ocrx_word' id='word_1_534' title='bbox 2036 1645 2184 1687; x_wconf 85' lang='lat' dir='ltr'><strong>mam</strong></span> <span class='ocrx_word' id='word_1_535' title='bbox 2213 1629 2472 1696; x_wconf 76' lang='lat' dir='ltr'><strong>tribuant.</strong></span> 
     </span>
    </p>
   </div>
   <div class='ocr_carea' id='block_1_78' title="bbox 2535 1742 3096 1814">
    <p class='ocr_par' dir='ltr' id='par_1_78' title="bbox 2535 1742 3096 1814">
     <span class='ocr_line' id='line_1_80' title="bbox 2535 1742 3096 1814; baseline 0.005 -17"><span class='ocrx_word' id='word_1_536' title='bbox 2535 1743 2615 1798; x_wconf 87' lang='lat' dir='ltr'><strong>De</strong></span> <span class='ocrx_word' id='word_1_537' title='bbox 2645 1742 2827 1814; x_wconf 60' lang='lat' dir='ltr'><strong>prvinis</strong></span> <span class='ocrx_word' id='word_1_538' title='bbox 2859 1742 3096 1814; x_wconf 78' lang='lat' dir='ltr'><strong>syllabis.</strong></span> 
     </span>
    </p>
   </div>
   <div class='ocr_carea' id='block_1_79' title="bbox 2107 1855 3623 1928">
    <p class='ocr_par' dir='ltr' id='par_1_79' title="bbox 2107 1855 3623 1928">
     <span class='ocr_line' id='line_1_81' title="bbox 2107 1855 3623 1928; baseline 0.003 -16"><span class='ocrx_word' id='word_1_539' title='bbox 2107 1857 2412 1912; x_wconf 87' lang='lat' dir='ltr'><strong>Primarum</strong></span> <span class='ocrx_word' id='word_1_540' title='bbox 2439 1855 2766 1928; x_wconf 82' lang='lat' dir='ltr'><strong>syllabarum</strong></span> <span class='ocrx_word' id='word_1_541' title='bbox 2811 1856 2864 1910; x_wconf 94' lang='lat' dir='ltr'><strong>in</strong></span> <span class='ocrx_word' id='word_1_542' title='bbox 2892 1857 3144 1912; x_wconf 90' lang='lat' dir='ltr'><strong>omnibus</strong></span> <span class='ocrx_word' id='word_1_543' title='bbox 3164 1858 3408 1927; x_wconf 89' lang='lat' dir='ltr'><strong>partibus</strong></span> <span class='ocrx_word' id='word_1_544' title='bbox 3432 1858 3623 1917; x_wconf 77' lang='lat' dir='ltr'><strong>diﬂlci-</strong></span> 
     </span>
    </p>
   </div>
   <div class='ocr_carea' id='block_1_80' title="bbox 2037 1949 3621 2020">
    <p class='ocr_par' dir='ltr' id='par_1_80' title="bbox 2037 1949 3621 2020">
     <span class='ocr_line' id='line_1_82' title="bbox 2037 1949 3621 2020; baseline 0.002 -15"><span class='ocrx_word' id='word_1_545' title='bbox 2037 1950 2104 2005; x_wconf 92' lang='lat' dir='ltr'><strong>lis</strong></span> <span class='ocrx_word' id='word_1_546' title='bbox 2133 1949 2476 2020; x_wconf 82' lang='lat' dir='ltr'><strong>investigatio</strong></span> <span class='ocrx_word' id='word_1_547' title='bbox 2505 1957 2610 2014; x_wconf 88' lang='lat' dir='ltr'><strong>est,</strong></span> <span class='ocrx_word' id='word_1_548' title='bbox 2639 1963 2802 2018; x_wconf 88' lang='lat' dir='ltr'><strong>quam</strong></span> <span class='ocrx_word' id='word_1_549' title='bbox 2840 1949 3094 2004; x_wconf 87' lang='lat' dir='ltr'><strong>videlicet</strong></span> <span class='ocrx_word' id='word_1_550' title='bbox 3133 1950 3248 2020; x_wconf 90' lang='lat' dir='ltr'><strong>ipse</strong></span> <span class='ocrx_word' id='word_1_551' title='bbox 3273 1952 3507 2007; x_wconf 76' lang='lat' dir='ltr'><strong>maxime</strong></span> <span class='ocrx_word' id='word_1_552' title='bbox 3537 1953 3621 2008; x_wconf 86' lang='lat' dir='ltr'><strong>di-</strong></span> 
     </span>
    </p>
   </div>
   <div class='ocr_carea' id='block_1_81' title="bbox 2037 2042 3623 2114">
    <p class='ocr_par' dir='ltr' id='par_1_81' title="bbox 2037 2042 3623 2114">
     <span class='ocr_line' id='line_1_83' title="bbox 2037 2042 3623 2114; baseline 0.001 -16"><span class='ocrx_word' id='word_1_553' title='bbox 2037 2058 2297 2114; x_wconf 89' lang='lat' dir='ltr'><strong>gnoscere</strong></span> <span class='ocrx_word' id='word_1_554' title='bbox 2340 2043 2676 2113; x_wconf 80' lang='lat' dir='ltr'><strong>poterit,qui</strong></span> <span class='ocrx_word' id='word_1_555' title='bbox 2719 2042 2916 2113; x_wconf 88' lang='lat' dir='ltr'><strong>pedum</strong></span> <span class='ocrx_word' id='word_1_556' title='bbox 2962 2043 3232 2106; x_wconf 85' lang='lat' dir='ltr'><strong>rationem</strong></span> <span class='ocrx_word' id='word_1_557' title='bbox 3270 2053 3327 2102; x_wconf 83' lang='lat' dir='ltr'><strong>et</strong></span> <span class='ocrx_word' id='word_1_558' title='bbox 3370 2061 3623 2102; x_wconf 88' lang='lat' dir='ltr'><strong>versuum</strong></span> 
     </span>
    </p>
   </div>
   <div class='ocr_carea' id='block_1_82' title="bbox 1972 2135 3622 2209">
    <p class='ocr_par' dir='ltr' id='par_1_82' title="bbox 1972 2135 3622 2209">
     <span class='ocr_line' id='line_1_84' title="bbox 1972 2135 3622 2209; baseline 0.008 -20"><span class='ocrx_word' id='word_1_559' title='bbox 1972 2146 1981 2159; x_wconf 89' lang='lat'><strong>&#39;</strong></span> <span class='ocrx_word' id='word_1_560' title='bbox 2035 2137 2377 2198; x_wconf 83' lang='lat' dir='ltr'><strong>scansionem</strong></span> <span class='ocrx_word' id='word_1_561' title='bbox 2422 2136 2477 2198; x_wconf 87' lang='lat' dir='ltr'><strong>in</strong></span> <span class='ocrx_word' id='word_1_562' title='bbox 2531 2135 2723 2190; x_wconf 90' lang='lat' dir='ltr'><strong>metris</strong></span> <span class='ocrx_word' id='word_1_563' title='bbox 2769 2135 2987 2190; x_wconf 87' lang='lat' dir='ltr'><strong>sedulus</strong></span> <span class='ocrx_word' id='word_1_564' title='bbox 3024 2135 3234 2194; x_wconf 86' lang='lat' dir='ltr'><strong>discere</strong></span> <span class='ocrx_word' id='word_1_565' title='bbox 3273 2147 3448 2204; x_wconf 74' lang='lat' dir='ltr'><strong>curat.</strong></span> <span class='ocrx_word' id='word_1_566' title='bbox 3493 2139 3622 2209; x_wconf 74' lang='lat' dir='ltr'><strong>quia</strong></span> 
     </span>
    </p>
   </div>
   <div class='ocr_carea' id='block_1_83' title="bbox 2039 2226 3626 2301">
    <p class='ocr_par' dir='ltr' id='par_1_83' title="bbox 2039 2226 3626 2301">
     <span class='ocr_line' id='line_1_85' title="bbox 2039 2226 3626 2301; baseline 0.002 -18"><span class='ocrx_word' id='word_1_567' title='bbox 2039 2243 2162 2283; x_wconf 91' lang='lat' dir='ltr'><strong>cum</strong></span> <span class='ocrx_word' id='word_1_568' title='bbox 2206 2228 2316 2284; x_wconf 91' lang='lat' dir='ltr'><strong>sint</strong></span> <span class='ocrx_word' id='word_1_569' title='bbox 2350 2227 2535 2282; x_wconf 70' lang='lat' dir='ltr'><strong>multa:</strong></span> <span class='ocrx_word' id='word_1_570' title='bbox 2566 2226 2831 2282; x_wconf 87' lang='lat' dir='ltr'><strong>dictiones</strong></span> <span class='ocrx_word' id='word_1_571' title='bbox 2874 2242 2996 2298; x_wconf 81' lang='lat' dir='ltr'><strong>quae</strong></span> <span class='ocrx_word' id='word_1_572' title='bbox 3039 2229 3336 2289; x_wconf 54' lang='lat' dir='ltr'><strong>Mundam</strong></span> <span class='ocrx_word' id='word_1_573' title='bbox 3366 2231 3626 2301; x_wconf 79' lang='lat' dir='ltr'><strong>analogiae</strong></span> 
     </span>
    </p>
   </div>
   <div class='ocr_carea' id='block_1_84' title="bbox 2037 2318 3624 2391">
    <p class='ocr_par' dir='ltr' id='par_1_84' title="bbox 2037 2318 3624 2391">
     <span class='ocr_line' id='line_1_86' title="bbox 2037 2318 3624 2391; baseline 0.002 -17"><span class='ocrx_word' id='word_1_574' title='bbox 2037 2319 2354 2391; x_wconf 88' lang='lat' dir='ltr'><strong>qualitatem</strong></span> <span class='ocrx_word' id='word_1_575' title='bbox 2381 2319 2570 2374; x_wconf 90' lang='lat' dir='ltr'><strong>eadem</strong></span> <span class='ocrx_word' id='word_1_576' title='bbox 2603 2319 2984 2373; x_wconf 86' lang='lat' dir='ltr'><strong>terminatione</strong></span> <span class='ocrx_word' id='word_1_577' title='bbox 3004 2318 3285 2384; x_wconf 85' lang='lat' dir='ltr'><strong>liniuntur,</strong></span> <span class='ocrx_word' id='word_1_578' title='bbox 3310 2329 3494 2377; x_wconf 86' lang='lat' dir='ltr'><strong>tamen</strong></span> <span class='ocrx_word' id='word_1_579' title='bbox 3516 2336 3624 2376; x_wconf 89' lang='lat' dir='ltr'><strong>non</strong></span> 
     </span>
    </p>
   </div>
   <div class='ocr_carea' id='block_1_85' title="bbox 2040 2410 3627 2481">
    <p class='ocr_par' dir='ltr' id='par_1_85' title="bbox 2040 2410 3627 2481">
     <span class='ocr_line' id='line_1_87' title="bbox 2040 2410 3627 2481; baseline -0.001 -13"><span class='ocrx_word' id='word_1_580' title='bbox 2040 2412 2223 2468; x_wconf 77' lang='lat' dir='ltr'><strong>multae</strong></span> <span class='ocrx_word' id='word_1_581' title='bbox 2249 2420 2375 2468; x_wconf 88' lang='lat' dir='ltr'><strong>sunt</strong></span> <span class='ocrx_word' id='word_1_582' title='bbox 2404 2427 2524 2481; x_wconf 83' lang='lat' dir='ltr'><strong>quae</strong></span> <span class='ocrx_word' id='word_1_583' title='bbox 2546 2411 2600 2465; x_wconf 86' lang='lat' dir='ltr'><strong>in</strong></span> <span class='ocrx_word' id='word_1_584' title='bbox 2629 2410 2799 2465; x_wconf 90' lang='lat' dir='ltr'><strong>initiis</strong></span> <span class='ocrx_word' id='word_1_585' title='bbox 2828 2410 3200 2478; x_wconf 88' lang='lat' dir='ltr'><strong>concordent;</strong></span> <span class='ocrx_word' id='word_1_586' title='bbox 3233 2412 3328 2466; x_wconf 88' lang='lat' dir='ltr'><strong>sed</strong></span> <span class='ocrx_word' id='word_1_587' title='bbox 3361 2427 3484 2467; x_wconf 87' lang='lat' dir='ltr'><strong>eum</strong></span> <span class='ocrx_word' id='word_1_588' title='bbox 3510 2413 3627 2468; x_wconf 60' lang='lat' dir='ltr'><strong>haec</strong></span> 
     </span>
    </p>
   </div>
   <div class='ocr_carea' id='block_1_86' title="bbox 2039 2500 3629 2573">
    <p class='ocr_par' dir='ltr' id='par_1_86' title="bbox 2039 2500 3629 2573">
     <span class='ocr_line' id='line_1_88' title="bbox 2039 2500 3629 2573; baseline -0.001 -15"><span class='ocrx_word' id='word_1_589' title='bbox 2039 2517 2269 2573; x_wconf 86' lang='lat' dir='ltr'><strong>operosa</strong></span> <span class='ocrx_word' id='word_1_590' title='bbox 2301 2503 2639 2573; x_wconf 81' lang='lat' dir='ltr'><strong>expositione</strong></span> <span class='ocrx_word' id='word_1_591' title='bbox 2688 2501 2987 2572; x_wconf 79' lang='lat' dir='ltr'><strong>indigeant,</strong></span> <span class='ocrx_word' id='word_1_592' title='bbox 3036 2516 3099 2555; x_wconf 92' lang='lat' dir='ltr'><strong>ea</strong></span> <span class='ocrx_word' id='word_1_593' title='bbox 3151 2500 3490 2557; x_wconf 81' lang='lat' dir='ltr'><strong>solummodo</strong></span> <span class='ocrx_word' id='word_1_594' title='bbox 3527 2517 3629 2558; x_wconf 90' lang='lat' dir='ltr'><strong>nos</strong></span> 
     </span>
    </p>
   </div>
   <div class='ocr_carea' id='block_1_87' title="bbox 2040 2594 3629 2680">
    <p class='ocr_par' dir='ltr' id='par_1_87' title="bbox 2040 2594 3629 2680">
     <span class='ocr_line' id='line_1_89' title="bbox 2040 2594 3629 2680; baseline -0.003 -26"><span class='ocrx_word' id='word_1_595' title='bbox 2040 2613 2218 2680; x_wconf 41' lang='lat' dir='ltr'><strong>quaaa</strong></span> <span class='ocrx_word' id='word_1_596' title='bbox 2245 2597 2524 2653; x_wconf 85' lang='lat' dir='ltr'><strong>ﬁdissimis</strong></span> <span class='ocrx_word' id='word_1_597' title='bbox 2543 2596 2741 2667; x_wconf 89' lang='lat' dir='ltr'><strong>artium</strong></span> <span class='ocrx_word' id='word_1_598' title='bbox 2782 2594 3142 2664; x_wconf 88' lang='lat' dir='ltr'><strong>scriptoribus</strong></span> <span class='ocrx_word' id='word_1_599' title='bbox 3175 2595 3445 2666; x_wconf 83' lang='lat' dir='ltr'><strong>exquisita</strong></span> <span class='ocrx_word' id='word_1_600' title='bbox 3475 2608 3629 2665; x_wconf 83' lang='lat' dir='ltr'><strong>repe-</strong></span> 
     </span>
    </p>
   </div>
   <div class='ocr_carea' id='block_1_88' title="bbox 2041 2685 3632 2760">
    <p class='ocr_par' dir='ltr' id='par_1_88' title="bbox 2041 2685 3632 2760">
     <span class='ocr_line' id='line_1_90' title="bbox 2041 2685 3632 2760; baseline -0.003 -13"><span class='ocrx_word' id='word_1_601' title='bbox 2041 2692 2235 2756; x_wconf 82' lang='lat' dir='ltr'><strong>rimus,</strong></span> <span class='ocrx_word' id='word_1_602' title='bbox 2265 2690 2504 2745; x_wconf 86' lang='lat' dir='ltr'><strong>breviter</strong></span> <span class='ocrx_word' id='word_1_603' title='bbox 2527 2701 2956 2744; x_wconf 88' lang='lat' dir='ltr'><strong>commemorare</strong></span> <span class='ocrx_word' id='word_1_604' title='bbox 2985 2687 3117 2742; x_wconf 80' lang='lat' dir='ltr'><strong>satis</strong></span> <span class='ocrx_word' id='word_1_605' title='bbox 3141 2688 3231 2741; x_wconf 88' lang='lat' dir='ltr'><strong>sit.</strong></span> <span class='ocrx_word' id='word_1_606' title='bbox 3265 2685 3399 2742; x_wconf 88' lang='lat' dir='ltr'><strong>Nam</strong></span> <span class='ocrx_word' id='word_1_607' title='bbox 3425 2686 3632 2760; x_wconf 80' lang='lat' dir='ltr'><strong>syllaba</strong></span> 
     </span>
    </p>
   </div>
   <div class='ocr_carea' id='block_1_89' title="bbox 2043 2779 3634 2854">
    <p class='ocr_par' dir='ltr' id='par_1_89' title="bbox 2043 2779 3634 2854">
     <span class='ocr_line' id='line_1_91' title="bbox 2043 2779 3634 2854; baseline -0.002 -15"><span class='ocrx_word' id='word_1_608' title='bbox 2043 2792 2137 2839; x_wconf 86' lang='lat' dir='ltr'><strong>aut</strong></span> <span class='ocrx_word' id='word_1_609' title='bbox 2163 2783 2536 2854; x_wconf 78' lang='lat' dir='ltr'><strong>diphthongon</strong></span> <span class='ocrx_word' id='word_1_610' title='bbox 2587 2781 2748 2850; x_wconf 91' lang='lat' dir='ltr'><strong>longa</strong></span> <span class='ocrx_word' id='word_1_611' title='bbox 2798 2793 2920 2835; x_wconf 87' lang='lat' dir='ltr'><strong>esse</strong></span> <span class='ocrx_word' id='word_1_612' title='bbox 2956 2779 3303 2851; x_wconf 78' lang='lat' dir='ltr'><strong>cognoscitur</strong></span> <span class='ocrx_word' id='word_1_613' title='bbox 3330 2781 3444 2851; x_wconf 91' lang='lat' dir='ltr'><strong>(qui</strong></span> <span class='ocrx_word' id='word_1_614' title='bbox 3477 2781 3634 2852; x_wconf 85' lang='lat' dir='ltr'><strong>quiu-</strong></span> 
     </span>
    </p>
   </div>
   <div class='ocr_carea' id='block_1_90' title="bbox 2041 2873 3633 2948">
    <p class='ocr_par' dir='ltr' id='par_1_90' title="bbox 2041 2873 3633 2948">
     <span class='ocr_line' id='line_1_92' title="bbox 2041 2873 3633 2948; baseline -0.003 -18"><span class='ocrx_word' id='word_1_615' title='bbox 2041 2876 2288 2948; x_wconf 87' lang='lat' dir='ltr'><strong>quel‘arie</strong></span> <span class='ocrx_word' id='word_1_616' title='bbox 2313 2874 2596 2939; x_wconf 84' lang='lat' dir='ltr'><strong>scribitur,</strong></span> <span class='ocrx_word' id='word_1_617' title='bbox 2625 2874 2679 2928; x_wconf 90' lang='lat' dir='ltr'><strong>id</strong></span> <span class='ocrx_word' id='word_1_618' title='bbox 2705 2881 2812 2938; x_wconf 89' lang='lat' dir='ltr'><strong>est,</strong></span> <span class='ocrx_word' id='word_1_619' title='bbox 2850 2889 2932 2939; x_wconf 86' lang='lat' dir='ltr'><strong>ae,</strong></span> <span class='ocrx_word' id='word_1_620' title='bbox 2959 2889 3039 2940; x_wconf 88' lang='lat' dir='ltr'><strong>oe,</strong></span> <span class='ocrx_word' id='word_1_621' title='bbox 3081 2890 3171 2939; x_wconf 82' lang='lat' dir='ltr'><strong>au,</strong></span> <span class='ocrx_word' id='word_1_622' title='bbox 3203 2889 3289 2938; x_wconf 79' lang='lat' dir='ltr'><strong>eu,</strong></span> <span class='ocrx_word' id='word_1_623' title='bbox 3308 2875 3358 2926; x_wconf 76' lang='lat' dir='ltr'><strong>ei</strong></span> <span class='ocrx_word' id='word_1_624' title='bbox 3381 2887 3401 2924; x_wconf 89' lang='lat'><strong><em>:-</em></strong></span> <span class='ocrx_word' id='word_1_625' title='bbox 3429 2874 3484 2927; x_wconf 94' lang='lat' dir='ltr'><strong>hi</strong></span> <span class='ocrx_word' id='word_1_626' title='bbox 3516 2873 3633 2928; x_wconf 91' lang='lat' dir='ltr'><strong>ubi-</strong></span> 
     </span>
    </p>
   </div>
   <div class='ocr_carea' id='block_1_91' title="bbox 2043 2963 3636 3042">
    <p class='ocr_par' dir='ltr' id='par_1_91' title="bbox 2043 2963 3636 3042">
     <span class='ocr_line' id='line_1_93' title="bbox 2043 2963 3636 3042; baseline -0.006 -18"><span class='ocrx_word' id='word_1_627' title='bbox 2043 2983 2257 3038; x_wconf 90' lang='lat' dir='ltr'><strong>cunque</strong></span> <span class='ocrx_word' id='word_1_628' title='bbox 2283 2967 2644 3037; x_wconf 80' lang='lat' dir='ltr'><strong>reperiuntur,</strong></span> <span class='ocrx_word' id='word_1_629' title='bbox 2675 2980 2890 3042; x_wconf 85' lang='lat' dir='ltr'><strong>semper</strong></span> <span class='ocrx_word' id='word_1_630' title='bbox 2913 2963 3174 3034; x_wconf 74' lang='lat' dir='ltr'><strong>syllabam</strong></span> <span class='ocrx_word' id='word_1_631' title='bbox 3202 2963 3417 3034; x_wconf 80' lang='lat' dir='ltr'><strong>longam</strong></span> <span class='ocrx_word' id='word_1_632' title='bbox 3441 2971 3636 3018; x_wconf 84' lang='lat' dir='ltr'><strong>natura</strong></span> 
     </span>
    </p>
   </div>
   <div class='ocr_carea' id='block_1_92' title="bbox 2043 3053 3635 3130">
    <p class='ocr_par' dir='ltr' id='par_1_92' title="bbox 2043 3053 3635 3130">
     <span class='ocr_line' id='line_1_94' title="bbox 2043 3053 3635 3130; baseline -0.007 -13"><span class='ocrx_word' id='word_1_633' title='bbox 2043 3075 2164 3117; x_wconf 87' lang='lat' dir='ltr'><strong>esse</strong></span> <span class='ocrx_word' id='word_1_634' title='bbox 2183 3058 2494 3130; x_wconf 88' lang='lat' dir='ltr'><strong>ostendunt)</strong></span> <span class='ocrx_word' id='word_1_635' title='bbox 2523 3065 2616 3112; x_wconf 89' lang='lat' dir='ltr'><strong>aut</strong></span> <span class='ocrx_word' id='word_1_636' title='bbox 2636 3056 2886 3126; x_wconf 82' lang='lat' dir='ltr'><strong>exemplo</strong></span> <span class='ocrx_word' id='word_1_637' title='bbox 2911 3073 2924 3108; x_wconf 91' lang='lat'><strong>:</strong></span> <span class='ocrx_word' id='word_1_638' title='bbox 2951 3055 3214 3124; x_wconf 57' lang='lat' dir='ltr'><strong>quaeritur</strong></span> <span class='ocrx_word' id='word_1_639' title='bbox 3234 3053 3380 3108; x_wconf 89' lang='lat' dir='ltr'><strong>enim</strong></span> <span class='ocrx_word' id='word_1_640' title='bbox 3404 3055 3459 3106; x_wconf 90' lang='lat' dir='ltr'><strong>in</strong></span> <span class='ocrx_word' id='word_1_641' title='bbox 3478 3068 3635 3110; x_wconf 84' lang='lat' dir='ltr'><strong>scan-</strong></span> 
     </span>
    </p>
   </div>
   <div class='ocr_carea' id='block_1_93' title="bbox 2045 3143 3638 3219">
    <p class='ocr_par' dir='ltr' id='par_1_93' title="bbox 2045 3143 3638 3219">
     <span class='ocr_line' id='line_1_95' title="bbox 2045 3143 3638 3219; baseline -0.008 -12"><span class='ocrx_word' id='word_1_642' title='bbox 2045 3152 2201 3207; x_wconf 78' lang='lat' dir='ltr'><strong>sione</strong></span> <span class='ocrx_word' id='word_1_643' title='bbox 2229 3149 2414 3214; x_wconf 89' lang='lat' dir='ltr'><strong>metri,</strong></span> <span class='ocrx_word' id='word_1_644' title='bbox 2441 3157 2498 3204; x_wconf 91' lang='lat' dir='ltr'><strong>et</strong></span> <span class='ocrx_word' id='word_1_645' title='bbox 2532 3149 2586 3203; x_wconf 89' lang='lat' dir='ltr'><strong>iu</strong></span> <span class='ocrx_word' id='word_1_646' title='bbox 2627 3146 2938 3219; x_wconf 83' lang='lat' dir='ltr'><strong>cognitione</strong></span> <span class='ocrx_word' id='word_1_647' title='bbox 2963 3145 3188 3215; x_wconf 80' lang='lat' dir='ltr'><strong>pedum,</strong></span> <span class='ocrx_word' id='word_1_648' title='bbox 3217 3151 3401 3198; x_wconf 89' lang='lat' dir='ltr'><strong>utrum</strong></span> <span class='ocrx_word' id='word_1_649' title='bbox 3431 3143 3638 3214; x_wconf 81' lang='lat' dir='ltr'><strong>syllaba</strong></span> 
     </span>
    </p>
   </div>
   <div class='ocr_carea' id='block_1_94' title="bbox 2044 3235 3638 3315">
    <p class='ocr_par' dir='ltr' id='par_1_94' title="bbox 2044 3235 3638 3315">
     <span class='ocr_line' id='line_1_96' title="bbox 2044 3235 3638 3315; baseline -0.006 -17"><span class='ocrx_word' id='word_1_650' title='bbox 2044 3243 2205 3315; x_wconf 86' lang='lat' dir='ltr'><strong>longa</strong></span> <span class='ocrx_word' id='word_1_651' title='bbox 2235 3243 2309 3298; x_wconf 90' lang='lat' dir='ltr'><strong>sit</strong></span> <span class='ocrx_word' id='word_1_652' title='bbox 2335 3256 2404 3296; x_wconf 89' lang='lat' dir='ltr'><strong>an</strong></span> <span class='ocrx_word' id='word_1_653' title='bbox 2434 3241 2635 3305; x_wconf 85' lang='lat' dir='ltr'><strong>brevis,</strong></span> <span class='ocrx_word' id='word_1_654' title='bbox 2682 3239 2837 3294; x_wconf 89' lang='lat' dir='ltr'><strong>verbi</strong></span> <span class='ocrx_word' id='word_1_655' title='bbox 2885 3237 3079 3309; x_wconf 87' lang='lat' dir='ltr'><strong>gratia,</strong></span> <span class='ocrx_word' id='word_1_656' title='bbox 3127 3235 3183 3290; x_wconf 73' lang='grc' dir='ltr'><em>Μ</em></span> <span class='ocrx_word' id='word_1_657' title='bbox 3190 3254 3285 3291; x_wconf 85' lang='lat' dir='ltr'><strong>usa</strong></span> <span class='ocrx_word' id='word_1_658' title='bbox 3313 3251 3513 3293; x_wconf 88' lang='lat' dir='ltr'><strong>nomen</strong></span> <span class='ocrx_word' id='word_1_659' title='bbox 3548 3251 3638 3306; x_wconf 83' lang='lat' dir='ltr'><strong>ap-</strong></span> 
     </span>
    </p>
   </div>
   <div class='ocr_carea' id='block_1_95' title="bbox 2048 3328 3641 3406">
    <p class='ocr_par' dir='ltr' id='par_1_95' title="bbox 2048 3328 3641 3406">
     <span class='ocr_line' id='line_1_97' title="bbox 2048 3328 3641 3406; baseline -0.003 -17"><span class='ocrx_word' id='word_1_660' title='bbox 2048 3335 2384 3406; x_wconf 87' lang='lat' dir='ltr'><strong>pellativum,</strong></span> <span class='ocrx_word' id='word_1_661' title='bbox 2409 3333 2455 3388; x_wconf 88' lang='lat' dir='ltr'><strong>si</strong></span> <span class='ocrx_word' id='word_1_662' title='bbox 2484 3331 2700 3388; x_wconf 87' lang='lat' dir='ltr'><strong>nescias</strong></span> <span class='ocrx_word' id='word_1_663' title='bbox 2719 3339 2903 3385; x_wconf 91' lang='lat' dir='ltr'><strong>utrum</strong></span> <span class='ocrx_word' id='word_1_664' title='bbox 2931 3346 3020 3384; x_wconf 80' lang='lat' dir='ltr'><strong>mu</strong></span> <span class='ocrx_word' id='word_1_665' title='bbox 3045 3329 3307 3400; x_wconf 87' lang='lat' dir='ltr'><strong>producta</strong></span> <span class='ocrx_word' id='word_1_666' title='bbox 3333 3328 3494 3388; x_wconf 82' lang='lat' dir='ltr'><strong>sitan</strong></span> <span class='ocrx_word' id='word_1_667' title='bbox 3517 3342 3641 3384; x_wconf 74' lang='lat' dir='ltr'><strong>oor-</strong></span> 
     </span>
    </p>
   </div>
   <div class='ocr_carea' id='block_1_96' title="bbox 2033 3421 3071 3498">
    <p class='ocr_par' dir='ltr' id='par_1_96' title="bbox 2033 3421 3071 3498">
     <span class='ocr_line' id='line_1_98' title="bbox 2033 3421 3071 3498; baseline -0.009 -14"><span class='ocrx_word' id='word_1_668' title='bbox 2033 3436 2224 3498; x_wconf 83' lang='lat' dir='ltr'><strong>-repta,</strong></span> <span class='ocrx_word' id='word_1_669' title='bbox 2257 3432 2511 3480; x_wconf 89' lang='lat' dir='ltr'><strong>occurrat</strong></span> <span class='ocrx_word' id='word_1_670' title='bbox 2537 3423 2635 3478; x_wconf 91' lang='lat' dir='ltr'><strong>tibi</strong></span> <span class='ocrx_word' id='word_1_671' title='bbox 2665 3422 2797 3478; x_wconf 88' lang='lat' dir='ltr'><strong>illud</strong></span> <span class='ocrx_word' id='word_1_672' title='bbox 2819 3421 3030 3492; x_wconf 79' lang='lat' dir='ltr'><strong>Virgilii</strong></span> <span class='ocrx_word' id='word_1_673' title='bbox 3057 3439 3071 3476; x_wconf 77' lang='grc' dir='ltr'><strong>ι</strong></span> 
     </span>
    </p>
   </div>
   <div class='ocr_carea' id='block_1_97' title="bbox 2175 3519 3424 3584">
    <p class='ocr_par' dir='ltr' id='par_1_97' title="bbox 2175 3519 3424 3584">
     <span class='ocr_line' id='line_1_99' title="bbox 2175 3519 3424 3584; baseline -0.002 -14"><span class='ocrx_word' id='word_1_674' title='bbox 2175 3520 2332 3580; x_wconf 74' lang='lat' dir='ltr'><strong>lusa,</strong></span> <span class='ocrx_word' id='word_1_675' title='bbox 2361 3520 2480 3570; x_wconf 79' lang='lat' dir='ltr'><strong>mihi</strong></span> <span class='ocrx_word' id='word_1_676' title='bbox 2505 3533 2676 3570; x_wconf 84' lang='lat' dir='ltr'><strong>causas</strong></span> <span class='ocrx_word' id='word_1_677' title='bbox 2692 3532 2933 3578; x_wconf 81' lang='lat' dir='ltr'><strong>memora,</strong></span> <span class='ocrx_word' id='word_1_678' title='bbox 2954 3531 3051 3582; x_wconf 88' lang='lat' dir='ltr'><strong>quo</strong></span> <span class='ocrx_word' id='word_1_679' title='bbox 3077 3520 3274 3568; x_wconf 79' lang='lat' dir='ltr'><strong>numine</strong></span> <span class='ocrx_word' id='word_1_680' title='bbox 3293 3519 3424 3584; x_wconf 65' lang='lat' dir='ltr'><strong>laeso,</strong></span> 
     </span>
    </p>
   </div>
   <div class='ocr_carea' id='block_1_98' title="bbox 2049 3601 3645 3673">
    <p class='ocr_par' dir='ltr' id='par_1_98' title="bbox 2049 3601 3645 3673">
     <span class='ocr_line' id='line_1_100' title="bbox 2049 3601 3645 3673; baseline -0.003 -10"><span class='ocrx_word' id='word_1_681' title='bbox 2049 3614 2106 3663; x_wconf 85' lang='lat' dir='ltr'><strong>et</strong></span> <span class='ocrx_word' id='word_1_682' title='bbox 2133 3604 2377 3660; x_wconf 87' lang='lat' dir='ltr'><strong>invenies</strong></span> <span class='ocrx_word' id='word_1_683' title='bbox 2402 3620 2494 3657; x_wconf 71' lang='grc' dir='ltr'><strong>πω</strong></span> <span class='ocrx_word' id='word_1_684' title='bbox 2522 3604 2868 3673; x_wconf 85' lang='lat' dir='ltr'><strong>productam,</strong></span> <span class='ocrx_word' id='word_1_685' title='bbox 2895 3602 3022 3672; x_wconf 90' lang='lat' dir='ltr'><strong>quia</strong></span> <span class='ocrx_word' id='word_1_686' title='bbox 3048 3601 3226 3656; x_wconf 83' lang='lat' dir='ltr'><strong>omnis</strong></span> <span class='ocrx_word' id='word_1_687' title='bbox 3253 3618 3443 3658; x_wconf 87' lang='lat' dir='ltr'><strong>versus</strong></span> <span class='ocrx_word' id='word_1_688' title='bbox 3466 3603 3645 3659; x_wconf 77' lang='lat' dir='ltr'><strong>heroi-</strong></span> 
     </span>
    </p>
   </div>
   <div class='ocr_carea' id='block_1_99' title="bbox 2051 3693 3638 3765">
    <p class='ocr_par' dir='ltr' id='par_1_99' title="bbox 2051 3693 3638 3765">
     <span class='ocr_line' id='line_1_101' title="bbox 2051 3693 3638 3765; baseline -0.004 -12"><span class='ocrx_word' id='word_1_689' title='bbox 2051 3713 2149 3753; x_wconf 86' lang='lat' dir='ltr'><strong>cus</strong></span> <span class='ocrx_word' id='word_1_690' title='bbox 2192 3710 2420 3752; x_wconf 86' lang='lat' dir='ltr'><strong>necesse</strong></span> <span class='ocrx_word' id='word_1_691' title='bbox 2459 3703 2547 3755; x_wconf 84' lang='lat' dir='ltr'><strong>est</strong></span> <span class='ocrx_word' id='word_1_692' title='bbox 2585 3695 2819 3765; x_wconf 87' lang='lat' dir='ltr'><strong>primam</strong></span> <span class='ocrx_word' id='word_1_693' title='bbox 2856 3693 3118 3765; x_wconf 89' lang='lat' dir='ltr'><strong>syllabam</strong></span> <span class='ocrx_word' id='word_1_694' title='bbox 3161 3693 3359 3747; x_wconf 85' lang='lat' dir='ltr'><strong>habeat</strong></span> <span class='ocrx_word' id='word_1_695' title='bbox 3402 3693 3638 3762; x_wconf 84' lang='lat' dir='ltr'><strong>longam,</strong></span> 
     </span>
    </p>
   </div>
   <div class='ocr_carea' id='block_1_100' title="bbox 2051 3783 3645 3857">
    <p class='ocr_par' dir='ltr' id='par_1_100' title="bbox 2051 3783 3645 3857">
     <span class='ocr_line' id='line_1_102' title="bbox 2051 3783 3645 3857; baseline -0.004 -13"><span class='ocrx_word' id='word_1_696' title='bbox 2051 3804 2176 3844; x_wconf 90' lang='lat' dir='ltr'><strong>cum</strong></span> <span class='ocrx_word' id='word_1_697' title='bbox 2204 3789 2491 3857; x_wconf 62' lang='lat' dir='ltr'><strong>spondasus</strong></span> <span class='ocrx_word' id='word_1_698' title='bbox 2515 3785 2603 3840; x_wconf 88' lang='lat' dir='ltr'><strong>vel</strong></span> <span class='ocrx_word' id='word_1_699' title='bbox 2649 3784 2898 3857; x_wconf 88' lang='lat' dir='ltr'><strong>dactylus</strong></span> <span class='ocrx_word' id='word_1_700' title='bbox 2944 3784 3000 3837; x_wconf 93' lang='lat' dir='ltr'><strong>in</strong></span> <span class='ocrx_word' id='word_1_701' title='bbox 3044 3783 3221 3852; x_wconf 88' lang='lat' dir='ltr'><strong>capite</strong></span> <span class='ocrx_word' id='word_1_702' title='bbox 3248 3797 3438 3836; x_wconf 86' lang='lat' dir='ltr'><strong>versus</strong></span> <span class='ocrx_word' id='word_1_703' title='bbox 3483 3783 3645 3851; x_wconf 84' lang='lat' dir='ltr'><strong>hujus</strong></span> 
     </span>
    </p>
   </div>
   <div class='ocr_carea' id='block_1_101' title="bbox 2051 3875 3647 3948">
    <p class='ocr_par' dir='ltr' id='par_1_101' title="bbox 2051 3875 3647 3948">
     <span class='ocr_line' id='line_1_103' title="bbox 2051 3875 3647 3948; baseline -0.003 -14"><span class='ocrx_word' id='word_1_704' title='bbox 2051 3878 2212 3934; x_wconf 89' lang='lat' dir='ltr'><strong>metri</strong></span> <span class='ocrx_word' id='word_1_705' title='bbox 2250 3893 2464 3948; x_wconf 86' lang='lat' dir='ltr'><strong>semper</strong></span> <span class='ocrx_word' id='word_1_706' title='bbox 2502 3884 2728 3935; x_wconf 88' lang='lat' dir='ltr'><strong>constet.</strong></span> <span class='ocrx_word' id='word_1_707' title='bbox 2777 3877 2910 3931; x_wconf 79' lang='lat' dir='ltr'><strong>Item</strong></span> <span class='ocrx_word' id='word_1_708' title='bbox 2942 3876 2995 3930; x_wconf 93' lang='lat' dir='ltr'><strong>in</strong></span> <span class='ocrx_word' id='word_1_709' title='bbox 3029 3875 3269 3944; x_wconf 81' lang='lat' dir='ltr'><strong>elegiaco</strong></span> <span class='ocrx_word' id='word_1_710' title='bbox 3310 3875 3552 3929; x_wconf 84' lang='lat' dir='ltr'><strong>carmine</strong></span> <span class='ocrx_word' id='word_1_711' title='bbox 3578 3876 3647 3930; x_wconf 88' lang='lat' dir='ltr'><strong>ad</strong></span> 
     </span>
    </p>
   </div>
   <div class='ocr_carea' id='block_1_102' title="bbox 2053 3967 3642 4041">
    <p class='ocr_par' dir='ltr' id='par_1_102' title="bbox 2053 3967 3642 4041">
     <span class='ocr_line' id='line_1_104' title="bbox 2053 3967 3642 4041; baseline -0.004 -15"><span class='ocrx_word' id='word_1_712' title='bbox 2053 3971 2388 4041; x_wconf 76' lang='lat' dir='ltr'><strong>indagandae</strong></span> <span class='ocrx_word' id='word_1_713' title='bbox 2439 3969 2674 4039; x_wconf 87' lang='lat' dir='ltr'><strong>syllabas</strong></span> <span class='ocrx_word' id='word_1_714' title='bbox 2719 3967 2965 4037; x_wconf 82' lang='lat' dir='ltr'><strong>exempla</strong></span> <span class='ocrx_word' id='word_1_715' title='bbox 3013 3974 3263 4036; x_wconf 87' lang='lat' dir='ltr'><strong>prompta</strong></span> <span class='ocrx_word' id='word_1_716' title='bbox 3320 3974 3484 4020; x_wconf 75' lang='lat' dir='ltr'><strong>sunt:</strong></span> <span class='ocrx_word' id='word_1_717' title='bbox 3517 3981 3642 4020; x_wconf 86' lang='lat' dir='ltr'><strong>nam</strong></span> 
     </span>
    </p>
   </div>
   <div class='ocr_carea' id='block_1_103' title="bbox 2050 4057 3649 4134">
    <p class='ocr_par' dir='ltr' id='par_1_103' title="bbox 2050 4057 3649 4134">
     <span class='ocr_line' id='line_1_105' title="bbox 2050 4057 3649 4134; baseline -0.003 -17"><span class='ocrx_word' id='word_1_718' title='bbox 2050 4063 2202 4134; x_wconf 85' lang='lat' dir='ltr'><strong>prior</strong></span> <span class='ocrx_word' id='word_1_719' title='bbox 2258 4076 2453 4118; x_wconf 84' lang='lat' dir='ltr'><strong>versus</strong></span> <span class='ocrx_word' id='word_1_720' title='bbox 2500 4060 2816 4114; x_wconf 79' lang='lat' dir='ltr'><strong>hexameter</strong></span> <span class='ocrx_word' id='word_1_721' title='bbox 2865 4057 3138 4128; x_wconf 85' lang='lat' dir='ltr'><strong>dactylum</strong></span> <span class='ocrx_word' id='word_1_722' title='bbox 3190 4057 3379 4127; x_wconf 88' lang='lat' dir='ltr'><strong>quinta</strong></span> <span class='ocrx_word' id='word_1_723' title='bbox 3430 4058 3649 4129; x_wconf 84' lang='lat' dir='ltr'><strong>regione</strong></span> 
     </span>
    </p>
   </div>
   <div class='ocr_carea' id='block_1_104' title="bbox 2052 4149 3650 4226">
    <p class='ocr_par' dir='ltr' id='par_1_104' title="bbox 2052 4149 3650 4226">
     <span class='ocr_line' id='line_1_106' title="bbox 2052 4149 3650 4226; baseline -0.004 -16"><span class='ocrx_word' id='word_1_724' title='bbox 2052 4169 2192 4226; x_wconf 82' lang='lat' dir='ltr'><strong>pene</strong></span> <span class='ocrx_word' id='word_1_725' title='bbox 2223 4168 2436 4222; x_wconf 80' lang='lat' dir='ltr'><strong>semper</strong></span> <span class='ocrx_word' id='word_1_726' title='bbox 2461 4160 2628 4216; x_wconf 86' lang='lat' dir='ltr'><strong>tenet,</strong></span> <span class='ocrx_word' id='word_1_727' title='bbox 2665 4152 2757 4222; x_wconf 91' lang='lat' dir='ltr'><strong>qui</strong></span> <span class='ocrx_word' id='word_1_728' title='bbox 2784 4152 3016 4220; x_wconf 88' lang='lat' dir='ltr'><strong>primam</strong></span> <span class='ocrx_word' id='word_1_729' title='bbox 3045 4149 3306 4219; x_wconf 86' lang='lat' dir='ltr'><strong>syllabam</strong></span> <span class='ocrx_word' id='word_1_730' title='bbox 3341 4150 3556 4221; x_wconf 82' lang='lat' dir='ltr'><strong>longam</strong></span> <span class='ocrx_word' id='word_1_731' title='bbox 3594 4157 3650 4205; x_wconf 87' lang='lat' dir='ltr'><strong>et</strong></span> 
     </span>
    </p>
   </div>
   <div class='ocr_carea' id='block_1_105' title="bbox 2053 4239 3649 4319">
    <p class='ocr_par' dir='ltr' id='par_1_105' title="bbox 2053 4239 3649 4319">
     <span class='ocr_line' id='line_1_107' title="bbox 2053 4239 3649 4319; baseline -0.003 -18"><span class='ocrx_word' id='word_1_732' title='bbox 2053 4245 2388 4319; x_wconf 87' lang='lat' dir='ltr'><strong>posteriores</strong></span> <span class='ocrx_word' id='word_1_733' title='bbox 2425 4243 2560 4297; x_wconf 90' lang='lat' dir='ltr'><strong>duas</strong></span> <span class='ocrx_word' id='word_1_734' title='bbox 2599 4243 2793 4306; x_wconf 84' lang='lat' dir='ltr'><strong>breves</strong></span> <span class='ocrx_word' id='word_1_735' title='bbox 2817 4240 3014 4305; x_wconf 89' lang='lat' dir='ltr'><strong>habet;</strong></span> <span class='ocrx_word' id='word_1_736' title='bbox 3043 4239 3298 4296; x_wconf 86' lang='lat' dir='ltr'><strong>similiter</strong></span> <span class='ocrx_word' id='word_1_737' title='bbox 3336 4248 3391 4295; x_wconf 87' lang='lat' dir='ltr'><strong>et</strong></span> <span class='ocrx_word' id='word_1_738' title='bbox 3415 4255 3649 4310; x_wconf 84' lang='lat' dir='ltr'><strong>sequens</strong></span> 
     </span>
    </p>
   </div>
   <div class='ocr_carea' id='block_1_106' title="bbox 2055 4336 3652 4409">
    <p class='ocr_par' dir='ltr' id='par_1_106' title="bbox 2055 4336 3652 4409">
     <span class='ocr_line' id='line_1_108' title="bbox 2055 4336 3652 4409; baseline -0.002 -14"><span class='ocrx_word' id='word_1_739' title='bbox 2055 4356 2245 4396; x_wconf 81' lang='lat' dir='ltr'><strong>versus</strong></span> <span class='ocrx_word' id='word_1_740' title='bbox 2281 4345 2623 4409; x_wconf 87' lang='lat' dir='ltr'><strong>pentameter</strong></span> <span class='ocrx_word' id='word_1_741' title='bbox 2645 4345 2769 4406; x_wconf 86' lang='lat' dir='ltr'><strong>post</strong></span> <span class='ocrx_word' id='word_1_742' title='bbox 2797 4336 2934 4390; x_wconf 83' lang='lat' dir='ltr'><strong>duos</strong></span> <span class='ocrx_word' id='word_1_743' title='bbox 2956 4336 3163 4404; x_wconf 89' lang='lat' dir='ltr'><strong>primos</strong></span> <span class='ocrx_word' id='word_1_744' title='bbox 3194 4336 3361 4405; x_wconf 88' lang='lat' dir='ltr'><strong>pedes</strong></span> <span class='ocrx_word' id='word_1_745' title='bbox 3404 4344 3459 4391; x_wconf 82' lang='lat' dir='ltr'><strong>et</strong></span> <span class='ocrx_word' id='word_1_746' title='bbox 3503 4337 3652 4392; x_wconf 83' lang='lat' dir='ltr'><strong>colo-</strong></span> 
     </span>
    </p>
   </div>
   <div class='ocr_carea' id='block_1_107' title="bbox 2055 4430 3651 4502">
    <p class='ocr_par' dir='ltr' id='par_1_107' title="bbox 2055 4430 3651 4502">
     <span class='ocr_line' id='line_1_109' title="bbox 2055 4430 3651 4502; baseline -0.002 -14"><span class='ocrx_word' id='word_1_747' title='bbox 2055 4433 2170 4499; x_wconf 76' lang='lat' dir='ltr'><strong>i‘on,</strong></span> <span class='ocrx_word' id='word_1_748' title='bbox 2209 4433 2420 4488; x_wconf 90' lang='lat' dir='ltr'><strong>duobus</strong></span> <span class='ocrx_word' id='word_1_749' title='bbox 2457 4431 2689 4502; x_wconf 81' lang='lat' dir='ltr'><strong>dactylis</strong></span> <span class='ocrx_word' id='word_1_750' title='bbox 2735 4439 2791 4485; x_wconf 92' lang='lat' dir='ltr'><strong>et</strong></span> <span class='ocrx_word' id='word_1_751' title='bbox 2835 4445 2941 4484; x_wconf 84' lang='lat' dir='ltr'><strong>una</strong></span> <span class='ocrx_word' id='word_1_752' title='bbox 2992 4430 3382 4501; x_wconf 86' lang='lat' dir='ltr'><strong>supersyllaba,</strong></span> <span class='ocrx_word' id='word_1_753' title='bbox 3430 4445 3651 4486; x_wconf 84' lang='lat' dir='ltr'><strong>versum</strong></span> 
     </span>
    </p>
   </div>
   <div class='ocr_carea' id='block_1_108' title="bbox 2057 4522 3652 4596">
    <p class='ocr_par' dir='ltr' id='par_1_108' title="bbox 2057 4522 3652 4596">
     <span class='ocr_line' id='line_1_110' title="bbox 2057 4522 3652 4596; baseline -0.003 -14"><span class='ocrx_word' id='word_1_754' title='bbox 2057 4541 2273 4596; x_wconf 82' lang='lat' dir='ltr'><strong>semper</strong></span> <span class='ocrx_word' id='word_1_755' title='bbox 2298 4524 2534 4595; x_wconf 47' lang='lat' dir='ltr'><strong>,claudit,</strong></span> <span class='ocrx_word' id='word_1_756' title='bbox 2563 4531 2622 4576; x_wconf 87' lang='lat' dir='ltr'><strong>ut</strong></span> <span class='ocrx_word' id='word_1_757' title='bbox 2671 4523 2926 4590; x_wconf 84' lang='lat' dir='ltr'><strong>Virgilius</strong></span> <span class='ocrx_word' id='word_1_758' title='bbox 2969 4522 3022 4575; x_wconf 89' lang='lat' dir='ltr'><strong>iu</strong></span> <span class='ocrx_word' id='word_1_759' title='bbox 3067 4523 3339 4593; x_wconf 78' lang='lat' dir='ltr'><strong>epitaphio</strong></span> <span class='ocrx_word' id='word_1_760' title='bbox 3374 4525 3518 4592; x_wconf 85' lang='lat' dir='ltr'><strong>quod</strong></span> <span class='ocrx_word' id='word_1_761' title='bbox 3547 4523 3652 4578; x_wconf 87' lang='lat' dir='ltr'><strong>sibi</strong></span> 
     </span>
    </p>
   </div>
   <div class='ocr_carea' id='block_1_109' title="bbox 1979 4614 3022 4714">
    <p class='ocr_par' dir='ltr' id='par_1_109' title="bbox 1979 4614 3022 4714">
     <span class='ocr_line' id='line_1_111' title="bbox 1979 4614 3022 4714; baseline -0.009 -39"><span class='ocrx_word' id='word_1_762' title='bbox 1979 4654 2035 4714; x_wconf 69' lang='grc' dir='ltr'><strong><em>Β</em></strong></span> <span class='ocrx_word' id='word_1_763' title='bbox 2060 4628 2188 4674; x_wconf 89' lang='lat' dir='ltr'><strong>ante</strong></span> <span class='ocrx_word' id='word_1_764' title='bbox 2213 4625 2446 4672; x_wconf 88' lang='lat' dir='ltr'><strong>mortem</strong></span> <span class='ocrx_word' id='word_1_765' title='bbox 2472 4615 2782 4670; x_wconf 75' lang='lat' dir='ltr'><strong>cotididisse</strong></span> <span class='ocrx_word' id='word_1_766' title='bbox 2809 4614 2983 4667; x_wconf 77' lang='lat' dir='ltr'><strong>fertur</strong></span> <span class='ocrx_word' id='word_1_767' title='bbox 3009 4632 3022 4666; x_wconf 88' lang='lat'><strong>:</strong></span> 
     </span>
    </p>
   </div>
   <div class='ocr_carea' id='block_1_110' title="bbox 2190 4725 3531 4788">
    <p class='ocr_par' dir='ltr' id='par_1_110' title="bbox 2190 4725 3531 4788">
     <span class='ocr_line' id='line_1_112' title="bbox 2190 4725 3531 4788; baseline -0.004 -9"><span class='ocrx_word' id='word_1_768' title='bbox 2190 4730 2390 4779; x_wconf 77' lang='lat' dir='ltr'><strong>Mantua</strong></span> <span class='ocrx_word' id='word_1_769' title='bbox 2415 4741 2497 4776; x_wconf 87' lang='lat' dir='ltr'><strong>me</strong></span> <span class='ocrx_word' id='word_1_770' title='bbox 2524 4730 2720 4788; x_wconf 82' lang='lat' dir='ltr'><strong>genuit,</strong></span> <span class='ocrx_word' id='word_1_771' title='bbox 2747 4725 2936 4776; x_wconf 85' lang='lat' dir='ltr'><strong>Calabri</strong></span> <span class='ocrx_word' id='word_1_772' title='bbox 2971 4737 3202 4786; x_wconf 86' lang='lat' dir='ltr'><strong>rapuere,</strong></span> <span class='ocrx_word' id='word_1_773' title='bbox 3242 4730 3380 4788; x_wconf 79' lang='lat' dir='ltr'><strong>tenet,</strong></span> <span class='ocrx_word' id='word_1_774' title='bbox 3404 4737 3531 4773; x_wconf 89' lang='lat' dir='ltr'><strong>nunc</strong></span> 
     </span>
    </p>
   </div>
   <div class='ocr_carea' id='block_1_111' title="bbox 2289 4787 3402 4850">
    <p class='ocr_par' dir='ltr' id='par_1_111' title="bbox 2289 4787 3402 4850">
     <span class='ocr_line' id='line_1_113' title="bbox 2289 4787 3402 4850; baseline -0.004 -10"><span class='ocrx_word' id='word_1_775' title='bbox 2289 4787 2606 4850; x_wconf 84' lang='lat' dir='ltr'><strong>Parthenope</strong></span> <span class='ocrx_word' id='word_1_776' title='bbox 2634 4801 2647 4838; x_wconf 87' lang='lat'><strong>:</strong></span> <span class='ocrx_word' id='word_1_777' title='bbox 2675 4787 2834 4837; x_wconf 85' lang='lat' dir='ltr'><strong>cecini</strong></span> <span class='ocrx_word' id='word_1_778' title='bbox 2862 4799 3054 4847; x_wconf 83' lang='lat' dir='ltr'><strong>pascua,</strong></span> <span class='ocrx_word' id='word_1_779' title='bbox 3074 4799 3207 4845; x_wconf 85' lang='lat' dir='ltr'><strong>rura,</strong></span> <span class='ocrx_word' id='word_1_780' title='bbox 3231 4787 3402 4835; x_wconf 87' lang='lat' dir='ltr'><strong>duces.</strong></span> 
     </span>
    </p>
   </div>
   <div class='ocr_carea' id='block_1_112' title="bbox 2061 4887 3648 4962">
    <p class='ocr_par' dir='ltr' id='par_1_112' title="bbox 2061 4887 3648 4962">
     <span class='ocr_line' id='line_1_114' title="bbox 2061 4887 3648 4962; baseline -0.004 -13"><span class='ocrx_word' id='word_1_781' title='bbox 2061 4893 2218 4962; x_wconf 80' lang='lat' dir='ltr'><strong>Quod</strong></span> <span class='ocrx_word' id='word_1_782' title='bbox 2242 4893 2322 4947; x_wconf 89' lang='lat' dir='ltr'><strong>sic</strong></span> <span class='ocrx_word' id='word_1_783' title='bbox 2343 4890 2639 4954; x_wconf 80' lang='lat' dir='ltr'><strong>scanditur,</strong></span> <span class='ocrx_word' id='word_1_784' title='bbox 2671 4889 2893 4942; x_wconf 78' lang='lat' dir='ltr'><strong>Mantua</strong></span> <span class='ocrx_word' id='word_1_785' title='bbox 2918 4887 3182 4958; x_wconf 83' lang='lat' dir='ltr'><strong>dactylus,</strong></span> <span class='ocrx_word' id='word_1_786' title='bbox 3211 4903 3294 4940; x_wconf 87' lang='lat' dir='ltr'><strong>me</strong></span> <span class='ocrx_word' id='word_1_787' title='bbox 3318 4904 3450 4957; x_wconf 80' lang='lat' dir='ltr'><strong>genu</strong></span> <span class='ocrx_word' id='word_1_788' title='bbox 3483 4888 3648 4954; x_wconf 83' lang='lat' dir='ltr'><strong>dact.,</strong></span> 
     </span>
    </p>
   </div>
   <div class='ocr_carea' id='block_1_113' title="bbox 2059 4953 3774 5058">
    <p class='ocr_par' dir='ltr' id='par_1_113' title="bbox 2059 4953 3774 5058">
     <span class='ocr_line' id='line_1_115' title="bbox 2059 4953 3774 5058; baseline -0.006 -19"><span class='ocrx_word' id='word_1_789' title='bbox 2059 4988 2102 5039; x_wconf 78' lang='lat' dir='ltr'><strong>it</strong></span> <span class='ocrx_word' id='word_1_790' title='bbox 2134 4983 2266 5038; x_wconf 76' lang='lat' dir='ltr'><strong>Cala</strong></span> <span class='ocrx_word' id='word_1_791' title='bbox 2291 4984 2455 5046; x_wconf 86' lang='lat' dir='ltr'><strong>dact.,</strong></span> <span class='ocrx_word' id='word_1_792' title='bbox 2500 4980 2578 5033; x_wconf 79' lang='lat' dir='ltr'><strong>bri</strong></span> <span class='ocrx_word' id='word_1_793' title='bbox 2615 4995 2746 5050; x_wconf 71' lang='grc' dir='ltr'><strong>νίψει</strong></span> <span class='ocrx_word' id='word_1_794' title='bbox 2775 4979 2940 5042; x_wconf 81' lang='lat' dir='ltr'><strong>dact.,</strong></span> <span class='ocrx_word' id='word_1_795' title='bbox 2981 4953 3064 5030; x_wconf 68' lang='lat' dir='ltr'><strong>ere</strong></span> <span class='ocrx_word' id='word_1_796' title='bbox 3096 4987 3144 5029; x_wconf 81' lang='lat' dir='ltr'><strong>te</strong></span> <span class='ocrx_word' id='word_1_797' title='bbox 3185 4953 3349 5042; x_wconf 43' lang='lat' dir='ltr'><strong>doct;</strong></span> <span class='ocrx_word' id='word_1_798' title='bbox 3399 4988 3482 5032; x_wconf 72' lang='lat' dir='ltr'><strong>net</strong></span> <span class='ocrx_word' id='word_1_799' title='bbox 3515 4995 3656 5033; x_wconf 85' lang='lat' dir='ltr'><strong>nunc</strong></span> <span class='ocrx_word' id='word_1_800' title='bbox 3711 5009 3716 5012; x_wconf 93' lang='lat'><strong><em>-</em></strong></span> 
     </span>
    </p>
   </div>
   <div class='ocr_carea' id='block_1_114' title="bbox 2060 5067 3654 5142">
    <p class='ocr_par' dir='ltr' id='par_1_114' title="bbox 2060 5067 3654 5142">
     <span class='ocr_line' id='line_1_116' title="bbox 2060 5067 3654 5142; baseline -0.001 -16"><span class='ocrx_word' id='word_1_801' title='bbox 2060 5075 2370 5142; x_wconf 77' lang='lat' dir='ltr'><strong>spondaeus.</strong></span> <span class='ocrx_word' id='word_1_802' title='bbox 2411 5069 2678 5124; x_wconf 68' lang='lat' dir='ltr'><strong>Parmeno</strong></span> <span class='ocrx_word' id='word_1_803' title='bbox 2713 5069 2881 5131; x_wconf 85' lang='lat' dir='ltr'><strong>dact.,</strong></span> <span class='ocrx_word' id='word_1_804' title='bbox 2916 5085 2978 5136; x_wconf 84' lang='lat' dir='ltr'><strong>pe</strong></span> <span class='ocrx_word' id='word_1_805' title='bbox 3005 5085 3022 5119; x_wconf 90' lang='lat'><strong><em>:</em></strong></span> <span class='ocrx_word' id='word_1_806' title='bbox 3054 5067 3158 5120; x_wconf 78' lang='lat' dir='ltr'><strong>ceci</strong></span> <span class='ocrx_word' id='word_1_807' title='bbox 3195 5067 3363 5129; x_wconf 86' lang='lat' dir='ltr'><strong>dact.,</strong></span> <span class='ocrx_word' id='word_1_808' title='bbox 3415 5069 3469 5121; x_wconf 79' lang='lat' dir='ltr'><strong>ni</strong></span> <span class='ocrx_word' id='word_1_809' title='bbox 3506 5069 3654 5125; x_wconf 83' lang='lat' dir='ltr'><strong>colo-</strong></span> 
     </span>
    </p>
   </div>
   <div class='ocr_carea' id='block_1_115' title="bbox 2063 5157 3654 5232">
    <p class='ocr_par' dir='ltr' id='par_1_115' title="bbox 2063 5157 3654 5232">
     <span class='ocr_line' id='line_1_117' title="bbox 2063 5157 3654 5232; baseline -0.001 -15"><span class='ocrx_word' id='word_1_810' title='bbox 2063 5163 2178 5228; x_wconf 79' lang='lat' dir='ltr'><strong>fon,</strong></span> <span class='ocrx_word' id='word_1_811' title='bbox 2206 5177 2404 5232; x_wconf 80' lang='lat' dir='ltr'><strong>pascua</strong></span> <span class='ocrx_word' id='word_1_812' title='bbox 2429 5161 2594 5224; x_wconf 84' lang='lat' dir='ltr'><strong>dact.,</strong></span> <span class='ocrx_word' id='word_1_813' title='bbox 2629 5175 2755 5212; x_wconf 78' lang='lat' dir='ltr'><strong>rura</strong></span> <span class='ocrx_word' id='word_1_814' title='bbox 2795 5157 2867 5210; x_wconf 83' lang='lat' dir='ltr'><strong>du</strong></span> <span class='ocrx_word' id='word_1_815' title='bbox 2900 5158 3064 5220; x_wconf 86' lang='lat' dir='ltr'><strong>dact.,</strong></span> <span class='ocrx_word' id='word_1_816' title='bbox 3106 5173 3188 5210; x_wconf 86' lang='lat' dir='ltr'><strong>ces</strong></span> <span class='ocrx_word' id='word_1_817' title='bbox 3228 5158 3460 5213; x_wconf 81' lang='lat' dir='ltr'><strong>colol&#39;on.</strong></span> <span class='ocrx_word' id='word_1_818' title='bbox 3495 5162 3654 5229; x_wconf 78' lang='lat' dir='ltr'><strong>Ecce,</strong></span> 
     </span>
    </p>
   </div>
   <div class='ocr_carea' id='block_1_116' title="bbox 2064 5250 3658 5330">
    <p class='ocr_par' dir='ltr' id='par_1_116' title="bbox 2064 5250 3658 5330">
     <span class='ocr_line' id='line_1_118' title="bbox 2064 5250 3658 5330; baseline 0.001 -19"><span class='ocrx_word' id='word_1_819' title='bbox 2064 5265 2126 5311; x_wconf 91' lang='lat' dir='ltr'><strong>ut</strong></span> <span class='ocrx_word' id='word_1_820' title='bbox 2149 5254 2388 5309; x_wconf 85' lang='lat' dir='ltr'><strong>diximus</strong></span> <span class='ocrx_word' id='word_1_821' title='bbox 2418 5254 2472 5308; x_wconf 90' lang='lat' dir='ltr'><strong>in</strong></span> <span class='ocrx_word' id='word_1_822' title='bbox 2515 5254 2698 5324; x_wconf 88' lang='lat' dir='ltr'><strong>priore</strong></span> <span class='ocrx_word' id='word_1_823' title='bbox 2731 5267 2912 5317; x_wconf 84' lang='lat' dir='ltr'><strong>versu,</strong></span> <span class='ocrx_word' id='word_1_824' title='bbox 2943 5250 3128 5320; x_wconf 86' lang='lat' dir='ltr'><strong>quinta</strong></span> <span class='ocrx_word' id='word_1_825' title='bbox 3168 5253 3388 5324; x_wconf 77' lang='lat' dir='ltr'><strong>regione</strong></span> <span class='ocrx_word' id='word_1_826' title='bbox 3412 5257 3658 5330; x_wconf 83' lang='lat' dir='ltr'><strong>dactylus</strong></span> 
     </span>
    </p>
   </div>
   <div class='ocr_carea' id='block_1_117' title="bbox 2066 5345 3657 5420">
    <p class='ocr_par' dir='ltr' id='par_1_117' title="bbox 2066 5345 3657 5420">
     <span class='ocr_line' id='line_1_119' title="bbox 2066 5345 3657 5420; baseline 0 -17"><span class='ocrx_word' id='word_1_827' title='bbox 2066 5366 2095 5403; x_wconf 73' lang='grc' dir='ltr'><em>ε</em></span> <span class='ocrx_word' id='word_1_828' title='bbox 2124 5349 2337 5419; x_wconf 85' lang='lat' dir='ltr'><strong>longam</strong></span> <span class='ocrx_word' id='word_1_829' title='bbox 2369 5356 2424 5402; x_wconf 88' lang='lat' dir='ltr'><strong>et</strong></span> <span class='ocrx_word' id='word_1_830' title='bbox 2454 5355 2606 5420; x_wconf 25' lang='lat' dir='ltr'><strong>re,’et</strong></span> <span class='ocrx_word' id='word_1_831' title='bbox 2633 5357 2704 5411; x_wconf 79' lang='lat' dir='ltr'><strong>te,</strong></span> <span class='ocrx_word' id='word_1_832' title='bbox 2751 5346 2944 5400; x_wconf 88' lang='lat' dir='ltr'><strong>breves</strong></span> <span class='ocrx_word' id='word_1_833' title='bbox 2972 5345 3240 5410; x_wconf 87' lang='lat' dir='ltr'><strong>ostendit;</strong></span> <span class='ocrx_word' id='word_1_834' title='bbox 3272 5355 3434 5416; x_wconf 84' lang='lat' dir='ltr'><strong>atque</strong></span> <span class='ocrx_word' id='word_1_835' title='bbox 3479 5349 3530 5402; x_wconf 92' lang='lat' dir='ltr'><strong>in</strong></span> <span class='ocrx_word' id='word_1_836' title='bbox 3573 5364 3657 5403; x_wconf 90' lang='lat' dir='ltr'><strong>se-</strong></span> 
     </span>
    </p>
   </div>
   <div class='ocr_carea' id='block_1_118' title="bbox 2066 5438 3657 5512">
    <p class='ocr_par' dir='ltr' id='par_1_118' title="bbox 2066 5438 3657 5512">
     <span class='ocr_line' id='line_1_120' title="bbox 2066 5438 3657 5512; baseline -0.003 -14"><span class='ocrx_word' id='word_1_837' title='bbox 2066 5443 2255 5512; x_wconf 84' lang='lat' dir='ltr'><strong>quenti</strong></span> <span class='ocrx_word' id='word_1_838' title='bbox 2280 5456 2442 5498; x_wconf 84' lang='lat' dir='ltr'><strong>versu</strong></span> <span class='ocrx_word' id='word_1_839' title='bbox 2467 5457 2535 5509; x_wconf 82' lang='lat' dir='ltr'><strong>pa</strong></span> <span class='ocrx_word' id='word_1_840' title='bbox 2565 5440 2722 5509; x_wconf 85' lang='lat' dir='ltr'><strong>longa</strong></span> <span class='ocrx_word' id='word_1_841' title='bbox 2747 5446 2803 5492; x_wconf 93' lang='lat' dir='ltr'><strong>et</strong></span> <span class='ocrx_word' id='word_1_842' title='bbox 2831 5454 2924 5491; x_wconf 76' lang='lat' dir='ltr'><strong>acu</strong></span> <span class='ocrx_word' id='word_1_843' title='bbox 2945 5445 3000 5492; x_wconf 89' lang='lat' dir='ltr'><strong>et</strong></span> <span class='ocrx_word' id='word_1_844' title='bbox 3027 5455 3058 5490; x_wconf 91' lang='lat' dir='ltr'><strong>a</strong></span> <span class='ocrx_word' id='word_1_845' title='bbox 3083 5438 3299 5504; x_wconf 83' lang='lat' dir='ltr'><strong>breves,</strong></span> <span class='ocrx_word' id='word_1_846' title='bbox 3334 5448 3390 5494; x_wconf 90' lang='lat' dir='ltr'><strong>et</strong></span> <span class='ocrx_word' id='word_1_847' title='bbox 3433 5441 3560 5494; x_wconf 85' lang='lat' dir='ltr'><strong>item</strong></span> <span class='ocrx_word' id='word_1_848' title='bbox 3597 5459 3657 5494; x_wconf 86' lang='lat' dir='ltr'><strong>ru</strong></span> 
     </span>
    </p>
   </div>
   <div class='ocr_carea' id='block_1_119' title="bbox 2069 5529 3658 5607">
    <p class='ocr_par' dir='ltr' id='par_1_119' title="bbox 2069 5529 3658 5607">
     <span class='ocr_line' id='line_1_121' title="bbox 2069 5529 3658 5607; baseline -0.001 -18"><span class='ocrx_word' id='word_1_849' title='bbox 2069 5535 2254 5607; x_wconf 79' lang='lat' dir='ltr'><strong>longa,</strong></span> <span class='ocrx_word' id='word_1_850' title='bbox 2284 5552 2343 5588; x_wconf 81' lang='lat' dir='ltr'><strong>ra</strong></span> <span class='ocrx_word' id='word_1_851' title='bbox 2381 5543 2436 5588; x_wconf 89' lang='lat' dir='ltr'><strong>et</strong></span> <span class='ocrx_word' id='word_1_852' title='bbox 2470 5533 2540 5586; x_wconf 77' lang='lat' dir='ltr'><strong>du</strong></span> <span class='ocrx_word' id='word_1_853' title='bbox 2584 5532 2777 5586; x_wconf 85' lang='lat' dir='ltr'><strong>breves</strong></span> <span class='ocrx_word' id='word_1_854' title='bbox 2822 5529 3072 5586; x_wconf 89' lang='lat' dir='ltr'><strong>similiter</strong></span> <span class='ocrx_word' id='word_1_855' title='bbox 3103 5531 3242 5585; x_wconf 88' lang='lat' dir='ltr'><strong>idem</strong></span> <span class='ocrx_word' id='word_1_856' title='bbox 3272 5546 3367 5600; x_wconf 91' lang='lat' dir='ltr'><strong>pes</strong></span> <span class='ocrx_word' id='word_1_857' title='bbox 3398 5534 3658 5588; x_wconf 83' lang='lat' dir='ltr'><strong>ostendit.</strong></span> 
     </span>
    </p>
   </div>
   <div class='ocr_carea' id='block_1_120' title="bbox 2071 5625 3661 5697">
    <p class='ocr_par' dir='ltr' id='par_1_120' title="bbox 2071 5625 3661 5697">
     <span class='ocr_line' id='line_1_122' title="bbox 2071 5625 3661 5697; baseline 0.001 -13"><span class='ocrx_word' id='word_1_858' title='bbox 2071 5629 2226 5684; x_wconf 87' lang='lat' dir='ltr'><strong>Licet</strong></span> <span class='ocrx_word' id='word_1_859' title='bbox 2253 5629 2400 5684; x_wconf 89' lang='lat' dir='ltr'><strong>enim</strong></span> <span class='ocrx_word' id='word_1_860' title='bbox 2426 5626 2542 5680; x_wconf 85' lang='lat' dir='ltr'><strong>ioca</strong></span> <span class='ocrx_word' id='word_1_861' title='bbox 2571 5626 2674 5680; x_wconf 83' lang='lat' dir='ltr'><strong>alia</strong></span> <span class='ocrx_word' id='word_1_862' title='bbox 2721 5626 2775 5679; x_wconf 93' lang='lat' dir='ltr'><strong>in</strong></span> <span class='ocrx_word' id='word_1_863' title='bbox 2806 5640 2966 5680; x_wconf 90' lang='lat' dir='ltr'><strong>versu</strong></span> <span class='ocrx_word' id='word_1_864' title='bbox 3002 5625 3240 5681; x_wconf 85' lang='lat' dir='ltr'><strong>vicissim</strong></span> <span class='ocrx_word' id='word_1_865' title='bbox 3281 5629 3568 5697; x_wconf 79' lang='lat' dir='ltr'><strong>Spondaeus</strong></span> <span class='ocrx_word' id='word_1_866' title='bbox 3605 5639 3661 5684; x_wconf 84' lang='lat' dir='ltr'><strong>et</strong></span> 
     </span>
    </p>
   </div>
   <div class='ocr_carea' id='block_1_121' title="bbox 2073 5718 3661 5796">
    <p class='ocr_par' dir='ltr' id='par_1_121' title="bbox 2073 5718 3661 5796">
     <span class='ocr_line' id='line_1_123' title="bbox 2073 5718 3661 5796; baseline -0.004 -15"><span class='ocrx_word' id='word_1_867' title='bbox 2073 5725 2321 5796; x_wconf 89' lang='lat' dir='ltr'><strong>dactylus</strong></span> <span class='ocrx_word' id='word_1_868' title='bbox 2347 5731 2585 5786; x_wconf 85' lang='lat' dir='ltr'><strong>teneant,</strong></span> <span class='ocrx_word' id='word_1_869' title='bbox 2617 5721 2670 5774; x_wconf 91' lang='lat' dir='ltr'><strong>in</strong></span> <span class='ocrx_word' id='word_1_870' title='bbox 2703 5720 2819 5774; x_wconf 89' lang='lat' dir='ltr'><strong>istis</strong></span> <span class='ocrx_word' id='word_1_871' title='bbox 2838 5727 3018 5774; x_wconf 91' lang='lat' dir='ltr'><strong>tamen</strong></span> <span class='ocrx_word' id='word_1_872' title='bbox 3043 5718 3266 5775; x_wconf 86' lang='lat' dir='ltr'><strong>minime</strong></span> <span class='ocrx_word' id='word_1_873' title='bbox 3291 5722 3537 5791; x_wconf 81' lang='lat' dir='ltr'><strong>exempla</strong></span> <span class='ocrx_word' id='word_1_874' title='bbox 3565 5721 3661 5775; x_wconf 84' lang='lat' dir='ltr'><strong>fal-</strong></span> 
     </span>
    </p>
   </div>
   <div class='ocr_carea' id='block_1_122' title="bbox 2069 5810 3661 5882">
    <p class='ocr_par' dir='ltr' id='par_1_122' title="bbox 2069 5810 3661 5882">
     <span class='ocr_line' id='line_1_124' title="bbox 2069 5810 3661 5882; baseline -0.004 -9"><span class='ocrx_word' id='word_1_875' title='bbox 2069 5815 2210 5874; x_wconf 80' lang='lat' dir='ltr'><strong>lunt.</strong></span> <span class='ocrx_word' id='word_1_876' title='bbox 2264 5814 2590 5869; x_wconf 89' lang='lat' dir='ltr'><strong>Fortunatus</strong></span> <span class='ocrx_word' id='word_1_877' title='bbox 2635 5811 2687 5865; x_wconf 88' lang='lat' dir='ltr'><strong>in</strong></span> <span class='ocrx_word' id='word_1_878' title='bbox 2730 5810 2910 5866; x_wconf 87' lang='lat' dir='ltr'><strong>libello</strong></span> <span class='ocrx_word' id='word_1_879' title='bbox 2952 5823 3113 5882; x_wconf 90' lang='lat' dir='ltr'><strong>quem</strong></span> <span class='ocrx_word' id='word_1_880' title='bbox 3157 5811 3224 5866; x_wconf 89' lang='lat' dir='ltr'><strong>de</strong></span> <span class='ocrx_word' id='word_1_881' title='bbox 3269 5811 3442 5867; x_wconf 83' lang='lat' dir='ltr'><strong>beatae</strong></span> <span class='ocrx_word' id='word_1_882' title='bbox 3481 5811 3661 5867; x_wconf 72' lang='lat' dir='ltr'><strong>Maria:</strong></span> 
     </span>
    </p>
   </div>
   <div class='ocr_carea' id='block_1_123' title="bbox 2072 5901 2966 5973">
    <p class='ocr_par' dir='ltr' id='par_1_123' title="bbox 2072 5901 2966 5973">
     <span class='ocr_line' id='line_1_125' title="bbox 2072 5901 2966 5973; baseline -0.011 -10"><span class='ocrx_word' id='word_1_883' title='bbox 2072 5908 2232 5963; x_wconf 86' lang='lat' dir='ltr'><strong>laude</strong></span> <span class='ocrx_word' id='word_1_884' title='bbox 2253 5905 2468 5971; x_wconf 86' lang='lat' dir='ltr'><strong>cecinit,</strong></span> <span class='ocrx_word' id='word_1_885' title='bbox 2499 5905 2571 5959; x_wconf 90' lang='lat' dir='ltr'><strong>ita</strong></span> <span class='ocrx_word' id='word_1_886' title='bbox 2603 5904 2753 5973; x_wconf 87' lang='lat' dir='ltr'><strong>ponit</strong></span> <span class='ocrx_word' id='word_1_887' title='bbox 2780 5921 2791 5955; x_wconf 91' lang='lat'><strong>:</strong></span> <span class='ocrx_word' id='word_1_888' title='bbox 2958 5901 2966 5909; x_wconf 80' lang='grc'><strong>”</strong></span> 
     </span>
    </p>
   </div>
  </div>
