  <div class='ocr_page' id='page_1' title='image "/cluster/home/n/w/nwhite01/storage/ocr_20150623/111/hvd.32044009716333/319.png"; bbox 0 0 4100 6324; ppageno 0'>
   <div class='ocr_carea' id='block_1_1' title="bbox 481 459 588 514">
    <p class='ocr_par' dir='ltr' id='par_1_1' title="bbox 481 459 588 514">
     <span class='ocr_line' id='line_1_1' title="bbox 481 459 588 514; baseline 0 -1"><span class='ocrx_word' id='word_1_1' title='bbox 481 459 588 514; x_wconf 69' lang='lat'><strong>623</strong></span> 
     </span>
    </p>
   </div>
   <div class='ocr_carea' id='block_1_2' title="bbox 605 568 1786 683">
    <p class='ocr_par' dir='ltr' id='par_1_2' title="bbox 605 568 1786 683">
     <span class='ocr_line' id='line_1_2' title="bbox 605 568 1786 683; baseline -0.003 -61"><span class='ocrx_word' id='word_1_2' title='bbox 605 571 849 622; x_wconf 81' lang='lat' dir='ltr'><strong>Rorarnut</strong></span> <span class='ocrx_word' id='word_1_3' title='bbox 869 568 980 622; x_wconf 73' lang='lat' dir='ltr'><strong>cmli</strong></span> <span class='ocrx_word' id='word_1_4' title='bbox 1013 569 1188 632; x_wconf 81' lang='lat' dir='ltr'><strong>nubes,</strong></span> <span class='ocrx_word' id='word_1_5' title='bbox 1208 571 1491 683; x_wconf 52' lang='lat' dir='ltr'><strong>justumq‘qe</strong></span> <span class='ocrx_word' id='word_1_6' title='bbox 1517 569 1746 632; x_wconf 85' lang='lat' dir='ltr'><strong>pluerunt</strong></span> <span class='ocrx_word' id='word_1_7' title='bbox 1769 583 1786 619; x_wconf 93' lang='lat'><strong>:</strong></span> 
     </span>
     <span class='ocr_line' id='line_1_3' title="bbox 665 631 1743 683; baseline -0.002 0"><span class='ocrx_word' id='word_1_8' title='bbox 665 633 822 683; x_wconf 88' lang='lat' dir='ltr'><strong>Ouem</strong></span> <span class='ocrx_word' id='word_1_9' title='bbox 840 633 1146 683; x_wconf 84' lang='lat' dir='ltr'><strong>Salvatorem</strong></span> <span class='ocrx_word' id='word_1_10' title='bbox 1170 635 1396 683; x_wconf 69' lang='lat' dir='ltr'><strong>Rermine</strong></span> <span class='ocrx_word' id='word_1_11' title='bbox 1462 631 1570 683; x_wconf 78' lang='lat' dir='ltr'><strong>into</strong></span> <span class='ocrx_word' id='word_1_12' title='bbox 1589 631 1743 683; x_wconf 84' lang='lat' dir='ltr'><strong>dedit.</strong></span> 
     </span>
    </p>
   </div>
   <div class='ocr_carea' id='block_1_3' title="bbox 665 631 1743 695">
    <p class='ocr_par' dir='ltr' id='par_1_3' title="bbox 665 631 1743 695">
     <span class='ocr_line' id='line_1_4' title="bbox 665 631 1743 695; baseline -0.003 -11"><span class='ocrx_word' id='word_1_13' title='bbox 665 633 822 695; x_wconf 81' lang='lat' dir='ltr'><strong>Quem</strong></span> <span class='ocrx_word' id='word_1_14' title='bbox 840 633 1146 683; x_wconf 84' lang='lat' dir='ltr'><strong>Salvatorem</strong></span> <span class='ocrx_word' id='word_1_15' title='bbox 1170 631 1396 693; x_wconf 78' lang='lat' dir='ltr'><strong>germine</strong></span> <span class='ocrx_word' id='word_1_16' title='bbox 1414 631 1570 695; x_wconf 78' lang='lat' dir='ltr'><strong>Virgo</strong></span> <span class='ocrx_word' id='word_1_17' title='bbox 1589 631 1743 684; x_wconf 84' lang='lat' dir='ltr'><strong>dedit.</strong></span> 
     </span>
    </p>
   </div>
   <div class='ocr_carea' id='block_1_4' title="bbox 481 723 2055 799">
    <p class='ocr_par' dir='ltr' id='par_1_4' title="bbox 481 723 2055 799">
     <span class='ocr_line' id='line_1_5' title="bbox 481 723 2055 799; baseline -0.005 -14"><span class='ocrx_word' id='word_1_18' title='bbox 481 729 636 799; x_wconf 84' lang='lat' dir='ltr'><strong>Quod</strong></span> <span class='ocrx_word' id='word_1_19' title='bbox 667 727 748 784; x_wconf 89' lang='lat' dir='ltr'><strong>sic</strong></span> <span class='ocrx_word' id='word_1_20' title='bbox 792 726 1106 783; x_wconf 83' lang='lat' dir='ltr'><strong>scanditur:</strong></span> <span class='ocrx_word' id='word_1_21' title='bbox 1133 723 1278 778; x_wconf 85' lang='lat' dir='ltr'><strong>Rara</strong></span> <span class='ocrx_word' id='word_1_22' title='bbox 1317 723 1532 794; x_wconf 88' lang='lat' dir='ltr'><strong>spond.,</strong></span> <span class='ocrx_word' id='word_1_23' title='bbox 1575 731 1699 778; x_wconf 83' lang='lat' dir='ltr'><strong>runt</strong></span> <span class='ocrx_word' id='word_1_24' title='bbox 1727 739 1802 778; x_wconf 73' lang='lat' dir='ltr'><strong>ca</strong></span> <span class='ocrx_word' id='word_1_25' title='bbox 1842 723 2055 794; x_wconf 87' lang='lat' dir='ltr'><strong>spond.,</strong></span> 
     </span>
    </p>
   </div>
   <div class='ocr_carea' id='block_1_5' title="bbox 481 813 2059 891">
    <p class='ocr_par' dir='ltr' id='par_1_5' title="bbox 481 813 2059 891">
     <span class='ocr_line' id='line_1_6' title="bbox 481 813 2059 891; baseline -0.006 -15"><span class='ocrx_word' id='word_1_26' title='bbox 481 823 520 876; x_wconf 89' lang='lat' dir='ltr'><strong>li</strong></span> <span class='ocrx_word' id='word_1_27' title='bbox 549 838 621 876; x_wconf 88' lang='lat' dir='ltr'><strong>nu</strong></span> <span class='ocrx_word' id='word_1_28' title='bbox 645 817 862 891; x_wconf 83' lang='lat' dir='ltr'><strong>spuud.,</strong></span> <span class='ocrx_word' id='word_1_29' title='bbox 887 817 972 872; x_wconf 90' lang='lat' dir='ltr'><strong>bes</strong></span> <span class='ocrx_word' id='word_1_30' title='bbox 993 816 1059 888; x_wconf 84' lang='lat' dir='ltr'><strong>ju</strong></span> <span class='ocrx_word' id='word_1_31' title='bbox 1079 816 1298 886; x_wconf 89' lang='lat' dir='ltr'><strong>spond.,</strong></span> <span class='ocrx_word' id='word_1_32' title='bbox 1329 824 1568 887; x_wconf 88' lang='lat' dir='ltr'><strong>stumque</strong></span> <span class='ocrx_word' id='word_1_33' title='bbox 1601 813 1693 886; x_wconf 87' lang='lat' dir='ltr'><strong>plu</strong></span> <span class='ocrx_word' id='word_1_34' title='bbox 1716 813 1886 880; x_wconf 85' lang='lat' dir='ltr'><strong>dact.,</strong></span> <span class='ocrx_word' id='word_1_35' title='bbox 1908 823 2059 868; x_wconf 85' lang='lat' dir='ltr'><strong>erunt</strong></span> 
     </span>
    </p>
   </div>
   <div class='ocr_carea' id='block_1_6' title="bbox 481 903 2062 982">
    <p class='ocr_par' dir='ltr' id='par_1_6' title="bbox 481 903 2062 982">
     <span class='ocr_line' id='line_1_7' title="bbox 481 903 2062 982; baseline -0.005 -16"><span class='ocrx_word' id='word_1_36' title='bbox 481 909 672 982; x_wconf 86' lang='lat' dir='ltr'><strong>spond.</strong></span> <span class='ocrx_word' id='word_1_37' title='bbox 702 908 868 976; x_wconf 84' lang='lat' dir='ltr'><strong>Quem</strong></span> <span class='ocrx_word' id='word_1_38' title='bbox 902 903 997 961; x_wconf 83' lang='lat' dir='ltr'><strong>Sal</strong></span> <span class='ocrx_word' id='word_1_39' title='bbox 1034 905 1338 976; x_wconf 61' lang='lat' dir='ltr'><strong>spondeus,</strong></span> <span class='ocrx_word' id='word_1_40' title='bbox 1375 913 1489 959; x_wconf 87' lang='lat' dir='ltr'><strong>veto</strong></span> <span class='ocrx_word' id='word_1_41' title='bbox 1532 903 1747 974; x_wconf 87' lang='lat' dir='ltr'><strong>spoud.,</strong></span> <span class='ocrx_word' id='word_1_42' title='bbox 1779 919 1888 958; x_wconf 86' lang='lat' dir='ltr'><strong>rem</strong></span> <span class='ocrx_word' id='word_1_43' title='bbox 1917 904 2062 959; x_wconf 77' lang='lat' dir='ltr'><strong>colo-</strong></span> 
     </span>
    </p>
   </div>
   <div class='ocr_carea' id='block_1_7' title="bbox 480 994 2056 1072">
    <p class='ocr_par' dir='ltr' id='par_1_7' title="bbox 480 994 2056 1072">
     <span class='ocr_line' id='line_1_8' title="bbox 480 994 2056 1072; baseline -0.006 -15"><span class='ocrx_word' id='word_1_44' title='bbox 480 1001 592 1068; x_wconf 78' lang='lat' dir='ltr'><strong>fon,</strong></span> <span class='ocrx_word' id='word_1_45' title='bbox 635 999 864 1072; x_wconf 83' lang='lat' dir='ltr'><strong>germine</strong></span> <span class='ocrx_word' id='word_1_46' title='bbox 903 997 1074 1064; x_wconf 84' lang='lat' dir='ltr'><strong>dact.,</strong></span> <span class='ocrx_word' id='word_1_47' title='bbox 1126 995 1284 1068; x_wconf 86' lang='lat' dir='ltr'><strong>Virgo</strong></span> <span class='ocrx_word' id='word_1_48' title='bbox 1315 996 1379 1050; x_wconf 90' lang='lat' dir='ltr'><strong>de</strong></span> <span class='ocrx_word' id='word_1_49' title='bbox 1419 994 1686 1066; x_wconf 73' lang='lat' dir='ltr'><strong>dactylus,</strong></span> <span class='ocrx_word' id='word_1_50' title='bbox 1723 994 1801 1048; x_wconf 83' lang='lat' dir='ltr'><strong>dit</strong></span> <span class='ocrx_word' id='word_1_51' title='bbox 1825 995 2056 1050; x_wconf 81' lang='lat' dir='ltr'><strong>coloion.</strong></span> 
     </span>
    </p>
   </div>
   <div class='ocr_carea' id='block_1_8' title="bbox 492 1086 2060 1165">
    <p class='ocr_par' dir='ltr' id='par_1_8' title="bbox 492 1086 2060 1165">
     <span class='ocr_line' id='line_1_9' title="bbox 492 1086 2060 1165; baseline -0.005 -16"><span class='ocrx_word' id='word_1_52' title='bbox 492 1095 652 1165; x_wconf 86' lang='lat' dir='ltr'><strong>Ergo,</strong></span> <span class='ocrx_word' id='word_1_53' title='bbox 688 1093 826 1148; x_wconf 81' lang='lat' dir='ltr'><strong>sicut</strong></span> <span class='ocrx_word' id='word_1_54' title='bbox 863 1090 919 1145; x_wconf 88' lang='lat' dir='ltr'><strong>in</strong></span> <span class='ocrx_word' id='word_1_55' title='bbox 946 1090 1125 1160; x_wconf 83' lang='lat' dir='ltr'><strong>priore</strong></span> <span class='ocrx_word' id='word_1_56' title='bbox 1147 1089 1395 1165; x_wconf 82' lang='lat' dir='ltr'><strong>exemplo</strong></span> <span class='ocrx_word' id='word_1_57' title='bbox 1421 1088 1673 1144; x_wconf 90' lang='lat' dir='ltr'><strong>omnibus</strong></span> <span class='ocrx_word' id='word_1_58' title='bbox 1712 1086 1846 1143; x_wconf 92' lang='lat' dir='ltr'><strong>locis</strong></span> <span class='ocrx_word' id='word_1_59' title='bbox 1873 1087 2060 1158; x_wconf 88' lang='lat' dir='ltr'><strong>dacty-</strong></span> 
     </span>
    </p>
   </div>
   <div class='ocr_carea' id='block_1_9' title="bbox 487 1161 2064 1256">
    <p class='ocr_par' dir='ltr' id='par_1_9' title="bbox 487 1161 2064 1256">
     <span class='ocr_line' id='line_1_10' title="bbox 487 1161 2064 1256; baseline -0.005 -14"><span class='ocrx_word' id='word_1_60' title='bbox 487 1161 616 1252; x_wconf 79' lang='lat' dir='ltr'><strong>lum,</strong></span> <span class='ocrx_word' id='word_1_61' title='bbox 643 1193 841 1256; x_wconf 80' lang='lat' dir='ltr'><strong>praeter</strong></span> <span class='ocrx_word' id='word_1_62' title='bbox 866 1197 1030 1238; x_wconf 88' lang='lat' dir='ltr'><strong>unum</strong></span> <span class='ocrx_word' id='word_1_63' title='bbox 1057 1161 1390 1253; x_wconf 77' lang='lat' dir='ltr'><strong>spondaeum,</strong></span> <span class='ocrx_word' id='word_1_64' title='bbox 1430 1181 1591 1234; x_wconf 88' lang='lat' dir='ltr'><strong>ambo</strong></span> <span class='ocrx_word' id='word_1_65' title='bbox 1629 1194 1820 1234; x_wconf 89' lang='lat' dir='ltr'><strong>versus</strong></span> <span class='ocrx_word' id='word_1_66' title='bbox 1864 1179 2064 1234; x_wconf 86' lang='lat' dir='ltr'><strong>habue-</strong></span> 
     </span>
    </p>
   </div>
   <div class='ocr_carea' id='block_1_10' title="bbox 483 1271 2060 1345">
    <p class='ocr_par' dir='ltr' id='par_1_10' title="bbox 483 1271 2060 1345">
     <span class='ocr_line' id='line_1_11' title="bbox 483 1271 2060 1345; baseline -0.006 -10"><span class='ocrx_word' id='word_1_67' title='bbox 483 1287 637 1345; x_wconf 88' lang='lat' dir='ltr'><strong>runt;</strong></span> <span class='ocrx_word' id='word_1_68' title='bbox 677 1279 750 1333; x_wconf 89' lang='lat' dir='ltr'><strong>ita</strong></span> <span class='ocrx_word' id='word_1_69' title='bbox 775 1291 918 1332; x_wconf 91' lang='lat' dir='ltr'><strong>nunc</strong></span> <span class='ocrx_word' id='word_1_70' title='bbox 941 1275 996 1330; x_wconf 92' lang='lat' dir='ltr'><strong>in</strong></span> <span class='ocrx_word' id='word_1_71' title='bbox 1024 1273 1276 1345; x_wconf 79' lang='lat' dir='ltr'><strong>sequenti</strong></span> <span class='ocrx_word' id='word_1_72' title='bbox 1303 1273 1556 1330; x_wconf 90' lang='lat' dir='ltr'><strong>omnibus</strong></span> <span class='ocrx_word' id='word_1_73' title='bbox 1581 1271 1714 1328; x_wconf 89' lang='lat' dir='ltr'><strong>locis</strong></span> <span class='ocrx_word' id='word_1_74' title='bbox 1749 1271 2060 1340; x_wconf 76' lang='lat' dir='ltr'><strong>spondamm</strong></span> 
     </span>
    </p>
   </div>
   <div class='ocr_carea' id='block_1_11' title="bbox 479 1365 2062 1445">
    <p class='ocr_par' dir='ltr' id='par_1_11' title="bbox 479 1365 2062 1445">
     <span class='ocr_line' id='line_1_12' title="bbox 479 1365 2062 1445; baseline -0.005 -17"><span class='ocrx_word' id='word_1_75' title='bbox 479 1381 677 1445; x_wconf 75' lang='lat' dir='ltr'><strong>praeter</strong></span> <span class='ocrx_word' id='word_1_76' title='bbox 703 1369 1009 1442; x_wconf 85' lang='lat' dir='ltr'><strong>supradicta</strong></span> <span class='ocrx_word' id='word_1_77' title='bbox 1039 1369 1146 1424; x_wconf 84' lang='lat' dir='ltr'><strong>tria</strong></span> <span class='ocrx_word' id='word_1_78' title='bbox 1188 1368 1306 1424; x_wconf 89' lang='lat' dir='ltr'><strong>loca</strong></span> <span class='ocrx_word' id='word_1_79' title='bbox 1341 1367 1558 1422; x_wconf 85' lang='lat' dir='ltr'><strong>habent.</strong></span> <span class='ocrx_word' id='word_1_80' title='bbox 1603 1365 1738 1421; x_wconf 88' lang='lat' dir='ltr'><strong>Item</strong></span> <span class='ocrx_word' id='word_1_81' title='bbox 1773 1365 2062 1434; x_wconf 83' lang='lat' dir='ltr'><strong>aliquando</strong></span> 
     </span>
    </p>
   </div>
   <div class='ocr_carea' id='block_1_12' title="bbox 478 1453 2062 1534">
    <p class='ocr_par' dir='ltr' id='par_1_12' title="bbox 478 1453 2062 1534">
     <span class='ocr_line' id='line_1_13' title="bbox 478 1453 2062 1534; baseline -0.006 -14"><span class='ocrx_word' id='word_1_82' title='bbox 478 1465 652 1534; x_wconf 81' lang='lat' dir='ltr'><strong>prima</strong></span> <span class='ocrx_word' id='word_1_83' title='bbox 683 1462 892 1534; x_wconf 82' lang='lat' dir='ltr'><strong>syllaba</strong></span> <span class='ocrx_word' id='word_1_84' title='bbox 913 1475 980 1516; x_wconf 81' lang='lat' dir='ltr'><strong>ex</strong></span> <span class='ocrx_word' id='word_1_85' title='bbox 1020 1458 1410 1531; x_wconf 82' lang='lat' dir='ltr'><strong>compositione</strong></span> <span class='ocrx_word' id='word_1_86' title='bbox 1447 1457 1632 1528; x_wconf 63' lang='lat' dir='ltr'><strong>ﬁgurat</strong></span> <span class='ocrx_word' id='word_1_87' title='bbox 1657 1455 1832 1528; x_wconf 85' lang='lat' dir='ltr'><strong>qualis</strong></span> <span class='ocrx_word' id='word_1_88' title='bbox 1873 1455 1944 1510; x_wconf 89' lang='lat' dir='ltr'><strong>sit</strong></span> <span class='ocrx_word' id='word_1_89' title='bbox 1969 1453 2062 1510; x_wconf 84' lang='lat' dir='ltr'><strong>de-</strong></span> 
     </span>
    </p>
   </div>
   <div class='ocr_carea' id='block_1_13' title="bbox 475 1545 2058 1628">
    <p class='ocr_par' dir='ltr' id='par_1_13' title="bbox 475 1545 2058 1628">
     <span class='ocr_line' id='line_1_14' title="bbox 475 1545 2058 1628; baseline -0.009 -15"><span class='ocrx_word' id='word_1_90' title='bbox 475 1555 854 1628; x_wconf 87' lang='lat' dir='ltr'><strong>prehenditur,</strong></span> <span class='ocrx_word' id='word_1_91' title='bbox 881 1554 1006 1610; x_wconf 88' lang='lat' dir='ltr'><strong>utsi</strong></span> <span class='ocrx_word' id='word_1_92' title='bbox 1029 1552 1242 1608; x_wconf 88' lang='lat' dir='ltr'><strong>nescias</strong></span> <span class='ocrx_word' id='word_1_93' title='bbox 1267 1549 1443 1622; x_wconf 88' lang='lat' dir='ltr'><strong>qualis</strong></span> <span class='ocrx_word' id='word_1_94' title='bbox 1474 1549 1565 1616; x_wconf 86' lang='lat' dir='ltr'><strong>sit,</strong></span> <span class='ocrx_word' id='word_1_95' title='bbox 1588 1547 1706 1620; x_wconf 88' lang='lat' dir='ltr'><strong>pius</strong></span> <span class='ocrx_word' id='word_1_96' title='bbox 1732 1547 1817 1602; x_wconf 85' lang='lat' dir='ltr'><strong>vel</strong></span> <span class='ocrx_word' id='word_1_97' title='bbox 1845 1545 2058 1617; x_wconf 85' lang='lat' dir='ltr'><strong>probus,</strong></span> 
     </span>
    </p>
   </div>
   <div class='ocr_carea' id='block_1_14' title="bbox 478 1640 2058 1723">
    <p class='ocr_par' dir='ltr' id='par_1_14' title="bbox 478 1640 2058 1723">
     <span class='ocr_line' id='line_1_15' title="bbox 478 1640 2058 1723; baseline -0.009 -15"><span class='ocrx_word' id='word_1_98' title='bbox 478 1669 545 1708; x_wconf 85' lang='lat' dir='ltr'><strong>cx</strong></span> <span class='ocrx_word' id='word_1_99' title='bbox 588 1649 1002 1723; x_wconf 75' lang='lat' dir='ltr'><strong>compositiOne,</strong></span> <span class='ocrx_word' id='word_1_100' title='bbox 1031 1663 1151 1718; x_wconf 61' lang='lat' dir='ltr'><strong>quae</strong></span> <span class='ocrx_word' id='word_1_101' title='bbox 1191 1655 1296 1711; x_wconf 87' lang='lat' dir='ltr'><strong>est,</strong></span> <span class='ocrx_word' id='word_1_102' title='bbox 1338 1643 1531 1716; x_wconf 88' lang='lat' dir='ltr'><strong>impius</strong></span> <span class='ocrx_word' id='word_1_103' title='bbox 1557 1641 1644 1698; x_wconf 90' lang='lat' dir='ltr'><strong>vel</strong></span> <span class='ocrx_word' id='word_1_104' title='bbox 1689 1640 1936 1712; x_wconf 82' lang='lat' dir='ltr'><strong>reprobus</strong></span> <span class='ocrx_word' id='word_1_105' title='bbox 1965 1655 2058 1695; x_wconf 85' lang='lat' dir='ltr'><strong>co-</strong></span> 
     </span>
    </p>
   </div>
   <div class='ocr_carea' id='block_1_15' title="bbox 476 1733 2061 1816">
    <p class='ocr_par' dir='ltr' id='par_1_15' title="bbox 476 1733 2061 1816">
     <span class='ocr_line' id='line_1_16' title="bbox 476 1733 2061 1816; baseline -0.009 -16"><span class='ocrx_word' id='word_1_106' title='bbox 476 1745 776 1816; x_wconf 87' lang='lat' dir='ltr'><strong>gnoscitur,</strong></span> <span class='ocrx_word' id='word_1_107' title='bbox 805 1742 932 1798; x_wconf 91' lang='lat' dir='ltr'><strong>licet</strong></span> <span class='ocrx_word' id='word_1_108' title='bbox 957 1741 1014 1796; x_wconf 89' lang='lat' dir='ltr'><strong>in</strong></span> <span class='ocrx_word' id='word_1_109' title='bbox 1041 1738 1260 1811; x_wconf 80' lang='lat' dir='ltr'><strong>syllabis</strong></span> <span class='ocrx_word' id='word_1_110' title='bbox 1279 1735 1570 1807; x_wconf 90' lang='lat' dir='ltr'><strong>aliquantis</strong></span> <span class='ocrx_word' id='word_1_111' title='bbox 1593 1735 1696 1790; x_wconf 84' lang='lat' dir='ltr'><strong>hoc</strong></span> <span class='ocrx_word' id='word_1_112' title='bbox 1725 1733 1908 1795; x_wconf 84' lang='lat' dir='ltr'><strong>fallat;</strong></span> <span class='ocrx_word' id='word_1_113' title='bbox 1937 1747 2061 1786; x_wconf 89' lang='lat' dir='ltr'><strong>nam</strong></span> 
     </span>
    </p>
   </div>
   <div class='ocr_carea' id='block_1_16' title="bbox 477 1827 2055 1900">
    <p class='ocr_par' dir='ltr' id='par_1_16' title="bbox 477 1827 2055 1900">
     <span class='ocr_line' id='line_1_17' title="bbox 477 1827 2055 1900; baseline -0.01 -7"><span class='ocrx_word' id='word_1_114' title='bbox 477 1854 600 1892; x_wconf 83' lang='lat' dir='ltr'><strong>cum</strong></span> <span class='ocrx_word' id='word_1_115' title='bbox 630 1837 864 1893; x_wconf 86' lang='lat' dir='ltr'><strong>dicimus</strong></span> <span class='ocrx_word' id='word_1_116' title='bbox 888 1833 1099 1898; x_wconf 87' lang='lat' dir='ltr'><strong>nubere,</strong></span> <span class='ocrx_word' id='word_1_117' title='bbox 1130 1848 1199 1885; x_wconf 88' lang='lat' dir='ltr'><strong>nu</strong></span> <span class='ocrx_word' id='word_1_118' title='bbox 1227 1831 1389 1900; x_wconf 89' lang='lat' dir='ltr'><strong>longa</strong></span> <span class='ocrx_word' id='word_1_119' title='bbox 1425 1839 1528 1885; x_wconf 88' lang='lat' dir='ltr'><strong>est.</strong></span> <span class='ocrx_word' id='word_1_120' title='bbox 1551 1827 1875 1898; x_wconf 85' lang='lat' dir='ltr'><strong>Calpurnius</strong></span> <span class='ocrx_word' id='word_1_121' title='bbox 1898 1827 1954 1881; x_wconf 91' lang='lat' dir='ltr'><strong>in</strong></span> <span class='ocrx_word' id='word_1_122' title='bbox 1984 1841 2016 1879; x_wconf 66' lang='grc' dir='ltr'><strong>ι</strong></span> <span class='ocrx_word' id='word_1_123' title='bbox 2043 1843 2055 1878; x_wconf 93' lang='lat'>:</span> 
     </span>
    </p>
   </div>
   <div class='ocr_carea' id='block_1_17' title="bbox 669 1941 1885 2006">
    <p class='ocr_par' dir='ltr' id='par_1_17' title="bbox 669 1941 1885 2006">
     <span class='ocr_line' id='line_1_18' title="bbox 669 1941 1885 2006; baseline -0.008 -5"><span class='ocrx_word' id='word_1_124' title='bbox 669 1949 872 2002; x_wconf 82' lang='lat' dir='ltr'><strong>Nubere</strong></span> <span class='ocrx_word' id='word_1_125' title='bbox 896 1948 966 1997; x_wconf 79' lang='lat' dir='ltr'><strong>vis</strong></span> <span class='ocrx_word' id='word_1_126' title='bbox 989 1945 1176 2006; x_wconf 86' lang='lat' dir='ltr'><strong>Prisco,</strong></span> <span class='ocrx_word' id='word_1_127' title='bbox 1192 1957 1289 1994; x_wconf 89' lang='lat' dir='ltr'><strong>non</strong></span> <span class='ocrx_word' id='word_1_128' title='bbox 1311 1943 1483 2006; x_wconf 84' lang='lat' dir='ltr'><strong>miror,</strong></span> <span class='ocrx_word' id='word_1_129' title='bbox 1502 1941 1670 2004; x_wconf 85' lang='lat' dir='ltr'><strong>Paula,</strong></span> <span class='ocrx_word' id='word_1_130' title='bbox 1697 1942 1885 2006; x_wconf 83' lang='lat' dir='ltr'><strong>sapisti.</strong></span> 
     </span>
    </p>
   </div>
   <div class='ocr_carea' id='block_1_18' title="bbox 476 2054 2054 2128">
    <p class='ocr_par' dir='ltr' id='par_1_18' title="bbox 476 2054 2054 2128">
     <span class='ocr_line' id='line_1_19' title="bbox 476 2054 2054 2128; baseline -0.009 -11"><span class='ocrx_word' id='word_1_131' title='bbox 476 2063 608 2117; x_wconf 85' lang='lat' dir='ltr'><strong>Item</strong></span> <span class='ocrx_word' id='word_1_132' title='bbox 633 2075 758 2116; x_wconf 91' lang='lat' dir='ltr'><strong>cum</strong></span> <span class='ocrx_word' id='word_1_133' title='bbox 797 2057 1024 2114; x_wconf 88' lang='lat' dir='ltr'><strong>dicimus</strong></span> <span class='ocrx_word' id='word_1_134' title='bbox 1050 2055 1310 2128; x_wconf 88' lang='lat' dir='ltr'><strong>pronuba,</strong></span> <span class='ocrx_word' id='word_1_135' title='bbox 1347 2061 1441 2109; x_wconf 90' lang='lat' dir='ltr'><strong>aut</strong></span> <span class='ocrx_word' id='word_1_136' title='bbox 1479 2054 1692 2116; x_wconf 86' lang='lat' dir='ltr'><strong>innuba,</strong></span> <span class='ocrx_word' id='word_1_137' title='bbox 1733 2059 1827 2106; x_wconf 88' lang='lat' dir='ltr'><strong>aut</strong></span> <span class='ocrx_word' id='word_1_138' title='bbox 1853 2067 2054 2105; x_wconf 85' lang='lat' dir='ltr'><strong>cannu-</strong></span> 
     </span>
    </p>
   </div>
   <div class='ocr_carea' id='block_1_19' title="bbox 475 2141 2053 2218">
    <p class='ocr_par' dir='ltr' id='par_1_19' title="bbox 475 2141 2053 2218">
     <span class='ocr_line' id='line_1_20' title="bbox 475 2141 2053 2218; baseline -0.009 -8"><span class='ocrx_word' id='word_1_139' title='bbox 475 2153 636 2218; x_wconf 82' lang='lat' dir='ltr'><strong>bium,</strong></span> <span class='ocrx_word' id='word_1_140' title='bbox 661 2168 731 2208; x_wconf 91' lang='lat' dir='ltr'><strong>nu</strong></span> <span class='ocrx_word' id='word_1_141' title='bbox 755 2150 938 2206; x_wconf 79' lang='lat' dir='ltr'><strong>brevis</strong></span> <span class='ocrx_word' id='word_1_142' title='bbox 960 2149 1015 2202; x_wconf 91' lang='lat' dir='ltr'><strong>in</strong></span> <span class='ocrx_word' id='word_1_143' title='bbox 1035 2145 1444 2218; x_wconf 83' lang='lat' dir='ltr'><strong>compositione.</strong></span> <span class='ocrx_word' id='word_1_144' title='bbox 1473 2143 1622 2212; x_wconf 86' lang='lat' dir='ltr'><strong>Virg.</strong></span> <span class='ocrx_word' id='word_1_145' title='bbox 1647 2143 1704 2198; x_wconf 91' lang='lat' dir='ltr'><strong>in</strong></span> <span class='ocrx_word' id='word_1_146' title='bbox 1729 2159 1778 2196; x_wconf 80' lang='lat' dir='ltr'><strong>v1</strong></span> <span class='ocrx_word' id='word_1_147' title='bbox 1800 2141 2053 2197; x_wconf 64' lang='lat' dir='ltr'><strong>1Eneid.:</strong></span> 
     </span>
    </p>
   </div>
   <div class='ocr_carea' id='block_1_20' title="bbox 597 2233 1870 2302">
    <p class='ocr_par' dir='ltr' id='par_1_20' title="bbox 597 2233 1870 2302">
     <span class='ocr_line' id='line_1_21' title="bbox 597 2233 1870 2302; baseline -0.009 -7"><span class='ocrx_word' id='word_1_148' title='bbox 597 2243 659 2294; x_wconf 81' lang='lat' dir='ltr'><strong>Et</strong></span> <span class='ocrx_word' id='word_1_149' title='bbox 689 2241 894 2294; x_wconf 86' lang='lat' dir='ltr'><strong>Bellona</strong></span> <span class='ocrx_word' id='word_1_150' title='bbox 919 2244 1084 2290; x_wconf 87' lang='lat' dir='ltr'><strong>manet</strong></span> <span class='ocrx_word' id='word_1_151' title='bbox 1104 2245 1155 2289; x_wconf 91' lang='lat' dir='ltr'><strong>te</strong></span> <span class='ocrx_word' id='word_1_152' title='bbox 1180 2237 1398 2302; x_wconf 82' lang='lat' dir='ltr'><strong>pronuba</strong></span> <span class='ocrx_word' id='word_1_153' title='bbox 1423 2247 1516 2286; x_wconf 88' lang='lat' dir='ltr'><strong>nec</strong></span> <span class='ocrx_word' id='word_1_154' title='bbox 1538 2233 1645 2285; x_wconf 79' lang='lat' dir='ltr'><strong>tace</strong></span> <span class='ocrx_word' id='word_1_155' title='bbox 1661 2237 1870 2284; x_wconf 84' lang='lat' dir='ltr'><strong>tantum.</strong></span> 
     </span>
    </p>
   </div>
   <div class='ocr_carea' id='block_1_21' title="bbox 475 2325 1834 2476">
    <p class='ocr_par' dir='ltr' id='par_1_21' title="bbox 475 2325 1834 2476">
     <span class='ocr_line' id='line_1_22' title="bbox 475 2325 1834 2476; baseline -0.01 -8"><span class='ocrx_word' id='word_1_156' title='bbox 475 2325 845 2468; x_wconf 53' lang='grc' dir='ltr'><strong>Μθηὲἐιῗιιιξζὶο</strong></span> <span class='ocrx_word' id='word_1_157' title='bbox 855 2415 1056 2476; x_wconf 85' lang='lat' dir='ltr'><strong>jungam</strong></span> <span class='ocrx_word' id='word_1_158' title='bbox 1078 2409 1257 2471; x_wconf 82' lang='lat' dir='ltr'><strong>stabili,</strong></span> <span class='ocrx_word' id='word_1_159' title='bbox 1279 2409 1625 2472; x_wconf 87' lang='lat' dir='ltr'><strong>prapriamque</strong></span> <span class='ocrx_word' id='word_1_160' title='bbox 1639 2405 1834 2456; x_wconf 84' lang='lat' dir='ltr'><strong>dicabo.</strong></span> 
     </span>
    </p>
   </div>
   <div class='ocr_carea' id='block_1_22' title="bbox 471 2486 2062 2564">
    <p class='ocr_par' dir='ltr' id='par_1_22' title="bbox 471 2486 2062 2564">
     <span class='ocr_line' id='line_1_23' title="bbox 471 2486 2062 2564; baseline -0.008 -10"><span class='ocrx_word' id='word_1_161' title='bbox 471 2499 609 2554; x_wconf 85' lang='lat' dir='ltr'><strong>Item</strong></span> <span class='ocrx_word' id='word_1_162' title='bbox 633 2498 688 2552; x_wconf 90' lang='lat' dir='ltr'><strong>in</strong></span> <span class='ocrx_word' id='word_1_163' title='bbox 713 2496 808 2550; x_wconf 77' lang='lat' dir='ltr'><strong>lue:</strong></span> <span class='ocrx_word' id='word_1_164' title='bbox 829 2495 960 2550; x_wconf 86' lang='lat' dir='ltr'><strong>lucis</strong></span> <span class='ocrx_word' id='word_1_165' title='bbox 987 2494 1148 2564; x_wconf 88' lang='lat' dir='ltr'><strong>longa</strong></span> <span class='ocrx_word' id='word_1_166' title='bbox 1185 2500 1269 2548; x_wconf 87' lang='lat' dir='ltr'><strong>est</strong></span> <span class='ocrx_word' id='word_1_167' title='bbox 1290 2490 1369 2557; x_wconf 87' lang='lat' dir='ltr'><strong>lu,</strong></span> <span class='ocrx_word' id='word_1_168' title='bbox 1399 2490 1618 2544; x_wconf 89' lang='lat' dir='ltr'><strong>lucerna</strong></span> <span class='ocrx_word' id='word_1_169' title='bbox 1641 2489 1697 2544; x_wconf 90' lang='lat' dir='ltr'><strong>in</strong></span> <span class='ocrx_word' id='word_1_170' title='bbox 1727 2486 2062 2545; x_wconf 88' lang='lat' dir='ltr'><strong>derivatione</strong></span> 
     </span>
    </p>
   </div>
   <div class='ocr_carea' id='block_1_23' title="bbox 473 2581 2062 2656">
    <p class='ocr_par' dir='ltr' id='par_1_23' title="bbox 473 2581 2062 2656">
     <span class='ocr_line' id='line_1_24' title="bbox 473 2581 2062 2656; baseline -0.008 -10"><span class='ocrx_word' id='word_1_171' title='bbox 473 2590 675 2656; x_wconf 88' lang='lat' dir='ltr'><strong>brevis,</strong></span> <span class='ocrx_word' id='word_1_172' title='bbox 707 2587 783 2642; x_wconf 85' lang='lat' dir='ltr'><strong>lu.</strong></span> <span class='ocrx_word' id='word_1_173' title='bbox 835 2587 966 2642; x_wconf 87' lang='lat' dir='ltr'><strong>Item</strong></span> <span class='ocrx_word' id='word_1_174' title='bbox 998 2585 1150 2644; x_wconf 84' lang='lat' dir='ltr'><strong>homo</strong></span> <span class='ocrx_word' id='word_1_175' title='bbox 1199 2583 1378 2639; x_wconf 89' lang='lat' dir='ltr'><strong>brevis</strong></span> <span class='ocrx_word' id='word_1_176' title='bbox 1427 2591 1510 2638; x_wconf 87' lang='lat' dir='ltr'><strong>est</strong></span> <span class='ocrx_word' id='word_1_177' title='bbox 1551 2581 1766 2652; x_wconf 89' lang='lat' dir='ltr'><strong>ubique,</strong></span> <span class='ocrx_word' id='word_1_178' title='bbox 1799 2583 2062 2656; x_wconf 77' lang='lat' dir='ltr'><strong>humanus</strong></span> 
     </span>
    </p>
   </div>
   <div class='ocr_carea' id='block_1_24' title="bbox 474 2654 2064 2749">
    <p class='ocr_par' dir='ltr' id='par_1_24' title="bbox 474 2654 2064 2749">
     <span class='ocr_line' id='line_1_25' title="bbox 474 2654 2064 2749; baseline -0.006 -13"><span class='ocrx_word' id='word_1_179' title='bbox 474 2654 691 2748; x_wconf 85' lang='lat' dir='ltr'><strong>semper</strong></span> <span class='ocrx_word' id='word_1_180' title='bbox 719 2677 898 2749; x_wconf 88' lang='lat' dir='ltr'><strong>longa.</strong></span> <span class='ocrx_word' id='word_1_181' title='bbox 931 2675 1054 2730; x_wconf 89' lang='lat' dir='ltr'><strong>Itur</strong></span> <span class='ocrx_word' id='word_1_182' title='bbox 1090 2675 1146 2728; x_wconf 87' lang='lat' dir='ltr'><strong>in</strong></span> <span class='ocrx_word' id='word_1_183' title='bbox 1175 2659 1445 2745; x_wconf 84' lang='lat' dir='ltr'><strong>antiquam</strong></span> <span class='ocrx_word' id='word_1_184' title='bbox 1471 2672 1678 2740; x_wconf 87' lang='lat' dir='ltr'><strong>silvam,</strong></span> <span class='ocrx_word' id='word_1_185' title='bbox 1703 2671 1721 2726; x_wconf 91' lang='lat' dir='ltr'><strong>i</strong></span> <span class='ocrx_word' id='word_1_186' title='bbox 1748 2654 1942 2743; x_wconf 44' lang='lat' dir='ltr'><strong>longa}</strong></span> <span class='ocrx_word' id='word_1_187' title='bbox 1974 2689 2064 2726; x_wconf 45' lang='lat' dir='ltr'><strong>sup-</strong></span> 
     </span>
    </p>
   </div>
   <div class='ocr_carea' id='block_1_25' title="bbox 471 2767 2064 2844">
    <p class='ocr_par' dir='ltr' id='par_1_25' title="bbox 471 2767 2064 2844">
     <span class='ocr_line' id='line_1_26' title="bbox 471 2767 2064 2844; baseline -0.001 -19"><span class='ocrx_word' id='word_1_188' title='bbox 471 2787 754 2844; x_wconf 89' lang='lat' dir='ltr'><strong>perumque</strong></span> <span class='ocrx_word' id='word_1_189' title='bbox 783 2769 852 2824; x_wconf 87' lang='lat' dir='ltr'><strong>ad</strong></span> <span class='ocrx_word' id='word_1_190' title='bbox 881 2769 1057 2824; x_wconf 73' lang='lat' dir='ltr'><strong>lurnen</strong></span> <span class='ocrx_word' id='word_1_191' title='bbox 1085 2769 1274 2835; x_wconf 86' lang='lat' dir='ltr'><strong>ituras,</strong></span> <span class='ocrx_word' id='word_1_192' title='bbox 1319 2769 1336 2821; x_wconf 89' lang='lat' dir='ltr'><strong>i</strong></span> <span class='ocrx_word' id='word_1_193' title='bbox 1381 2767 1564 2824; x_wconf 83' lang='lat' dir='ltr'><strong>brevis</strong></span> <span class='ocrx_word' id='word_1_194' title='bbox 1591 2787 1605 2821; x_wconf 89' lang='lat'><strong>:</strong></span> <span class='ocrx_word' id='word_1_195' title='bbox 1651 2768 1745 2824; x_wconf 88' lang='lat' dir='ltr'><strong>sed</strong></span> <span class='ocrx_word' id='word_1_196' title='bbox 1775 2769 1880 2824; x_wconf 89' lang='lat' dir='ltr'><strong>hoc</strong></span> <span class='ocrx_word' id='word_1_197' title='bbox 1915 2767 2064 2824; x_wconf 89' lang='lat' dir='ltr'><strong>inve-</strong></span> 
     </span>
    </p>
   </div>
   <div class='ocr_carea' id='block_1_26' title="bbox 471 2859 2064 2934">
    <p class='ocr_par' dir='ltr' id='par_1_26' title="bbox 471 2859 2064 2934">
     <span class='ocr_line' id='line_1_27' title="bbox 471 2859 2064 2934; baseline -0.002 -14"><span class='ocrx_word' id='word_1_198' title='bbox 471 2865 591 2921; x_wconf 90' lang='lat' dir='ltr'><strong>nire</strong></span> <span class='ocrx_word' id='word_1_199' title='bbox 613 2879 744 2920; x_wconf 86' lang='lat' dir='ltr'><strong>raro</strong></span> <span class='ocrx_word' id='word_1_200' title='bbox 771 2863 1051 2934; x_wconf 86' lang='lat' dir='ltr'><strong>contingit.</strong></span> <span class='ocrx_word' id='word_1_201' title='bbox 1083 2859 1282 2916; x_wconf 87' lang='lat' dir='ltr'><strong>Verum</strong></span> <span class='ocrx_word' id='word_1_202' title='bbox 1305 2861 1351 2916; x_wconf 91' lang='lat' dir='ltr'><strong>si</strong></span> <span class='ocrx_word' id='word_1_203' title='bbox 1377 2861 1629 2931; x_wconf 63' lang='lat' dir='ltr'><strong>quaelibet</strong></span> <span class='ocrx_word' id='word_1_204' title='bbox 1651 2876 1781 2932; x_wconf 87' lang='lat' dir='ltr'><strong>pars</strong></span> <span class='ocrx_word' id='word_1_205' title='bbox 1803 2861 2064 2918; x_wconf 87' lang='lat' dir='ltr'><strong>orationis</strong></span> 
     </span>
    </p>
   </div>
   <div class='ocr_carea' id='block_1_27' title="bbox 471 2953 2064 3026">
    <p class='ocr_par' dir='ltr' id='par_1_27' title="bbox 471 2953 2064 3026">
     <span class='ocr_line' id='line_1_28' title="bbox 471 2953 2064 3026; baseline -0.001 -15"><span class='ocrx_word' id='word_1_206' title='bbox 471 2955 936 3026; x_wconf 63' lang='lat' dir='ltr'><strong>praepositionibus</strong></span> <span class='ocrx_word' id='word_1_207' title='bbox 955 2962 1368 3026; x_wconf 83' lang='lat' dir='ltr'><strong>componantur,</strong></span> <span class='ocrx_word' id='word_1_208' title='bbox 1397 2955 1601 3024; x_wconf 88' lang='lat' dir='ltr'><strong>primas</strong></span> <span class='ocrx_word' id='word_1_209' title='bbox 1627 2953 1861 3026; x_wconf 84' lang='lat' dir='ltr'><strong>syllabas</strong></span> <span class='ocrx_word' id='word_1_210' title='bbox 1883 2971 1952 3013; x_wconf 79' lang='lat' dir='ltr'><strong>ex</strong></span> <span class='ocrx_word' id='word_1_211' title='bbox 1978 2955 2064 3011; x_wconf 90' lang='lat' dir='ltr'><strong>his</strong></span> 
     </span>
    </p>
   </div>
   <div class='ocr_carea' id='block_1_28' title="bbox 471 3044 2064 3118">
    <p class='ocr_par' dir='ltr' id='par_1_28' title="bbox 471 3044 2064 3118">
     <span class='ocr_line' id='line_1_29' title="bbox 471 3044 2064 3118; baseline 0.001 -16"><span class='ocrx_word' id='word_1_212' title='bbox 471 3047 868 3118; x_wconf 73' lang='lat' dir='ltr'><strong>cognoscimus,</strong></span> <span class='ocrx_word' id='word_1_213' title='bbox 900 3061 1026 3101; x_wconf 91' lang='lat' dir='ltr'><strong>nam</strong></span> <span class='ocrx_word' id='word_1_214' title='bbox 1075 3045 1197 3102; x_wconf 89' lang='lat' dir='ltr'><strong>talis</strong></span> <span class='ocrx_word' id='word_1_215' title='bbox 1231 3046 1473 3102; x_wconf 89' lang='lat' dir='ltr'><strong>manebit</strong></span> <span class='ocrx_word' id='word_1_216' title='bbox 1520 3044 1635 3103; x_wconf 85' lang='lat' dir='ltr'><strong>fere</strong></span> <span class='ocrx_word' id='word_1_217' title='bbox 1681 3049 1864 3104; x_wconf 88' lang='lat' dir='ltr'><strong>omnis</strong></span> <span class='ocrx_word' id='word_1_218' title='bbox 1917 3065 2064 3104; x_wconf 90' lang='lat' dir='ltr'><strong>com-</strong></span> 
     </span>
    </p>
   </div>
   <div class='ocr_carea' id='block_1_29' title="bbox 473 3137 2060 3211">
    <p class='ocr_par' dir='ltr' id='par_1_29' title="bbox 473 3137 2060 3211">
     <span class='ocr_line' id='line_1_30' title="bbox 473 3137 2060 3211; baseline 0.002 -18"><span class='ocrx_word' id='word_1_219' title='bbox 473 3139 651 3210; x_wconf 89' lang='lat' dir='ltr'><strong>posita</strong></span> <span class='ocrx_word' id='word_1_220' title='bbox 679 3137 880 3211; x_wconf 84' lang='lat' dir='ltr'><strong>syllaba</strong></span> <span class='ocrx_word' id='word_1_221' title='bbox 935 3139 1114 3209; x_wconf 83' lang='lat' dir='ltr'><strong>qualis</strong></span> <span class='ocrx_word' id='word_1_222' title='bbox 1137 3147 1192 3194; x_wconf 92' lang='lat' dir='ltr'><strong>et</strong></span> <span class='ocrx_word' id='word_1_223' title='bbox 1244 3139 1360 3209; x_wconf 90' lang='lat' dir='ltr'><strong>ipsa</strong></span> <span class='ocrx_word' id='word_1_224' title='bbox 1389 3139 1699 3210; x_wconf 79' lang='lat' dir='ltr'><strong>praepositio</strong></span> <span class='ocrx_word' id='word_1_225' title='bbox 1745 3139 1931 3208; x_wconf 77' lang='lat' dir='ltr'><strong>fuerit,</strong></span> <span class='ocrx_word' id='word_1_226' title='bbox 1981 3150 2060 3208; x_wconf 86' lang='lat' dir='ltr'><strong>ut,</strong></span> 
     </span>
    </p>
   </div>
   <div class='ocr_carea' id='block_1_30' title="bbox 467 3231 2064 3304">
    <p class='ocr_par' dir='ltr' id='par_1_30' title="bbox 467 3231 2064 3304">
     <span class='ocr_line' id='line_1_31' title="bbox 467 3231 2064 3304; baseline 0.003 -18"><span class='ocrx_word' id='word_1_227' title='bbox 467 3232 734 3304; x_wconf 88' lang='lat' dir='ltr'><strong>deceptus,</strong></span> <span class='ocrx_word' id='word_1_228' title='bbox 770 3231 1012 3298; x_wconf 86' lang='lat' dir='ltr'><strong>eductus,</strong></span> <span class='ocrx_word' id='word_1_229' title='bbox 1048 3231 1344 3298; x_wconf 87' lang='lat' dir='ltr'><strong>abundans,</strong></span> <span class='ocrx_word' id='word_1_230' title='bbox 1392 3231 1672 3297; x_wconf 86' lang='lat' dir='ltr'><strong>reluctans,</strong></span> <span class='ocrx_word' id='word_1_231' title='bbox 1703 3233 1769 3287; x_wconf 91' lang='lat' dir='ltr'><strong>de</strong></span> <span class='ocrx_word' id='word_1_232' title='bbox 1813 3233 2064 3290; x_wconf 89' lang='lat' dir='ltr'><strong>videlicet</strong></span> 
     </span>
    </p>
   </div>
   <div class='ocr_carea' id='block_1_31' title="bbox 1096 450 2055 511">
    <p class='ocr_par' dir='ltr' id='par_1_31' title="bbox 1096 453 2055 511">
     <span class='ocr_line' id='line_1_32' title="bbox 1096 453 2055 511; baseline -0.002 -1"><span class='ocrx_word' id='word_1_233' title='bbox 1096 457 1156 510; x_wconf 85' lang='grc' dir='ltr'><strong>Β.</strong></span> <span class='ocrx_word' id='word_1_234' title='bbox 1199 453 1452 510; x_wconf 73' lang='grc' dir='ltr'><strong>ΒἉΒΑΝΙ</strong></span> <span class='ocrx_word' id='word_1_235' title='bbox 1482 454 1709 511; x_wconf 70' lang='grc' dir='ltr'><strong>ΜΑυιυ</strong></span> <span class='ocrx_word' id='word_1_236' title='bbox 1743 453 2055 510; x_wconf 73' lang='lat' dir='ltr'><strong>ARCHIEP.</strong></span> 
     </span>
    </p>
   </div>
   <div class='ocr_carea' id='block_1_32' title="bbox 2155 450 3065 511">
    <p class='ocr_par' dir='ltr' id='par_1_32' title="bbox 2155 450 3065 511">
     <span class='ocr_line' id='line_1_33' title="bbox 2155 450 3065 511; baseline -0.007 0"><span class='ocrx_word' id='word_1_237' title='bbox 2155 453 2401 511; x_wconf 83' lang='lat' dir='ltr'><strong>DGUNT.</strong></span> <span class='ocrx_word' id='word_1_238' title='bbox 2443 452 2728 510; x_wconf 82' lang='lat' dir='ltr'><strong>OPERUM</strong></span> <span class='ocrx_word' id='word_1_239' title='bbox 2765 451 2944 510; x_wconf 77' lang='lat' dir='ltr'><strong>PARS</strong></span> <span class='ocrx_word' id='word_1_240' title='bbox 2977 450 3065 506; x_wconf 92' lang='lat' dir='ltr'><strong>Ill.</strong></span> 
     </span>
    </p>
   </div>
   <div class='ocr_carea' id='block_1_33' title="bbox 2079 561 3752 640">
    <p class='ocr_par' dir='ltr' id='par_1_33' title="bbox 2079 561 3752 640">
     <span class='ocr_line' id='line_1_34' title="bbox 2079 561 3752 640; baseline -0.004 -17"><span class='ocrx_word' id='word_1_241' title='bbox 2079 573 2135 634; x_wconf 76' lang='grc' dir='ltr'><strong>Α</strong></span> <span class='ocrx_word' id='word_1_242' title='bbox 2157 585 2274 623; x_wconf 88' lang='lat' dir='ltr'><strong>cum</strong></span> <span class='ocrx_word' id='word_1_243' title='bbox 2311 569 2508 640; x_wconf 69' lang='lat' dir='ltr'><strong>fovere.</strong></span> <span class='ocrx_word' id='word_1_244' title='bbox 2542 565 2732 636; x_wconf 89' lang='lat' dir='ltr'><strong>Voveo,</strong></span> <span class='ocrx_word' id='word_1_245' title='bbox 2760 567 2892 634; x_wconf 87' lang='lat' dir='ltr'><strong>vovi,</strong></span> <span class='ocrx_word' id='word_1_246' title='bbox 2919 579 3180 630; x_wconf 79' lang='lat' dir='ltr'><strong>voveram,</strong></span> <span class='ocrx_word' id='word_1_247' title='bbox 3219 561 3487 630; x_wconf 86' lang='lat' dir='ltr'><strong>vovissem,</strong></span> <span class='ocrx_word' id='word_1_248' title='bbox 3517 577 3638 616; x_wconf 80' lang='lat' dir='ltr'><strong>cum</strong></span> <span class='ocrx_word' id='word_1_249' title='bbox 3656 576 3752 616; x_wconf 86' lang='lat' dir='ltr'><strong>vo-</strong></span> 
     </span>
    </p>
   </div>
   <div class='ocr_carea' id='block_1_34' title="bbox 2162 650 3850 727">
    <p class='ocr_par' dir='ltr' id='par_1_34' title="bbox 2162 650 3850 727">
     <span class='ocr_line' id='line_1_35' title="bbox 2162 650 3850 727; baseline -0.007 -13"><span class='ocrx_word' id='word_1_250' title='bbox 2162 659 2344 726; x_wconf 88' lang='lat' dir='ltr'><strong>verim,</strong></span> <span class='ocrx_word' id='word_1_251' title='bbox 2371 674 2571 714; x_wconf 88' lang='lat' dir='ltr'><strong>vovere.</strong></span> <span class='ocrx_word' id='word_1_252' title='bbox 2633 655 2830 724; x_wconf 86' lang='lat' dir='ltr'><strong>Paveo,</strong></span> <span class='ocrx_word' id='word_1_253' title='bbox 2871 653 3011 727; x_wconf 89' lang='lat' dir='ltr'><strong>pavi,</strong></span> <span class='ocrx_word' id='word_1_254' title='bbox 3055 668 3320 726; x_wconf 78' lang='lat' dir='ltr'><strong>parerem,</strong></span> <span class='ocrx_word' id='word_1_255' title='bbox 3349 650 3626 721; x_wconf 88' lang='lat' dir='ltr'><strong>pavissem,</strong></span> <span class='ocrx_word' id='word_1_256' title='bbox 3655 668 3754 722; x_wconf 86' lang='lat' dir='ltr'><strong>pe-</strong></span> <span class='ocrx_word' id='word_1_257' title='bbox 3835 686 3850 693; x_wconf 88' lang='grc'><strong><em>-</em></strong></span> 
     </span>
    </p>
   </div>
   <div class='ocr_carea' id='block_1_35' title="bbox 2162 743 3754 822">
    <p class='ocr_par' dir='ltr' id='par_1_35' title="bbox 2162 743 3754 822">
     <span class='ocr_line' id='line_1_36' title="bbox 2162 743 3754 822; baseline -0.007 -14"><span class='ocrx_word' id='word_1_258' title='bbox 2162 753 2343 820; x_wconf 82' lang='lat' dir='ltr'><strong>verim,</strong></span> <span class='ocrx_word' id='word_1_259' title='bbox 2377 767 2497 806; x_wconf 90' lang='lat' dir='ltr'><strong>cum</strong></span> <span class='ocrx_word' id='word_1_260' title='bbox 2523 767 2734 822; x_wconf 89' lang='lat' dir='ltr'><strong>pavere.</strong></span> <span class='ocrx_word' id='word_1_261' title='bbox 2779 747 2967 813; x_wconf 88' lang='lat' dir='ltr'><strong>Cavea,</strong></span> <span class='ocrx_word' id='word_1_262' title='bbox 3011 745 3145 812; x_wconf 86' lang='lat' dir='ltr'><strong>cavi,</strong></span> <span class='ocrx_word' id='word_1_263' title='bbox 3191 759 3452 809; x_wconf 86' lang='lat' dir='ltr'><strong>caverem,</strong></span> <span class='ocrx_word' id='word_1_264' title='bbox 3477 743 3754 809; x_wconf 83' lang='lat' dir='ltr'><strong>cavisscnt,</strong></span> 
     </span>
    </p>
   </div>
   <div class='ocr_carea' id='block_1_36' title="bbox 2161 832 3752 908">
    <p class='ocr_par' dir='ltr' id='par_1_36' title="bbox 2161 832 3752 908">
     <span class='ocr_line' id='line_1_37' title="bbox 2161 832 3752 908; baseline -0.005 -12"><span class='ocrx_word' id='word_1_265' title='bbox 2161 859 2279 896; x_wconf 90' lang='lat' dir='ltr'><strong>cum</strong></span> <span class='ocrx_word' id='word_1_266' title='bbox 2306 841 2552 908; x_wconf 89' lang='lat' dir='ltr'><strong>ceverim,</strong></span> <span class='ocrx_word' id='word_1_267' title='bbox 2589 857 2795 896; x_wconf 86' lang='lat' dir='ltr'><strong>cavero.</strong></span> <span class='ocrx_word' id='word_1_268' title='bbox 2833 836 3018 904; x_wconf 87' lang='lat' dir='ltr'><strong>Video,</strong></span> <span class='ocrx_word' id='word_1_269' title='bbox 3040 835 3166 903; x_wconf 88' lang='lat' dir='ltr'><strong>vidi,</strong></span> <span class='ocrx_word' id='word_1_270' title='bbox 3189 834 3444 899; x_wconf 78' lang='lat' dir='ltr'><strong>videram,</strong></span> <span class='ocrx_word' id='word_1_271' title='bbox 3483 832 3752 900; x_wconf 87' lang='lat' dir='ltr'><strong>vidissem,</strong></span> 
     </span>
    </p>
   </div>
   <div class='ocr_carea' id='block_1_37' title="bbox 2161 927 3756 1010">
    <p class='ocr_par' dir='ltr' id='par_1_37' title="bbox 2161 927 3756 1010">
     <span class='ocr_line' id='line_1_38' title="bbox 2161 927 3756 1010; baseline -0.006 -22"><span class='ocrx_word' id='word_1_272' title='bbox 2161 949 2280 988; x_wconf 87' lang='lat' dir='ltr'><strong>cum</strong></span> <span class='ocrx_word' id='word_1_273' title='bbox 2297 933 2539 1001; x_wconf 82' lang='lat' dir='ltr'><strong>viderim,</strong></span> <span class='ocrx_word' id='word_1_274' title='bbox 2582 933 2780 988; x_wconf 83' lang='lat' dir='ltr'><strong>videro.</strong></span> <span class='ocrx_word' id='word_1_275' title='bbox 2815 929 2952 997; x_wconf 87' lang='lat' dir='ltr'><strong>Neo,</strong></span> <span class='ocrx_word' id='word_1_276' title='bbox 2995 927 3128 995; x_wconf 83' lang='lat' dir='ltr'><strong>nevi,</strong></span> <span class='ocrx_word' id='word_1_277' title='bbox 3181 941 3444 992; x_wconf 88' lang='lat' dir='ltr'><strong>neverem,</strong></span> <span class='ocrx_word' id='word_1_278' title='bbox 3471 927 3756 1010; x_wconf 82' lang='lat' dir='ltr'><strong>nevissem,</strong></span> 
     </span>
    </p>
   </div>
   <div class='ocr_carea' id='block_1_38' title="bbox 2161 1019 3754 1094">
    <p class='ocr_par' dir='ltr' id='par_1_38' title="bbox 2161 1019 3754 1094">
     <span class='ocr_line' id='line_1_39' title="bbox 2161 1019 3754 1094; baseline -0.004 -14"><span class='ocrx_word' id='word_1_279' title='bbox 2161 1042 2278 1080; x_wconf 91' lang='lat' dir='ltr'><strong>cum</strong></span> <span class='ocrx_word' id='word_1_280' title='bbox 2305 1027 2549 1094; x_wconf 89' lang='lat' dir='ltr'><strong>neverim,</strong></span> <span class='ocrx_word' id='word_1_281' title='bbox 2577 1040 2776 1080; x_wconf 84' lang='lat' dir='ltr'><strong>nevere.</strong></span> <span class='ocrx_word' id='word_1_282' title='bbox 2812 1019 2965 1088; x_wconf 86' lang='lat' dir='ltr'><strong>Fleo,</strong></span> <span class='ocrx_word' id='word_1_283' title='bbox 2992 1021 3134 1092; x_wconf 80' lang='lat' dir='ltr'><strong>ﬂevi,</strong></span> <span class='ocrx_word' id='word_1_284' title='bbox 3180 1021 3444 1092; x_wconf 82' lang='lat' dir='ltr'><strong>ﬂeveram,</strong></span> <span class='ocrx_word' id='word_1_285' title='bbox 3473 1019 3754 1090; x_wconf 80' lang='lat' dir='ltr'><strong>ﬂevissem,</strong></span> 
     </span>
    </p>
   </div>
   <div class='ocr_carea' id='block_1_39' title="bbox 2161 1099 3759 1188">
    <p class='ocr_par' dir='ltr' id='par_1_39' title="bbox 2161 1099 3759 1188">
     <span class='ocr_line' id='line_1_40' title="bbox 2161 1099 3759 1188; baseline -0.004 -18"><span class='ocrx_word' id='word_1_286' title='bbox 2161 1133 2279 1170; x_wconf 91' lang='lat' dir='ltr'><strong>cum</strong></span> <span class='ocrx_word' id='word_1_287' title='bbox 2311 1117 2563 1188; x_wconf 80' lang='lat' dir='ltr'><strong>ﬂeverim,</strong></span> <span class='ocrx_word' id='word_1_288' title='bbox 2587 1117 2795 1186; x_wconf 80' lang='lat' dir='ltr'><strong>flevere.</strong></span> <span class='ocrx_word' id='word_1_289' title='bbox 2836 1099 2980 1180; x_wconf 58' lang='lat' dir='ltr'><strong>Cibo,</strong></span> <span class='ocrx_word' id='word_1_290' title='bbox 3013 1112 3131 1178; x_wconf 84' lang='lat' dir='ltr'><strong>civi,</strong></span> <span class='ocrx_word' id='word_1_291' title='bbox 3169 1111 3253 1167; x_wconf 87' lang='lat' dir='ltr'><strong>vel</strong></span> <span class='ocrx_word' id='word_1_292' title='bbox 3277 1112 3366 1178; x_wconf 90' lang='lat' dir='ltr'><strong>cii,</strong></span> <span class='ocrx_word' id='word_1_293' title='bbox 3405 1111 3651 1176; x_wconf 87' lang='lat' dir='ltr'><strong>civerant,</strong></span> <span class='ocrx_word' id='word_1_294' title='bbox 3682 1110 3759 1164; x_wconf 81' lang='lat' dir='ltr'><strong>ci-</strong></span> 
     </span>
    </p>
   </div>
   <div class='ocr_carea' id='block_1_40' title="bbox 2161 1201 3754 1273">
    <p class='ocr_par' dir='ltr' id='par_1_40' title="bbox 2161 1201 3754 1273">
     <span class='ocr_line' id='line_1_41' title="bbox 2161 1201 3754 1273; baseline -0.003 -13"><span class='ocrx_word' id='word_1_295' title='bbox 2161 1206 2364 1261; x_wconf 88' lang='lat' dir='ltr'><strong>vissem.</strong></span> <span class='ocrx_word' id='word_1_296' title='bbox 2411 1223 2531 1262; x_wconf 90' lang='lat' dir='ltr'><strong>cum</strong></span> <span class='ocrx_word' id='word_1_297' title='bbox 2585 1206 2816 1270; x_wconf 86' lang='lat' dir='ltr'><strong>civerim,</strong></span> <span class='ocrx_word' id='word_1_298' title='bbox 2846 1204 3034 1258; x_wconf 87' lang='lat' dir='ltr'><strong>civero.</strong></span> <span class='ocrx_word' id='word_1_299' title='bbox 3093 1201 3290 1258; x_wconf 68' lang='lat' dir='ltr'><strong>Tertiae</strong></span> <span class='ocrx_word' id='word_1_300' title='bbox 3318 1216 3450 1257; x_wconf 83' lang='lat' dir='ltr'><strong>vero</strong></span> <span class='ocrx_word' id='word_1_301' title='bbox 3494 1202 3754 1273; x_wconf 73' lang='lat' dir='ltr'><strong>coniuga-</strong></span> 
     </span>
    </p>
   </div>
   <div class='ocr_carea' id='block_1_41' title="bbox 2162 1293 3764 1367">
    <p class='ocr_par' dir='ltr' id='par_1_41' title="bbox 2162 1293 3764 1367">
     <span class='ocr_line' id='line_1_42' title="bbox 2162 1293 3764 1367; baseline -0.002 -17"><span class='ocrx_word' id='word_1_302' title='bbox 2162 1297 2326 1354; x_wconf 82' lang='lat' dir='ltr'><strong>tionis</strong></span> <span class='ocrx_word' id='word_1_303' title='bbox 2350 1297 2538 1364; x_wconf 87' lang='lat' dir='ltr'><strong>verba,</strong></span> <span class='ocrx_word' id='word_1_304' title='bbox 2576 1311 2698 1367; x_wconf 81' lang='lat' dir='ltr'><strong>quae</strong></span> <span class='ocrx_word' id='word_1_305' title='bbox 2725 1293 2972 1352; x_wconf 87' lang='lat' dir='ltr'><strong>eamdem</strong></span> <span class='ocrx_word' id='word_1_306' title='bbox 3007 1294 3250 1366; x_wconf 84' lang='lat' dir='ltr'><strong>regulam</strong></span> <span class='ocrx_word' id='word_1_307' title='bbox 3279 1303 3599 1364; x_wconf 89' lang='lat' dir='ltr'><strong>sequuntur,</strong></span> <span class='ocrx_word' id='word_1_308' title='bbox 3632 1302 3764 1349; x_wconf 88' lang='lat' dir='ltr'><strong>sunt</strong></span> 
     </span>
    </p>
   </div>
   <div class='ocr_carea' id='block_1_42' title="bbox 2161 1386 3760 1461">
    <p class='ocr_par' dir='ltr' id='par_1_42' title="bbox 2161 1386 3760 1461">
     <span class='ocr_line' id='line_1_43' title="bbox 2161 1386 3760 1461; baseline -0.003 -17"><span class='ocrx_word' id='word_1_309' title='bbox 2161 1389 2314 1444; x_wconf 74' lang='lat' dir='ltr'><strong>haec:</strong></span> <span class='ocrx_word' id='word_1_310' title='bbox 2341 1388 2508 1461; x_wconf 88' lang='lat' dir='ltr'><strong>fugio,</strong></span> <span class='ocrx_word' id='word_1_311' title='bbox 2538 1387 2674 1459; x_wconf 90' lang='lat' dir='ltr'><strong>fugi,</strong></span> <span class='ocrx_word' id='word_1_312' title='bbox 2725 1386 2982 1458; x_wconf 87' lang='lat' dir='ltr'><strong>fugerem,</strong></span> <span class='ocrx_word' id='word_1_313' title='bbox 3033 1386 3306 1458; x_wconf 83' lang='lat' dir='ltr'><strong>fugissem,</strong></span> <span class='ocrx_word' id='word_1_314' title='bbox 3353 1403 3469 1440; x_wconf 87' lang='lat' dir='ltr'><strong>cum</strong></span> <span class='ocrx_word' id='word_1_315' title='bbox 3507 1386 3760 1458; x_wconf 78' lang='lat' dir='ltr'><strong>fugerim,</strong></span> 
     </span>
    </p>
   </div>
   <div class='ocr_carea' id='block_1_43' title="bbox 2162 1477 3763 1552">
    <p class='ocr_par' dir='ltr' id='par_1_43' title="bbox 2162 1477 3763 1552">
     <span class='ocr_line' id='line_1_44' title="bbox 2162 1477 3763 1552; baseline -0.002 -17"><span class='ocrx_word' id='word_1_316' title='bbox 2162 1479 2364 1552; x_wconf 90' lang='lat' dir='ltr'><strong>fugere.</strong></span> <span class='ocrx_word' id='word_1_317' title='bbox 2418 1479 2591 1546; x_wconf 82' lang='lat' dir='ltr'><strong>Catio,</strong></span> <span class='ocrx_word' id='word_1_318' title='bbox 2649 1479 2794 1548; x_wconf 88' lang='lat' dir='ltr'><strong>cudi,</strong></span> <span class='ocrx_word' id='word_1_319' title='bbox 2845 1478 3116 1546; x_wconf 84' lang='lat' dir='ltr'><strong>caderem,</strong></span> <span class='ocrx_word' id='word_1_320' title='bbox 3166 1477 3449 1545; x_wconf 77' lang='lat' dir='ltr'><strong>audissem,</strong></span> <span class='ocrx_word' id='word_1_321' title='bbox 3498 1495 3617 1532; x_wconf 90' lang='lat' dir='ltr'><strong>cum</strong></span> <span class='ocrx_word' id='word_1_322' title='bbox 3665 1495 3763 1532; x_wconf 87' lang='lat' dir='ltr'><strong>cu-</strong></span> 
     </span>
    </p>
   </div>
   <div class='ocr_carea' id='block_1_44' title="bbox 2160 1566 3762 1642">
    <p class='ocr_par' dir='ltr' id='par_1_44' title="bbox 2160 1566 3762 1642">
     <span class='ocr_line' id='line_1_45' title="bbox 2160 1566 3762 1642; baseline 0 -18"><span class='ocrx_word' id='word_1_323' title='bbox 2160 1570 2347 1637; x_wconf 87' lang='lat' dir='ltr'><strong>derim,</strong></span> <span class='ocrx_word' id='word_1_324' title='bbox 2385 1568 2598 1624; x_wconf 88' lang='lat' dir='ltr'><strong>cudere.</strong></span> <span class='ocrx_word' id='word_1_325' title='bbox 2645 1566 2831 1642; x_wconf 80' lang='lat' dir='ltr'><strong>Cupio,</strong></span> <span class='ocrx_word' id='word_1_326' title='bbox 2873 1571 3006 1641; x_wconf 83' lang='lat' dir='ltr'><strong>cepi,</strong></span> <span class='ocrx_word' id='word_1_327' title='bbox 3051 1585 3308 1641; x_wconf 87' lang='lat' dir='ltr'><strong>ceperam,</strong></span> <span class='ocrx_word' id='word_1_328' title='bbox 3337 1571 3606 1641; x_wconf 84' lang='lat' dir='ltr'><strong>cepissem,</strong></span> <span class='ocrx_word' id='word_1_329' title='bbox 3639 1587 3762 1625; x_wconf 88' lang='lat' dir='ltr'><strong>cum</strong></span> 
     </span>
    </p>
   </div>
   <div class='ocr_carea' id='block_1_45' title="bbox 2161 1657 3761 1733">
    <p class='ocr_par' dir='ltr' id='par_1_45' title="bbox 2161 1657 3761 1733">
     <span class='ocr_line' id='line_1_46' title="bbox 2161 1657 3761 1733; baseline 0.001 -18"><span class='ocrx_word' id='word_1_330' title='bbox 2161 1661 2407 1733; x_wconf 84' lang='lat' dir='ltr'><strong>ceperim,</strong></span> <span class='ocrx_word' id='word_1_331' title='bbox 2441 1676 2642 1733; x_wconf 84' lang='lat' dir='ltr'><strong>cepero.</strong></span> <span class='ocrx_word' id='word_1_332' title='bbox 2693 1659 2856 1733; x_wconf 85' lang='lat' dir='ltr'><strong>Lego,</strong></span> <span class='ocrx_word' id='word_1_333' title='bbox 2899 1660 3024 1732; x_wconf 88' lang='lat' dir='ltr'><strong>legi,</strong></span> <span class='ocrx_word' id='word_1_334' title='bbox 3060 1661 3308 1733; x_wconf 89' lang='lat' dir='ltr'><strong>legerem,</strong></span> <span class='ocrx_word' id='word_1_335' title='bbox 3339 1660 3595 1733; x_wconf 81' lang='lat' dir='ltr'><strong>legissem,</strong></span> <span class='ocrx_word' id='word_1_336' title='bbox 3637 1657 3761 1717; x_wconf 85' lang='lat' dir='ltr'><strong>cum</strong></span> 
     </span>
    </p>
   </div>
   <div class='ocr_carea' id='block_1_46' title="bbox 2161 1749 3762 1825">
    <p class='ocr_par' dir='ltr' id='par_1_46' title="bbox 2161 1749 3762 1825">
     <span class='ocr_line' id='line_1_47' title="bbox 2161 1749 3762 1825; baseline 0.002 -19"><span class='ocrx_word' id='word_1_337' title='bbox 2161 1752 2397 1824; x_wconf 87' lang='lat' dir='ltr'><strong>legerim,</strong></span> <span class='ocrx_word' id='word_1_338' title='bbox 2443 1753 2634 1824; x_wconf 89' lang='lat' dir='ltr'><strong>legero.</strong></span> <span class='ocrx_word' id='word_1_339' title='bbox 2673 1749 2858 1819; x_wconf 86' lang='lat' dir='ltr'><strong>Facio,</strong></span> <span class='ocrx_word' id='word_1_340' title='bbox 2903 1753 3024 1824; x_wconf 85' lang='lat' dir='ltr'><strong>feci,</strong></span> <span class='ocrx_word' id='word_1_341' title='bbox 3053 1754 3301 1825; x_wconf 81' lang='lat' dir='ltr'><strong>feceram,</strong></span> <span class='ocrx_word' id='word_1_342' title='bbox 3340 1754 3599 1824; x_wconf 77' lang='lat' dir='ltr'><strong>fecissem,</strong></span> <span class='ocrx_word' id='word_1_343' title='bbox 3640 1771 3762 1810; x_wconf 88' lang='lat' dir='ltr'><strong>cum</strong></span> 
     </span>
    </p>
   </div>
   <div class='ocr_carea' id='block_1_47' title="bbox 2162 1847 3762 1920">
    <p class='ocr_par' dir='ltr' id='par_1_47' title="bbox 2162 1847 3762 1920">
     <span class='ocr_line' id='line_1_48' title="bbox 2162 1847 3762 1920; baseline -0.001 -18"><span class='ocrx_word' id='word_1_344' title='bbox 2162 1847 2395 1916; x_wconf 87' lang='lat' dir='ltr'><strong>fecerim,</strong></span> <span class='ocrx_word' id='word_1_345' title='bbox 2431 1847 2622 1918; x_wconf 83' lang='lat' dir='ltr'><strong>fecero.</strong></span> <span class='ocrx_word' id='word_1_346' title='bbox 2663 1847 2839 1914; x_wconf 77' lang='lat' dir='ltr'><strong>lucio,</strong></span> <span class='ocrx_word' id='word_1_347' title='bbox 2879 1847 3010 1919; x_wconf 85' lang='lat' dir='ltr'><strong>jeci,</strong></span> <span class='ocrx_word' id='word_1_348' title='bbox 3043 1849 3300 1919; x_wconf 84' lang='lat' dir='ltr'><strong>jeceram,</strong></span> <span class='ocrx_word' id='word_1_349' title='bbox 3330 1848 3600 1920; x_wconf 85' lang='lat' dir='ltr'><strong>jecissem,</strong></span> <span class='ocrx_word' id='word_1_350' title='bbox 3640 1864 3762 1902; x_wconf 87' lang='lat' dir='ltr'><strong>cum</strong></span> 
     </span>
    </p>
   </div>
   <div class='ocr_carea' id='block_1_48' title="bbox 2085 1936 3762 2010">
    <p class='ocr_par' dir='ltr' id='par_1_48' title="bbox 2085 1936 3762 2010">
     <span class='ocr_line' id='line_1_49' title="bbox 2085 1936 3762 2010; baseline -0.001 -14"><span class='ocrx_word' id='word_1_351' title='bbox 2085 1936 2133 1996; x_wconf 89' lang='lat' dir='ltr'><strong>B</strong></span> <span class='ocrx_word' id='word_1_352' title='bbox 2150 1938 2390 2009; x_wconf 86' lang='lat' dir='ltr'><strong>jecerim,</strong></span> <span class='ocrx_word' id='word_1_353' title='bbox 2409 1937 2610 2010; x_wconf 87' lang='lat' dir='ltr'><strong>jecero.</strong></span> <span class='ocrx_word' id='word_1_354' title='bbox 2637 1936 2792 2006; x_wconf 88' lang='lat' dir='ltr'><strong>Lina,</strong></span> <span class='ocrx_word' id='word_1_355' title='bbox 2823 1937 2943 2005; x_wconf 86' lang='lat' dir='ltr'><strong>levi,</strong></span> <span class='ocrx_word' id='word_1_356' title='bbox 2982 1938 3231 2006; x_wconf 88' lang='lat' dir='ltr'><strong>leverem,</strong></span> <span class='ocrx_word' id='word_1_357' title='bbox 3263 1937 3516 2005; x_wconf 89' lang='lat' dir='ltr'><strong>levissem,</strong></span> <span class='ocrx_word' id='word_1_358' title='bbox 3539 1955 3660 1994; x_wconf 88' lang='lat' dir='ltr'><strong>cum</strong></span> <span class='ocrx_word' id='word_1_359' title='bbox 3680 1939 3762 1994; x_wconf 85' lang='lat' dir='ltr'><strong>le-</strong></span> 
     </span>
    </p>
   </div>
   <div class='ocr_carea' id='block_1_49' title="bbox 2158 2030 3763 2100">
    <p class='ocr_par' dir='ltr' id='par_1_49' title="bbox 2158 2030 3763 2100">
     <span class='ocr_line' id='line_1_50' title="bbox 2158 2030 3763 2100; baseline -0.001 -14"><span class='ocrx_word' id='word_1_360' title='bbox 2158 2033 2342 2100; x_wconf 89' lang='lat' dir='ltr'><strong>verim,</strong></span> <span class='ocrx_word' id='word_1_361' title='bbox 2388 2031 2574 2086; x_wconf 89' lang='lat' dir='ltr'><strong>levero.</strong></span> <span class='ocrx_word' id='word_1_362' title='bbox 2623 2030 2757 2086; x_wconf 87' lang='lat' dir='ltr'><strong>Eme</strong></span> <span class='ocrx_word' id='word_1_363' title='bbox 2783 2072 2798 2098; x_wconf 92' lang='lat'><strong>,</strong></span> <span class='ocrx_word' id='word_1_364' title='bbox 2849 2031 2971 2098; x_wconf 88' lang='lat' dir='ltr'><strong>emi,</strong></span> <span class='ocrx_word' id='word_1_365' title='bbox 3029 2047 3280 2100; x_wconf 89' lang='lat' dir='ltr'><strong>emeram,</strong></span> <span class='ocrx_word' id='word_1_366' title='bbox 3335 2033 3595 2098; x_wconf 86' lang='lat' dir='ltr'><strong>emissem,</strong></span> <span class='ocrx_word' id='word_1_367' title='bbox 3638 2047 3763 2086; x_wconf 84' lang='lat' dir='ltr'><strong>cum</strong></span> 
     </span>
    </p>
   </div>
   <div class='ocr_carea' id='block_1_50' title="bbox 2159 2122 3767 2191">
    <p class='ocr_par' dir='ltr' id='par_1_50' title="bbox 2159 2122 3767 2191">
     <span class='ocr_line' id='line_1_51' title="bbox 2159 2122 3767 2191; baseline -0.002 -11"><span class='ocrx_word' id='word_1_368' title='bbox 2159 2125 2394 2191; x_wconf 83' lang='lat' dir='ltr'><strong>emerim,</strong></span> <span class='ocrx_word' id='word_1_369' title='bbox 2443 2140 2636 2179; x_wconf 89' lang='lat' dir='ltr'><strong>emero.</strong></span> <span class='ocrx_word' id='word_1_370' title='bbox 2683 2122 2838 2190; x_wconf 85' lang='lat' dir='ltr'><strong>Sero,</strong></span> <span class='ocrx_word' id='word_1_371' title='bbox 2875 2123 2999 2190; x_wconf 88' lang='lat' dir='ltr'><strong>sevi,</strong></span> <span class='ocrx_word' id='word_1_372' title='bbox 3045 2137 3316 2191; x_wconf 79' lang='lat' dir='ltr'><strong>severam,‘</strong></span> <span class='ocrx_word' id='word_1_373' title='bbox 3336 2123 3599 2190; x_wconf 86' lang='lat' dir='ltr'><strong>sevissem,</strong></span> <span class='ocrx_word' id='word_1_374' title='bbox 3641 2139 3767 2177; x_wconf 78' lang='lat' dir='ltr'><strong>cum</strong></span> 
     </span>
    </p>
   </div>
   <div class='ocr_carea' id='block_1_51' title="bbox 2159 2215 3852 2287">
    <p class='ocr_par' dir='ltr' id='par_1_51' title="bbox 2159 2215 3852 2287">
     <span class='ocr_line' id='line_1_52' title="bbox 2159 2215 3852 2287; baseline -0.002 -15"><span class='ocrx_word' id='word_1_375' title='bbox 2159 2220 2402 2286; x_wconf 87' lang='lat' dir='ltr'><strong>severim,</strong></span> <span class='ocrx_word' id='word_1_376' title='bbox 2448 2233 2643 2272; x_wconf 81' lang='lat' dir='ltr'><strong>severo.</strong></span> <span class='ocrx_word' id='word_1_377' title='bbox 2693 2215 2776 2272; x_wconf 79' lang='lat' dir='ltr'><strong>Ex</strong></span> <span class='ocrx_word' id='word_1_378' title='bbox 2821 2216 3019 2287; x_wconf 88' lang='lat' dir='ltr'><strong>quibus</strong></span> <span class='ocrx_word' id='word_1_379' title='bbox 3049 2225 3178 2272; x_wconf 89' lang='lat' dir='ltr'><strong>sunt</strong></span> <span class='ocrx_word' id='word_1_380' title='bbox 3211 2217 3305 2272; x_wconf 87' lang='lat' dir='ltr'><strong>illa</strong></span> <span class='ocrx_word' id='word_1_381' title='bbox 3356 2231 3478 2286; x_wconf 67' lang='lat' dir='ltr'><strong>qua:</strong></span> <span class='ocrx_word' id='word_1_382' title='bbox 3523 2216 3578 2271; x_wconf 90' lang='lat' dir='ltr'><strong>in</strong></span> <span class='ocrx_word' id='word_1_383' title='bbox 3623 2230 3768 2286; x_wconf 61' lang='grc' dir='ltr'><strong>ιπε-</strong></span> <span class='ocrx_word' id='word_1_384' title='bbox 3843 2245 3852 2251; x_wconf 88' lang='grc'><strong><em>-</em></strong></span> 
     </span>
    </p>
   </div>
   <div class='ocr_carea' id='block_1_52' title="bbox 2163 2307 3766 2380">
    <p class='ocr_par' dir='ltr' id='par_1_52' title="bbox 2163 2307 3766 2380">
     <span class='ocr_line' id='line_1_53' title="bbox 2163 2307 3766 2380; baseline -0.004 -14"><span class='ocrx_word' id='word_1_385' title='bbox 2163 2309 2304 2366; x_wconf 90' lang='lat' dir='ltr'><strong>senti</strong></span> <span class='ocrx_word' id='word_1_386' title='bbox 2335 2318 2576 2380; x_wconf 89' lang='lat' dir='ltr'><strong>tempore</strong></span> <span class='ocrx_word' id='word_1_387' title='bbox 2603 2316 2660 2365; x_wconf 91' lang='lat' dir='ltr'><strong>et</strong></span> <span class='ocrx_word' id='word_1_388' title='bbox 2694 2308 2752 2363; x_wconf 91' lang='lat' dir='ltr'><strong>in</strong></span> <span class='ocrx_word' id='word_1_389' title='bbox 2782 2308 2904 2364; x_wconf 88' lang='lat' dir='ltr'><strong>aliis</strong></span> <span class='ocrx_word' id='word_1_390' title='bbox 2946 2307 3271 2378; x_wconf 85' lang='lat' dir='ltr'><strong>quibusdam</strong></span> <span class='ocrx_word' id='word_1_391' title='bbox 3306 2307 3641 2378; x_wconf 88' lang='lat' dir='ltr'><strong>temporibus</strong></span> <span class='ocrx_word' id='word_1_392' title='bbox 3665 2320 3766 2360; x_wconf 87' lang='lat' dir='ltr'><strong>sua</strong></span> 
     </span>
    </p>
   </div>
   <div class='ocr_carea' id='block_1_53' title="bbox 2160 2397 3767 2473">
    <p class='ocr_par' dir='ltr' id='par_1_53' title="bbox 2160 2397 3767 2473">
     <span class='ocr_line' id='line_1_54' title="bbox 2160 2397 3767 2473; baseline -0.001 -19"><span class='ocrx_word' id='word_1_393' title='bbox 2160 2399 2430 2471; x_wconf 87' lang='lat' dir='ltr'><strong>positione</strong></span> <span class='ocrx_word' id='word_1_394' title='bbox 2489 2401 2720 2473; x_wconf 88' lang='lat' dir='ltr'><strong>primam</strong></span> <span class='ocrx_word' id='word_1_395' title='bbox 2781 2398 3045 2472; x_wconf 84' lang='lat' dir='ltr'><strong>syllabam</strong></span> <span class='ocrx_word' id='word_1_396' title='bbox 3097 2401 3386 2456; x_wconf 86' lang='lat' dir='ltr'><strong>ostendunt</strong></span> <span class='ocrx_word' id='word_1_397' title='bbox 3446 2413 3506 2454; x_wconf 90' lang='lat' dir='ltr'><strong>se</strong></span> <span class='ocrx_word' id='word_1_398' title='bbox 3560 2397 3767 2454; x_wconf 89' lang='lat' dir='ltr'><strong>habere</strong></span> 
     </span>
    </p>
   </div>
   <div class='ocr_carea' id='block_1_54' title="bbox 2163 2491 3758 2564">
    <p class='ocr_par' dir='ltr' id='par_1_54' title="bbox 2163 2491 3758 2564">
     <span class='ocr_line' id='line_1_55' title="bbox 2163 2491 3758 2564; baseline -0.001 -18"><span class='ocrx_word' id='word_1_399' title='bbox 2163 2492 2399 2564; x_wconf 89' lang='lat' dir='ltr'><strong>longam,</strong></span> <span class='ocrx_word' id='word_1_400' title='bbox 2425 2493 2519 2548; x_wconf 89' lang='lat' dir='ltr'><strong>sed</strong></span> <span class='ocrx_word' id='word_1_401' title='bbox 2539 2505 2659 2562; x_wconf 70' lang='lat' dir='ltr'><strong>qua:</strong></span> <span class='ocrx_word' id='word_1_402' title='bbox 2687 2500 2881 2548; x_wconf 86' lang='lat' dir='ltr'><strong>natura</strong></span> <span class='ocrx_word' id='word_1_403' title='bbox 2919 2501 3222 2562; x_wconf 88' lang='lat' dir='ltr'><strong>correptam</strong></span> <span class='ocrx_word' id='word_1_404' title='bbox 3253 2491 3498 2548; x_wconf 86' lang='lat' dir='ltr'><strong>vocalem</strong></span> <span class='ocrx_word' id='word_1_405' title='bbox 3529 2491 3758 2556; x_wconf 87' lang='lat' dir='ltr'><strong>habent,</strong></span> 
     </span>
    </p>
   </div>
   <div class='ocr_carea' id='block_1_55' title="bbox 2165 2581 3764 2656">
    <p class='ocr_par' dir='ltr' id='par_1_55' title="bbox 2165 2581 3764 2656">
     <span class='ocr_line' id='line_1_56' title="bbox 2165 2581 3764 2656; baseline -0.001 -19"><span class='ocrx_word' id='word_1_406' title='bbox 2165 2583 2294 2639; x_wconf 87' lang='lat' dir='ltr'><strong>huic</strong></span> <span class='ocrx_word' id='word_1_407' title='bbox 2344 2582 2542 2656; x_wconf 80' lang='lat' dir='ltr'><strong>regulae</strong></span> <span class='ocrx_word' id='word_1_408' title='bbox 2574 2582 2973 2654; x_wconf 87' lang='lat' dir='ltr'><strong>mancipantur.</strong></span> <span class='ocrx_word' id='word_1_409' title='bbox 3025 2581 3252 2654; x_wconf 85' lang='lat' dir='ltr'><strong>Rumpe,</strong></span> <span class='ocrx_word' id='word_1_410' title='bbox 3308 2583 3446 2654; x_wconf 87' lang='lat' dir='ltr'><strong>rupi,</strong></span> <span class='ocrx_word' id='word_1_411' title='bbox 3493 2598 3764 2654; x_wconf 81' lang='lat' dir='ltr'><strong>raperem,</strong></span> 
     </span>
    </p>
   </div>
   <div class='ocr_carea' id='block_1_56' title="bbox 2167 2672 3769 2748">
    <p class='ocr_par' dir='ltr' id='par_1_56' title="bbox 2167 2672 3769 2748">
     <span class='ocr_line' id='line_1_57' title="bbox 2167 2672 3769 2748; baseline 0 -20"><span class='ocrx_word' id='word_1_412' title='bbox 2167 2675 2444 2745; x_wconf 86' lang='lat' dir='ltr'><strong>rupissem,</strong></span> <span class='ocrx_word' id='word_1_413' title='bbox 2476 2693 2594 2730; x_wconf 89' lang='lat' dir='ltr'><strong>cum</strong></span> <span class='ocrx_word' id='word_1_414' title='bbox 2635 2676 2886 2748; x_wconf 88' lang='lat' dir='ltr'><strong>ruperim,</strong></span> <span class='ocrx_word' id='word_1_415' title='bbox 2931 2692 3138 2747; x_wconf 89' lang='lat' dir='ltr'><strong>rupere.</strong></span> <span class='ocrx_word' id='word_1_416' title='bbox 3194 2672 3384 2739; x_wconf 86' lang='lat' dir='ltr'><strong>Cerno,</strong></span> <span class='ocrx_word' id='word_1_417' title='bbox 3448 2675 3602 2741; x_wconf 89' lang='lat' dir='ltr'><strong>crevi,</strong></span> <span class='ocrx_word' id='word_1_418' title='bbox 3651 2689 3769 2729; x_wconf 83' lang='lat' dir='ltr'><strong>cre-</strong></span> 
     </span>
    </p>
   </div>
   <div class='ocr_carea' id='block_1_57' title="bbox 2167 2765 3765 2838">
    <p class='ocr_par' dir='ltr' id='par_1_57' title="bbox 2167 2765 3765 2838">
     <span class='ocr_line' id='line_1_58' title="bbox 2167 2765 3765 2838; baseline 0.001 -18"><span class='ocrx_word' id='word_1_419' title='bbox 2167 2782 2365 2836; x_wconf 89' lang='lat' dir='ltr'><strong>verem,</strong></span> <span class='ocrx_word' id='word_1_420' title='bbox 2412 2769 2705 2835; x_wconf 82' lang='lat' dir='ltr'><strong>crevissent,</strong></span> <span class='ocrx_word' id='word_1_421' title='bbox 2755 2785 2874 2823; x_wconf 90' lang='lat' dir='ltr'><strong>cum</strong></span> <span class='ocrx_word' id='word_1_422' title='bbox 2918 2769 3188 2836; x_wconf 87' lang='lat' dir='ltr'><strong>creverim,</strong></span> <span class='ocrx_word' id='word_1_423' title='bbox 3246 2783 3472 2822; x_wconf 80' lang='lat' dir='ltr'><strong>crevere.</strong></span> <span class='ocrx_word' id='word_1_424' title='bbox 3534 2765 3765 2838; x_wconf 87' lang='lat' dir='ltr'><strong>Sperne,</strong></span> 
     </span>
    </p>
   </div>
   <div class='ocr_carea' id='block_1_58' title="bbox 2168 2860 3769 2932">
    <p class='ocr_par' dir='ltr' id='par_1_58' title="bbox 2168 2860 3769 2932">
     <span class='ocr_line' id='line_1_59' title="bbox 2168 2860 3769 2932; baseline 0.001 -19"><span class='ocrx_word' id='word_1_425' title='bbox 2168 2860 2357 2930; x_wconf 85' lang='lat' dir='ltr'><strong>sprevi,</strong></span> <span class='ocrx_word' id='word_1_426' title='bbox 2402 2875 2716 2930; x_wconf 81' lang='lat' dir='ltr'><strong>spreverem,</strong></span> <span class='ocrx_word' id='word_1_427' title='bbox 2763 2861 3090 2932; x_wconf 86' lang='lat' dir='ltr'><strong>sprevissem,</strong></span> <span class='ocrx_word' id='word_1_428' title='bbox 3129 2876 3246 2916; x_wconf 89' lang='lat' dir='ltr'><strong>cum</strong></span> <span class='ocrx_word' id='word_1_429' title='bbox 3275 2861 3576 2930; x_wconf 87' lang='lat' dir='ltr'><strong>spreverim,</strong></span> <span class='ocrx_word' id='word_1_430' title='bbox 3619 2877 3769 2932; x_wconf 88' lang='lat' dir='ltr'><strong>spre-</strong></span> 
     </span>
    </p>
   </div>
   <div class='ocr_carea' id='block_1_59' title="bbox 2169 2949 3764 3024">
    <p class='ocr_par' dir='ltr' id='par_1_59' title="bbox 2169 2949 3764 3024">
     <span class='ocr_line' id='line_1_60' title="bbox 2169 2949 3764 3024; baseline 0.001 -18"><span class='ocrx_word' id='word_1_431' title='bbox 2169 2967 2310 3008; x_wconf 88' lang='lat' dir='ltr'><strong>vere.</strong></span> <span class='ocrx_word' id='word_1_432' title='bbox 2333 2949 2551 3018; x_wconf 87' lang='lat' dir='ltr'><strong>Fundo,</strong></span> <span class='ocrx_word' id='word_1_433' title='bbox 2580 2953 2718 3022; x_wconf 89' lang='lat' dir='ltr'><strong>fudi,</strong></span> <span class='ocrx_word' id='word_1_434' title='bbox 2741 2952 3004 3023; x_wconf 89' lang='lat' dir='ltr'><strong>fuderam,</strong></span> <span class='ocrx_word' id='word_1_435' title='bbox 3035 2953 3310 3024; x_wconf 84' lang='lat' dir='ltr'><strong>fudissem,</strong></span> <span class='ocrx_word' id='word_1_436' title='bbox 3346 2971 3467 3008; x_wconf 91' lang='lat' dir='ltr'><strong>cum</strong></span> <span class='ocrx_word' id='word_1_437' title='bbox 3503 2953 3764 3024; x_wconf 80' lang='lat' dir='ltr'><strong>fuderint,</strong></span> 
     </span>
    </p>
   </div>
   <div class='ocr_carea' id='block_1_60' title="bbox 2171 3041 3762 3114">
    <p class='ocr_par' dir='ltr' id='par_1_60' title="bbox 2171 3041 3762 3114">
     <span class='ocr_line' id='line_1_61' title="bbox 2171 3041 3762 3114; baseline 0.001 -18"><span class='ocrx_word' id='word_1_438' title='bbox 2171 3042 2378 3114; x_wconf 87' lang='lat' dir='ltr'><strong>fudere.</strong></span> <span class='ocrx_word' id='word_1_439' title='bbox 2420 3041 2598 3110; x_wconf 89' lang='lat' dir='ltr'><strong>Vince,</strong></span> <span class='ocrx_word' id='word_1_440' title='bbox 2641 3043 2758 3110; x_wconf 87' lang='lat' dir='ltr'><strong>vici,</strong></span> <span class='ocrx_word' id='word_1_441' title='bbox 2797 3044 3040 3112; x_wconf 84' lang='lat' dir='ltr'><strong>vicerant,</strong></span> <span class='ocrx_word' id='word_1_442' title='bbox 3080 3045 3336 3110; x_wconf 87' lang='lat' dir='ltr'><strong>vicissem,</strong></span> <span class='ocrx_word' id='word_1_443' title='bbox 3380 3061 3500 3099; x_wconf 88' lang='lat' dir='ltr'><strong>cum</strong></span> <span class='ocrx_word' id='word_1_444' title='bbox 3525 3045 3762 3112; x_wconf 88' lang='lat' dir='ltr'><strong>vicerim,</strong></span> 
     </span>
    </p>
   </div>
   <div class='ocr_carea' id='block_1_61' title="bbox 2171 3133 3760 3205">
    <p class='ocr_par' dir='ltr' id='par_1_61' title="bbox 2171 3133 3760 3205">
     <span class='ocr_line' id='line_1_62' title="bbox 2171 3133 3760 3205; baseline 0.001 -16"><span class='ocrx_word' id='word_1_445' title='bbox 2171 3135 2360 3189; x_wconf 87' lang='lat' dir='ltr'><strong>vicero.</strong></span> <span class='ocrx_word' id='word_1_446' title='bbox 2399 3133 2551 3201; x_wconf 89' lang='lat' dir='ltr'><strong>Tero,</strong></span> <span class='ocrx_word' id='word_1_447' title='bbox 2583 3136 2722 3203; x_wconf 87' lang='lat' dir='ltr'><strong>trivi,</strong></span> <span class='ocrx_word' id='word_1_448' title='bbox 2750 3137 3012 3203; x_wconf 85' lang='lat' dir='ltr'><strong>triverem,</strong></span> <span class='ocrx_word' id='word_1_449' title='bbox 3037 3137 3315 3204; x_wconf 85' lang='lat' dir='ltr'><strong>trivissem,</strong></span> <span class='ocrx_word' id='word_1_450' title='bbox 3339 3153 3461 3192; x_wconf 87' lang='lat' dir='ltr'><strong>cum</strong></span> <span class='ocrx_word' id='word_1_451' title='bbox 3502 3138 3760 3205; x_wconf 87' lang='lat' dir='ltr'><strong>triverim,</strong></span> 
     </span>
    </p>
   </div>
   <div class='ocr_carea' id='block_1_62' title="bbox 2172 3227 3767 3303">
    <p class='ocr_par' dir='ltr' id='par_1_62' title="bbox 2172 3227 3767 3303">
     <span class='ocr_line' id='line_1_63' title="bbox 2172 3227 3767 3303; baseline 0.003 -23"><span class='ocrx_word' id='word_1_452' title='bbox 2172 3229 2384 3284; x_wconf 86' lang='lat' dir='ltr'><strong>trivere.</strong></span> <span class='ocrx_word' id='word_1_453' title='bbox 2417 3227 2656 3300; x_wconf 83' lang='lat' dir='ltr'><strong>Frange,</strong></span> <span class='ocrx_word' id='word_1_454' title='bbox 2686 3229 2839 3300; x_wconf 87' lang='lat' dir='ltr'><strong>fregi,</strong></span> <span class='ocrx_word' id='word_1_455' title='bbox 2874 3231 3154 3302; x_wconf 88' lang='lat' dir='ltr'><strong>fregeram,</strong></span> <span class='ocrx_word' id='word_1_456' title='bbox 3178 3231 3470 3303; x_wconf 87' lang='lat' dir='ltr'><strong>fregissem,</strong></span> <span class='ocrx_word' id='word_1_457' title='bbox 3498 3247 3617 3286; x_wconf 89' lang='lat' dir='ltr'><strong>cum</strong></span> <span class='ocrx_word' id='word_1_458' title='bbox 3655 3233 3767 3302; x_wconf 87' lang='lat' dir='ltr'><strong>fre-</strong></span> 
     </span>
    </p>
   </div>
   <div class='ocr_carea' id='block_1_63' title="bbox 471 3299 3762 3397">
    <p class='ocr_par' dir='ltr' id='par_1_63' title="bbox 471 3299 3762 3397">
     <span class='ocr_line' id='line_1_64' title="bbox 471 3299 3762 3397; baseline 0.001 -19"><span class='ocrx_word' id='word_1_459' title='bbox 471 3333 528 3379; x_wconf 89' lang='lat' dir='ltr'><strong>et</strong></span> <span class='ocrx_word' id='word_1_460' title='bbox 559 3299 798 3396; x_wconf 35' lang='lat' dir='ltr'><strong>e&#39;longa,</strong></span> <span class='ocrx_word' id='word_1_461' title='bbox 833 3326 898 3378; x_wconf 90' lang='lat' dir='ltr'><strong>ab</strong></span> <span class='ocrx_word' id='word_1_462' title='bbox 933 3332 990 3379; x_wconf 86' lang='lat' dir='ltr'><strong>et</strong></span> <span class='ocrx_word' id='word_1_463' title='bbox 1017 3339 1073 3377; x_wconf 90' lang='lat' dir='ltr'><strong>re</strong></span> <span class='ocrx_word' id='word_1_464' title='bbox 1097 3322 1298 3378; x_wconf 88' lang='lat' dir='ltr'><strong>brevis.</strong></span> <span class='ocrx_word' id='word_1_465' title='bbox 1328 3322 1460 3378; x_wconf 89' lang='lat' dir='ltr'><strong>Item</strong></span> <span class='ocrx_word' id='word_1_466' title='bbox 1485 3337 1554 3378; x_wconf 80' lang='lat' dir='ltr'><strong>ex</strong></span> <span class='ocrx_word' id='word_1_467' title='bbox 1583 3324 1714 3393; x_wconf 89' lang='lat' dir='ltr'><strong>ipsis</strong></span> <span class='ocrx_word' id='word_1_468' title='bbox 1740 3327 2063 3396; x_wconf 88' lang='lat' dir='ltr'><strong>propositio-</strong></span> <span class='ocrx_word' id='word_1_469' title='bbox 2085 3309 2134 3376; x_wconf 89' lang='lat' dir='ltr'>C</span> <span class='ocrx_word' id='word_1_470' title='bbox 2160 3299 2349 3394; x_wconf 73' lang='lat' dir='ltr'><strong>gerim,</strong></span> <span class='ocrx_word' id='word_1_471' title='bbox 2376 3324 2602 3397; x_wconf 88' lang='lat' dir='ltr'><strong>fregero.</strong></span> <span class='ocrx_word' id='word_1_472' title='bbox 2634 3299 2832 3392; x_wconf 77' lang='lat' dir='ltr'><strong>Fadio,</strong></span> <span class='ocrx_word' id='word_1_473' title='bbox 2871 3299 3006 3395; x_wconf 79' lang='lat' dir='ltr'><strong>fodi,</strong></span> <span class='ocrx_word' id='word_1_474' title='bbox 3033 3299 3294 3396; x_wconf 78' lang='lat' dir='ltr'><strong>foderem,</strong></span> <span class='ocrx_word' id='word_1_475' title='bbox 3323 3326 3594 3396; x_wconf 86' lang='lat' dir='ltr'><strong>fodissem,</strong></span> <span class='ocrx_word' id='word_1_476' title='bbox 3637 3299 3762 3380; x_wconf 80' lang='lat' dir='ltr'><strong>cum</strong></span> 
     </span>
    </p>
   </div>
   <div class='ocr_carea' id='block_1_64' title="bbox 466 3413 2062 3487">
    <p class='ocr_par' dir='ltr' id='par_1_64' title="bbox 466 3413 2062 3487">
     <span class='ocr_line' id='line_1_65' title="bbox 466 3413 2062 3487; baseline 0.003 -17"><span class='ocrx_word' id='word_1_477' title='bbox 466 3414 628 3470; x_wconf 87' lang='lat' dir='ltr'><strong>nibus</strong></span> <span class='ocrx_word' id='word_1_478' title='bbox 649 3414 719 3468; x_wconf 90' lang='lat' dir='ltr'><strong>ad</strong></span> <span class='ocrx_word' id='word_1_479' title='bbox 747 3422 804 3470; x_wconf 89' lang='lat' dir='ltr'><strong>et</strong></span> <span class='ocrx_word' id='word_1_480' title='bbox 825 3414 887 3469; x_wconf 94' lang='lat' dir='ltr'><strong>ob</strong></span> <span class='ocrx_word' id='word_1_481' title='bbox 917 3421 973 3468; x_wconf 90' lang='lat' dir='ltr'><strong>et</strong></span> <span class='ocrx_word' id='word_1_482' title='bbox 1000 3415 1056 3468; x_wconf 90' lang='lat' dir='ltr'><strong>in</strong></span> <span class='ocrx_word' id='word_1_483' title='bbox 1077 3420 1130 3469; x_wconf 89' lang='lat' dir='ltr'><strong>et</strong></span> <span class='ocrx_word' id='word_1_484' title='bbox 1155 3413 1251 3468; x_wconf 88' lang='lat' dir='ltr'><strong>sub</strong></span> <span class='ocrx_word' id='word_1_485' title='bbox 1289 3414 1501 3469; x_wconf 84' lang='lat' dir='ltr'><strong>diverse</strong></span> <span class='ocrx_word' id='word_1_486' title='bbox 1548 3413 1604 3469; x_wconf 89' lang='lat' dir='ltr'><strong>in</strong></span> <span class='ocrx_word' id='word_1_487' title='bbox 1634 3415 1813 3470; x_wconf 88' lang='lat' dir='ltr'><strong>verbis</strong></span> <span class='ocrx_word' id='word_1_488' title='bbox 1853 3431 2062 3487; x_wconf 87' lang='lat' dir='ltr'><strong>ponun-</strong></span> 
     </span>
    </p>
   </div>
   <div class='ocr_carea' id='block_1_65' title="bbox 426 3507 2061 3580">
    <p class='ocr_par' dir='ltr' id='par_1_65' title="bbox 426 3507 2061 3580">
     <span class='ocr_line' id='line_1_66' title="bbox 426 3507 2061 3580; baseline 0.003 -18"><span class='ocrx_word' id='word_1_489' title='bbox 426 3536 435 3545; x_wconf 94' lang='lat'><strong><em>-</em></strong></span> <span class='ocrx_word' id='word_1_490' title='bbox 468 3515 576 3564; x_wconf 91' lang='lat' dir='ltr'><strong>tur.</strong></span> <span class='ocrx_word' id='word_1_491' title='bbox 608 3507 744 3563; x_wconf 82' lang='lat' dir='ltr'><strong>Nam</strong></span> <span class='ocrx_word' id='word_1_492' title='bbox 796 3508 1166 3578; x_wconf 88' lang='lat' dir='ltr'><strong>corripiuntur</strong></span> <span class='ocrx_word' id='word_1_493' title='bbox 1208 3523 1334 3562; x_wconf 89' lang='lat' dir='ltr'><strong>cum</strong></span> <span class='ocrx_word' id='word_1_494' title='bbox 1371 3507 1664 3563; x_wconf 88' lang='lat' dir='ltr'><strong>crescendo</strong></span> <span class='ocrx_word' id='word_1_495' title='bbox 1709 3509 2061 3580; x_wconf 89' lang='lat' dir='ltr'><strong>dissyllabam</strong></span> 
     </span>
    </p>
   </div>
   <div class='ocr_carea' id='block_1_66' title="bbox 468 3597 2060 3670">
    <p class='ocr_par' dir='ltr' id='par_1_66' title="bbox 468 3597 2060 3670">
     <span class='ocr_line' id='line_1_67' title="bbox 468 3597 2060 3670; baseline 0.002 -14"><span class='ocrx_word' id='word_1_496' title='bbox 468 3599 718 3668; x_wconf 86' lang='lat' dir='ltr'><strong>reddunt,</strong></span> <span class='ocrx_word' id='word_1_497' title='bbox 752 3611 834 3667; x_wconf 89' lang='lat' dir='ltr'><strong>ut,</strong></span> <span class='ocrx_word' id='word_1_498' title='bbox 863 3600 998 3667; x_wconf 86' lang='lat' dir='ltr'><strong>edit,</strong></span> <span class='ocrx_word' id='word_1_499' title='bbox 1031 3599 1160 3666; x_wconf 87' lang='lat' dir='ltr'><strong>obit,</strong></span> <span class='ocrx_word' id='word_1_500' title='bbox 1188 3599 1305 3666; x_wconf 88' lang='lat' dir='ltr'><strong>init,</strong></span> <span class='ocrx_word' id='word_1_501' title='bbox 1331 3599 1488 3654; x_wconf 81' lang='lat' dir='ltr'><strong>subit.</strong></span> <span class='ocrx_word' id='word_1_502' title='bbox 1511 3597 1886 3657; x_wconf 67' lang='lat' dir='ltr'><strong>lndiﬂ‘erentes</strong></span> <span class='ocrx_word' id='word_1_503' title='bbox 1911 3611 2060 3670; x_wconf 90' lang='lat' dir='ltr'><strong>sunt,</strong></span> 
     </span>
    </p>
   </div>
   <div class='ocr_carea' id='block_1_67' title="bbox 467 3689 2060 3762">
    <p class='ocr_par' dir='ltr' id='par_1_67' title="bbox 467 3689 2060 3762">
     <span class='ocr_line' id='line_1_68' title="bbox 467 3689 2060 3762; baseline 0.004 -19"><span class='ocrx_word' id='word_1_504' title='bbox 467 3703 595 3744; x_wconf 88' lang='lat' dir='ltr'><strong>cum</strong></span> <span class='ocrx_word' id='word_1_505' title='bbox 631 3690 996 3760; x_wconf 84' lang='lat' dir='ltr'><strong>trissyllabam</strong></span> <span class='ocrx_word' id='word_1_506' title='bbox 1043 3689 1272 3757; x_wconf 79' lang='lat' dir='ltr'><strong>faciunt,</strong></span> <span class='ocrx_word' id='word_1_507' title='bbox 1301 3698 1384 3756; x_wconf 91' lang='lat' dir='ltr'><strong>ut,</strong></span> <span class='ocrx_word' id='word_1_508' title='bbox 1420 3689 1602 3755; x_wconf 89' lang='lat' dir='ltr'><strong>edicit,</strong></span> <span class='ocrx_word' id='word_1_509' title='bbox 1655 3691 1832 3760; x_wconf 89' lang='lat' dir='ltr'><strong>obicit,</strong></span> <span class='ocrx_word' id='word_1_510' title='bbox 1889 3695 2060 3762; x_wconf 87' lang='lat' dir='ltr'><strong>inicit,</strong></span> 
     </span>
    </p>
   </div>
   <div class='ocr_carea' id='block_1_68' title="bbox 471 3778 2060 3856">
    <p class='ocr_par' dir='ltr' id='par_1_68' title="bbox 471 3778 2060 3856">
     <span class='ocr_line' id='line_1_69' title="bbox 471 3778 2060 3856; baseline 0.005 -23"><span class='ocrx_word' id='word_1_511' title='bbox 471 3779 680 3834; x_wconf 88' lang='lat' dir='ltr'><strong>subicit.</strong></span> <span class='ocrx_word' id='word_1_512' title='bbox 735 3778 1115 3835; x_wconf 88' lang='lat' dir='ltr'><strong>Producuntur</strong></span> <span class='ocrx_word' id='word_1_513' title='bbox 1151 3789 1334 3836; x_wconf 87' lang='lat' dir='ltr'><strong>tamen</strong></span> <span class='ocrx_word' id='word_1_514' title='bbox 1376 3795 1502 3836; x_wconf 90' lang='lat' dir='ltr'><strong>cum</strong></span> <span class='ocrx_word' id='word_1_515' title='bbox 1539 3782 1944 3856; x_wconf 81' lang='lat' dir='ltr'><strong>tetrassyllabas</strong></span> <span class='ocrx_word' id='word_1_516' title='bbox 1992 3801 2060 3841; x_wconf 83' lang='lat' dir='ltr'><strong>ex</strong></span> 
     </span>
    </p>
   </div>
   <div class='ocr_carea' id='block_1_69' title="bbox 464 3867 2060 3938">
    <p class='ocr_par' dir='ltr' id='par_1_69' title="bbox 464 3867 2060 3938">
     <span class='ocr_line' id='line_1_70' title="bbox 464 3867 2060 3938; baseline 0.003 -13"><span class='ocrx_word' id='word_1_517' title='bbox 464 3883 526 3925; x_wconf 85' lang='lat' dir='ltr'><strong>se</strong></span> <span class='ocrx_word' id='word_1_518' title='bbox 560 3867 816 3934; x_wconf 85' lang='lat' dir='ltr'><strong>reddunt,</strong></span> <span class='ocrx_word' id='word_1_519' title='bbox 857 3876 918 3922; x_wconf 88' lang='lat' dir='ltr'><strong>ut</strong></span> <span class='ocrx_word' id='word_1_520' title='bbox 955 3869 1148 3932; x_wconf 88' lang='lat' dir='ltr'><strong>adicio,</strong></span> <span class='ocrx_word' id='word_1_521' title='bbox 1192 3869 1382 3938; x_wconf 88' lang='lat' dir='ltr'><strong>obicio,</strong></span> <span class='ocrx_word' id='word_1_522' title='bbox 1437 3871 1616 3938; x_wconf 81' lang='lat' dir='ltr'><strong>inicio,</strong></span> <span class='ocrx_word' id='word_1_523' title='bbox 1662 3873 1881 3928; x_wconf 86' lang='lat' dir='ltr'><strong>subicio.</strong></span> <span class='ocrx_word' id='word_1_524' title='bbox 1927 3873 2060 3930; x_wconf 90' lang='lat' dir='ltr'><strong>Item</strong></span> 
     </span>
    </p>
   </div>
   <div class='ocr_carea' id='block_1_70' title="bbox 461 3960 2058 4036">
    <p class='ocr_par' dir='ltr' id='par_1_70' title="bbox 461 3960 2058 4036">
     <span class='ocr_line' id='line_1_71' title="bbox 461 3960 2058 4036; baseline 0.003 -22"><span class='ocrx_word' id='word_1_525' title='bbox 461 3960 834 4032; x_wconf 89' lang='lat' dir='ltr'><strong>producuntur</strong></span> <span class='ocrx_word' id='word_1_526' title='bbox 859 3976 981 4031; x_wconf 66' lang='lat' dir='ltr'><strong>qua:</strong></span> <span class='ocrx_word' id='word_1_527' title='bbox 1007 3975 1106 4032; x_wconf 90' lang='lat' dir='ltr'><strong>per</strong></span> <span class='ocrx_word' id='word_1_528' title='bbox 1128 3977 1238 4032; x_wconf 77' lang='lat' dir='ltr'><strong>pne</strong></span> <span class='ocrx_word' id='word_1_529' title='bbox 1265 3971 1322 4018; x_wconf 90' lang='lat' dir='ltr'><strong>et</strong></span> <span class='ocrx_word' id='word_1_530' title='bbox 1348 3977 1445 4034; x_wconf 85' lang='lat' dir='ltr'><strong>per</strong></span> <span class='ocrx_word' id='word_1_531' title='bbox 1487 3979 1606 4034; x_wconf 71' lang='lat' dir='ltr'><strong>qum</strong></span> <span class='ocrx_word' id='word_1_532' title='bbox 1647 3963 1703 4018; x_wconf 93' lang='lat' dir='ltr'><strong>in</strong></span> <span class='ocrx_word' id='word_1_533' title='bbox 1730 3964 1922 4034; x_wconf 91' lang='lat' dir='ltr'><strong>primis</strong></span> <span class='ocrx_word' id='word_1_534' title='bbox 1945 3965 2058 4036; x_wconf 87' lang='lat' dir='ltr'><strong>syl-</strong></span> 
     </span>
    </p>
   </div>
   <div class='ocr_carea' id='block_1_71' title="bbox 461 4051 2058 4128">
    <p class='ocr_par' dir='ltr' id='par_1_71' title="bbox 461 4051 2058 4128">
     <span class='ocr_line' id='line_1_72' title="bbox 461 4051 2058 4128; baseline 0.005 -23"><span class='ocrx_word' id='word_1_535' title='bbox 461 4051 599 4108; x_wconf 84' lang='lat' dir='ltr'><strong>labis</strong></span> <span class='ocrx_word' id='word_1_536' title='bbox 645 4052 976 4120; x_wconf 84' lang='lat' dir='ltr'><strong>scribuntur,</strong></span> <span class='ocrx_word' id='word_1_537' title='bbox 1006 4061 1088 4120; x_wconf 89' lang='lat' dir='ltr'><strong>ut,</strong></span> <span class='ocrx_word' id='word_1_538' title='bbox 1116 4055 1413 4124; x_wconf 78' lang='lat' dir='ltr'><strong>prremium,</strong></span> <span class='ocrx_word' id='word_1_539' title='bbox 1463 4057 1746 4126; x_wconf 85' lang='lat' dir='ltr'><strong>prcescivit,</strong></span> <span class='ocrx_word' id='word_1_540' title='bbox 1797 4073 2058 4128; x_wconf 65' lang='lat' dir='ltr'><strong>quaerens,</strong></span> 
     </span>
    </p>
   </div>
   <div class='ocr_carea' id='block_1_72' title="bbox 459 4144 2054 4220">
    <p class='ocr_par' dir='ltr' id='par_1_72' title="bbox 459 4144 2054 4220">
     <span class='ocr_line' id='line_1_73' title="bbox 459 4144 2054 4220; baseline 0.004 -22"><span class='ocrx_word' id='word_1_541' title='bbox 459 4145 718 4214; x_wconf 67' lang='lat' dir='ltr'><strong>quasivit.</strong></span> <span class='ocrx_word' id='word_1_542' title='bbox 761 4144 1083 4200; x_wconf 88' lang='lat' dir='ltr'><strong>Breviantur</strong></span> <span class='ocrx_word' id='word_1_543' title='bbox 1130 4161 1263 4201; x_wconf 87' lang='lat' dir='ltr'><strong>vero</strong></span> <span class='ocrx_word' id='word_1_544' title='bbox 1301 4147 1550 4216; x_wconf 82' lang='lat' dir='ltr'><strong>pretium,</strong></span> <span class='ocrx_word' id='word_1_545' title='bbox 1600 4163 1804 4218; x_wconf 86' lang='lat' dir='ltr'><strong>precor,</strong></span> <span class='ocrx_word' id='word_1_546' title='bbox 1855 4165 2054 4220; x_wconf 88' lang='lat' dir='ltr'><strong>premo,</strong></span> 
     </span>
    </p>
   </div>
   <div class='ocr_carea' id='block_1_73' title="bbox 459 4235 2061 4310">
    <p class='ocr_par' dir='ltr' id='par_1_73' title="bbox 459 4235 2061 4310">
     <span class='ocr_line' id='line_1_74' title="bbox 459 4235 2061 4310; baseline 0.006 -22"><span class='ocrx_word' id='word_1_547' title='bbox 459 4235 744 4306; x_wconf 82' lang='lat' dir='ltr'><strong>prehendo,</strong></span> <span class='ocrx_word' id='word_1_548' title='bbox 775 4243 832 4291; x_wconf 88' lang='lat' dir='ltr'><strong>et</strong></span> <span class='ocrx_word' id='word_1_549' title='bbox 875 4252 1087 4308; x_wconf 89' lang='lat' dir='ltr'><strong>querar,</strong></span> <span class='ocrx_word' id='word_1_550' title='bbox 1137 4236 1238 4290; x_wconf 89' lang='lat' dir='ltr'><strong>hoc</strong></span> <span class='ocrx_word' id='word_1_551' title='bbox 1277 4245 1382 4301; x_wconf 88' lang='lat' dir='ltr'><strong>est,</strong></span> <span class='ocrx_word' id='word_1_552' title='bbox 1428 4237 1704 4309; x_wconf 90' lang='lat' dir='ltr'><strong>querelam</strong></span> <span class='ocrx_word' id='word_1_553' title='bbox 1743 4239 1974 4310; x_wconf 90' lang='lat' dir='ltr'><strong>depono,</strong></span> <span class='ocrx_word' id='word_1_554' title='bbox 2003 4249 2061 4298; x_wconf 84' lang='lat' dir='ltr'><strong>et</strong></span> 
     </span>
    </p>
   </div>
   <div class='ocr_carea' id='block_1_74' title="bbox 462 4325 2058 4399">
    <p class='ocr_par' dir='ltr' id='par_1_74' title="bbox 462 4325 2058 4399">
     <span class='ocr_line' id='line_1_75' title="bbox 462 4325 2058 4399; baseline 0.004 -17"><span class='ocrx_word' id='word_1_555' title='bbox 462 4342 585 4398; x_wconf 67' lang='lat' dir='ltr'><strong>quae</strong></span> <span class='ocrx_word' id='word_1_556' title='bbox 622 4343 691 4382; x_wconf 82' lang='lat' dir='ltr'><strong>ex</strong></span> <span class='ocrx_word' id='word_1_557' title='bbox 740 4326 826 4380; x_wconf 88' lang='lat' dir='ltr'><strong>his</strong></span> <span class='ocrx_word' id='word_1_558' title='bbox 874 4339 972 4395; x_wconf 87' lang='lat' dir='ltr'><strong>per</strong></span> <span class='ocrx_word' id='word_1_559' title='bbox 1027 4325 1422 4381; x_wconf 88' lang='lat' dir='ltr'><strong>derivationem</strong></span> <span class='ocrx_word' id='word_1_560' title='bbox 1477 4327 1566 4382; x_wconf 87' lang='lat' dir='ltr'><strong>vel</strong></span> <span class='ocrx_word' id='word_1_561' title='bbox 1611 4330 2058 4399; x_wconf 90' lang='lat' dir='ltr'><strong>compositionem</strong></span> 
     </span>
    </p>
   </div>
   <div class='ocr_carea' id='block_1_75' title="bbox 462 4415 2058 4496">
    <p class='ocr_par' dir='ltr' id='par_1_75' title="bbox 462 4415 2058 4496">
     <span class='ocr_line' id='line_1_76' title="bbox 462 4415 2058 4496; baseline 0.006 -26"><span class='ocrx_word' id='word_1_562' title='bbox 462 4415 585 4471; x_wconf 81' lang='lat' dir='ltr'><strong>ﬁeri</strong></span> <span class='ocrx_word' id='word_1_563' title='bbox 608 4423 964 4484; x_wconf 74' lang='lat' dir='ltr'><strong>possunt,.ut,</strong></span> <span class='ocrx_word' id='word_1_564' title='bbox 1004 4415 1276 4488; x_wconf 89' lang='lat' dir='ltr'><strong>adprecar,</strong></span> <span class='ocrx_word' id='word_1_565' title='bbox 1304 4432 1503 4487; x_wconf 79' lang='lat' dir='ltr'><strong>preces,</strong></span> <span class='ocrx_word' id='word_1_566' title='bbox 1533 4421 1842 4490; x_wconf 89' lang='lat' dir='ltr'><strong>comprime,</strong></span> <span class='ocrx_word' id='word_1_567' title='bbox 1873 4441 2058 4496; x_wconf 89' lang='lat' dir='ltr'><strong>appre-</strong></span> 
     </span>
    </p>
   </div>
   <div class='ocr_carea' id='block_1_76' title="bbox 461 4504 2056 4583">
    <p class='ocr_par' dir='ltr' id='par_1_76' title="bbox 461 4504 2056 4583">
     <span class='ocr_line' id='line_1_77' title="bbox 461 4504 2056 4583; baseline 0.009 -24"><span class='ocrx_word' id='word_1_568' title='bbox 461 4504 676 4570; x_wconf 84' lang='lat' dir='ltr'><strong>hensus,</strong></span> <span class='ocrx_word' id='word_1_569' title='bbox 707 4521 1016 4576; x_wconf 88' lang='lat' dir='ltr'><strong>conqueror,</strong></span> <span class='ocrx_word' id='word_1_570' title='bbox 1043 4506 1276 4578; x_wconf 88' lang='lat' dir='ltr'><strong>querela,</strong></span> <span class='ocrx_word' id='word_1_571' title='bbox 1317 4517 1373 4564; x_wconf 89' lang='lat' dir='ltr'><strong>et</strong></span> <span class='ocrx_word' id='word_1_572' title='bbox 1414 4526 1515 4582; x_wconf 91' lang='lat' dir='ltr'><strong>que</strong></span> <span class='ocrx_word' id='word_1_573' title='bbox 1540 4505 1869 4583; x_wconf 82' lang='lat' dir='ltr'><strong>conjunétio.</strong></span> <span class='ocrx_word' id='word_1_574' title='bbox 1919 4515 2056 4573; x_wconf 92' lang='lat' dir='ltr'><strong>Item</strong></span> 
     </span>
    </p>
   </div>
   <div class='ocr_carea' id='block_1_77' title="bbox 457 4595 2054 4680">
    <p class='ocr_par' dir='ltr' id='par_1_77' title="bbox 457 4595 2054 4680">
     <span class='ocr_line' id='line_1_78' title="bbox 457 4595 2054 4680; baseline 0.008 -27"><span class='ocrx_word' id='word_1_575' title='bbox 457 4595 776 4653; x_wconf 85' lang='lat' dir='ltr'><strong>breviantur</strong></span> <span class='ocrx_word' id='word_1_576' title='bbox 815 4613 880 4652; x_wconf 83' lang='lat' dir='ltr'><strong>ex</strong></span> <span class='ocrx_word' id='word_1_577' title='bbox 925 4597 1116 4654; x_wconf 90' lang='lat' dir='ltr'><strong>iisdem</strong></span> <span class='ocrx_word' id='word_1_578' title='bbox 1169 4601 1640 4671; x_wconf 69' lang='lat' dir='ltr'><strong>praepositionibus</strong></span> <span class='ocrx_word' id='word_1_579' title='bbox 1685 4605 1740 4660; x_wconf 89' lang='lat' dir='ltr'><strong>in</strong></span> <span class='ocrx_word' id='word_1_580' title='bbox 1785 4608 2054 4680; x_wconf 90' lang='lat' dir='ltr'><strong>composi-</strong></span> 
     </span>
    </p>
   </div>
   <div class='ocr_carea' id='block_1_78' title="bbox 2163 3417 3764 3489">
    <p class='ocr_par' dir='ltr' id='par_1_78' title="bbox 2163 3417 3764 3489">
     <span class='ocr_line' id='line_1_79' title="bbox 2163 3417 3764 3489; baseline 0 -17"><span class='ocrx_word' id='word_1_581' title='bbox 2163 3419 2408 3488; x_wconf 90' lang='lat' dir='ltr'><strong>faderim,</strong></span> <span class='ocrx_word' id='word_1_582' title='bbox 2460 3417 2664 3489; x_wconf 90' lang='lat' dir='ltr'><strong>fodere.</strong></span> <span class='ocrx_word' id='word_1_583' title='bbox 2708 3417 2868 3488; x_wconf 90' lang='lat' dir='ltr'><strong>Odia,</strong></span> <span class='ocrx_word' id='word_1_584' title='bbox 2909 3419 3016 3486; x_wconf 88' lang='lat' dir='ltr'><strong>odi,</strong></span> <span class='ocrx_word' id='word_1_585' title='bbox 3059 3420 3318 3487; x_wconf 84' lang='lat' dir='ltr'><strong>aderam,’</strong></span> <span class='ocrx_word' id='word_1_586' title='bbox 3343 3419 3591 3486; x_wconf 87' lang='lat' dir='ltr'><strong>odissem,</strong></span> <span class='ocrx_word' id='word_1_587' title='bbox 3637 3435 3764 3472; x_wconf 84' lang='lat' dir='ltr'><strong>cum</strong></span> 
     </span>
    </p>
   </div>
   <div class='ocr_carea' id='block_1_79' title="bbox 2161 3509 3757 3581">
    <p class='ocr_par' dir='ltr' id='par_1_79' title="bbox 2161 3509 3757 3581">
     <span class='ocr_line' id='line_1_80' title="bbox 2161 3509 3757 3581; baseline -0.001 -17"><span class='ocrx_word' id='word_1_588' title='bbox 2161 3511 2382 3577; x_wconf 88' lang='lat' dir='ltr'><strong>oderim,</strong></span> <span class='ocrx_word' id='word_1_589' title='bbox 2410 3511 2588 3565; x_wconf 89' lang='lat' dir='ltr'><strong>odero.</strong></span> <span class='ocrx_word' id='word_1_590' title='bbox 2619 3511 2838 3578; x_wconf 76' lang='lat' dir='ltr'><strong>Quartae</strong></span> <span class='ocrx_word' id='word_1_591' title='bbox 2865 3509 3280 3581; x_wconf 73' lang='lat' dir='ltr'><strong>coniugationis,</strong></span> <span class='ocrx_word' id='word_1_592' title='bbox 3309 3519 3368 3566; x_wconf 88' lang='lat' dir='ltr'><strong>ut</strong></span> <span class='ocrx_word' id='word_1_593' title='bbox 3391 3529 3405 3564; x_wconf 86' lang='lat'><strong>:</strong></span> <span class='ocrx_word' id='word_1_594' title='bbox 3427 3511 3594 3574; x_wconf 84' lang='lat' dir='ltr'><strong>venio,</strong></span> <span class='ocrx_word' id='word_1_595' title='bbox 3621 3509 3757 3575; x_wconf 72' lang='lat' dir='ltr'><strong>veni.</strong></span> 
     </span>
    </p>
   </div>
   <div class='ocr_carea' id='block_1_80' title="bbox 2160 3597 3760 3670">
    <p class='ocr_par' dir='ltr' id='par_1_80' title="bbox 2160 3597 3760 3670">
     <span class='ocr_line' id='line_1_81' title="bbox 2160 3597 3760 3670; baseline -0.003 -12"><span class='ocrx_word' id='word_1_596' title='bbox 2160 3615 2418 3666; x_wconf 83' lang='lat' dir='ltr'><strong>venerem,</strong></span> <span class='ocrx_word' id='word_1_597' title='bbox 2452 3602 2726 3670; x_wconf 84' lang='lat' dir='ltr'><strong>venissem,</strong></span> <span class='ocrx_word' id='word_1_598' title='bbox 2757 3619 2876 3656; x_wconf 89' lang='lat' dir='ltr'><strong>cum</strong></span> <span class='ocrx_word' id='word_1_599' title='bbox 2905 3603 3150 3670; x_wconf 87' lang='lat' dir='ltr'><strong>venerim,</strong></span> <span class='ocrx_word' id='word_1_600' title='bbox 3191 3617 3396 3656; x_wconf 84' lang='lat' dir='ltr'><strong>venero.</strong></span> <span class='ocrx_word' id='word_1_601' title='bbox 3424 3598 3529 3666; x_wconf 88' lang='lat' dir='ltr'><strong>Eo,</strong></span> <span class='ocrx_word' id='word_1_602' title='bbox 3556 3597 3650 3666; x_wconf 87' lang='lat' dir='ltr'><strong>ivi,</strong></span> <span class='ocrx_word' id='word_1_603' title='bbox 3678 3597 3760 3654; x_wconf 79' lang='lat' dir='ltr'><strong>vel</strong></span> 
     </span>
    </p>
   </div>
   <div class='ocr_carea' id='block_1_81' title="bbox 2162 3690 3756 3763">
    <p class='ocr_par' dir='ltr' id='par_1_81' title="bbox 2162 3690 3756 3763">
     <span class='ocr_line' id='line_1_82' title="bbox 2162 3690 3756 3763; baseline -0.002 -17"><span class='ocrx_word' id='word_1_604' title='bbox 2162 3693 2222 3759; x_wconf 89' lang='lat' dir='ltr'><strong>ii,</strong></span> <span class='ocrx_word' id='word_1_605' title='bbox 2247 3693 2437 3759; x_wconf 90' lang='lat' dir='ltr'><strong>ieram,</strong></span> <span class='ocrx_word' id='word_1_606' title='bbox 2477 3691 2672 3758; x_wconf 84' lang='lat' dir='ltr'><strong>iissem,</strong></span> <span class='ocrx_word' id='word_1_607' title='bbox 2722 3707 2841 3746; x_wconf 89' lang='lat' dir='ltr'><strong>cum</strong></span> <span class='ocrx_word' id='word_1_608' title='bbox 2878 3693 3052 3758; x_wconf 89' lang='lat' dir='ltr'><strong>ierim,</strong></span> <span class='ocrx_word' id='word_1_609' title='bbox 3091 3692 3222 3747; x_wconf 84' lang='lat' dir='ltr'><strong>iero.</strong></span> <span class='ocrx_word' id='word_1_610' title='bbox 3253 3690 3424 3758; x_wconf 85' lang='lat' dir='ltr'><strong>Queo,</strong></span> <span class='ocrx_word' id='word_1_611' title='bbox 3447 3691 3607 3762; x_wconf 83' lang='lat' dir='ltr'><strong>quivi,</strong></span> <span class='ocrx_word' id='word_1_612' title='bbox 3631 3690 3756 3763; x_wconf 83' lang='lat' dir='ltr'><strong>qui-</strong></span> 
     </span>
    </p>
   </div>
   <div class='ocr_carea' id='block_1_82' title="bbox 2162 3773 3757 3857">
    <p class='ocr_par' dir='ltr' id='par_1_82' title="bbox 2162 3773 3757 3857">
     <span class='ocr_line' id='line_1_83' title="bbox 2162 3773 3757 3857; baseline -0.003 -17"><span class='ocrx_word' id='word_1_613' title='bbox 2162 3802 2360 3852; x_wconf 90' lang='lat' dir='ltr'><strong>verem,</strong></span> <span class='ocrx_word' id='word_1_614' title='bbox 2391 3785 2686 3857; x_wconf 88' lang='lat' dir='ltr'><strong>quivissem,</strong></span> <span class='ocrx_word' id='word_1_615' title='bbox 2709 3773 2843 3839; x_wconf 78' lang='lat' dir='ltr'><strong>cum</strong></span> <span class='ocrx_word' id='word_1_616' title='bbox 2869 3785 3148 3856; x_wconf 89' lang='lat' dir='ltr'><strong>quiverim,</strong></span> <span class='ocrx_word' id='word_1_617' title='bbox 3184 3784 3418 3855; x_wconf 85' lang='lat' dir='ltr'><strong>quivere.</strong></span> <span class='ocrx_word' id='word_1_618' title='bbox 3462 3782 3597 3839; x_wconf 89' lang='lat' dir='ltr'><strong>Item</strong></span> <span class='ocrx_word' id='word_1_619' title='bbox 3622 3796 3757 3836; x_wconf 87' lang='lat' dir='ltr'><strong>con-</strong></span> 
     </span>
    </p>
   </div>
   <div class='ocr_carea' id='block_1_83' title="bbox 2162 3871 3756 3945">
    <p class='ocr_par' dir='ltr' id='par_1_83' title="bbox 2162 3871 3756 3945">
     <span class='ocr_line' id='line_1_84' title="bbox 2162 3871 3756 3945; baseline -0.003 -15"><span class='ocrx_word' id='word_1_620' title='bbox 2162 3883 2246 3931; x_wconf 86' lang='lat' dir='ltr'><strong>tra</strong></span> <span class='ocrx_word' id='word_1_621' title='bbox 2271 3876 2616 3932; x_wconf 87' lang='lat' dir='ltr'><strong>inveniuntur</strong></span> <span class='ocrx_word' id='word_1_622' title='bbox 2652 3891 2774 3945; x_wconf 80' lang='lat' dir='ltr'><strong>quae</strong></span> <span class='ocrx_word' id='word_1_623' title='bbox 2811 3875 2862 3930; x_wconf 91' lang='lat' dir='ltr'><strong>in</strong></span> <span class='ocrx_word' id='word_1_624' title='bbox 2902 3873 3155 3945; x_wconf 50' lang='lat' dir='ltr'><strong>praesenti</strong></span> <span class='ocrx_word' id='word_1_625' title='bbox 3199 3883 3440 3943; x_wconf 86' lang='lat' dir='ltr'><strong>tempore</strong></span> <span class='ocrx_word' id='word_1_626' title='bbox 3490 3871 3756 3942; x_wconf 90' lang='lat' dir='ltr'><strong>producta</strong></span> 
     </span>
    </p>
   </div>
   <div class='ocr_carea' id='block_1_84' title="bbox 2161 3964 3758 4038">
    <p class='ocr_par' dir='ltr' id='par_1_84' title="bbox 2161 3964 3758 4038">
     <span class='ocr_line' id='line_1_85' title="bbox 2161 3964 3758 4038; baseline -0.003 -16"><span class='ocrx_word' id='word_1_627' title='bbox 2161 3975 2290 4023; x_wconf 89' lang='lat' dir='ltr'><strong>sunt</strong></span> <span class='ocrx_word' id='word_1_628' title='bbox 2321 3975 2378 4022; x_wconf 92' lang='lat' dir='ltr'><strong>et</strong></span> <span class='ocrx_word' id='word_1_629' title='bbox 2410 3967 2464 4022; x_wconf 91' lang='lat' dir='ltr'><strong>in</strong></span> <span class='ocrx_word' id='word_1_630' title='bbox 2501 3967 2778 4038; x_wconf 72' lang='lat' dir='ltr'><strong>przeterito</strong></span> <span class='ocrx_word' id='word_1_631' title='bbox 2825 3966 3164 4032; x_wconf 87' lang='lat' dir='ltr'><strong>breviantur,</strong></span> <span class='ocrx_word' id='word_1_632' title='bbox 3203 3973 3263 4019; x_wconf 91' lang='lat' dir='ltr'><strong>ut</strong></span> <span class='ocrx_word' id='word_1_633' title='bbox 3298 3972 3424 4020; x_wconf 88' lang='lat' dir='ltr'><strong>sunt</strong></span> <span class='ocrx_word' id='word_1_634' title='bbox 3458 3964 3609 4018; x_wconf 77' lang='lat' dir='ltr'><strong>haec:</strong></span> <span class='ocrx_word' id='word_1_635' title='bbox 3657 3981 3758 4034; x_wconf 89' lang='lat' dir='ltr'><strong>po-</strong></span> 
     </span>
    </p>
   </div>
   <div class='ocr_carea' id='block_1_85' title="bbox 2161 4059 3755 4132">
    <p class='ocr_par' dir='ltr' id='par_1_85' title="bbox 2161 4059 3755 4132">
     <span class='ocr_line' id='line_1_86' title="bbox 2161 4059 3755 4132; baseline -0.003 -16"><span class='ocrx_word' id='word_1_636' title='bbox 2161 4077 2249 4128; x_wconf 88' lang='lat' dir='ltr'><strong>no,</strong></span> <span class='ocrx_word' id='word_1_637' title='bbox 2272 4062 2466 4132; x_wconf 87' lang='lat' dir='ltr'><strong>posui;</strong></span> <span class='ocrx_word' id='word_1_638' title='bbox 2504 4077 2653 4132; x_wconf 90' lang='lat' dir='ltr'><strong>cogo,</strong></span> <span class='ocrx_word' id='word_1_639' title='bbox 2678 4061 2857 4131; x_wconf 89' lang='lat' dir='ltr'><strong>coegi;</strong></span> <span class='ocrx_word' id='word_1_640' title='bbox 2887 4061 2976 4128; x_wconf 90' lang='lat' dir='ltr'><strong>do,</strong></span> <span class='ocrx_word' id='word_1_641' title='bbox 3005 4060 3162 4122; x_wconf 85' lang='lat' dir='ltr'><strong>dedi;</strong></span> <span class='ocrx_word' id='word_1_642' title='bbox 3184 4068 3284 4122; x_wconf 86' lang='lat' dir='ltr'><strong>sto,</strong></span> <span class='ocrx_word' id='word_1_643' title='bbox 3317 4059 3475 4112; x_wconf 87' lang='lat' dir='ltr'><strong>steti:</strong></span> <span class='ocrx_word' id='word_1_644' title='bbox 3499 4064 3555 4111; x_wconf 89' lang='lat' dir='ltr'><strong>et</strong></span> <span class='ocrx_word' id='word_1_645' title='bbox 3590 4070 3660 4112; x_wconf 78' lang='lat' dir='ltr'><strong>ex</strong></span> <span class='ocrx_word' id='word_1_646' title='bbox 3686 4070 3755 4112; x_wconf 87' lang='lat' dir='ltr'><strong>eo</strong></span> 
     </span>
    </p>
   </div>
   <div class='ocr_carea' id='block_1_86' title="bbox 2159 4147 3754 4224">
    <p class='ocr_par' dir='ltr' id='par_1_86' title="bbox 2159 4147 3754 4224">
     <span class='ocr_line' id='line_1_87' title="bbox 2159 4147 3754 4224; baseline -0.001 -18"><span class='ocrx_word' id='word_1_647' title='bbox 2159 4152 2498 4223; x_wconf 88' lang='lat' dir='ltr'><strong>composita:</strong></span> <span class='ocrx_word' id='word_1_648' title='bbox 2552 4162 2764 4224; x_wconf 68' lang='lat' dir='ltr'><strong>prezsto,</strong></span> <span class='ocrx_word' id='word_1_649' title='bbox 2793 4163 2930 4219; x_wconf 85' lang='lat' dir='ltr'><strong>esto,</strong></span> <span class='ocrx_word' id='word_1_650' title='bbox 2977 4159 3168 4224; x_wconf 88' lang='lat' dir='ltr'><strong>persto,</strong></span> <span class='ocrx_word' id='word_1_651' title='bbox 3200 4159 3356 4206; x_wconf 86' lang='lat' dir='ltr'><strong>resto.</strong></span> <span class='ocrx_word' id='word_1_652' title='bbox 3387 4147 3521 4205; x_wconf 86' lang='lat' dir='ltr'><strong>Item</strong></span> <span class='ocrx_word' id='word_1_653' title='bbox 3567 4149 3754 4204; x_wconf 89' lang='lat' dir='ltr'><strong>omnia</strong></span> 
     </span>
    </p>
   </div>
   <div class='ocr_carea' id='block_1_87' title="bbox 2163 4243 3754 4318">
    <p class='ocr_par' dir='ltr' id='par_1_87' title="bbox 2163 4243 3754 4318">
     <span class='ocr_line' id='line_1_88' title="bbox 2163 4243 3754 4318; baseline -0.002 -17"><span class='ocrx_word' id='word_1_654' title='bbox 2163 4247 2334 4302; x_wconf 83' lang='lat' dir='ltr'><strong>verba</strong></span> <span class='ocrx_word' id='word_1_655' title='bbox 2385 4261 2506 4316; x_wconf 83' lang='lat' dir='ltr'><strong>quae</strong></span> <span class='ocrx_word' id='word_1_656' title='bbox 2555 4246 2612 4301; x_wconf 89' lang='lat' dir='ltr'><strong>in</strong></span> <span class='ocrx_word' id='word_1_657' title='bbox 2667 4246 2960 4318; x_wconf 80' lang='lat' dir='ltr'><strong>praeteritis</strong></span> <span class='ocrx_word' id='word_1_658' title='bbox 2996 4253 3121 4300; x_wconf 87' lang='lat' dir='ltr'><strong>ante</strong></span> <span class='ocrx_word' id='word_1_659' title='bbox 3153 4252 3424 4310; x_wconf 86' lang='lat' dir='ltr'><strong>crescunt,</strong></span> <span class='ocrx_word' id='word_1_660' title='bbox 3469 4244 3524 4298; x_wconf 91' lang='lat' dir='ltr'><strong>in</strong></span> <span class='ocrx_word' id='word_1_661' title='bbox 3558 4243 3754 4314; x_wconf 87' lang='lat' dir='ltr'><strong>primis</strong></span> 
     </span>
    </p>
   </div>
   <div class='ocr_carea' id='block_1_88' title="bbox 2159 4335 3752 4410">
    <p class='ocr_par' dir='ltr' id='par_1_88' title="bbox 2159 4335 3752 4410">
     <span class='ocr_line' id='line_1_89' title="bbox 2159 4335 3752 4410; baseline -0.004 -16"><span class='ocrx_word' id='word_1_662' title='bbox 2159 4337 2380 4410; x_wconf 85' lang='lat' dir='ltr'><strong>syllabis</strong></span> <span class='ocrx_word' id='word_1_663' title='bbox 2416 4338 2754 4405; x_wconf 85' lang='lat' dir='ltr'><strong>breviantur,</strong></span> <span class='ocrx_word' id='word_1_664' title='bbox 2785 4347 2844 4392; x_wconf 91' lang='lat' dir='ltr'><strong>ut</strong></span> <span class='ocrx_word' id='word_1_665' title='bbox 2893 4346 3020 4394; x_wconf 89' lang='lat' dir='ltr'><strong>sunt</strong></span> <span class='ocrx_word' id='word_1_666' title='bbox 3045 4338 3198 4392; x_wconf 56' lang='lat' dir='ltr'><strong>haec:</strong></span> <span class='ocrx_word' id='word_1_667' title='bbox 3232 4335 3454 4408; x_wconf 88' lang='lat' dir='ltr'><strong>pendeo,</strong></span> <span class='ocrx_word' id='word_1_668' title='bbox 3481 4335 3752 4406; x_wconf 86' lang='lat' dir='ltr'><strong>pependi;</strong></span> 
     </span>
    </p>
   </div>
   <div class='ocr_carea' id='block_1_89' title="bbox 2158 4429 3754 4502">
    <p class='ocr_par' dir='ltr' id='par_1_89' title="bbox 2158 4429 3754 4502">
     <span class='ocr_line' id='line_1_90' title="bbox 2158 4429 3754 4502; baseline -0.004 -14"><span class='ocrx_word' id='word_1_669' title='bbox 2158 4432 2389 4497; x_wconf 89' lang='lat' dir='ltr'><strong>mordeo,</strong></span> <span class='ocrx_word' id='word_1_670' title='bbox 2420 4431 2721 4496; x_wconf 88' lang='lat' dir='ltr'><strong>momordi;</strong></span> <span class='ocrx_word' id='word_1_671' title='bbox 2770 4431 3018 4502; x_wconf 87' lang='lat' dir='ltr'><strong>spondeo,</strong></span> <span class='ocrx_word' id='word_1_672' title='bbox 3065 4431 3364 4502; x_wconf 88' lang='lat' dir='ltr'><strong>spopondi;</strong></span> <span class='ocrx_word' id='word_1_673' title='bbox 3409 4429 3618 4494; x_wconf 86' lang='lat' dir='ltr'><strong>tondeo,</strong></span> <span class='ocrx_word' id='word_1_674' title='bbox 3669 4437 3754 4482; x_wconf 85' lang='lat' dir='ltr'><strong>to-</strong></span> 
     </span>
    </p>
   </div>
   <div class='ocr_carea' id='block_1_90' title="bbox 2158 4518 3753 4593">
    <p class='ocr_par' dir='ltr' id='par_1_90' title="bbox 2158 4518 3753 4593">
     <span class='ocr_line' id='line_1_91' title="bbox 2158 4518 3753 4593; baseline -0.003 -15"><span class='ocrx_word' id='word_1_675' title='bbox 2158 4523 2327 4590; x_wconf 81' lang='lat' dir='ltr'><strong>tondi,</strong></span> <span class='ocrx_word' id='word_1_676' title='bbox 2355 4522 2604 4580; x_wconf 79' lang='lat' dir='ltr'><strong>secundae</strong></span> <span class='ocrx_word' id='word_1_677' title='bbox 2641 4521 3056 4593; x_wconf 72' lang='lat' dir='ltr'><strong>coniugationis.</strong></span> <span class='ocrx_word' id='word_1_678' title='bbox 3095 4518 3265 4574; x_wconf 90' lang='lat' dir='ltr'><strong>Tertii</strong></span> <span class='ocrx_word' id='word_1_679' title='bbox 3301 4533 3518 4589; x_wconf 88' lang='lat' dir='ltr'><strong>quoque</strong></span> <span class='ocrx_word' id='word_1_680' title='bbox 3539 4520 3753 4574; x_wconf 88' lang='lat' dir='ltr'><strong>ordinis</strong></span> 
     </span>
    </p>
   </div>
   <div class='ocr_carea' id='block_1_91' title="bbox 2159 4611 3748 4684">
    <p class='ocr_par' dir='ltr' id='par_1_91' title="bbox 2159 4611 3748 4684">
     <span class='ocr_line' id='line_1_92' title="bbox 2159 4611 3748 4684; baseline -0.002 -17"><span class='ocrx_word' id='word_1_681' title='bbox 2159 4613 2276 4669; x_wconf 68' lang='lat' dir='ltr'><strong>haec</strong></span> <span class='ocrx_word' id='word_1_682' title='bbox 2324 4621 2486 4670; x_wconf 90' lang='lat' dir='ltr'><strong>sunt:</strong></span> <span class='ocrx_word' id='word_1_683' title='bbox 2529 4629 2710 4684; x_wconf 84' lang='lat' dir='ltr'><strong>posco,</strong></span> <span class='ocrx_word' id='word_1_684' title='bbox 2752 4611 3000 4682; x_wconf 83' lang='lat' dir='ltr'><strong>poposci;</strong></span> <span class='ocrx_word' id='word_1_685' title='bbox 3048 4625 3228 4678; x_wconf 90' lang='lat' dir='ltr'><strong>curro,</strong></span> <span class='ocrx_word' id='word_1_686' title='bbox 3274 4612 3526 4678; x_wconf 84' lang='lat' dir='ltr'><strong>cucurri;</strong></span> <span class='ocrx_word' id='word_1_687' title='bbox 3576 4611 3748 4678; x_wconf 83' lang='lat' dir='ltr'><strong>disco,</strong></span> 
     </span>
    </p>
   </div>
   <div class='ocr_carea' id='block_1_92' title="bbox 461 4669 3751 4776">
    <p class='ocr_par' dir='ltr' id='par_1_92' title="bbox 461 4669 3751 4776">
     <span class='ocr_line' id='line_1_93' title="bbox 461 4669 3751 4776; baseline 0.001 -21"><span class='ocrx_word' id='word_1_688' title='bbox 461 4687 627 4755; x_wconf 57' lang='lat' dir='ltr'><strong>ti(ille,</strong></span> <span class='ocrx_word' id='word_1_689' title='bbox 659 4694 737 4754; x_wconf 70' lang='grc' dir='ltr'><strong>ιη,</strong></span> <span class='ocrx_word' id='word_1_690' title='bbox 760 4687 966 4754; x_wconf 60' lang='lat' dir='ltr'><strong>dehinc:</strong></span> <span class='ocrx_word' id='word_1_691' title='bbox 995 4669 1580 4764; x_wconf 56' lang='lat' dir='ltr'><strong>protectuuprorum.</strong></span> <span class='ocrx_word' id='word_1_692' title='bbox 1610 4669 2050 4770; x_wconf 50' lang='lat' dir='ltr'><strong>Prefessus,.pro-</strong></span> <span class='ocrx_word' id='word_1_693' title='bbox 2075 4669 2128 4730; x_wconf 83' lang='lat' dir='ltr'><strong>D</strong></span> <span class='ocrx_word' id='word_1_694' title='bbox 2153 4704 2360 4772; x_wconf 84' lang='lat' dir='ltr'><strong>didici;</strong></span> <span class='ocrx_word' id='word_1_695' title='bbox 2396 4669 2548 4770; x_wconf 60' lang='lat' dir='ltr'><strong>cano,</strong></span> <span class='ocrx_word' id='word_1_696' title='bbox 2596 4669 3023 4776; x_wconf 47' lang='lat' dir='ltr'><strong>cecini;&#39;tanga,</strong></span> <span class='ocrx_word' id='word_1_697' title='bbox 3057 4703 3200 4774; x_wconf 86' lang='lat' dir='ltr'><strong>tetigi</strong></span> <span class='ocrx_word' id='word_1_698' title='bbox 3212 4669 3246 4768; x_wconf 32' lang='lat' dir='ltr'><strong>I;</strong></span> <span class='ocrx_word' id='word_1_699' title='bbox 3285 4704 3462 4771; x_wconf 87' lang='lat' dir='ltr'><strong>tendo,</strong></span> <span class='ocrx_word' id='word_1_700' title='bbox 3501 4669 3699 4758; x_wconf 66' lang='lat' dir='ltr'><strong>letendi</strong></span> 
     </span>
    </p>
   </div>
   <div class='ocr_carea' id='block_1_93' title="bbox 379 4778 2048 4858">
    <p class='ocr_par' dir='ltr' id='par_1_93' title="bbox 379 4778 2048 4858">
     <span class='ocr_line' id='line_1_94' title="bbox 379 4778 2048 4858; baseline 0.007 -25"><span class='ocrx_word' id='word_1_701' title='bbox 379 4809 387 4814; x_wconf 63' lang='grc' dir='ltr'><em>α</em></span> <span class='ocrx_word' id='word_1_702' title='bbox 461 4778 620 4848; x_wconf 69' lang='lat' dir='ltr'><strong>fetus,</strong></span> <span class='ocrx_word' id='word_1_703' title='bbox 649 4796 897 4851; x_wconf 86' lang='lat' dir='ltr'><strong>proavus,</strong></span> <span class='ocrx_word' id='word_1_704' title='bbox 926 4797 1202 4853; x_wconf 85' lang='lat' dir='ltr'><strong>pronepos,</strong></span> <span class='ocrx_word' id='word_1_705' title='bbox 1251 4791 1356 4839; x_wconf 92' lang='lat' dir='ltr'><strong>etc.</strong></span> <span class='ocrx_word' id='word_1_706' title='bbox 1409 4784 1548 4840; x_wconf 89' lang='lat' dir='ltr'><strong>Sunt</strong></span> <span class='ocrx_word' id='word_1_707' title='bbox 1596 4786 1727 4842; x_wconf 86' lang='lat' dir='ltr'><strong>item</strong></span> <span class='ocrx_word' id='word_1_708' title='bbox 1773 4788 2048 4858; x_wconf 89' lang='lat' dir='ltr'><strong>aliquanta</strong></span> 
     </span>
    </p>
   </div>
   <div class='ocr_carea' id='block_1_94' title="bbox 461 4869 2050 4950">
    <p class='ocr_par' dir='ltr' id='par_1_94' title="bbox 461 4869 2050 4950">
     <span class='ocr_line' id='line_1_95' title="bbox 461 4869 2050 4950; baseline 0.005 -24"><span class='ocrx_word' id='word_1_709' title='bbox 461 4869 620 4926; x_wconf 77' lang='lat' dir='ltr'><strong>verba</strong></span> <span class='ocrx_word' id='word_1_710' title='bbox 662 4885 783 4940; x_wconf 67' lang='lat' dir='ltr'><strong>quae</strong></span> <span class='ocrx_word' id='word_1_711' title='bbox 818 4872 1022 4942; x_wconf 88' lang='lat' dir='ltr'><strong>primas</strong></span> <span class='ocrx_word' id='word_1_712' title='bbox 1069 4873 1304 4944; x_wconf 88' lang='lat' dir='ltr'><strong>syllabas</strong></span> <span class='ocrx_word' id='word_1_713' title='bbox 1331 4882 1635 4946; x_wconf 88' lang='lat' dir='ltr'><strong>temporum</strong></span> <span class='ocrx_word' id='word_1_714' title='bbox 1688 4878 1898 4934; x_wconf 88' lang='lat' dir='ltr'><strong>ratione</strong></span> <span class='ocrx_word' id='word_1_715' title='bbox 1925 4895 2050 4950; x_wconf 89' lang='lat' dir='ltr'><strong>per-</strong></span> 
     </span>
    </p>
   </div>
   <div class='ocr_carea' id='block_1_95' title="bbox 456 4959 2050 5043">
    <p class='ocr_par' dir='ltr' id='par_1_95' title="bbox 456 4959 2050 5043">
     <span class='ocr_line' id='line_1_96' title="bbox 456 4959 2050 5043; baseline 0.007 -26"><span class='ocrx_word' id='word_1_716' title='bbox 456 4959 686 5030; x_wconf 85' lang='lat' dir='ltr'><strong>mutant,</strong></span> <span class='ocrx_word' id='word_1_717' title='bbox 727 4980 847 5035; x_wconf 67' lang='lat' dir='ltr'><strong>quae</strong></span> <span class='ocrx_word' id='word_1_718' title='bbox 882 4967 1070 5022; x_wconf 89' lang='lat' dir='ltr'><strong>subter</strong></span> <span class='ocrx_word' id='word_1_719' title='bbox 1104 4966 1330 5022; x_wconf 88' lang='lat' dir='ltr'><strong>collecta</strong></span> <span class='ocrx_word' id='word_1_720' title='bbox 1356 4968 1412 5022; x_wconf 91' lang='lat' dir='ltr'><strong>in</strong></span> <span class='ocrx_word' id='word_1_721' title='bbox 1440 4971 1589 5025; x_wconf 91' lang='lat' dir='ltr'><strong>omni</strong></span> <span class='ocrx_word' id='word_1_722' title='bbox 1625 4974 1904 5041; x_wconf 65' lang='lat' dir='ltr'><strong>praeterito</strong></span> <span class='ocrx_word' id='word_1_723' title='bbox 1926 4988 2050 5043; x_wconf 89' lang='lat' dir='ltr'><strong>per-</strong></span> 
     </span>
    </p>
   </div>
   <div class='ocr_carea' id='block_1_96' title="bbox 450 5050 2050 5128">
    <p class='ocr_par' dir='ltr' id='par_1_96' title="bbox 450 5050 2050 5128">
     <span class='ocr_line' id='line_1_97' title="bbox 450 5050 2050 5128; baseline 0.006 -22"><span class='ocrx_word' id='word_1_724' title='bbox 450 5050 598 5107; x_wconf 78' lang='lat' dir='ltr'><strong>fecto</strong></span> <span class='ocrx_word' id='word_1_725' title='bbox 617 5050 703 5104; x_wconf 89' lang='lat' dir='ltr'><strong>vel</strong></span> <span class='ocrx_word' id='word_1_726' title='bbox 719 5052 775 5105; x_wconf 89' lang='lat' dir='ltr'><strong>in</strong></span> <span class='ocrx_word' id='word_1_727' title='bbox 809 5054 957 5107; x_wconf 90' lang='lat' dir='ltr'><strong>omni</strong></span> <span class='ocrx_word' id='word_1_728' title='bbox 976 5055 1248 5123; x_wconf 65' lang='lat' dir='ltr'><strong>praterito</strong></span> <span class='ocrx_word' id='word_1_729' title='bbox 1286 5056 1570 5126; x_wconf 88' lang='lat' dir='ltr'><strong>plusquam</strong></span> <span class='ocrx_word' id='word_1_730' title='bbox 1591 5060 1854 5128; x_wconf 81' lang='lat' dir='ltr'><strong>perfecto,</strong></span> <span class='ocrx_word' id='word_1_731' title='bbox 1877 5063 1964 5115; x_wconf 88' lang='lat' dir='ltr'><strong>vel</strong></span> <span class='ocrx_word' id='word_1_732' title='bbox 1990 5063 2050 5116; x_wconf 87' lang='lat' dir='ltr'><strong>in</strong></span> 
     </span>
    </p>
   </div>
   <div class='ocr_carea' id='block_1_97' title="bbox 450 5142 2040 5219">
    <p class='ocr_par' dir='ltr' id='par_1_97' title="bbox 450 5142 2040 5219">
     <span class='ocr_line' id='line_1_98' title="bbox 450 5142 2040 5219; baseline 0.004 -21"><span class='ocrx_word' id='word_1_733' title='bbox 450 5159 562 5199; x_wconf 89' lang='lat' dir='ltr'><strong>uno</strong></span> <span class='ocrx_word' id='word_1_734' title='bbox 615 5142 800 5199; x_wconf 84' lang='lat' dir='ltr'><strong>futuro</strong></span> <span class='ocrx_word' id='word_1_735' title='bbox 837 5151 1043 5199; x_wconf 89' lang='lat' dir='ltr'><strong>tantum</strong></span> <span class='ocrx_word' id='word_1_736' title='bbox 1078 5145 1224 5200; x_wconf 91' lang='lat' dir='ltr'><strong>modi</strong></span> <span class='ocrx_word' id='word_1_737' title='bbox 1275 5145 1602 5216; x_wconf 86' lang='lat' dir='ltr'><strong>conjunctivi</strong></span> <span class='ocrx_word' id='word_1_738' title='bbox 1648 5149 2040 5219; x_wconf 89' lang='lat' dir='ltr'><strong>producuntur.</strong></span> 
     </span>
    </p>
   </div>
   <div class='ocr_carea' id='block_1_98' title="bbox 448 5232 2040 5313">
    <p class='ocr_par' dir='ltr' id='par_1_98' title="bbox 448 5232 2040 5313">
     <span class='ocr_line' id='line_1_99' title="bbox 448 5232 2040 5313; baseline 0.006 -24"><span class='ocrx_word' id='word_1_739' title='bbox 448 5232 512 5290; x_wconf 86' lang='lat' dir='ltr'><strong>In</strong></span> <span class='ocrx_word' id='word_1_740' title='bbox 540 5234 754 5290; x_wconf 66' lang='lat' dir='ltr'><strong>caeteris</strong></span> <span class='ocrx_word' id='word_1_741' title='bbox 806 5243 987 5291; x_wconf 88' lang='lat' dir='ltr'><strong>autem</strong></span> <span class='ocrx_word' id='word_1_742' title='bbox 1029 5238 1204 5313; x_wconf 82' lang='lat' dir='ltr'><strong>modis</strong></span> <span class='ocrx_word' id='word_1_743' title='bbox 1239 5245 1296 5294; x_wconf 89' lang='lat' dir='ltr'><strong>et</strong></span> <span class='ocrx_word' id='word_1_744' title='bbox 1332 5241 1666 5311; x_wconf 88' lang='lat' dir='ltr'><strong>temporibus</strong></span> <span class='ocrx_word' id='word_1_745' title='bbox 1701 5243 2040 5312; x_wconf 85' lang='lat' dir='ltr'><strong>breviantur,</strong></span> 
     </span>
    </p>
   </div>
   <div class='ocr_carea' id='block_1_99' title="bbox 447 5325 2046 5402">
    <p class='ocr_par' dir='ltr' id='par_1_99' title="bbox 447 5325 2046 5402">
     <span class='ocr_line' id='line_1_100' title="bbox 447 5325 2046 5402; baseline 0.008 -23"><span class='ocrx_word' id='word_1_746' title='bbox 447 5332 512 5379; x_wconf 90' lang='lat' dir='ltr'><strong>ut</strong></span> <span class='ocrx_word' id='word_1_747' title='bbox 552 5333 679 5380; x_wconf 85' lang='lat' dir='ltr'><strong>sunt</strong></span> <span class='ocrx_word' id='word_1_748' title='bbox 735 5325 850 5381; x_wconf 73' lang='lat' dir='ltr'><strong>haec</strong></span> <span class='ocrx_word' id='word_1_749' title='bbox 883 5327 1072 5397; x_wconf 73' lang='lat' dir='ltr'><strong>prima:</strong></span> <span class='ocrx_word' id='word_1_750' title='bbox 1099 5329 1512 5402; x_wconf 86' lang='lat' dir='ltr'><strong>conjugationis,</strong></span> <span class='ocrx_word' id='word_1_751' title='bbox 1565 5331 1706 5398; x_wconf 85' lang='lat' dir='ltr'><strong>lava,</strong></span> <span class='ocrx_word' id='word_1_752' title='bbox 1737 5332 1864 5401; x_wconf 88' lang='lat' dir='ltr'><strong>levi,</strong></span> <span class='ocrx_word' id='word_1_753' title='bbox 1905 5334 2046 5391; x_wconf 83' lang='lat' dir='ltr'><strong>leve-</strong></span> 
     </span>
    </p>
   </div>
   <div class='ocr_carea' id='block_1_100' title="bbox 449 5415 2044 5502">
    <p class='ocr_par' dir='ltr' id='par_1_100' title="bbox 449 5415 2044 5502">
     <span class='ocr_line' id='line_1_101' title="bbox 449 5415 2044 5502; baseline 0.01 -32"><span class='ocrx_word' id='word_1_754' title='bbox 449 5432 587 5483; x_wconf 82' lang='lat' dir='ltr'><strong>rem,</strong></span> <span class='ocrx_word' id='word_1_755' title='bbox 627 5415 890 5483; x_wconf 89' lang='lat' dir='ltr'><strong>levissem,</strong></span> <span class='ocrx_word' id='word_1_756' title='bbox 919 5415 1150 5490; x_wconf 89' lang='lat' dir='ltr'><strong>laverim,</strong></span> <span class='ocrx_word' id='word_1_757' title='bbox 1197 5441 1315 5479; x_wconf 89' lang='lat' dir='ltr'><strong>cum</strong></span> <span class='ocrx_word' id='word_1_758' title='bbox 1359 5425 1552 5480; x_wconf 86' lang='lat' dir='ltr'><strong>lavero.</strong></span> <span class='ocrx_word' id='word_1_759' title='bbox 1589 5425 1746 5495; x_wconf 85' lang='lat' dir='ltr'><strong>Juvo,</strong></span> <span class='ocrx_word' id='word_1_760' title='bbox 1775 5429 1916 5500; x_wconf 86' lang='lat' dir='ltr'><strong>juvi,</strong></span> <span class='ocrx_word' id='word_1_761' title='bbox 1945 5431 2044 5502; x_wconf 86' lang='lat' dir='ltr'><strong>ju-</strong></span> 
     </span>
    </p>
   </div>
   <div class='ocr_carea' id='block_1_101' title="bbox 447 5507 2041 5584">
    <p class='ocr_par' dir='ltr' id='par_1_101' title="bbox 447 5507 2041 5584">
     <span class='ocr_line' id='line_1_102' title="bbox 447 5507 2041 5584; baseline 0.013 -26"><span class='ocrx_word' id='word_1_762' title='bbox 447 5521 645 5571; x_wconf 87' lang='lat' dir='ltr'><strong>veram,</strong></span> <span class='ocrx_word' id='word_1_763' title='bbox 667 5507 944 5576; x_wconf 83' lang='lat' dir='ltr'><strong>juvissem,</strong></span> <span class='ocrx_word' id='word_1_764' title='bbox 975 5508 1224 5580; x_wconf 86' lang='lat' dir='ltr'><strong>juverim,</strong></span> <span class='ocrx_word' id='word_1_765' title='bbox 1268 5530 1386 5568; x_wconf 89' lang='lat' dir='ltr'><strong>cum</strong></span> <span class='ocrx_word' id='word_1_766' title='bbox 1416 5515 1626 5584; x_wconf 84' lang='lat' dir='ltr'><strong>juvera.</strong></span> <span class='ocrx_word' id='word_1_767' title='bbox 1679 5517 1747 5573; x_wconf 88' lang='lat' dir='ltr'><strong>Et</strong></span> <span class='ocrx_word' id='word_1_768' title='bbox 1789 5521 2041 5578; x_wconf 58' lang='lat' dir='ltr'><strong>secundae</strong></span> 
     </span>
    </p>
   </div>
   <div class='ocr_carea' id='block_1_102' title="bbox 448 5592 2039 5680">
    <p class='ocr_par' dir='ltr' id='par_1_102' title="bbox 448 5592 2039 5680">
     <span class='ocr_line' id='line_1_103' title="bbox 448 5592 2039 5680; baseline 0.011 -30"><span class='ocrx_word' id='word_1_769' title='bbox 448 5595 602 5650; x_wconf 73' lang='lat' dir='ltr'><strong>haec:</strong></span> <span class='ocrx_word' id='word_1_770' title='bbox 637 5592 824 5662; x_wconf 84' lang='lat' dir='ltr'><strong>Sedeo,</strong></span> <span class='ocrx_word' id='word_1_771' title='bbox 853 5597 984 5664; x_wconf 80' lang='lat' dir='ltr'><strong>sedi,</strong></span> <span class='ocrx_word' id='word_1_772' title='bbox 1027 5600 1285 5668; x_wconf 88' lang='lat' dir='ltr'><strong>sederem,</strong></span> <span class='ocrx_word' id='word_1_773' title='bbox 1328 5605 1594 5676; x_wconf 87' lang='lat' dir='ltr'><strong>sedissem,</strong></span> <span class='ocrx_word' id='word_1_774' title='bbox 1646 5609 1892 5680; x_wconf 89' lang='lat' dir='ltr'><strong>sederim,</strong></span> <span class='ocrx_word' id='word_1_775' title='bbox 1919 5628 2039 5668; x_wconf 89' lang='lat' dir='ltr'><strong>cum</strong></span> 
     </span>
    </p>
   </div>
   <div class='ocr_carea' id='block_1_103' title="bbox 447 5684 2036 5774">
    <p class='ocr_par' dir='ltr' id='par_1_103' title="bbox 447 5684 2036 5774">
     <span class='ocr_line' id='line_1_104' title="bbox 447 5684 2036 5774; baseline 0.015 -37"><span class='ocrx_word' id='word_1_776' title='bbox 447 5685 648 5739; x_wconf 88' lang='lat' dir='ltr'><strong>sedero.</strong></span> <span class='ocrx_word' id='word_1_777' title='bbox 673 5684 874 5756; x_wconf 87' lang='lat' dir='ltr'><strong>Faveo,</strong></span> <span class='ocrx_word' id='word_1_778' title='bbox 897 5689 1026 5762; x_wconf 89' lang='lat' dir='ltr'><strong>favi,</strong></span> <span class='ocrx_word' id='word_1_779' title='bbox 1053 5691 1304 5760; x_wconf 88' lang='lat' dir='ltr'><strong>faverem,</strong></span> <span class='ocrx_word' id='word_1_780' title='bbox 1347 5696 1611 5766; x_wconf 71' lang='lat' dir='ltr'><strong>fecissem,</strong></span> <span class='ocrx_word' id='word_1_781' title='bbox 1653 5717 1770 5757; x_wconf 85' lang='lat' dir='ltr'><strong>cum</strong></span> <span class='ocrx_word' id='word_1_782' title='bbox 1795 5705 2036 5774; x_wconf 85' lang='lat' dir='ltr'><strong>faverim,</strong></span> 
     </span>
    </p>
   </div>
   <div class='ocr_carea' id='block_1_104' title="bbox 445 5780 2035 5868">
    <p class='ocr_par' dir='ltr' id='par_1_104' title="bbox 445 5780 2035 5868">
     <span class='ocr_line' id='line_1_105' title="bbox 445 5780 2035 5868; baseline 0.016 -38"><span class='ocrx_word' id='word_1_783' title='bbox 445 5780 644 5848; x_wconf 86' lang='lat' dir='ltr'><strong>favere.</strong></span> <span class='ocrx_word' id='word_1_784' title='bbox 677 5780 880 5850; x_wconf 71' lang='lat' dir='ltr'><strong>Moveo,</strong></span> <span class='ocrx_word' id='word_1_785' title='bbox 925 5786 1080 5852; x_wconf 89' lang='lat' dir='ltr'><strong>movi,</strong></span> <span class='ocrx_word' id='word_1_786' title='bbox 1122 5803 1406 5859; x_wconf 87' lang='lat' dir='ltr'><strong>moverem,</strong></span> <span class='ocrx_word' id='word_1_787' title='bbox 1443 5796 1733 5863; x_wconf 84' lang='lat' dir='ltr'><strong>movissent,</strong></span> <span class='ocrx_word' id='word_1_788' title='bbox 1765 5800 2035 5868; x_wconf 84' lang='lat' dir='ltr'><strong>moverint,</strong></span> 
     </span>
    </p>
   </div>
   <div class='ocr_carea' id='block_1_105' title="bbox 445 5872 2033 5960">
    <p class='ocr_par' dir='ltr' id='par_1_105' title="bbox 445 5872 2033 5960">
     <span class='ocr_line' id='line_1_106' title="bbox 445 5872 2033 5960; baseline 0.02 -45"><span class='ocrx_word' id='word_1_789' title='bbox 445 5878 562 5920; x_wconf 88' lang='lat' dir='ltr'><strong>cum</strong></span> <span class='ocrx_word' id='word_1_790' title='bbox 585 5887 808 5926; x_wconf 80' lang='lat' dir='ltr'><strong>movero.</strong></span> <span class='ocrx_word' id='word_1_791' title='bbox 844 5872 1042 5940; x_wconf 87' lang='lat' dir='ltr'><strong>Faveo,</strong></span> <span class='ocrx_word' id='word_1_792' title='bbox 1065 5879 1190 5947; x_wconf 85' lang='lat' dir='ltr'><strong>fovi,</strong></span> <span class='ocrx_word' id='word_1_793' title='bbox 1222 5881 1475 5951; x_wconf 87' lang='lat' dir='ltr'><strong>faverem,</strong></span> <span class='ocrx_word' id='word_1_794' title='bbox 1503 5887 1764 5956; x_wconf 79' lang='lat' dir='ltr'><strong>fovissent,</strong></span> <span class='ocrx_word' id='word_1_795' title='bbox 1795 5889 2033 5960; x_wconf 80' lang='lat' dir='ltr'><strong>faverim,</strong></span> 
     </span>
    </p>
   </div>
   <div class='ocr_carea' id='block_1_106' title="bbox 2151 4783 3747 4868">
    <p class='ocr_par' dir='ltr' id='par_1_106' title="bbox 2151 4783 3747 4868">
     <span class='ocr_line' id='line_1_107' title="bbox 2151 4783 3747 4868; baseline -0.003 -16"><span class='ocrx_word' id='word_1_796' title='bbox 2151 4797 2342 4868; x_wconf 84' lang='lat' dir='ltr'><strong>pendo,</strong></span> <span class='ocrx_word' id='word_1_797' title='bbox 2369 4783 2589 4868; x_wconf 79' lang='lat' dir='ltr'><strong>pependi</strong></span> <span class='ocrx_word' id='word_1_798' title='bbox 2615 4813 2634 4861; x_wconf 89' lang='lat'><strong>;</strong></span> <span class='ocrx_word' id='word_1_799' title='bbox 2663 4795 2822 4868; x_wconf 89' lang='lat' dir='ltr'><strong>pello,</strong></span> <span class='ocrx_word' id='word_1_800' title='bbox 2845 4795 3020 4867; x_wconf 84' lang='lat' dir='ltr'><strong>pepuli</strong></span> <span class='ocrx_word' id='word_1_801' title='bbox 3041 4813 3060 4862; x_wconf 89' lang='lat'><strong>;</strong></span> <span class='ocrx_word' id='word_1_802' title='bbox 3085 4795 3269 4860; x_wconf 87' lang='lat' dir='ltr'><strong>tundo,</strong></span> <span class='ocrx_word' id='word_1_803' title='bbox 3301 4795 3518 4860; x_wconf 87' lang='lat' dir='ltr'><strong>tutudi;</strong></span> <span class='ocrx_word' id='word_1_804' title='bbox 3547 4811 3747 4865; x_wconf 87' lang='lat' dir='ltr'><strong>pungo,</strong></span> 
     </span>
    </p>
   </div>
   <div class='ocr_carea' id='block_1_107' title="bbox 2151 4886 3749 4960">
    <p class='ocr_par' dir='ltr' id='par_1_107' title="bbox 2151 4886 3749 4960">
     <span class='ocr_line' id='line_1_108' title="bbox 2151 4886 3749 4960; baseline -0.003 -18"><span class='ocrx_word' id='word_1_805' title='bbox 2151 4890 2349 4960; x_wconf 87' lang='lat' dir='ltr'><strong>pupugi</strong></span> <span class='ocrx_word' id='word_1_806' title='bbox 2395 4888 2480 4943; x_wconf 91' lang='lat' dir='ltr'><strong>vel</strong></span> <span class='ocrx_word' id='word_1_807' title='bbox 2526 4888 2732 4959; x_wconf 75' lang='lat' dir='ltr'><strong>punxi;</strong></span> <span class='ocrx_word' id='word_1_808' title='bbox 2777 4904 2956 4958; x_wconf 89' lang='lat' dir='ltr'><strong>parca,</strong></span> <span class='ocrx_word' id='word_1_809' title='bbox 3013 4887 3262 4958; x_wconf 82' lang='lat' dir='ltr'><strong>peperci;</strong></span> <span class='ocrx_word' id='word_1_810' title='bbox 3311 4887 3466 4956; x_wconf 86' lang='lat' dir='ltr'><strong>pede,</strong></span> <span class='ocrx_word' id='word_1_811' title='bbox 3512 4886 3749 4954; x_wconf 86' lang='lat' dir='ltr'><strong>pepedi;</strong></span> 
     </span>
    </p>
   </div>
   <div class='ocr_carea' id='block_1_108' title="bbox 2152 4977 3746 5052">
    <p class='ocr_par' dir='ltr' id='par_1_108' title="bbox 2152 4977 3746 5052">
     <span class='ocr_line' id='line_1_109' title="bbox 2152 4977 3746 5052; baseline -0.003 -16"><span class='ocrx_word' id='word_1_812' title='bbox 2152 4981 2306 5050; x_wconf 89' lang='lat' dir='ltr'><strong>fallo,</strong></span> <span class='ocrx_word' id='word_1_813' title='bbox 2339 4981 2548 5052; x_wconf 88' lang='lat' dir='ltr'><strong>fefelli;</strong></span> <span class='ocrx_word' id='word_1_814' title='bbox 2577 4981 2730 5046; x_wconf 84' lang='lat' dir='ltr'><strong>reda,</strong></span> <span class='ocrx_word' id='word_1_815' title='bbox 2769 4981 2933 5035; x_wconf 88' lang='lat' dir='ltr'><strong>cecidi</strong></span> <span class='ocrx_word' id='word_1_816' title='bbox 2959 4997 2982 5044; x_wconf 91' lang='lat'><strong>;</strong></span> <span class='ocrx_word' id='word_1_817' title='bbox 3023 4979 3173 5044; x_wconf 88' lang='lat' dir='ltr'><strong>tollo,</strong></span> <span class='ocrx_word' id='word_1_818' title='bbox 3214 4978 3408 5044; x_wconf 82' lang='lat' dir='ltr'><strong>tetuli;</strong></span> <span class='ocrx_word' id='word_1_819' title='bbox 3448 4977 3619 5048; x_wconf 86' lang='lat' dir='ltr'><strong>pario,</strong></span> <span class='ocrx_word' id='word_1_820' title='bbox 3648 4995 3746 5050; x_wconf 83' lang='lat' dir='ltr'><strong>pe-</strong></span> 
     </span>
    </p>
   </div>
   <div class='ocr_carea' id='block_1_109' title="bbox 2149 5069 3745 5140">
    <p class='ocr_par' dir='ltr' id='par_1_109' title="bbox 2149 5069 3745 5140">
     <span class='ocr_line' id='line_1_110' title="bbox 2149 5069 3745 5140; baseline 0.001 -19"><span class='ocrx_word' id='word_1_821' title='bbox 2149 5073 2310 5140; x_wconf 77' lang='lat' dir='ltr'><strong>peri;</strong></span> <span class='ocrx_word' id='word_1_822' title='bbox 2346 5083 2540 5139; x_wconf 88' lang='lat' dir='ltr'><strong>pango,</strong></span> <span class='ocrx_word' id='word_1_823' title='bbox 2601 5069 2794 5140; x_wconf 87' lang='lat' dir='ltr'><strong>pepigi,</strong></span> <span class='ocrx_word' id='word_1_824' title='bbox 2846 5079 2953 5124; x_wconf 91' lang='lat' dir='ltr'><strong>etc.</strong></span> <span class='ocrx_word' id='word_1_825' title='bbox 3007 5069 3138 5124; x_wconf 87' lang='lat' dir='ltr'><strong>Item</strong></span> <span class='ocrx_word' id='word_1_826' title='bbox 3198 5069 3254 5124; x_wconf 90' lang='lat' dir='ltr'><strong>in</strong></span> <span class='ocrx_word' id='word_1_827' title='bbox 3301 5069 3482 5125; x_wconf 89' lang='lat' dir='ltr'><strong>verbis</strong></span> <span class='ocrx_word' id='word_1_828' title='bbox 3517 5085 3638 5140; x_wconf 65' lang='lat' dir='ltr'><strong>qua:</strong></span> <span class='ocrx_word' id='word_1_829' title='bbox 3689 5070 3745 5124; x_wconf 92' lang='lat' dir='ltr'><strong>in</strong></span> 
     </span>
    </p>
   </div>
   <div class='ocr_carea' id='block_1_110' title="bbox 2147 5157 3744 5234">
    <p class='ocr_par' dir='ltr' id='par_1_110' title="bbox 2147 5157 3744 5234">
     <span class='ocr_line' id='line_1_111' title="bbox 2147 5157 3744 5234; baseline 0.001 -20"><span class='ocrx_word' id='word_1_830' title='bbox 2147 5157 2352 5214; x_wconf 88' lang='lat' dir='ltr'><strong>eisdem</strong></span> <span class='ocrx_word' id='word_1_831' title='bbox 2393 5157 2592 5214; x_wconf 88' lang='lat' dir='ltr'><strong>litteris</strong></span> <span class='ocrx_word' id='word_1_832' title='bbox 2637 5159 2950 5216; x_wconf 87' lang='lat' dir='ltr'><strong>scribuntur</strong></span> <span class='ocrx_word' id='word_1_833' title='bbox 2997 5162 3294 5218; x_wconf 88' lang='lat' dir='ltr'><strong>notandum</strong></span> <span class='ocrx_word' id='word_1_834' title='bbox 3332 5162 3478 5234; x_wconf 90' lang='lat' dir='ltr'><strong>quod</strong></span> <span class='ocrx_word' id='word_1_835' title='bbox 3535 5161 3668 5216; x_wconf 86' lang='lat' dir='ltr'><strong>liber</strong></span> <span class='ocrx_word' id='word_1_836' title='bbox 3696 5161 3744 5218; x_wconf 91' lang='lat' dir='ltr'><strong>si</strong></span> 
     </span>
    </p>
   </div>
   <div class='ocr_carea' id='block_1_111' title="bbox 2148 5249 3742 5320">
    <p class='ocr_par' dir='ltr' id='par_1_111' title="bbox 2148 5249 3742 5320">
     <span class='ocr_line' id='line_1_112' title="bbox 2148 5249 3742 5320; baseline 0.002 -17"><span class='ocrx_word' id='word_1_837' title='bbox 2148 5250 2347 5304; x_wconf 85' lang='lat' dir='ltr'><strong>librum</strong></span> <span class='ocrx_word' id='word_1_838' title='bbox 2383 5249 2655 5320; x_wconf 79' lang='lat' dir='ltr'><strong>signiﬁcat</strong></span> <span class='ocrx_word' id='word_1_839' title='bbox 2679 5260 2772 5305; x_wconf 89' lang='lat' dir='ltr'><strong>aut</strong></span> <span class='ocrx_word' id='word_1_840' title='bbox 2791 5253 3074 5320; x_wconf 89' lang='lat' dir='ltr'><strong>corticem,</strong></span> <span class='ocrx_word' id='word_1_841' title='bbox 3121 5254 3344 5310; x_wconf 87' lang='lat' dir='ltr'><strong>brevem</strong></span> <span class='ocrx_word' id='word_1_842' title='bbox 3395 5255 3558 5313; x_wconf 89' lang='lat' dir='ltr'><strong>habet</strong></span> <span class='ocrx_word' id='word_1_843' title='bbox 3580 5254 3619 5306; x_wconf 83' lang='lat' dir='ltr'><strong>li</strong></span> <span class='ocrx_word' id='word_1_844' title='bbox 3650 5253 3742 5317; x_wconf 89' lang='lat' dir='ltr'><strong>;si</strong></span> 
     </span>
    </p>
   </div>
   <div class='ocr_carea' id='block_1_112' title="bbox 2143 5340 3740 5416">
    <p class='ocr_par' dir='ltr' id='par_1_112' title="bbox 2143 5340 3740 5416">
     <span class='ocr_line' id='line_1_113' title="bbox 2143 5340 3740 5416; baseline 0.003 -22"><span class='ocrx_word' id='word_1_845' title='bbox 2143 5341 2394 5406; x_wconf 87' lang='lat' dir='ltr'><strong>liberum,</strong></span> <span class='ocrx_word' id='word_1_846' title='bbox 2425 5340 2659 5411; x_wconf 88' lang='lat' dir='ltr'><strong>longam.</strong></span> <span class='ocrx_word' id='word_1_847' title='bbox 2711 5341 2834 5397; x_wconf 88' lang='lat' dir='ltr'><strong>Pila</strong></span> <span class='ocrx_word' id='word_1_848' title='bbox 2875 5344 2922 5399; x_wconf 90' lang='lat' dir='ltr'><strong>si</strong></span> <span class='ocrx_word' id='word_1_849' title='bbox 2951 5360 3048 5400; x_wconf 89' lang='lat' dir='ltr'><strong>vas</strong></span> <span class='ocrx_word' id='word_1_850' title='bbox 3084 5345 3374 5416; x_wconf 82' lang='lat' dir='ltr'><strong>signiﬁcat,</strong></span> <span class='ocrx_word' id='word_1_851' title='bbox 3404 5345 3620 5416; x_wconf 89' lang='lat' dir='ltr'><strong>longam</strong></span> <span class='ocrx_word' id='word_1_852' title='bbox 3641 5343 3740 5398; x_wconf 87' lang='lat' dir='ltr'><strong>ha-</strong></span> 
     </span>
    </p>
   </div>
   <div class='ocr_carea' id='block_1_113' title="bbox 2143 5431 3738 5507">
    <p class='ocr_par' dir='ltr' id='par_1_113' title="bbox 2143 5431 3738 5507">
     <span class='ocr_line' id='line_1_114' title="bbox 2143 5431 3738 5507; baseline 0.003 -20"><span class='ocrx_word' id='word_1_853' title='bbox 2143 5431 2306 5501; x_wconf 88' lang='lat' dir='ltr'><strong>betpi</strong></span> <span class='ocrx_word' id='word_1_854' title='bbox 2336 5447 2356 5497; x_wconf 90' lang='lat'><strong>;</strong></span> <span class='ocrx_word' id='word_1_855' title='bbox 2384 5432 2430 5485; x_wconf 90' lang='lat' dir='ltr'><strong>si</strong></span> <span class='ocrx_word' id='word_1_856' title='bbox 2467 5432 2753 5501; x_wconf 65' lang='lat' dir='ltr'><strong>sphaeram,</strong></span> <span class='ocrx_word' id='word_1_857' title='bbox 2803 5434 3042 5491; x_wconf 87' lang='lat' dir='ltr'><strong>brevem.</strong></span> <span class='ocrx_word' id='word_1_858' title='bbox 3098 5435 3351 5503; x_wconf 84' lang='lat' dir='ltr'><strong>Securus,</strong></span> <span class='ocrx_word' id='word_1_859' title='bbox 3390 5435 3605 5507; x_wconf 84' lang='lat' dir='ltr'><strong>longam</strong></span> <span class='ocrx_word' id='word_1_860' title='bbox 3630 5454 3687 5491; x_wconf 85' lang='lat' dir='ltr'><strong>se</strong></span> <span class='ocrx_word' id='word_1_861' title='bbox 3713 5453 3738 5503; x_wconf 92' lang='lat'><strong>;</strong></span> 
     </span>
    </p>
   </div>
   <div class='ocr_carea' id='block_1_114' title="bbox 2142 5522 3737 5594">
    <p class='ocr_par' dir='ltr' id='par_1_114' title="bbox 2142 5522 3737 5594">
     <span class='ocr_line' id='line_1_115' title="bbox 2142 5522 3737 5594; baseline 0.003 -17"><span class='ocrx_word' id='word_1_862' title='bbox 2142 5522 2360 5588; x_wconf 83' lang='lat' dir='ltr'><strong>securis,</strong></span> <span class='ocrx_word' id='word_1_863' title='bbox 2397 5522 2657 5590; x_wconf 83' lang='lat' dir='ltr'><strong>brevem;</strong></span> <span class='ocrx_word' id='word_1_864' title='bbox 2687 5522 2896 5592; x_wconf 86' lang='lat' dir='ltr'><strong>domus,</strong></span> <span class='ocrx_word' id='word_1_865' title='bbox 2935 5525 3154 5582; x_wconf 83' lang='lat' dir='ltr'><strong>brevem</strong></span> <span class='ocrx_word' id='word_1_866' title='bbox 3203 5527 3270 5581; x_wconf 90' lang='lat' dir='ltr'><strong>do</strong></span> <span class='ocrx_word' id='word_1_867' title='bbox 3297 5543 3318 5593; x_wconf 93' lang='lat'><strong>;</strong></span> <span class='ocrx_word' id='word_1_868' title='bbox 3347 5527 3526 5594; x_wconf 83' lang='lat' dir='ltr'><strong>dante,</strong></span> <span class='ocrx_word' id='word_1_869' title='bbox 3570 5529 3627 5584; x_wconf 91' lang='lat' dir='ltr'><strong>id</strong></span> <span class='ocrx_word' id='word_1_870' title='bbox 3650 5536 3737 5583; x_wconf 87' lang='lat' dir='ltr'><strong>est</strong></span> 
     </span>
    </p>
   </div>
   <div class='ocr_carea' id='block_1_115' title="bbox 2143 5613 3735 5692">
    <p class='ocr_par' dir='ltr' id='par_1_115' title="bbox 2143 5613 3735 5692">
     <span class='ocr_line' id='line_1_116' title="bbox 2143 5613 3735 5692; baseline 0.005 -23"><span class='ocrx_word' id='word_1_871' title='bbox 2143 5621 2367 5680; x_wconf 89' lang='lat' dir='ltr'><strong>tectum,</strong></span> <span class='ocrx_word' id='word_1_872' title='bbox 2398 5613 2634 5687; x_wconf 89' lang='lat' dir='ltr'><strong>longam.</strong></span> <span class='ocrx_word' id='word_1_873' title='bbox 2663 5614 2836 5689; x_wconf 87' lang='lat' dir='ltr'><strong>Plaga</strong></span> <span class='ocrx_word' id='word_1_874' title='bbox 2865 5633 2990 5674; x_wconf 90' lang='lat' dir='ltr'><strong>cum</strong></span> <span class='ocrx_word' id='word_1_875' title='bbox 3025 5619 3189 5676; x_wconf 87' lang='lat' dir='ltr'><strong>clima</strong></span> <span class='ocrx_word' id='word_1_876' title='bbox 3233 5620 3521 5692; x_wconf 79' lang='lat' dir='ltr'><strong>signiﬁcat,</strong></span> <span class='ocrx_word' id='word_1_877' title='bbox 3551 5621 3735 5678; x_wconf 83' lang='lat' dir='ltr'><strong>brevis</strong></span> 
     </span>
    </p>
   </div>
   <div class='ocr_carea' id='block_1_116' title="bbox 2143 5705 3732 5786">
    <p class='ocr_par' dir='ltr' id='par_1_116' title="bbox 2143 5705 3732 5786">
     <span class='ocr_line' id='line_1_117' title="bbox 2143 5705 3732 5786; baseline 0.008 -27"><span class='ocrx_word' id='word_1_878' title='bbox 2143 5713 2226 5762; x_wconf 88' lang='lat' dir='ltr'><strong>est</strong></span> <span class='ocrx_word' id='word_1_879' title='bbox 2251 5705 2381 5776; x_wconf 90' lang='lat' dir='ltr'><strong>pla;</strong></span> <span class='ocrx_word' id='word_1_880' title='bbox 2407 5722 2532 5763; x_wconf 91' lang='lat' dir='ltr'><strong>cum</strong></span> <span class='ocrx_word' id='word_1_881' title='bbox 2560 5709 2877 5778; x_wconf 86' lang='lat' dir='ltr'><strong>vindictam,</strong></span> <span class='ocrx_word' id='word_1_882' title='bbox 2906 5710 3086 5784; x_wconf 87' lang='lat' dir='ltr'><strong>longa.</strong></span> <span class='ocrx_word' id='word_1_883' title='bbox 3121 5711 3312 5782; x_wconf 78' lang='lat' dir='ltr'><strong>Palus,</strong></span> <span class='ocrx_word' id='word_1_884' title='bbox 3349 5715 3580 5786; x_wconf 81' lang='lat' dir='ltr'><strong>paludis,</strong></span> <span class='ocrx_word' id='word_1_885' title='bbox 3607 5716 3732 5770; x_wconf 86' lang='lat' dir='ltr'><strong>bre-</strong></span> 
     </span>
    </p>
   </div>
   <div class='ocr_carea' id='block_1_117' title="bbox 2143 5798 3730 5878">
    <p class='ocr_par' dir='ltr' id='par_1_117' title="bbox 2143 5798 3730 5878">
     <span class='ocr_line' id='line_1_118' title="bbox 2143 5798 3730 5878; baseline 0.005 -26"><span class='ocrx_word' id='word_1_886' title='bbox 2143 5798 2226 5854; x_wconf 89' lang='lat' dir='ltr'><strong>vis</strong></span> <span class='ocrx_word' id='word_1_887' title='bbox 2248 5815 2351 5870; x_wconf 90' lang='lat' dir='ltr'><strong>pe;</strong></span> <span class='ocrx_word' id='word_1_888' title='bbox 2373 5798 2548 5870; x_wconf 87' lang='lat' dir='ltr'><strong>palus,</strong></span> <span class='ocrx_word' id='word_1_889' title='bbox 2576 5801 2705 5871; x_wconf 87' lang='lat' dir='ltr'><strong>pali,</strong></span> <span class='ocrx_word' id='word_1_890' title='bbox 2729 5803 2907 5874; x_wconf 82' lang='lat' dir='ltr'><strong>longa.</strong></span> <span class='ocrx_word' id='word_1_891' title='bbox 2937 5801 3174 5872; x_wconf 81' lang='lat' dir='ltr'><strong>Populus</strong></span> <span class='ocrx_word' id='word_1_892' title='bbox 3197 5819 3323 5858; x_wconf 84' lang='lat' dir='ltr'><strong>cum</strong></span> <span class='ocrx_word' id='word_1_893' title='bbox 3352 5804 3544 5877; x_wconf 84' lang='lat' dir='ltr'><strong>vulgus</strong></span> <span class='ocrx_word' id='word_1_894' title='bbox 3561 5805 3730 5878; x_wconf 86' lang='lat' dir='ltr'><strong>signi-</strong></span> 
     </span>
    </p>
   </div>
   <div class='ocr_carea' id='block_1_118' title="bbox 2142 5893 3726 5968">
    <p class='ocr_par' dir='ltr' id='par_1_118' title="bbox 2142 5893 3726 5968">
     <span class='ocr_line' id='line_1_119' title="bbox 2142 5893 3726 5968; baseline 0.004 -21"><span class='ocrx_word' id='word_1_895' title='bbox 2142 5893 2288 5962; x_wconf 85' lang='lat' dir='ltr'><strong>llcat,</strong></span> <span class='ocrx_word' id='word_1_896' title='bbox 2313 5893 2492 5948; x_wconf 87' lang='lat' dir='ltr'><strong>brevis</strong></span> <span class='ocrx_word' id='word_1_897' title='bbox 2517 5903 2595 5949; x_wconf 83' lang='lat' dir='ltr'><strong>est</strong></span> <span class='ocrx_word' id='word_1_898' title='bbox 2635 5913 2700 5966; x_wconf 86' lang='lat' dir='ltr'><strong>po</strong></span> <span class='ocrx_word' id='word_1_899' title='bbox 2719 5913 2740 5963; x_wconf 90' lang='lat'><strong>;</strong></span> <span class='ocrx_word' id='word_1_900' title='bbox 2777 5911 2901 5952; x_wconf 88' lang='lat' dir='ltr'><strong>cum</strong></span> <span class='ocrx_word' id='word_1_901' title='bbox 2948 5897 3220 5965; x_wconf 67' lang='lat' dir='ltr'><strong>arborem;</strong></span> <span class='ocrx_word' id='word_1_902' title='bbox 3263 5895 3440 5968; x_wconf 75' lang='lat' dir='ltr'><strong>longe.</strong></span> <span class='ocrx_word' id='word_1_903' title='bbox 3483 5897 3666 5954; x_wconf 75' lang='lat' dir='ltr'><strong>Nitens</strong></span> <span class='ocrx_word' id='word_1_904' title='bbox 3694 5911 3726 5954; x_wconf 69' lang='grc' dir='ltr'>ει</span> 
     </span>
    </p>
   </div>
  </div>
