4100 6324
436 360 540 416 629

1248 349 1640 416 EXCERPTIO
1678 357 1768 414 DE
1801 357 1986 428 ARTE
2020 351 2478 434 causantes.
2518 357 2872 417 PRISCIANI.

3599 365 3704 422 630

435 475 561 530 tudo
595 485 812 544 quoque
844 470 1117 544 fortitudo,
1155 472 1485 542 magnitudo,
1526 472 1802 539 habitudo,
1839 471 2027 543 ampli-
2051 477 2103 538 Α
2129 490 2270 538 eam,
2297 481 2358 528 ut
2383 473 2672 543 vulpecula,
2709 472 2985 540 nubecula,
3020 473 3246 529 diecula.
3275 472 3392 529 Alia
3419 489 3552 530 vero
3581 491 3700 532 ver-

437 566 585 633 tudo,
616 564 910 634 ﬁrmitudo,
929 562 1202 629 celsitudo,
1232 563 1530 630 suavitudo,
1551 566 1572 618 i
1596 565 2014 634 antepenultima

351 721 354 724 ,
437 659 640 731 ubique
667 667 938 726 correpta;
972 665 1108 713 testa
1136 658 1249 714 sive
1269 642 1446 723 testu,
1492 658 1717 725 testudo,
1750 658 1892 728 quod
1935 666 2018 714 est

441 749 739 823 corporale.
766 749 874 806 Nec
905 765 1012 805 non
1042 750 1223 805 omnia
1246 750 1300 805 in
1330 750 1398 804 do
1421 749 1743 815 desinentia,
1771 751 2019 822 quamvis

438 862 547 901 non
576 847 685 900 sint
714 844 1032 909 derivativa,
1065 843 1416 914 penultimam
1445 861 1479 898 η
1508 845 1786 910 habentia,
1819 845 2019 916 produ-

440 947 568 995 cunt
593 952 733 1004 eam,
771 933 965 992 natura
997 935 1080 991 vel
1109 937 1396 1008 positione,
1423 944 1483 992 ut
1512 938 1758 1005 hirundo,
1789 938 2014 1003 arundo,

439 1030 645 1084 hirudo.
671 1027 729 1083 ln
771 1029 825 1082 al
864 1029 1162 1084 desinentia
1190 1028 1611 1094 denominativa,
1657 1030 1702 1085 si
1747 1030 2018 1101 primitiva

436 1137 623 1176 eorum
667 1121 1016 1192 penultimam
1044 1129 1237 1175 natura
1284 1121 1366 1176 vel
1413 1123 1678 1192 positione
1730 1121 2018 1177 habuerint

432 1215 770 1286 productam,
817 1231 880 1270 ea
911 1230 1122 1284 quoque
1156 1216 1369 1284 longam
1405 1217 1605 1270 habent
1632 1216 2012 1287 penultimam;

434 1311 639 1376 cervix,
663 1313 914 1377 cervicis,
945 1311 1198 1376 cervical;
1225 1312 1491 1377 tribunus,
1517 1311 1780 1376 tribunal;
1811 1323 2013 1377 vectus,

432 1402 682 1474 vectigal;
715 1402 990 1473 lnpercus,
1013 1403 1274 1474 lupercal;
1299 1405 1380 1459 sin
1414 1404 1502 1458 illa
1529 1405 1770 1470 brevem,
1800 1421 1864 1460 ea
1891 1421 2019 1475 quo-

432 1513 536 1566 que
560 1504 862 1566 correptam
893 1516 904 1548 :
943 1505 1112 1562 torus,
1140 1497 1310 1560 toral;
1355 1498 1567 1553 animus
1596 1506 1649 1552 et
1675 1495 1874 1563 anima,
1903 1499 2018 1551 ani-

407 1589 558 1666 mal.
605 1587 660 1642 In
695 1606 780 1642 um
811 1587 1112 1644 desinentia
1157 1590 1474 1656 derivativa,
1525 1591 1637 1647 sive
1667 1592 1831 1645 etiam
1871 1607 2018 1648 com—

366 1705 375 1712 -
430 1682 621 1752 posita,
656 1681 899 1735 diversas
945 1682 1144 1763 l‘bent
1169 1681 1409 1736 formas:
1443 1681 1690 1752 quaedam
1728 1682 1872 1737 enim
1921 1699 2016 1738 vo-

429 1771 598 1826 calem
625 1788 652 1825 e
680 1771 878 1826 habent
903 1772 1113 1842 longam
1139 1773 1221 1826 vel
1245 1774 1584 1844 icorreptam
1607 1783 1733 1830 ante
1757 1793 1872 1841 um;
1897 1794 1942 1842 e,
1960 1785 2020 1832 ut

2117 566 2317 621 balium
2347 565 2403 620 in
2431 573 2663 619 mentum
2690 565 2962 632 desinunt,
2987 572 3048 621 ut
3074 583 3088 620 :
3114 567 3311 632 vestio,
3337 568 3526 633 vestis,
3555 571 3682 624 vesti

2117 667 2378 723 mentum;
2427 657 2634 724 hortor,
2682 657 2938 724 hortaris,
2969 657 3390 722 hortamentum;
3420 671 3582 724 orno,
3611 675 3701 715 or-

2117 763 2236 815 nas,
2267 759 2661 816 ornamentum;
2689 764 2865 816 sacro,
2894 763 3100 816 sacras,
3130 759 3552 818 sacramentum;
3577 749 3701 806 fun-

2119 839 2207 907 do,
2239 839 2453 908 fundas,
2499 842 2936 912 fundamentum;
2976 853 3206 909 moneo,
3241 843 3504 909 monitus,
3533 845 3704 899 moni-

2117 945 2382 1002 mentum;
2420 935 2549 1002 alui,
2580 936 2760 1002 alitus,
2790 935 3130 1003 alimentum;
3177 936 3400 1001 munivi,
3440 938 3697 995 munitus.

2118 1031 2517 1084 munimentum.
2569 1029 2634 1083 Et
2687 1029 2963 1084 sciendum
3020 1028 3164 1100 quod
3220 1026 3700 1098 antepenultimam

2116 1121 2435 1192 productam
2474 1121 2688 1183 habent,
2721 1121 2806 1176 vel
2834 1127 3159 1193 correptam,
3187 1128 3348 1192 prout
3371 1119 3485 1175 sint
3511 1118 3703 1190 penul-

2119 1215 2264 1268 timae
2294 1213 2510 1286 syllabae
2537 1215 2792 1286 przetcriti
2824 1215 3082 1285 temporis
3105 1229 3294 1271 eorum
3318 1213 3610 1270 verborum
3635 1226 3695 1264 ex

2119 1308 2314 1378 quibus
2371 1308 2699 1362 derivantur.
2740 1308 2798 1362 ln
2851 1310 3081 1362 monium
3140 1307 3304 1361 etiam
3351 1305 3705 1360 inveniuntur

2121 1397 2394 1464 derivata,
2425 1399 2443 1451 i
2480 1407 2726 1468 correpta
2774 1397 3127 1454 antecedente
3157 1414 3240 1451 mo
3273 1397 3387 1472 sive
3417 1401 3699 1464 sequente,

2119 1497 2214 1544 ut:
2247 1489 2642 1559 patrimonium,
2672 1486 3084 1554 matrimonium,
3130 1486 3500 1542 testimonium.
3547 1483 3604 1538 In
3639 1498 3704 1535 en

2121 1580 2416 1636 desinentia
2442 1577 2760 1645 derivativa,
2775 1597 2828 1635 m
2842 1580 3212 1643 antecedente,
3227 1593 3366 1650 pene
3387 1575 3568 1632 omnia
3581 1587 3707 1628 ver-

2119 1673 2258 1728 balia
2293 1681 2414 1727 sunt
2444 1682 2498 1728 et
2529 1680 2745 1740 neutra;
2777 1683 2831 1728 et
2857 1672 2900 1728 si
2929 1673 3038 1727 sint
3062 1687 3092 1726 a
3120 1672 3296 1743 prima
3325 1668 3705 1739 conjugatione

2121 1782 2151 1818 a
2203 1765 2416 1836 longam
2471 1766 2671 1820 habent
2717 1765 3105 1835 penultimam,
3148 1772 3250 1818 ut:
3285 1763 3450 1827 solor,
3490 1760 3704 1825 solaris,

427 1863 690 1927 olivetum,
717 1862 1012 1928 coriletum,
1041 1872 1285 1929 rosetum,
1315 1863 1605 1930 dumetum,
1632 1876 1929 1936 quercetum
1954 1883 2017 1922 ac

2122 1857 2390 1924 solamen;
2436 1858 2573 1924 foro,
2623 1856 2788 1923 foras,
2822 1857 3090 1927 foramen;
3128 1871 3345 1922 curvas,
3385 1868 3706 1917 curvamen;

424 1965 712 2018 scutetum,
744 1964 1056 2024 myrtetum;
1085 1955 1169 2019 iu,
1198 1963 1256 2008 ut
1284 1957 1587 2026 augurium,
1616 1957 1894 2024 solarium,
1924 1976 2016 2028 po-

431 2049 674 2113 uarium,
722 2045 989 2112 solatium,
1037 2048 1294 2110 suavium,
1346 2047 1568 2113 basium,
1601 2050 1811 2115 odium,
1855 2067 2016 2104 reme-

423 2139 594 2207 .lium,
645 2139 954 2195 concubium
975 2181 988 2205 ,
1020 2139 1348 2210 palladium,
1380 2142 1633 2211 oﬁ'icium,
1673 2143 2012 2209 connubium,

426 2233 744 2296 convivium,
787 2229 1059 2296 exsilium,
1105 2232 1410 2299 consilium,
1454 2233 1753 2304 judicium,
1799 2235 2014 2289 merito-

426 2323 597 2389 riam,
638 2323 1010 2394 municipium,
1051 2324 1374 2394 prtesidium,
1422 2323 1766 2380 domicilium.
1812 2324 2017 2380 Conso-

422 2421 615 2468 nantes
644 2427 856 2483 quoque
885 2423 1009 2468 ante
1041 2430 1124 2467 um
1157 2415 1411 2470 habentia
1449 2413 1745 2470 derivativa
1773 2417 2016 2471 diversas

425 2505 624 2561 habent
660 2505 905 2570 formas;
949 2507 1052 2560 alia
1098 2507 1243 2560 enim
1287 2507 1340 2560 in
1375 2507 1552 2561 bulum
1601 2509 1870 2575 desinunt,
1897 2526 2016 2580 quae

422 2595 595 2656 forma
625 2599 883 2654 assimilis
909 2607 994 2655 est
1025 2600 1379 2667 diminutivis,
1424 2609 1477 2655 et
1523 2602 1747 2656 veniunt
1782 2619 1811 2656 a
1844 2603 2017 2673 uomi-

423 2695 580 2749 nihus
610 2693 697 2748 vel
725 2709 757 2748 a
803 2689 1002 2758 verbis,
1035 2701 1132 2747 ut:
1167 2709 1325 2757 cuna,
1354 2693 1706 2760 cunabulum;
1740 2696 2016 2760 vesta,vel

421 2787 609 2852 Vestis,
655 2785 996 2851 vestibulum;
1047 2786 1192 2850 thus,
1226 2786 1422 2851 thuris,
1454 2785 1812 2853 tlturibttlum;
1859 2803 2013 2853 voco,

423 2894 606 2942 vocas,
646 2875 989 2941 vocabulum;
1039 2876 1327 2942 concilias,
1379 2875 1825 2942 conciliabulum;
1874 2889 2012 2944 stas,

425 2971 728 3038 stabulum;
774 2987 978 3047 pasco,
1028 2968 1324 3042 pabulum;
1366 2979 1572 3040 prosto,
1631 2971 2015 3042 prostibulum;

423 3064 600 3133 patior
631 3061 713 3116 vel
749 3062 916 3132 patio,
950 3061 1260 3132 patibulum.
1309 3060 1398 3134 [Et
1430 3060 1844 3128 attendendum,
1874 3063 2014 3132 quod

423 3152 717 3223 penultima
738 3152 791 3206 in
812 3153 1062 3207 omnibus
1082 3153 1392 3223 corripitur,
1419 3153 1839 3224 antepenultima
1864 3169 2015 3219 vero,

2121 1951 2378 2017 oblectas,
2412 1952 2761 2015 oblectamen;
2790 1968 2975 2022 purgo,
3013 1967 3234 2023 purgas,
3263 1963 3588 2020 purgamen;
3632 1946 3707 2000 ir-

2122 2043 2248 2108 rito,
2282 2043 2486 2109 irritas,
2523 2045 2828 2110 irritamen;
2855 2044 3009 2115 ligas,
3043 2045 3288 2116 ligamen.
3320 2041 3378 2097 Si
3410 2057 3440 2096 a
3470 2041 3706 2096 secunda

2120 2136 2202 2190 vel
2233 2137 2412 2209 tertia,
2445 2138 2463 2188 i
2497 2139 2696 2192 habent
2739 2147 3065 2207 correptam,
3105 2145 3203 2191 ut:
3238 2150 3459 2206 moneo,
3495 2148 3704 2198 mones,

2120 2231 2410 2295 monimen;
2441 2245 2590 2300 rego,
2622 2231 2780 2301 regis,
2815 2234 3072 2302 regimen;
3101 2239 3239 2298 tego,
3273 2229 3432 2299 tegis,
3461 2228 3705 2297 tegimen,

2119 2330 2173 2375 ct
2207 2335 2304 2393 per
2331 2323 2691 2377 concisionem
2725 2333 2955 2392 tegmen,
2991 2339 3020 2375 a
3052 2307 3229 2392 specis
3266 2320 3348 2375 vel
3383 2320 3565 2390 specie
3593 2333 3710 2387 spe-

2121 2414 2317 2478 cimen;
2348 2413 2433 2467 vel
2483 2432 2514 2466 a
2552 2414 2904 2484 productam,
2947 2413 2991 2468 si
3040 2414 3092 2467 in
3124 2427 3190 2466 uo
3223 2411 3418 2467 desinit
3445 2409 3704 2473 verbum;

2120 2521 2275 2571 acuo,
2323 2523 2580 2571 acumen;
2624 2505 2752 2572 lluo,
2784 2509 3020 2578 ﬂumen;
3066 2520 3198 2572 nuo,
3243 2518 3466 2569 numen;
3510 2514 3712 2558 πωπω

2121 2602 2265 2656 enim
2292 2609 2374 2657 est
2399 2601 2494 2656 Dei
2519 2610 2711 2666 nutus;
2740 2601 2883 2655 unde
2906 2601 3159 2671 Virgilius
3184 2617 3198 2654 :

2617 2702 2730 2752 Meo
2749 2704 2858 2753 sine
2882 2705 3085 2752 numine
3111 2703 3266 2755 venti.

2121 2785 2175 2841 id
2223 2793 2340 2852 est,
2396 2783 2512 2841 sine
2553 2801 2674 2841 meo
2721 2794 2889 2853 nutu;
2947 2785 3057 2851 luo,
3115 2784 3328 2851 lumen,
3367 2797 3476 2855 quo
3523 2781 3711 2839 omnia

2116 2863 2432 2945 abluuntur,
2467 2879 2520 2934 id
2553 2887 2635 2934 est
2684 2888 2982 2949 purgantur
3024 2894 3054 2932 a
3083 2877 3340 2933 tenebris.
3373 2875 3416 2931 A
3464 2875 3648 2932 verbis
3676 2891 3713 2929 u

2123 2982 2329 3043 quartae
2357 2973 2630 3028 venientia
2659 2973 2677 3025 i
2721 2972 3041 3042 productam
3074 2969 3306 3036 habent;
3353 2969 3559 3032 munio,
3591 2982 3712 3020 mu-

2122 3069 2330 3132 nimen;
2360 3065 2526 3131 lenio,
2559 3066 2813 3130 lenimen;
2843 3065 3060 3129 molior,
3105 3062 3373 3118 molimen.
3405 3061 3588 3116 Pauca
3626 3060 3714 3114 in-

2121 3160 2413 3214 veniuntur
2441 3158 2495 3212 in
2523 3175 2586 3212 en
2619 3156 2916 3212 derivativa
2945 3156 3160 3227 generis
3185 3152 3475 3209 masculini
3503 3165 3522 3204 :
3557 3163 3587 3205 a
3613 3163 3702 3220 pe-
3752 3177 3754 3180 -

425 3245 469 3299 si
512 3245 707 3300 habeat
735 3246 783 3312 i,
811 3247 1122 3316 corripitur,
1165 3253 1255 3310 ut,
1286 3245 1622 3310 vestibulum,
1672 3245 2010 3318 patibulum]
2041 3233 2087 3300 Ε
2121 3249 2316 3305 ctendo
2346 3258 2543 3321 pecten,
2583 3263 2612 3302 τι
2656 3247 2744 3304 illo
2778 3247 3023 3317 filamen,
3057 3247 3199 3319 quod
3245 3259 3343 3316 per
3377 3243 3716 3317 syncopami

423 3334 520 3390 Sin
561 3349 716 3405 vero,
758 3355 788 3391 tt
836 3338 1170 3408 producitur,
1213 3346 1272 3392 ut
1321 3337 1676 3404 cunabulum,
1728 3338 2016 3409 pabulum;

424 3432 692 3501 excipitur
738 3429 1033 3496 stabulum,
1073 3429 1214 3501 quod
1266 3432 1490 3501 corripit
1533 3449 1602 3496 a;
1650 3447 1749 3486 nec
1789 3432 2010 3499 mirum,

425 3537 546 3574 cum
578 3522 804 3574 verbum
837 3535 1050 3591 quoque
1077 3520 1302 3586 stabulo,
1333 3521 1586 3587 stabulas,
1619 3521 1866 3577 eamdem
1896 3537 2015 3576 cor-

422 3613 584 3681 ripiat
613 3610 900 3680 syllabam;
932 3620 986 3666 et
1014 3610 1237 3676 stabilis,
1278 3619 1334 3666 et
1378 3621 1564 3677 status,
1597 3619 1651 3666 et
1682 3627 2015 3682 quaecunque

425 3718 456 3755 a
480 3701 643 3755 verbo
668 3707 768 3762 sto.
795 3709 925 3768 stas,
952 3701 1193 3757 derivata
1221 3702 1442 3769 fuerint,
1470 3712 1696 3773 excepto
1715 3719 1827 3758 uno
1849 3701 2014 3757 verbo

423 3795 616 3863 supino
661 3799 856 3848 statum
900 3803 953 3849 et
993 3805 1193 3849 stamen
1240 3796 1476 3863 nomine,
1518 3803 1572 3850 et
1610 3803 1833 3861 statura,
1873 3796 2018 3864 quod

426 3893 535 3938 tam
579 3899 774 3940 nomen
803 3897 962 3955 quam
995 3886 1338 3957 participium
1370 3894 1489 3941 est:
1524 3894 1755 3941 staturus
1800 3899 2014 3956 quoque

424 3984 478 4032 et
509 3985 769 4031 staturum
797 3979 1190 4047 producuntur,
1215 3979 1461 4049 quamvis
1491 3987 1680 4045 status,
1725 3988 1880 4043 stata,
1913 3987 2014 4032 sla-

424 4081 533 4124 tum
559 4068 938 4139 corripiantur.
981 4063 1332 4124 Inveniuntur
1360 4069 1523 4125 etiam
1551 4069 1800 4140 quaedam
1829 4070 1885 4124 in
1923 4085 2013 4122 cu-

424 4160 531 4214 lum
573 4157 896 4227 desinentia,
923 4175 1042 4232 qua:
1070 4171 1100 4216 a
1131 4159 1367 4217 secunda
1397 4163 1710 4217 derivantur
1756 4177 2008 4234 persona,

422 4268 480 4312 ut
509 4257 762 4324 devertis,
799 4259 1208 4326 deverticulum;
1235 4260 1426 4327 verris,
1455 4261 1805 4326 verriculum;
1839 4262 2008 4327 vehis,

422 4350 747 4417 vehiculum;
770 4353 952 4421 perior
980 4353 1192 4422 periris,
1219 4351 1360 4408 unde
1383 4353 1586 4424 peritus
1610 4355 1754 4408 etab
1778 4368 1842 4408 eo
1868 4369 2013 4408 com-

421 4440 654 4509 positum
685 4439 983 4508 imperitus,
1013 4439 1330 4510 periculum;
1357 4457 1499 4504 oras,
1533 4440 1840 4507 oraculum;
1887 4457 2012 4512 pro-

419 4539 647 4602 pngnas,
677 4530 1158 4601 propugnaculum;
1206 4532 1412 4599 obstas,
1449 4532 1806 4600 obstaculum;
1844 4536 2012 4590 mira-

2120 3345 2317 3414 ﬂamen
2347 3340 2606 3405 dicimus;
2639 3350 2694 3394 et
2720 3355 2749 3394 a
2780 3340 3026 3396 canendo
3067 3339 3366 3410 composita
3414 3333 3716 3392 masculina

2120 3437 2138 3491 i
2169 3444 2473 3506 correptam
2502 3437 2703 3490 habent
2741 3433 3096 3505 penultintam
3124 3450 3136 3487 :
3169 3433 3395 3498 tubicen,
3446 3431 3710 3493 cornicen,

2120 3531 2341 3600 ﬁdicen;
2371 3530 2638 3598 excipitur
2667 3543 2858 3595 unum,
2888 3528 3095 3594 tibicen,
3127 3527 3269 3596 quod
3319 3524 3440 3579 ideo
3486 3523 3659 3579 solum
3696 3525 3713 3576 i

2118 3623 2435 3694 productam
2463 3621 2649 3677 habuit
2673 3621 3048 3692 penultimam,
3075 3621 3222 3691 quod
3251 3617 3544 3692 synaeresis
3568 3615 3708 3669 facta

2119 3721 2202 3770 est
2228 3717 2455 3770 duorum
2485 3715 2522 3767 ii
2560 3714 2803 3769 brevium
2830 3714 2885 3767 in
2919 3725 3085 3766 unam
3117 3709 3350 3780 longam.
3385 3707 3443 3763 In
3480 3722 3544 3760 ar
3567 3704 3711 3760 desi-

2121 3807 2304 3861 nentia
2340 3807 2661 3871 derivativa,
2693 3807 2737 3860 si
2775 3807 3162 3859 consonantem
3207 3800 3442 3856 habeant
3473 3803 3598 3852 ante
3621 3811 3705 3861 ar,

2119 3897 2414 3970 penultima
2445 3895 2647 3971 syllaba
2682 3897 3020 3969 producitur,
3047 3903 3138 3950 ut:
3172 3909 3364 3958 caesus,
3393 3901 3597 3956 οωεαγῖ
3625 3889 3706 3944 la-

2118 4010 2238 4058 cus,
2275 3991 2529 4058 lacunar;
2561 3991 2705 4064 lupa,
2739 3989 3004 4061 lupanar:
3033 3989 3079 4044 si
3101 3986 3366 4052 vocalem,
3393 3981 3706 4052 corripitur,

2119 4093 2212 4140 ut:
2245 4085 2493 4156 laqueus,
2529 4083 2762 4156 laquear.
2791 4083 2850 4137 In
2880 4097 2936 4135 er
2980 4079 3282 4137 derivativa
3325 4090 3356 4131 a
3396 4070 3707 4130 nominibus

2116 4177 2372 4248 pleraque
2395 4194 2419 4231 s
2445 4183 2500 4232 et
2528 4183 2545 4229 t
2580 4176 2781 4230 habent
2811 4180 2934 4226 ante
2961 4185 3006 4238 r,
3040 4177 3099 4226 ut
3126 4190 3137 4224 :
3169 4178 3420 4241 equester,
3449 4165 3704 4238 pedester,

2117 4271 2257 4326 sicut
2282 4279 2335 4324 et
2366 4269 2685 4324 diminutiva
2715 4266 2944 4332 habent,
2982 4273 3042 4319 ut
3069 4272 3316 4328 antester,
3353 4259 3702 4332 parisitaster,

2116 4363 2464 4429 antoniaster,
2493 4361 2796 4416 catulaster.
2845 4359 3109 4429 Pleraque
3136 4353 3377 4413 verbalia
3415 4352 3707 4416 verbon

2117 4466 2506 4511 consonantem
2548 4463 2852 4524 correptam
2893 4458 3142 4516 servant,
3174 4457 3270 4505 ut:
3299 4443 3490 4513 rubeo,
3519 4446 3708 4510 "ruber;

2116 4547 2289 4618 pigro,
2321 4548 2500 4617 piger;
2530 4559 2770 4610 macero,
2799 4558 2993 4597 macer.
3016 4539 3073 4596 In
3116 4557 3176 4595 or
3204 4539 3337 4596 etin
3370 4549 3439 4593 ur
3466 4551 3496 4592 a
3523 4535 3708 4591 verbis

420 4622 515 4686 ris,
567 4620 916 4686 miraculum;
951 4623 1259 4692 perpendis,
1293 4624 1755 4694 perpendiculum;
1799 4627 2004 4696 specio,

2116 4635 2330 4691 invenio
2369 4633 2485 4689 fieri
2535 4633 2837 4704 abjectione
2865 4649 2916 4698 ο,
2951 4641 3009 4686 ut
3044 4630 3250 4696 colore,
3278 4626 3456 4693 calor;
3489 4621 3702 4689 laboro,

418 4716 612 4784 specis,
642 4714 907 4786 speculum
932 4731 1030 4786 pro
1057 4715 1371 4786 speciculum
1397 4731 1494 4788 per
1516 4734 1840 4789 syncopam;
1867 4717 2005 4786 fero,

419 4805 557 4872 fers,
598 4805 875 4878 ferculum.
919 4808 988 4863 Et
1031 4810 1308 4864 sciendum
1357 4811 1497 4880 quod
1545 4812 1728 4865 omnia
1778 4813 2008 4881 penulti-

418 4913 562 4952 mam
613 4909 646 4952 tt
683 4897 1018 4968 corripiunt:
1053 4900 1300 4954 similiter
1344 4910 1399 4955 et
1432 4900 1750 4957 diminutiva
1793 4919 1912 4973 quae
1953 4905 2007 4960 in

417 4990 586 5055 culus,
615 4990 755 5056 cula,
785 4991 978 5055 culum,
1005 4997 1058 5046 et
1102 4992 1243 5056 ulus,
1275 4994 1398 5058 ula,
1443 4994 1587 5048 ulum
1633 4995 1915 5062 desinunt,
1949 5007 2008 5052 ut

414 5082 697 5153 igniculus,
729 5082 986 5149 tantulus,
1029 5081 1256 5153 regulus,
1305 5085 1566 5151 navicula,
1615 5087 1844 5154 tantula,
1886 5106 2004 5143 cor-

414 5174 720 5244 pusculum,
765 5173 1070 5245 capitulum,
1096 5191 1328 5245 quorum
1359 5186 1411 5231 et
1440 5181 1816 5249 quascunquei
1850 5186 2003 5234 ante-

413 5269 761 5339 penultimam
788 5271 1004 5333 habent,
1039 5269 1282 5324 eamdem
1311 5271 1580 5338 breviant,
1604 5281 1663 5328 ut
1685 5273 2002 5341 dulciculus,

415 5359 716 5427 dulcicula,
765 5360 1120 5428 dulciculum,
1175 5363 1494 5430 monticula,
1544 5365 1791 5434 ﬁdicula,
1833 5367 2004 5422 corni-

415 5451 610 5519 culum,
647 5451 954 5518 versiculus,
991 5453 1220 5516 anicula,
1255 5455 1571 5524 geniculum.
1600 5456 1884 5529 Excipitur
1913 5477 2003 5512 cu-

415 5541 611 5611 ticula,
665 5544 808 5615 quod
862 5544 880 5598 i
929 5545 983 5600 in
1037 5546 1459 5616 antepcnultima
1511 5547 1781 5615 producit.
1837 5548 2000 5605 Juve-

415 5634 556 5690 nalis
584 5656 596 5691 :

605 5725 847 5779 Conbibe’t
867 5730 1095 5780 aestivum
1120 5735 1363 5782 contracta
1390 5731 1600 5783 cuticula
1619 5734 1774 5784 solem
1793 5775 1808 5800 ,

415 5828 472 5880 et
504 5823 730 5896 apicula.
761 5823 891 5894 Quae
921 5838 1049 5880 vero
1075 5841 1102 5881 e
1131 5835 1255 5881 ante
1285 5827 1405 5884 cula
1446 5828 1647 5886 habent
1687 5832 1994 5902 producunt

2115 4729 2296 4793 labor;
2338 4728 2566 4790 honoro,
2613 4727 2809 4790 honor;
2855 4725 3072 4790 decoro,
3102 4725 3288 4786 decor;
3321 4722 3507 4783 adoro,
3540 4717 3703 4783 ador;

2114 4836 2414 4884 murmuro,
2433 4835 2703 4883 murmur;
2726 4832 2948 4888 auguro,
2968 4833 3172 4886 augur;
3189 4821 3396 4879 saturo,
3418 4820 3598 4878 satur;
3615 4827 3707 4867 cu-

2105 4905 2540 4984 jus'l'emininum
2569 4919 2772 4974 satura,
2802 4917 2857 4964 et
2895 4917 3144 4965 neutrum
3179 4915 3440 4960 saturum.
3469 4900 3591 4959 Alia
3618 4919 3706 4958 as-

2109 5009 2327 5058 sumunt
2355 5003 2520 5057 verbo
2547 5017 2592 5068 r,
2625 5009 2682 5055 ut
2711 5017 2723 5055 :
2757 5017 2901 5066 amo,
2934 5016 3116 5063 amor;
3146 4997 3286 5062 furo,
3326 4995 3495 5067 furor.
3526 4995 3643 5051 Alia
3671 5011 3702 5049 a

2107 5095 2407 5166 participiis
2440 5102 2650 5148 mutant
2675 5112 2735 5147 us
2764 5093 2816 5148 in
2849 5110 2929 5158 or,
2958 5091 3011 5146 et
3042 5093 3157 5163 ejus
3183 5099 3438 5148 accentus
3463 5100 3698 5158 servant,

2109 5196 2167 5243 ut
2195 5197 2433 5253 senatus,
2463 5196 2705 5252 senator;
2748 5186 3006 5251 monitus,
3039 5187 3286 5239 monitor.
3322 5181 3391 5238 Et
3420 5183 3699 5240 sciendum

2109 5281 2253 5352 quod
2302 5279 2484 5335 omnia
2533 5279 2900 5348 comparativa
2933 5277 2990 5332 in
3025 5295 3086 5332 or
3129 5277 3430 5334 desinentia
3461 5276 3697 5348 penulti-

2109 5391 2253 5430 mam
2279 5376 2296 5428 i
2324 5391 2538 5446 semper
2560 5384 2865 5447 correptam
2897 5374 3116 5441 habent,
3143 5383 3230 5430 ut:
3255 5375 3449 5440 senior,
3473 5373 3695 5439 doctior,

2107 5467 2338 5536 ﬁdelior,
2373 5467 2656 5522 masculini
2687 5477 2739 5522 et
2770 5467 3017 5524 feminini
3049 5469 3286 5540 generis,
3323 5468 3402 5523 sic
3425 5475 3478 5522 et
3505 5482 3694 5524 eorum

2109 5569 2323 5626 neutra,
2355 5569 2416 5615 ut
2442 5561 2666 5625 doctius,
2694 5559 2925 5630 ﬁdelius.
2956 5550 3015 5615 In
3037 5578 3096 5615 as
3124 5560 3424 5617 desinentia
3454 5558 3698 5614 denomi-

2113 5654 2312 5720 nativa,
2339 5655 2384 5709 si
2412 5657 2428 5707 i
2457 5655 2657 5712 habent
2691 5655 3044 5726 penultimam
3083 5663 3178 5710 aut
3211 5672 3257 5721 ε,
3284 5653 3604 5724 corripiunt,
3634 5656 3695 5709 ut

2101 5745 2323 5815 probus,
2363 5746 2543 5816 probi,
2576 5746 2836 5816 probitas;
2865 5748 3060 5813 bonus,
3089 5746 3235 5812 boni,
3278 5746 3515 5808 bonitas;
3547 5739 3692 5796 timi-

2104 5837 2224 5906 dus,
2259 5838 2454 5908 timidi,
2482 5836 2770 5906 timiditas;
2800 5838 2941 5912 pius,
2984 5838 3086 5912 pii,
3127 5838 3329 5910 pietas;
3361 5831 3560 5901 socius,
3603 5848 3693 5896 so-
