4100 6324
472 363 569 419 63!

1085 364 1144 418 Β.
1185 363 1435 421 RABANI
1473 366 1692 424 MAURI
1729 367 2047 425 ARCHIEP.
2089 369 2395 427 MOGUNT.
2437 372 2729 430 OPERUM
2768 374 2950 432 PARS
2991 377 3078 432 Ill.

3619 389 3730 444 652

467 482 560 543 cii,
590 481 845 541 societas;
887 492 1075 547 capax,
1104 480 1315 548 capaci,
1346 483 1638 551 capacitas;
1681 481 1841 548 felix,
1874 483 2036 548 felici,
2068 490 2122 548 Α
2145 487 2363 552 habent,
2390 497 2450 542 ut
2474 490 2624 555 cedis,
2652 490 2856 557 tedilis;
2882 506 3071 559 senex,
3095 496 3311 561 senilis;
3345 513 3502 566 anus,
3535 506 3731 561 anilis:

470 574 724 643 felicitas;
751 571 916 637 celer,
941 571 1126 637 celeri,
1156 571 1426 638 celeritas;
1471 582 1678 639 auctor,
1710 576 1997 630 auctoritas
2027 592 2046 629 :

466 662 713 735 quaedam
739 662 886 717 enim
929 662 1232 732 producunt
1267 680 1318 727 e,
1365 670 1426 717 ut
1460 678 1686 733 pauper,
1725 674 2045 734 paupertas;

465 758 621 824 uber,
648 756 897 821 ubertas;
939 753 1133 824 major,
1166 755 1435 825 majestas.
1466 755 1605 810 Sunt
1650 765 1829 811 autem
1859 772 1926 811 ex
1959 757 2044 813 bis

464 849 710 921 quaedam
739 848 1066 909 communia,
1093 857 1156 903 ut
1182 848 1399 918 primas,
1436 849 1679 919 optimas,
1725 848 1913 904 ultima
1945 849 2047 904 cir-

465 940 746 999 cumflexa.
767 940 826 997 In
857 958 910 996 es
936 940 1187 1019 desinunt
1225 949 1526 1011 correptam
1563 940 1961 1019 denominativa
1990 948 2045 997 et

464 1033 723 1099 verbalia,
764 1041 826 1088 ut
865 1049 1039 1105 eques,
1059 1017 1063 1019 ’
1085 1033 1302 1104 equitis;
1339 1040 1505 1097 strue,
1538 1040 1741 1097 strues;
1773 1017 1932 1104 sepia,
1963 1049 2044 1087 se-

461 1141 569 1195 pes.
599 1124 659 1181 In
701 1140 755 1180 es
799 1124 1115 1194 productam
1165 1123 1343 1179 inveni
1385 1124 1656 1190 verbalia,
1700 1134 1760 1180 ut
1801 1125 2039 1191 luxurio,

460 1214 726 1279 luxuries;
759 1214 962 1279 illuvio,
988 1213 1209 1269 illuvies.
1233 1213 1585 1270 Inveniuntur
1617 1231 1832 1286 quoque
1859 1226 2038 1286 patro-

461 1307 676 1378 nymica
719 1305 878 1374 huius
908 1305 1112 1372 formas,
1153 1314 1215 1362 ut
1241 1305 1605 1361 Anchisiades.
1636 1308 1711 1363 De
1744 1308 1845 1364 hac
1874 1308 2040 1379 igitur

459 1399 630 1455 forma
664 1415 768 1469 qua
798 1406 1023 1453 utuntur
1050 1398 1242 1463 nostri,
1270 1397 1580 1462 diligentius
1618 1398 1901 1456 dicendum
1931 1406 2035 1457 est.

457 1506 580 1546 nam
612 1490 657 1548 si
693 1492 1053 1546 nominativus
1086 1489 1314 1545 Grarcus-
1334 1490 1390 1544 in
1416 1513 1478 1551 ας
1504 1490 1743 1552 desinat,
1770 1491 2037 1562 genitivus

456 1598 585 1638 vero
616 1586 669 1638 in
700 1606 759 1639 ου
788 1575 1178 1655 diphthongon,
1208 1600 1239 1636 a
1267 1581 1561 1653 penultima
1587 1583 1767 1638 brevis
1793 1593 1919 1638 ante
1943 1583 2034 1638 des

454 1675 726 1732 invenitur
752 1677 818 1731 in
866 1676 1257 1748 patronymico,
1301 1685 1360 1731 ut
1402 1676 1602 1743 Pelias,
1632 1675 1907 1743 Peliades;
1936 1677 2033 1732 AE-

453 1786 605 1834 neas,
642 1769 943 1836 Eneades;
990 1770 1296 1836 Menwtius,
1346 1769 1721 1837 Menoetiades;
1750 1771 2027 1838 Lerchios,

450 1856 783 1914 Lerchiades.
812 1859 946 1915 Nam
971 1859 1222 1915 Aineides
1257 1860 1429 1932 magis
1457 1870 1647 1917 contra
1677 1863 1917 1934 regulam
1944 1880 2035 1919 au-
2060 1878 2108 1938 Β

448 1951 699 2006 ctoritate
732 1953 940 2023 poetica
964 1953 1144 2024 posuit
1176 1953 1430 2025 Virgilius
1464 1954 1520 2009 in
1544 1971 1623 2021 1x,
1650 1972 1678 2010 e
1706 1963 1763 2011 et
1790 1973 1823 2010 a
1852 1971 2033 2012 corre-

348 2118 353 2124 ~
448 2051 569 2112 ptas
596 2044 649 2098 in
674 2044 694 2098 i
720 2043 1037 2114 productam
1065 2040 1389 2100 convertens
1414 2063 1428 2099 :

572 2154 650 2219 Sit
673 2159 810 2219 satis,
833 2155 1063 2218 Eneide,
1086 2156 1202 2206 telis
1221 2156 1417 2219 impune
1442 2154 1710 2207 Numanum

570 2216 854 2280 Oppetiisse
875 2219 989 2268 tuis.
1013 2255 1025 2269 .
1052 2216 1067 2267 ζ
1094 2254 1107 2266 .
1134 2256 1147 2268 .

444 2320 725 2392 Hippotes,
750 2323 1090 2392 hipporades;
1116 2322 1295 2390 hutes,
1325 2324 1575 2389 butades;
1605 2323 1906 2391 Corinetes,
1931 2325 2029 2381 Co-

440 2416 709 2479 rinetides,
733 2416 752 2469 i
776 2416 1070 2487 penultima
1097 2417 1267 2472 brevi.
1293 2418 1650 2488 Excipiuntur
1679 2425 1857 2474 tamen
1886 2420 2022 2485 haec,

438 2527 559 2582 qua:
591 2519 780 2567 contra
807 2510 1045 2581 regulam
1082 2511 1409 2582 penultimas
1440 2511 1654 2568 vocales
1697 2513 2020 2582 producunt,

436 2604 670 2671 (aclides,
716 2604 980 2667 demades,
1021 2604 1278 2669 codrides,
1312 2604 1641 2676 licoorgides,
1686 2604 1903 2676 lagides,
1938 2606 2023 2660 be-

435 2696 584 2757 lides.
627 2698 876 2764 everides,
910 2697 1239 2753 licomedides
1266 2713 1284 2750 :
1313 2699 1603 2769 haec‘apud
1636 2697 1855 2754 Graecos
1893 2715 2023 2754 con-

435 2796 520 2843 tra
570 2787 808 2859 regulam
851 2788 1201 2860 penultimam
1246 2789 1617 2861 diphthongon
1666 2789 1884 2856 habent,
1920 2806 2020 2861 pro

433 2895 538 2949 qua
572 2882 713 2936 nasi
742 2881 953 2952 longam
996 2880 1265 2952 ponimus.
1315 2881 1373 2935 ln
1407 2882 1453 2937 is
1478 2883 1875 2938 denominativa
1907 2882 2020 2937 sive

433 2973 672 3027 verbalia
727 2972 922 3028 multas
972 2981 1027 3027 et
1076 2973 1320 3028 diversas
1370 2972 1572 3028 habent
1617 2971 1819 3027 formas
1857 2955 2018 3029 {alia

430 3066 574 3119 enim
602 3066 656 3120 in
686 3065 810 3131 alis,
839 3067 944 3121 alia
980 3067 1034 3120 in
1058 3066 1175 3132 elis,
1211 3065 1314 3119 alia
1354 3066 1405 3120 in
1441 3066 1548 3132 ilis,
1578 3064 1703 3131 ulis,
1731 3064 2015 3133 finiuntur,

431 3155 755 3225 utcurialis,
782 3158 974 3227 ﬁdelis,
1020 3159 1227 3224 docilis,
1255 3158 1442 3225 virilis,
1490 3157 1722 3223 curulis;
1752 3158 1856 3212 alia
1885 3172 2016 3212 vero

2149 592 2303 647 puer,
2339 579 2590 649 puerilis;
2619 582 2719 646 vir,
2750 583 2949 650 virilis;
2995 601 3204 654 scurra,
3249 592 3521 661 scurrilis;
3566 599 3730 668 civis,

2146 668 2349 734 civilis;
2394 684 2603 739 servus,
2638 673 2873 740 servilis;
2904 677 3143 746 quintus,
3194 682 3468 751 quintilis;
3514 697 3729 757 sextus,

2144 760 2379 828 sextilis;
2404 777 2554 832 gens,
2581 766 2820 835 gentilis;
2863 768 3056 835 hostis,
3101 772 3341 839 hostilis;
3369 777 3568 845 subtel,
3597 783 3729 836 sub-

2142 850 2250 906 tilis
2266 869 2285 908 :
2307 853 2574 924 excipitur
2596 872 2715 927 par,
2737 859 2938 928 parilis.
2983 861 3151 919 Exilis
3183 864 3346 920 etiam
3369 882 3392 907 ν
3422 883 3725 939 agrem.....

2141 939 2381 1010 factum,
2427 944 2947 1004 denominativorum
2991 955 3226 1010 servabit
3282 961 3542 1030 regulam.
3585 965 3726 1023 Nam

2142 1031 2197 1086 in
2240 1032 2327 1087 ilis
2372 1033 2671 1092 desinentia
2716 1040 2953 1095 verbalia
3000 1043 3113 1097 sive
3158 1048 3513 1120 participialia
3547 1058 3724 1112 corri-

2139 1122 2293 1212 piunt
2324 1126 2569 1182 eamdem
2615 1129 2636 1181 i
2679 1132 3033 1199 penultimam
3071 1153 3084 1190 :
3128 1132 3261 1204 fe'ro,
3312 1141 3536 1210 fertilis;
3574 1155 3721 1212 utor,

2138 1211 2317 1278 utilis;
2343 1212 2537 1280 futtuo,
2569 1217 2792 1286 futtilis;
2818 1221 2960 1287 volo,
2986 1223 3243 1293 volatilis;
3268 1236 3469 1295 textus,
3494 1236 3725 1303 textilis;

2140 1301 2277 1358 altus
2304 1303 2388 1358 vel
2413 1305 2595 1372 alitus,
2625 1307 2822 1375 altilis;
2860 1311 3037 1379 fictus,
3067 1315 3263 1385 ﬁctilis.
3303 1318 3395 1377 Sic
3421 1331 3478 1378 et
3520 1325 3571 1379 in
3603 1301 3723 1381 bilis

2137 1394 2441 1452 desinentia
2475 1401 2658 1456 omnia
2688 1403 3039 1472 penultimam
3066 1408 3085 1460 i
3108 1410 3428 1481 corripiunt,
3458 1423 3512 1470 et
3540 1421 3583 1471 si
3611 1418 3721 1472 sint

2136 1502 2168 1540 a
2192 1487 2369 1543 verbis
2399 1489 2586 1559 primae
2615 1491 3026 1565 coniugationis,
3056 1515 3089 1552 a
3122 1499 3336 1570 longam
3378 1504 3579 1561 habent
3614 1523 3717 1561 an-

2135 1580 2562 1650 tepenultimam,
2586 1593 2646 1640 ut
2674 1601 2819 1655 amo,
2847 1605 3017 1655 amas,
3046 1595 3321 1663 amabilis;
3351 1608 3593 1668 penetro,
3626 1618 3722 1671 pe-

2133 1678 2337 1737 netras,
2384 1676 2751 1745 penetrabilis;
2789 1697 2942 1750 paro,
2978 1700 3160 1762 paras,
3205 1690 3491 1758 parabilis;
3526 1696 3717 1762 miror,

2132 1762 2367 1830 miraris,
2395 1767 2687 1835 mirabilis;
2714 1785 2941 1844 excepto
2966 1762 3191 1836 stabiﬁ.
3217 1781 3467 1841 Lucanus
3490 1787 3545 1842 in
3571 1804 3639 1842 v:

2262 1877 2414 1935 Quam
2441 1891 2537 1928 non
2559 1892 2590 1930 e
2611 1883 2776 1934 stabili
2802 1885 3011 1937 tremulo
3032 1889 3123 1939 sed
3149 1890 3366 1944 culmine
3390 1905 3565 1947 cuncta

2262 1937 2569 2001 Despiceret.

2133 2046 2262 2115 Quae
2289 2065 2419 2107 vero
2457 2068 2489 2107 a
2535 2055 2713 2111 verbis
2745 2061 2995 2116 secundae
3024 2063 3109 2118 vel
3155 2068 3348 2133 tertiai,
3391 2070 3477 2126 vel
3506 2082 3716 2142 quartae

2132 2141 2526 2214 coniugationis
2552 2159 2868 2216 nascuntur,
2898 2153 2943 2207 si
2974 2157 3453 2225 antepenultimam
3480 2141 3717 2220 habeant

2128 2234 2166 2301 i,
2185 2250 2304 2290 eam
2326 2252 2539 2307 quoque
2556 2240 2855 2311 corripiunt
2875 2262 2886 2297 :
2906 2244 3097 2311 doceo,
3118 2247 3355 2304 docibilis
3368 2269 3387 2316 ;
3404 2254 3586 2319 credo,
3604 2272 3716 2310 cre-

2127 2324 2336 2390 dibilis;
2362 2336 2502 2395 utor,
2534 2329 2703 2396 utilis,
2728 2334 2960 2400 utibilis;
2988 2338 3191 2405 sensio,
3214 2339 3390 2408 sensi,
3419 2346 3712 2414 sensibilis;

2127 2415 2309 2481 audio,
2352 2418 2620 2475 audibilis.
2661 2420 2948 2479 Sciendum
2998 2437 3176 2483 tamen
3216 2433 3359 2501 quod
3394 2440 3640 2505 quaedam
3680 2456 3712 2495 a

2126 2507 2400 2574 praesenti,
2429 2510 2675 2578 qumdam
2720 2529 2786 2568 ex
2836 2519 3128 2585 praeterito,
3158 2523 3402 2592 quaedam
3432 2541 3500 2582 ex
3529 2527 3712 2586 futuro

2125 2592 2468 2662 derivantur;
2496 2613 2562 2654 ex
2590 2604 2861 2671 praesenti,
2887 2614 2946 2660 ut
2969 2608 3159 2676 doceo,
3184 2612 3457 2682 docibilis;
3478 2633 3546 2673 ex
3568 2635 3711 2689 prae-

2123 2684 2307 2751 terito,
2335 2695 2395 2740 ut
2422 2688 2614 2758 plausi,
2639 2692 2964 2763 plausibilis;
2994 2714 3061 2754 ex
3092 2700 3292 2770 futuro,
3331 2715 3391 2761 ut
3428 2684 3587 2774 ﬂebo,
3617 2713 3712 2780 fle-

2123 2777 2260 2845 bilis,
2300 2780 2440 2836 unde
2467 2798 2495 2835 e
2534 2784 2851 2852 productam
2885 2798 3009 2846 ante
3038 2793 3068 2847 b
3094 2793 3301 2851 habuit.
3334 2799 3393 2853 In
3427 2803 3536 2857 aris
3570 2777 3710 2859 desi-

2121 2871 2306 2965 nentia
2333 2872 2649 2930 derivantur
2673 2893 2703 2932 a
2733 2882 3060 2949 nominibus,
3093 2887 3280 2943 ultima
3304 2901 3461 2960 parte
3484 2896 3707 2965 genitivi

2121 2959 2178 3014 in
2203 2975 2237 3012 a
2263 2960 2475 3031 longam
2501 2980 2782 3035 conversa,
2810 2979 2864 3025 et
2891 2985 3111 3030 sumunt
3132 2979 3224 3043 ris,
3252 2959 3319 3035 uti
3338 2959 3586 3059 papulas,
3612 3002 3709 3056 po.

2117 3052 2581 3146 pum-popularis;
2612 3058 2877 3132 singulas,
2906 3064 3121 3138 singuli,
3145 3052 3465 3142 singularis;
3492 3052 3703 3146 Apollo,

2119 3142 2401 3213 Apollinis,
2427 3146 3015 3222 Apollinaris;,schola,
3043 3161 3259 3228 scholae,
3293 3142 3583 3234 schalaris;
3614 3142 3709 3239 pe-

428 3248 481 3301 in
514 3248 608 3315 ris,
635 3266 668 3303 a
693 3247 851 3321 longa
877 3251 1246 3316 antecedente,
1271 3258 1330 3304 ut
1359 3250 1701 3320 Apollinaris,
1724 3250 2011 3316 scholaris;

2117 3238 2337 3304 culium,
2353 3239 2571 3309 peculii,
2585 3244 2889 3312 peculiaris;
2903 3250 3042 3306 mola
3055 3254 3225 3319 molae,
3242 3257 3489 3324 molaris;
3507 3229 3700 3328 velum,

426 3339 531 3394 alia
564 3340 620 3395 in
664 3341 823 3409 ensis,
865 3351 927 3397 ut
951 3341 1314 3408 Atheniensis;
1345 3342 1448 3397 alia
1490 3342 1623 3397 duas
1651 3349 2011 3397 consonantes

424 3429 630 3487 habent
654 3441 778 3487 ante
820 3435 884 3497 is,
918 3442 977 3488 ut
1020 3434 1260 3504 agrestis,
1292 3431 1580 3498 muliebris,
1613 3430 1844 3498 Samnis,
1874 3432 2008 3486 insi-

423 3521 559 3593 gnis.
598 3522 740 3595 Ergo
766 3525 819 3579 in
849 3525 949 3579 alis
976 3525 1275 3581 desinentia
1305 3526 1389 3581 vel
1418 3525 1522 3591 ale,
1553 3526 1598 3581 si
1634 3526 1742 3581 sint
1777 3541 1807 3580 a
1836 3525 2010 3581 nomi-

423 3614 583 3671 nibus
643 3617 832 3686 primae
887 3617 1294 3684 declinationis,
1344 3627 1628 3675 assumunt
1677 3619 2009 3675 nominativo

420 3703 816 3776 primitivorum
850 3706 915 3761 lis
943 3707 1030 3763 vel
1055 3707 1124 3773 le,
1151 3715 1206 3763 et
1236 3707 1539 3777 producunt
1571 3727 1606 3764 a
1634 3709 2002 3781 penultimam,

422 3803 482 3850 ut
526 3796 711 3862 curia,
757 3796 1008 3863 curialis;
1052 3801 1346 3866 memoria,
1398 3799 1749 3866 memorialis;
1796 3814 2004 3867 mensa,

419 3887 676 3953 mensale;
704 3888 817 3955 via,
851 3888 1042 3945 vialis:
1074 3892 1157 3947 sin
1185 3894 1453 3959 secundas,
1482 3902 1783 3949 extremam
1814 3895 1832 3948 i
1858 3895 2008 3965 geni-

422 3978 547 4045 tivi;
576 3979 658 4035 sin
689 3981 882 4047 tertiae,
910 3981 956 4036 is
984 3991 1197 4040 mutant
1227 3985 1281 4039 in
1310 4004 1343 4040 a
1374 3985 1608 4057 longam,
1638 3995 1694 4041 et
1722 3994 2006 4043 assumunt

417 4067 505 4135 lis,
536 4076 597 4124 ut
628 4069 871 4138 Martius,
899 4071 1096 4139 Martii,
1130 4075 1425 4142 martialis;
1460 4076 1668 4141 ﬂuvius,
1702 4076 1869 4141 fluvii,
1901 4079 2006 4147 ﬂu-

417 4159 596 4226 vialis;
645 4161 812 4229 liber,
854 4163 1043 4231 liberi,
1092 4166 1362 4232 liberalis;
1414 4168 1721 4232 theatrum,
1771 4169 2002 4237 theatri,

417 4250 720 4317 theatralis;
761 4262 940 4324 caput,
973 4255 1189 4324 capitis,
1229 4255 1503 4327 capitalis;
1542 4259 1716 4329 virgo,
1754 4259 2001 4330 virginis,

415 4341 719 4411 virginalis;
753 4344 1010 4407 cardinis,
1039 4346 1358 4413 cardinalis;
1406 4348 1654 4419 hospitis,
1694 4350 2003 4418 hospitalis;

416 4433 589 4498 navis,
617 4434 857 4501 navalis;
882 4435 1045 4501 dotis,
1072 4437 1293 4504 dotalis;
1335 4438 1501 4507 floris,
1533 4442 1774 4510 ﬂoralis;
1811 4459 2002 4514 carpo-

415 4521 514 4587 ris,
541 4522 862 4592 corporalis;
895 4527 1115 4595 caelibis,
1157 4530 1436 4599 caelibalis;
1455 4531 1689 4603 juvenis,
1711 4536 1995 4607 juvenalis,

2116 3330 2237 3391 veli,
2268 3331 2456 3400 velare,
2479 3346 2750 3394 neutrum.
2772 3338 2833 3394 In
2854 3342 2992 3396 ensis
3017 3344 3339 3415 desinentia,
3362 3349 3410 3405 si
3431 3352 3540 3408 sint
3560 3369 3592 3409 a
3611 3370 3707 3409 no-

2113 3423 2348 3481 minibus
2367 3427 2556 3496 primze
2582 3430 2666 3485 vel
2690 3433 2939 3488 secunda:
2965 3435 3357 3505 declinationis,
3382 3450 3591 3498 mutant
3609 3460 3707 3499 ex-

2113 3528 2342 3577 tremam
2367 3531 2579 3593 partem
2622 3528 2938 3583 nominativi
2967 3531 3255 3602 singularis
3285 3535 3371 3591 vel
3398 3535 3621 3606 pluralis
3645 3537 3701 3593 in

2112 3630 2198 3679 en,
2215 3623 2270 3669 et
2292 3625 2511 3672 sumunt
2534 3620 2627 3683 sis,
2650 3628 2711 3674 ut
2735 3638 2747 3673 :
2773 3620 2917 3676 circa
2938 3619 3146 3693 [Farte,
3171 3626 3397 3699 circus],
3418 3627 3701 3693 circensis;

2113 3704 2384 3773 Sardinia,
2415 3707 2809 3777 Sardiniensis;
2836 3720 3095 3779 castrum,
3118 3718 3430 3783 castrensis;
3450 3717 3696 3787 Athenae,

2109 3797 2455 3868 Atheniensis,
2487 3802 2630 3871 quod
2658 3804 2676 3855 i
2701 3803 2891 3859 habuit
2916 3807 3199 3877 euphoniae
3223 3823 3407 3871 causa.
3436 3808 3534 3864 Sin
3563 3825 3695 3866 vero

2108 3892 2284 3949 tertiae
2308 3903 2434 3950 sunt
2458 3896 2854 3967 declinationis,
2884 3898 3142 3969 abjiciunt
3167 3911 3467 3958 extremam
3492 3922 3518 3960 s
3549 3906 3700 3977 geni-

2107 3983 2223 4050 tivi,
2248 3992 2302 4041 et
2330 3996 2613 4043 assumunt
2639 3991 2801 4058 ensis,
2829 3999 2889 4046 ut
2910 3991 3153 4060 pistoris,
3183 3994 3542 4065 pistariensis;
3564 3996 3696 4052 Car-

2106 4075 2363 4147 thaginis,
2390 4075 2837 4149 Carthaginensis.
2863 4080 2994 4150 Quae
3018 4098 3150 4140 vero
3174 4085 3309 4141 duos
3336 4098 3697 4146 consonantes

2107 4166 2309 4222 habent
2334 4176 2461 4224 ante
2486 4171 2555 4234 is,
2583 4171 2666 4224 vel
2695 4187 2725 4226 a
2755 4175 3089 4232 nominativo
3114 4176 3250 4232 ﬁunt
3273 4179 3691 4250 primitivorum,

2105 4257 2315 4327 abjecta
2348 4261 2465 4331 ejus
2512 4271 2756 4319 extrema
2801 4267 3012 4333 littera,
3051 4277 3429 4341 etassumpta
3471 4271 3600 4338 bris,
3634 4281 3697 4328 ut

2105 4349 2281 4417 salus,
2332 4352 2596 4419 salubris;
2644 4356 2858 4425 mulier,
2898 4359 3202 4427 muliebris;
3232 4363 3316 4417 vel
3357 4379 3389 4419 a
3433 4367 3688 4436 genitivo,

2104 4454 2309 4501 mutata
2336 4443 2452 4514 ejus
2478 4456 2721 4504 extrema
2749 4460 2904 4521 parte
2933 4453 2987 4507 in
3021 4473 3070 4518 e,
3099 4463 3153 4509 et
3182 4467 3454 4526 assumpta
3483 4459 3577 4512 stis
3606 4459 3691 4515 vel

2102 4536 2246 4603 stris,
2275 4544 2336 4591 ut
2363 4554 2512 4609 ager,
2547 4542 2683 4611 agri,
2718 4545 2973 4613 agrestis;
3000 4554 3164 4611 terra,
3196 4555 3379 4614 terra},
3410 4552 3688 4606 terrestris.

633 4588 641 4592 _
842 4588 852 4592 _
1101 4588 1112 4595 ,
1417 4588 1431 4599 ,
1455 4588 1511 4603 ,ν
1588 4588 1995 4607 ,
2108 4588 2139 4590 ,ν
2365 4588 2512 4609 ηρ--.
2548 4588 2683 4611 τη,
2718 4588 2747 4595 π
2790 4588 2967 4610 .--πη
3002 4588 3164 4611 ηυμ,
3199 4588 3379 4614 ωηεν,
3410 4588 3688 4606 unus"...

414 4612 499 4668 vel
533 4614 816 4685 juvenilis;
857 4619 1129 4692 princeps,
1177 4624 1457 4696 principis,
1494 4628 1835 4699 principalis;
1869 4647 1996 4700 vox,
2025 4588 2077 4649 Β
2100 4628 2160 4683 In
2191 4630 2257 4684 tis
2298 4644 2515 4701 quoque
2559 4588 2878 4702 desinegtia,
2920 4636 3006 4691 vel
3043 4645 3257 4703 natura,
3287 4639 3370 4694 vel
3417 4640 3689 4709 positione

414 4704 578 4771 vocis,
608 4707 799 4764 vocalis
822 4723 842 4763 :
879 4710 926 4767 si
963 4726 995 4766 a
1021 4723 1229 4783 quarta:
1269 4716 1644 4775 declinationis
1686 4722 1996 4780 nominibus

410 4792 740 4863 deriventur,
766 4799 976 4870 abjecta
998 4818 1055 4869 s;
1087 4804 1133 4859 si
1162 4819 1193 4858 a
1218 4805 1439 4875 quintae,
1462 4823 1517 4861 es
1537 4793 1613 4862 'ex
1639 4810 1991 4880 nominativo,

408 4894 463 4938 et
506 4887 790 4944 assumunt
815 4890 940 4957 alis,
967 4901 1028 4947 ut
1055 4910 1268 4961 manus,
1298 4898 1562 4952 manualis
1578 4915 1599 4964 ;
1629 4912 1845 4968 census,
1873 4920 1992 4958 cen-

406 4976 602 5042 sualis;
648 4981 880 5048 species,
925 4985 1185 5052 specialis.
1217 4984 1468 5043 Verhalia
1493 5004 1707 5061 quoque
1752 5009 1783 5047 a
1815 4995 1990 5064 prima

405 5066 785 5138 conjugatione
829 5072 1177 5129 inveniuntur
1204 5077 1261 5130 in
1295 5078 1420 5144 alis,
1456 5088 1518 5133 ut
1556 5081 1803 5148 penetro,
1832 5102 1990 5153 pene-

344 5200 351 5205 .
403 5157 573 5213 tralis.
598 5158 656 5214 In
678 5159 773 5215 clis
793 5177 964 5232 pauca
991 5165 1205 5223 invenio
1223 5167 1621 5226 denominativa
1648 5191 1660 5226 :
1691 5172 1848 5241 fidus,
1875 5175 1988 5244 fidi,

402 5246 613 5338 ﬁdelis;
645 5249 863 5316 crudus,
897 5254 1067 5319 crudi,
1101 5255 1365 5323 crudelis;
1394 5267 1638 5328 patruus,
1668 5265 1863 5333 patrui,
1894 5284 1989 5338 pa-

402 5334 619 5403 truelis;
642 5338 830 5406 frater,
858 5340 1066 5409 fratris,
1111 5346 1401 5416 fratruelis.
1434 5349 1501 5405 Et
1526 5359 1654 5407 nota
1696 5356 1837 5424 quod
1875 5334 1989 5413 om-

400 5426 492 5506 nia
519 5435 818 5485 extremam
846 5432 1104 5505 syllabam
1133 5438 1355 5508 genitivi
1386 5440 1439 5495 in
1468 5458 1495 5496 e
1524 5443 1842 5513 productam
1869 5462 1986 5503 mu-

400 5516 571 5571 tantia
605 5533 1016 5593 assumpserunt
1047 5524 1113 5581 lis
1135 5544 1155 5582 :
1189 5527 1359 5585 frater
1399 5546 1529 5588 vero
1557 5531 1765 5602 fratris,
1792 5538 1835 5591 is
1866 5538 1917 5593 in
1950 5557 1985 5595 u

401 5620 687 5677 conversa,
723 5616 1016 5685 assumpsit
1047 5617 1159 5672 clis.
1189 5618 1382 5677 Omnia
1407 5622 1463 5679 in
1492 5624 1578 5680 ilis
1605 5642 1727 5697 quae
1751 5645 1781 5683 a
1818 5630 1984 5685 nomi-

401 5697 561 5755 nibus
604 5701 935 5774 deriventur,
977 5723 1080 5765 nec
1121 5724 1228 5765 non
1260 5710 1314 5766 in
1344 5713 1413 5767 ile
1457 5725 1685 5785 neutra,
1720 5719 1739 5773 i
1767 5719 1983 5790 longam

473 5821 501 5853 ι
531 5810 708 5870 Locus
735 5827 1018 5887 corruptus
1045 5830 1101 5877 et
1127 5822 1285 5878 simul
1309 5839 1551 5882 mancus.

2100 4720 2310 4792 longam
2338 4720 2541 4777 habent
2570 4724 2943 4793 penultimam,
2967 4735 3028 4780 ut
3055 4725 3309 4783 Samnitis
3327 4744 3428 4800 pro
3450 4728 3686 4798 Samnis,

2097 4813 2239 4869 sicut
2269 4813 2476 4869 tiburtis
2501 4830 2600 4885 pro
2629 4815 2814 4882 tiburs,
2847 4826 2903 4873 et
2933 4820 3114 4874 ceretis
3143 4820 3227 4876 vel
3255 4822 3429 4877 ceritis
3458 4837 3559 4894 pro
3589 4822 3686 4877 Ce-

2078 4900 2201 4972 res,
2248 4906 2392 4975 quod
2423 4914 2534 4960 tam
2568 4908 2794 4977 corripit
2823 4924 2985 4978 quam
3026 4910 3276 4981 producit
3304 4913 3681 4984 penultimam.

2093 4993 2153 5050 In
2189 5013 2254 5050 us
2294 4996 2459 5067 igitur
2498 4999 2913 5053 terminantium'
2957 5001 3181 5057 diversae
3224 5013 3351 5059 sunt
3396 5003 3583 5063 forma:
3630 5017 3685 5063 et

2095 5090 2231 5143 varii
2258 5088 2585 5157 intellectus,
2618 5091 2748 5161 quia
2771 5092 2825 5147 in
2850 5093 2953 5149 hac
2991 5096 3370 5154 terminatione
3399 5099 3682 5155 inveniun-

2095 5187 2185 5234 tur
2217 5180 2542 5251 possessiva,
2582 5196 2647 5238 ac
2694 5184 3046 5254 superlative,
3090 5185 3433 5256 diminutiva,
3461 5190 3676 5245 deriva-

2092 5274 2221 5340 tiva,
2251 5275 2651 5331 denominativa
2678 5291 2893 5348 quoque
2920 5288 2976 5335 et
3002 5280 3258 5346 verbalia,
3292 5297 3522 5352 quorum
3559 5298 3678 5353 spe-

2089 5364 2200 5419 cies
2246 5363 2558 5434 singillatim
2583 5366 2942 5424 edisserendte
2986 5371 3140 5426 nobis
3180 5380 3323 5425 sunt.
3364 5367 3673 5427 Possessiva

2095 5470 2325 5525 namque
2374 5455 2603 5514 dicimus
2646 5474 2756 5514 non
2801 5459 2971 5515 solum
3019 5461 3419 5531 possessionem
3468 5462 3673 5534 signiﬁ-

2094 5546 2292 5613 cantia,
2315 5546 2407 5601 sed
2428 5548 2591 5603 etiam
2612 5564 2733 5620 quae
2753 5549 2982 5628 formam
3005 5550 3206 5607 habent
3222 5552 3671 5622 possessivorutn.

2094 5636 2233 5692 Sunt
2262 5638 2408 5693 enim
2438 5641 2681 5708 quaedam
2715 5641 2936 5711 gentilia
2965 5641 3195 5698 similem
3223 5643 3544 5713 possessivis
3570 5644 3643 5700 ha

2090 5729 2272 5785 bentia
2304 5729 2550 5788 formam.
2578 5740 2639 5788 ut
2668 5733 2938 5791 Romanus
2965 5736 3089 5791 civis
3123 5736 3209 5792 vel
3236 5752 3396 5808 ager;
3423 5735 3671 5806 quaedam
