4100 6324
422 316 526 370 855

1236 296 1617 354 EXCERPTIO
1654 296 1743 351 DE
1781 295 1968 351 ARTE
2003 294 2458 351 GRAMMATICA
2493 266 2851 353 PRISCIANI.

3567 308 3672 367 651.

429 425 609 471 autem
634 414 852 486 propria
886 422 941 470 et
967 414 1206 487 gentilia,
1233 422 1395 484 atque
1440 415 1766 484 possessiva,
1796 394 1855 468 ut
1894 411 1998 466 La-
2023 418 2078 478 Α
2101 427 2315 483 quoque
2346 414 2550 471 formas
2574 416 2772 471 multas
2800 417 3003 473 habent
3024 421 3154 478 etin
3177 422 3349 479 tribus
3369 427 3674 499 generibus,

428 508 568 561 τέμνε
589 506 732 575 [ilius
759 503 959 572 Fauni,
984 515 1039 561 et
1072 505 1289 561 Latinus
1313 507 1457 572 civis,
1485 506 1569 561 vel
1605 523 1747 577 ager.
1772 505 1889 561 Alia
1920 514 2002 559 ta-

428 612 553 652 men
581 596 741 651 modo
766 594 1001 665 propria,
1029 604 1125 650 ut:
1152 596 1529 662 Quintilianus,
1568 594 1851 661 Julianus;
1894 594 2000 650 alia

431 688 549 743 loco
577 688 1062 759 patronymioorum
1103 688 1305 759 posita,
1334 695 1395 743 ut
1428 686 1746 753 Octavianus
1791 684 1997 754 Cwsar,

431 779 753 835 xEmilianus
787 779 997 851 Scipio;
1041 780 1145 836 alia
1189 789 1315 836 sunt
1341 780 1647 851 agnomina,
1689 788 1751 836 ut
1789 779 2000 850 Africa-

432 888 549 936 nus,
577 870 856 937 Persicus;
882 872 985 927 alia
1013 872 1253 928 derivata
1281 869 1312 927 a'
1342 873 1589 939 materia,
1619 880 1680 927 ut
1707 871 1932 942 ferreus,
1963 887 1997 928 a

428 961 572 1018 ferro
600 960 795 1028 factus,
838 978 1052 1029 aureus,
1081 971 1373 1033 argenteus,
1409 979 1768 1028 marmoreus;
1802 959 1997 1018 alia'ex

428 1054 646 1119 morbis,
676 1062 736 1109 ut
764 1054 1074 1120 cardiacus;
1101 1054 1203 1139 alia
1245 1069 1275 1109 a
1313 1054 1755 1125 professionibus,
1787 1063 1847 1110 ut
1885 1071 1996 1110 me-

426 1146 694 1217 chanicas,
732 1145 1131 1215 grammaticus;
1173 1145 1277 1200 alia
1301 1160 1332 1200 a
1358 1145 1677 1217 disciplinis,
1706 1155 1763 1200 ut
1788 1146 1994 1201 Aristo-

423 1234 626 1301 telicas,
658 1235 987 1301 rhetoricus;
1021 1237 1124 1291 alia
1153 1237 1350 1293 similia
1383 1238 1692 1310 primitivis,
1724 1246 1784 1293 ut
1825 1239 1993 1293 Thra-

423 1328 535 1381 cius
572 1343 670 1399 pro
702 1327 899 1383 Thrax.
943 1327 1081 1385 Sunt
1124 1331 1286 1403 igitur
1333 1331 1519 1388 formae
1564 1333 1995 1402 possessivorum

421 1432 555 1486 quas
582 1433 614 1471 a
650 1417 854 1475 Graecis
880 1420 1205 1492 accepimus,
1230 1422 1314 1477 hae
1340 1440 1352 1476 :
1386 1422 1442 1476 in
1472 1439 1578 1489 cos,
1609 1438 1769 1493 quam
1812 1431 1992 1479 muta-

422 1507 598 1562 vimus
634 1508 691 1562 in
717 1526 832 1575 cus,
858 1511 1299 1567 antecedentibus
1328 1529 1361 1566 a
1386 1512 1538 1568 brevi
1568 1512 1652 1569 vel
1686 1514 1705 1566 i
1739 1513 1821 1568 vel
1854 1531 1906 1583 y,
1935 1520 1995 1567 ut

421 1599 734 1668 Hebraicus,
773 1600 1078 1675 Cypriacus,
1108 1603 1349 1671 Italicus,
1386 1605 1782 1675 grammaticus,
1825 1605 1994 1659 rheto-

421 1691 580 1758 ricus,
609 1686 854 1763 Libycus,
887 1684 1035 1766 qud
1074 1695 1243 1750 solum
1274 1713 1306 1767 y
1334 1705 1459 1751 ante
1492 1713 1584 1751 cus
1613 1697 1795 1752 habet.
1843 1697 1899 1751 in
1931 1687 1997 1752 us'

2102 511 2163 558 ut
2187 503 2337 558 culus
2361 503 2483 558 cula
2526 505 2734 574 culum,
2766 507 2885 563 ulus
2919 508 3010 573 ula
3055 510 3223 578 alam,
3253 512 3368 580 olus
3396 514 3481 571 ola
3509 516 3673 585 olunt,

2098 592 2392 663 penultima
2437 608 2652 665 semper
2675 596 2849 664 brevi,
2893 606 2953 653 ut
2980 599 3259 671 igniculus,
3289 602 3522 672 anicula,
3554 622 3674 661 cor-

2096 684 2371 754 pusculum
2396 725 2411 752 ,
2459 687 2714 755 tantulus,
2767 689 2984 757 silvula,
3020 690 3341 762 capitulum,
3393 696 3673 768 sergiolus,

2096 775 2326 842 unciola,
2354 774 2658 846 lauriolum,
2689 794 2790 835 nec
2811 796 2918 836 non
2951 790 3006 837 et
3031 784 3328 851 homuncio,
3355 793 3411 842 et
3437 787 3671 858 aculeus,

2095 863 2290 922 breves
2331 874 2457 921 sunt
2502 867 2829 939 penultima;
2878 871 3083 942 reliqua
3128 888 3256 930 vero
3285 881 3380 930 aut
3409 877 3677 946 positione

2098 963 2307 1011 tantum
2348 957 2742 1028 producuntur,
2778 970 2838 1017 ut
2881 963 3100 1034 agellus,
3130 964 3351 1037 capella,
3396 968 3674 1039 novellum,

2094 1048 2342 1121 pugillus,
2390 1051 2645 1123 anguilla,
2678 1064 2771 1110 aut
2802 1064 2994 1111 natura
3025 1058 3185 1113 simul
3210 1067 3266 1115 et
3300 1061 3587 1131 positione,
3617 1072 3676 1119 ut

2093 1140 2360 1210 pauxillus
2406 1142 2643 1214 pauxilla
2690 1146 3006 1216 pauxillum,
3053 1147 3193 1205 ullus
3238 1148 3350 1207 ulla
3380 1151 3566 1208 ullum.
3597 1154 3673 1210 De

2094 1233 2531 1302 antepenultimis
2552 1251 2765 1308 quoque
2799 1238 2992 1295 horum
3034 1241 3167 1296 satis
3206 1241 3279 1298 sit
3324 1243 3449 1300 huic
3490 1246 3674 1301 brevi-

2096 1325 2227 1391 tati,
2272 1326 2414 1396 quod
2465 1342 2627 1399 supra
2671 1329 2923 1388 diximus.
2974 1331 3507 1391 Denominativorum
3542 1353 3672 1409 ergo

2093 1429 2257 1489 atque
2290 1420 2585 1476 verbalium
2638 1423 3017 1480 terminatione
3057 1427 3285 1484 diversa:
3327 1430 3672 1499 reperiuntur

2091 1506 2299 1576 formae,
2327 1510 2381 1565 in
2409 1512 2514 1579 ius,
2538 1513 2593 1567 in
2622 1530 2721 1569 uas
2742 1515 2960 1583 divisas,
2987 1516 3044 1571 in
3071 1517 3186 1584 bus,
3211 1517 3266 1573 in
3289 1535 3400 1585 cas,
3431 1520 3484 1575 in
3510 1536 3666 1592 quas,

2092 1598 2355 1669 indus,in
2375 1600 2477 1668 las,
2504 1603 2561 1658 in
2588 1620 2701 1672 rus,
2725 1606 2781 1661 in
2800 1623 2912 1673 sus,
2927 1608 2984 1663 in
3002 1618 3103 1674 tus,
3137 1610 3191 1666 in
3212 1619 3348 1665 stus.
3372 1609 3431 1664 in
3456 1612 3538 1665 ius
3565 1619 3674 1668 ter-

2091 1691 2385 1761 minantia,
2431 1702 2492 1753 ut
2538 1698 2774 1763 nuntius,
2825 1695 3099 1769 Virgilius,
3156 1699 3376 1769 Silvius,
3426 1703 3661 1770 saucius,

421 1798 633 1854 quoque
655 1801 846 1857 puram
866 1787 1116 1843 desinunt
1134 1790 1457 1859 possessiva,
1481 1797 1594 1845 tam
1616 1789 1801 1845 Graeca
1825 1806 1988 1861 quam
2015 1783 2064 1843 B
2090 1784 2250 1851 scias,
2283 1787 2501 1853 nescius,
2533 1785 2830 1856 Fabricius,
2856 1791 3035 1845 omnia
3060 1791 3078 1845 i
3117 1792 3466 1863 penultimam
3494 1795 3673 1850 corri--

418 1872 638 1943 Latina,
668 1878 1015 1935 antecedente
1056 1896 1084 1935 e
1122 1889 1370 1949 correpta
1410 1888 1465 1935 et
1507 1881 1798 1951 producta,
1850 1881 1934 1937 vel
1972 1881 1992 1935 i

418 1976 686 2038 correpta,
724 1969 839 2025 sive
868 1986 899 2024 o
931 1971 1209 2041 producta,
1240 1980 1335 2027 aut
1358 1989 1404 2027 ω
1437 1972 1523 2028 vel
1550 1990 1594 2028 ae
1633 1973 1989 2044 diphthongo,

417 2073 446 2112 e
471 2057 647 2126 brevi,
692 2068 753 2116 ιιι
793 2060 1098 2129 Hectorem,
1128 2068 1445 2134 Agenoreus,
1482 2062 1773 2131 Caesareus,
1802 2064 1993 2120 Roma-

418 2149 549 2217 leas,
577 2169 789 2220 aureus,
816 2162 1108 2225 argenteas,
1139 2154 1355 2224 ferreus,
1386 2155 1611 2225 ligneus,
1642 2173 1988 2224 marmoreus,

418 2250 475 2296 et
508 2242 620 2298 fere
657 2245 836 2300 omnia
880 2246 946 2300 ad
982 2245 1262 2301 materiam
1308 2247 1664 2316 pertinentia,
1704 2264 1733 2301 e
1768 2248 1990 2304 brevem

418 2340 543 2389 ante
571 2352 632 2390 us
664 2336 878 2391 habent.
911 2337 1258 2393 Inveniuntur
1281 2348 1462 2394 tamen
1497 2354 1668 2409 pauca
1701 2339 1818 2395 sine
1854 2356 1902 2405 e,
1932 2347 1994 2395 ut

416 2447 666 2500 quernas,
710 2431 987 2500 colamus,
1023 2435 1304 2506 abiegnas;
1334 2452 1362 2490 c
1389 2450 1519 2490 vero
1561 2435 1806 2506 longam,
1835 2451 1991 2505 spon-

418 2525 567 2593 deus,
594 2528 836 2595 phebeus,
866 2516 920 2585 et
947 2530 1160 2600 quando
1182 2545 1281 2600 pro
1310 2529 1641 2601 diphthongo
1666 2529 1904 2599 ponitur,
1931 2536 1992 2584 ut

370 2611 383 2617 ’
418 2616 682 2674 Achilleus
722 2634 819 2689 pro
853 2620 1153 2690 Achilleios,
1192 2620 1417 2691 Alpheus
1452 2636 1551 2690 pro
1592 2620 1853 2691 Alpheias,
1883 2620 1991 2690 Py-

418 2712 690 2783 thagoreus
718 2728 817 2783 pro
842 2710 1236 2785 Pgthagoreios,
1267 2730 1429 2785 quam
1454 2720 1632 2769 tamen
1656 2712 1910 2785 Virgilius
1936 2713 1990 2769 in

419 2804 637 2860 nomine
664 2804 920 2874 ’liphoeus
944 2805 1169 2876 corripit
1194 2808 1249 2862 in
1276 2823 1295 2862 ι
1322 2825 1336 2861 :
1542 2856 1549 2861 .

545 2903 670 2955 Nate
695 2907 845 2968 patris
866 2910 1038 2957 summi
1059 2944 1075 2969 ,
1108 2908 1192 2970 qui
1215 2904 1312 2957 tela
1337 2905 1557 2970 Tiphoes
1577 2906 1792 2967 temnis;

419 2986 513 3040 sed
552 2984 749 3045 dicitur
774 2988 1008 3059 tiphoeus
1036 2997 1093 3046 et
1134 2977 1301 3061 tiplios
1338 2990 1424 3045 vel
1454 2989 1653 3060 tipbon.
1697 2987 1989 3060 Peregrina

419 3091 630 3148 quoque
657 3078 888 3135 maxime
916 3096 944 3135 e
976 3080 1175 3136 habent
1201 3087 1327 3135 ante
1366 3096 1427 3134 us
1468 3080 1811 3150 productam,
1845 3077 1990 3132 Pha-

422 3168 625 3235 risazus,
659 3168 961 3238 Matthaeus,
996 3154 1283 3236 Judwus,i
1314 3179 1495 3226 autem
1533 3171 1716 3236 brevi,
1752 3177 1813 3225 ut
1852 3185 1995 3223 mar-

417 3256 545 3325 tius,
568 3258 946 3328 hereditarius;
970 3263 989 3315 i
1015 3269 1222 3317 tantum
1256 3262 1472 3335 longam
1504 3262 1557 3317 in
1592 3262 1778 3333 paucis
1822 3260 1996 3317 nomi-

417 3349 581 3406 nibus
631 3352 930 3407 secundum
982 3350 1199 3408 Graecos
1264 3353 1569 3424 producunt
1617 3352 1882 3417 Romani,
1935 3357 1998 3407 ut

415 3441 592 3511 phtius
621 3442 763 3510 dius,
807 3443 953 3513 phtia
995 3443 1108 3509 dia,
1137 3445 1317 3499 conius
1348 3445 1480 3509 cius,
1512 3445 1713 3514 argius,
1763 3442 1996 3513 langius,

417 3529 606 3601 lycius,
640 3530 939 3600 Sperchius.
964 3531 1317 3589 Inveniuntur
1342 3543 1520 3589 autem
1550 3551 1583 3589 u
1608 3549 1706 3604 pro
1726 3533 1996 3605 digamma

418 3619 605 3675 functa
633 3622 651 3673 i
678 3621 1025 3690 penultimam
1054 3625 1374 3693 producere,
1403 3633 1461 3679 ut
1486 3626 1718 3696 argivus,
1749 3627 1997 3682 nomina-

419 3709 578 3775 tivus,
603 3710 874 3780 genitivus,
906 3712 1259 3784 imperativus,
1291 3714 1544 3783 optativus
1574 3721 1629 3768 et
1655 3714 1741 3769 his
1766 3713 1992 3782 similia;

418 3815 451 3854 ο
483 3800 771 3870 producta,
797 3810 857 3856 ut
881 3802 1088 3870 herous,
1116 3820 1271 3871 eous;
1299 3821 1345 3860 ιε
1379 3804 1765 3876 diphthongon,
1798 3812 1859 3860 ιιι
1887 3804 1992 3861 Sa-

421 3889 586 3956 bwus,
613 3888 860 3957 Creticus,
891 3889 1233 3961 Ptolomaeus,
1265 3894 1524 3963 Timwus;
1555 3912 1600 3950 ω
1627 3903 1686 3949 ιιι
1715 3895 1910 3951 cubtea.
1937 3897 1996 3954 In

423 3996 520 4035 nus
541 3989 719 4037 autem
742 3983 1059 4050 desinentia,
1085 3986 1130 4040 si
1157 4003 1189 4040 a
1220 3987 1422 4042 habent
1450 3986 1803 4057 penultimam
1833 3987 1917 4042 vel
1946 4005 1994 4054 e,

421 4072 805 4142 producuntur,
837 4083 897 4130 ut
922 4075 1211 4142 Romans,
1241 4076 1535 4148 Hispanus,
1560 4077 1829 4147 fontanas,
1851 4094 1999 4133 mon-

421 4173 608 4231 tanus;
638 4164 921 4222 Dardanas
960 4182 1173 4239 quoque
1221 4168 1503 4240 proprium
1545 4176 1630 4224 est
1674 4170 1993 4239 et'primiti-

421 4270 564 4320 vum,
605 4257 834 4329 ideoque
859 4276 905 4338 ,α
933 4268 1237 4331 correptam
1268 4262 1462 4329 habet;
1496 4271 1754 4327 terrenas,
1780 4252 1994 4333 egenus,

422 4346 643 4414 alienus,
672 4366 889 4405 amenus
919 4364 937 4402 :
972 4352 991 4405 ἱ
1022 4360 1146 4406 ante
1186 4368 1282 4406 nus
1326 4352 1615 4424 aliquando
1657 4354 1994 4424 producitur,

425 4444 481 4490 ut
517 4438 827 4505 camerinus,
860 4441 1087 4511 reginas,
1131 4441 1479 4509 masculinus,
1521 4443 1742 4507 vicinus,
1786 4443 1996 4514 femini-

424 4543 539 4593 nus,
566 4528 811 4598 follinus,
829 4533 1085 4598 marinus,
1113 4532 1370 4599 taurinus,
1400 4534 1677 4603 porcinus;
1706 4533 1995 4603 aliquando

422 4634 552 4675 vero
577 4622 884 4692 corripitur,
915 4623 970 4678 id
996 4631 1080 4680 est
1108 4624 1162 4679 in
1193 4625 1279 4679 his
1302 4640 1422 4694 quae
1450 4626 1519 4680 ab
1545 4625 1825 4680 arboribus
1855 4626 1999 4680 deri-

421 4720 636 4781 vantur,
673 4722 734 4769 ut
762 4714 1052 4787 oleaginus,
1083 4717 1327 4788 faginus;
1360 4726 1414 4774 et
1448 4717 1505 4771 in
1536 4717 1620 4771 his
1648 4733 1769 4788 qua:
1808 4718 1877 4772 ab
1904 4719 1997 4771 ad-

423 4803 622 4860 verbiis
663 4814 960 4861 nascuntur
987 4807 1392 4877 temporalibus,
1424 4818 1483 4864 ut
1513 4826 1654 4874 cras,
1698 4810 1997 4866 crastinus:

424 4896 616 4964 homo,
659 4898 1028 4964 homoctinus;
1059 4900 1169 4966 diu,
1213 4900 1482 4968 diutinus;
1508 4920 1544 4956 ιι
1584 4916 1798 4972 quoque
1839 4901 1997 4971 longa

425 4994 550 5043 ante
574 5005 693 5055 nas,
722 4999 782 5043 ut
812 4990 1084 5055 tribunus;
1114 4991 1218 5045 alia
1251 4992 1572 5060 positionem
1601 4991 1801 5047 habent
1826 4999 1884 5045 et
1911 4990 2001 5045 de-

427 5079 691 5149 rivantur,
719 5089 779 5137 ut
806 5082 874 5138 ab
915 5082 1053 5149 heri,
1080 5083 1371 5148 hesternas,
1401 5084 1470 5139 ab
1498 5091 1657 5139 aetate
1688 5091 1933 5148 a’ternus,
1965 5095 1997 5135 a

427 5172 514 5227 die
548 5172 791 5240 diurnas,
821 5187 852 5227 a
881 5187 1090 5244 semper
1118 5173 1478 5243 sempiternus.
1506 5172 1563 5227 in
1602 5188 1717 5227 mus
1747 5171 1999 5227 desinunt

428 5260 772 5336 superlativa,
796 5275 851 5321 et
875 5267 1054 5321 omnia
1081 5266 1433 5336 penultimam
1461 5267 1479 5320 i
1510 5267 1730 5321 brevem
1772 5265 1998 5333 habent,

427 5367 486 5414 ιιι
521 5359 753 5429 inﬁmus,
800 5361 1045 5429 optimus,
1074 5361 1421 5425 doctissimus,
1456 5360 1797 5426 humillimas,
1835 5360 1993 5415 mini-

430 5466 565 5514 mus,
594 5450 975 5518 celeberrimus,
1026 5452 1309 5516 maximus;
1356 5452 1595 5521 exceptis
1646 5451 1833 5522 paucis
1875 5467 1995 5521 quin

431 5538 639 5610 longam
673 5548 798 5594 ante
844 5556 959 5594 mus
1006 5540 1208 5596 habent
1233 5549 1290 5595 et
1328 5543 1395 5596 ab
1425 5542 1680 5597 adverbio
1708 5541 1822 5595 sive
1852 5556 1995 5612 prae-

430 5630 691 5699 positione
717 5632 1046 5698 derivantur,
1080 5641 1140 5687 ut
1163 5632 1229 5688 ab
1259 5640 1413 5687 extra
1442 5643 1720 5697 extremus,
1756 5648 1786 5687 a
1831 5648 1997 5705 supra

432 5737 731 5790 supremus,
763 5738 794 5778 a
842 5730 961 5792 post
1002 5724 1275 5792 posterior,
1317 5733 1625 5792 postremus.
1671 5725 1998 5780 Diminutiva

2090 1877 2274 1946 piunt;
2305 1886 2362 1933 et
2383 1879 2430 1956 si
2458 1880 2659 1936 habent
2684 1881 2704 1934 i
2734 1884 3234 1953 antepenultimam,
3264 1887 3511 1943 eamdem
3555 1904 3671 1946 cor-

2092 1966 2316 2035 ripiunt,
2349 1976 2408 2022 ut
2435 1970 2759 2038 tribunitius,
2785 1973 3108 2043 advectitius,
3137 1979 3411 2047 patricius.
3442 1977 3538 2035 Sin
3569 1996 3666 2037 au-

2091 2067 2221 2125 tem,
2253 2077 2286 2113 a
2313 2061 2634 2130 producunt,
2666 2072 2727 2118 ut
2763 2064 3098 2135 gallinacius,
3140 2068 3574 2126 membranacius.
3607 2071 3667 2127 lu

2091 2165 2190 2204 uus
2234 2150 2431 2207 divisas
2459 2154 2761 2211 desinentia
2789 2173 2825 2210 u
2854 2159 3206 2227 penultimam
3254 2162 3577 2232 corripiunt,
3607 2174 3666 2222 ut

2091 2257 2318 2310 annuus,
2366 2254 2608 2314 patruus,
2657 2246 2948 2318 ambiguus,
2990 2265 3205 2316 vacuus,
3245 2261 3560 2307 menstruus.
3604 2253 3664 2311 In

2089 2350 2222 2405 quas
2247 2349 2268 2388 :
2292 2334 2551 2405 obliquus,
2593 2338 2888 2408 peuultima
2925 2348 3115 2394 natura
3151 2340 3328 2413 longa,
3360 2350 3417 2397 et
3463 2342 3670 2414 longin-

2090 2441 2246 2496 quus,
2275 2427 2560 2497 positione.
2585 2427 2641 2481 in
2678 2445 2768 2483 cus
2806 2429 2890 2485 vel
2915 2429 3029 2497 bus,
3062 2438 3120 2485 ut
3151 2448 3362 2502 parcus,
3392 2434 3665 2504 superbus.

2091 2515 2222 2583 Quae
2247 2517 2301 2571 in
2331 2518 2429 2572 das
2473 2519 2745 2585 desinunt,
2776 2520 2861 2575 vel
2888 2521 3214 2591 penultimas
3256 2523 3572 2594 corripiunt,
3607 2533 3670 2580 ut

2091 2608 2352 2674 herbidas,
2383 2610 2642 2677 turbidus,
2673 2611 2878 2672 uvidus.
2914 2613 3147 2681 rabidas,
3180 2615 3412 2681 timidus,
3458 2616 3664 2684 aridus,

2091 2699 2383 2771 squalidus,
2411 2701 2668 2772 frigidus;
2702 2703 2785 2758 vel
2819 2703 3087 2773 positione
3116 2706 3442 2776 producunt,
3486 2714 3547 2761 ut
3586 2723 3670 2761 er-

2091 2791 2378 2858 rabundus,
2424 2793 2786 2861 moribundus,
2832 2798 3113 2852 amandas.
3137 2796 3266 2865 Quae
3291 2798 3348 2853 in
3383 2799 3485 2864 lus,
3519 2798 3671 2854 simi-

2089 2885 2216 2943 liter
2255 2886 2609 2957 penultimam
2636 2889 2957 2960 corripiunt,
2990 2899 3051 2945 ut
3095 2889 3359 2958 credulus,
3396 2891 3675 2962 pendulus,

2092 2978 2320 3034 bibulus.
2370 2978 2429 3033 In
2468 2996 2557 3033 rus
2598 2988 2780 3037 autem
2825 2980 3227 3037 denominativa
3272 2982 3386 3037 sive
3435 2981 3672 3036 verbalia

2092 3085 2265 3142 pauca
2291 3071 2636 3127 inveniuntur
2662 3088 2782 3143 quae
2813 3073 3165 3145 penultimam
3202 3074 3541 3145 producunt:
3574 3074 3670 3128 ho-

2099 3179 2221 3230 nor,
2246 3165 2508 3229 honorus;
2533 3165 2686 3231 odor,
2724 3165 2950 3231 odorus;
2976 3167 3162 3232 decor,
3205 3166 3457 3232 decorus;
3488 3179 3675 3232 canor,

2095 3275 2339 3312 canorus.
2365 3257 2421 3312 in
2451 3275 2539 3312 sus
2574 3257 2897 3324 desinentia,
2923 3258 2967 3313 si
3010 3275 3040 3313 ο
3068 3258 3269 3315 habent
3295 3257 3672 3328 penultimam,

2095 3350 2339 3405 eamdem
2361 3350 2689 3420 producunt,
2713 3357 2775 3405 ut
2794 3351 3056 3416 curiosus,
3086 3350 3355 3416 herbosus,
3378 3364 3677 3420 spumosus,

2094 3457 2336 3506 saxosas,
2380 3441 2685 3507 scelerosus,
2730 3440 2961 3496 odiosus.
3001 3440 3059 3495 In
3107 3450 3189 3495 tus
3234 3455 3446 3511 quoque
3496 3438 3681 3495 termi-

2096 3531 2279 3585 nantia
2308 3530 2570 3595 verbalia,
2600 3530 2645 3585 si
2672 3531 2691 3584 i
2720 3530 2923 3586 habent
2958 3537 3087 3584 ante
3129 3539 3234 3596 tus,
3264 3542 3383 3584 eam
3411 3527 3678 3593 breviant,

2095 3630 2156 3676 ut
2199 3622 2421 3688 sonitus,
2461 3622 2706 3687 habitus;
2757 3623 2803 3677 si
2852 3630 3033 3679 autem
3084 3629 3211 3677 sunt
3260 3620 3678 3685 denominativa,

2098 3717 2373 3775 sciendum
2408 3719 2553 3789 quod
2580 3719 2625 3774 si
2656 3734 2687 3773 a
2714 3719 2903 3790 prima:
2949 3716 3326 3775 declinationis
3370 3715 3678 3773 nominibus

2098 3809 2430 3875 derivantur,
2455 3827 2488 3863 a
2535 3810 2737 3866 habent
2783 3810 3136 3881 penultimam
3172 3810 3525 3880 productam,
3578 3812 3676 3861 ut:

2098 3900 2366 3967 barbatus,
2395 3900 2653 3969 stellatus,
2694 3902 2978 3967 trabeatus,
3009 3911 3362 3972 purpuratus;
3407 3899 3492 3956 sin
3533 3913 3565 3953 a
3592 3910 3677 3953 se-

2097 3992 2286 4048 cundae
2316 4005 2400 4047 vei
2428 3991 2619 4057 tertiae,
2648 3990 2704 4046 in
2741 3990 3061 4060 quibusdam
3100 4007 3155 4055 a,
3183 3990 3238 4044 in
3265 3988 3385 4044 aliis
3412 3989 3433 4042 i
3460 3985 3674 4069 produ-

2097 4094 2264 4150 ctam,
2299 4093 2361 4140 ut
2404 4083 2647 4155 pallium,
2689 4081 2981 4154 palliatus;
3030 4081 3307 4146 annulum,
3356 4077 3675 4144 annulatus;

2095 4187 2296 4252 gratus,
2320 4179 2511 4242 avitus,
2535 4160 3040 4242 maritusfcerritus,
3069 4190 3100 4229 a
3126 4180 3329 4245 grates,
3352 4186 3473 4236 avo,
3506 4184 3677 4237 mare,

2098 4283 2303 4325 cerere.
2333 4268 2377 4321 Α
2420 4275 2626 4338 quartae
2655 4264 3033 4322 declinationis
3071 4264 3385 4320 nominibus
3413 4262 3676 4328 derivata,

2096 4378 2133 4414 u
2158 4359 2475 4430 productam
2508 4357 2710 4412 habent
2733 4364 2861 4411 ante
2889 4365 2993 4422 tas,
3035 4364 3305 4420 comatus,
3334 4360 3564 4418 uerutus,
3593 4366 3682 4404 as-

2099 4459 2259 4517 tutus,
2286 4458 2554 4515 versutus;
2580 4448 2850 4518 excipitur
2876 4462 2907 4501 a
2953 4462 3116 4501 manu
3153 4442 3509 4509 manuleatus,
3535 4439 3681 4512 quod

2103 4562 2134 4597 a
2168 4544 2383 4612 longam
2424 4541 2587 4595 habet
2631 4539 3004 4609 penultimam.
3051 4536 3289 4607 Namque
3332 4534 3387 4588 in
3428 4542 3557 4598 stus,
3587 4530 3677 4586 vel

2101 4650 2223 4698 xus,
2253 4632 2338 4687 vel
2361 4641 2499 4702 plus,
2526 4629 2611 4695 vel
2642 4640 2755 4682 ctus
2784 4628 3084 4684 desinentia
3114 4626 3293 4681 omnia
3319 4622 3672 4694 penultimam

2102 4724 2363 4793 positione
2392 4720 2725 4791 producunt,
2758 4727 2818 4774 ut
2850 4720 3115 4784 honestus,
3144 4724 3374 4781 mlestus,
3412 4714 3676 4783 robustus,

2102 4814 2277 4881 laxus,
2308 4815 2497 4885 ﬂexus,
2541 4812 2740 4883 [lux-us,
2780 4819 3042 4880 acceptus,
3071 4816 3246 4879 aptas,
3280 4814 3513 4874 sanctus,
3539 4806 3677 4863 ami-

2103 4916 2238 4962 ctus.
2320 4934 2323 4937 ‘

2524 5016 2609 5071 De
2636 5014 2954 5070 nominativo
2981 5010 3256 5083 singulari.

2175 5173 2552 5230 Nominativus
2593 5167 2883 5240 singularis
2925 5169 3027 5223 hac
3072 5167 3253 5239 regula
3296 5182 3394 5240 per
3437 5167 3676 5240 singulas

2100 5263 2540 5327 terminationes,
2564 5257 2739 5329 qualis
2761 5257 2848 5321 sit,
2877 5257 3213 5328 apertissime
3239 5257 3584 5328 dignoscitur.
3617 5258 3674 5313 in

2105 5377 2139 5414 a
2166 5356 2467 5414 desinentia
2502 5352 2716 5408 nomina
2744 5358 3045 5421 correptam
3075 5350 3261 5406 Graeca
3296 5358 3420 5405 sunt
3453 5351 3537 5410 vel
3573 5349 3675 5404 La-

2098 5452 2232 5516 tina,
2275 5446 2570 5503 masculina
2613 5443 2699 5500 vel
2744 5442 2999 5499 feminina
3044 5442 3129 5500 vel
3172 5453 3384 5510 neutra,
3428 5452 3486 5499 ut
3527 5464 3539 5500 :
3586 5444 3671 5499 hic

2096 5550 2268 5614 poeta,
2305 5537 2506 5601 scriba;
2547 5537 2657 5591 lucc
2685 5552 2856 5601 musa,
2894 5534 3097 5601 Roma;
3133 5536 3229 5590 hoc
3265 5545 3520 5600 toreuma,
3563 5551 3673 5588 em-

2079 5629 2266 5686 blema
2285 5648 2303 5696 ;
2324 5629 2407 5683 hic
2431 5635 2484 5684 et
2506 5627 2615 5683 lucc
2637 5628 2840 5697 auriga.
2865 5625 2924 5681 In
2948 5644 2975 5681 e
3001 5634 3301 5697 correptam
3328 5624 3515 5679 Latina
3546 5632 3671 5677 sunt

2100 5728 2313 5786 neutra,
2336 5708 2432 5773 ut:
2457 5717 2553 5773 hoc
2578 5716 2786 5785 monile,
2818 5735 2983 5773 mare.
3011 5716 3065 5771 In
3092 5734 3119 5771 e
3140 5716 3458 5787 productam
3485 5714 3671 5767 Gnnca
