4100 6324
483 368 589 435 635

1126 378 1185 432 B.
1222 368 1475 432 uanam
1511 366 1729 437 nium
1764 370 2082 437 ARCHIEP.
2118 372 2429 436 uocum.
2468 325 2752 439 optimm
2787 368 2968 439 mins
3002 382 3091 438 In.

3626 389 3734 446 6'56

484 502 607 551 sum
637 494 689 549 cl
718 484 996 559 feminina,
1024 499 1081 545 ut
1110 492 1218 546 Iure
1247 488 1489 562 Euterpe,
1522 486 1694 564 Libye,
1723 492 1918 561 scabie,
1948 479 2053 548 Ἁη-
2078 488 2131 556 Α
2156 492 2369 563 generis
2406 492 2608 557 omnis,
2651 492 3044 559 indeclinabile,
3081 497 3149 549 ιιι
3189 494 3274 549 hic
3308 501 3360 550 et
3392 496 3504 551 ια
3540 503 3599 553 et
3634 500 3734 555 hoc

483 586 777 640 dromaclie.
809 584 866 639 in
902 585 921 638 ἰ
960 583 1277 655 productam
1308 582 1496 636 Latina
1527 584 1641 639 sive
1684 580 1873 639 Graeca
1903 582 2057 638 inve-

484 676 706 732 niuntur
729 680 783 732 et
809 682 1003 732 neutra
1033 680 1175 741 sunt,
1199 676 1285 729 vel
1310 676 1488 731 omnis
1512 674 1747 747 generis,
1768 680 1823 732 et
1849 678 2052 747 aplota,

480 774 539 823 iit
560 766 654 823 hoc
683 762 899 840 gummi,
930 768 1118 847 sinapi,
1156 767 1238 820 hic
1269 773 1323 821 et
1350 766 1461 820 lucc
1486 774 1539 821 et
1561 762 1656 821 hoc
1681 767 1843 837 frugi,
1883 764 2054 832 "nihili,

480 856 725 929 inancipi,
756 853 1073 928 hujusniodi,
1104 856 1410 922 illiusmodi,
1437 857 1713 927 ejttsmodi,
1740 848 2052 924 istiusmodi,

480 949 534 1004 e't
561 940 726 1014 cordi,
774 948 928 1003 nauci
960 954 1191 1018 quoque,
1220 947 1361 1018 quod
1402 956 1659 1017 putamen
1696 944 1848 1005 nucis
1891 949 2057 1021 signi-

480 1041 634 1105 ﬁcat,
671 1049 725 1096 et
754 1050 852 1111 pro
876 1041 1043 1095 nihilo
1070 1040 1349 1110 accipitur.
1382 1041 1436 1094 In
1465 1057 1494 1093 ο
1521 1049 1823 1110 correptam
1843 1083 1856 1107 ,
1892 1056 2053 1112 quam

477 1138 655 1185 tamen
688 1122 996 1201 frequenter
1030 1132 1332 1202 producunt
1368 1140 1560 1201 poetae,
1591 1126 1783 1186 Latina
1804 1140 1941 1187 sunt
1968 1128 2052 1187 vel

476 1221 659 1287 notha,
685 1216 978 1275 masculina
1002 1220 1083 1274 vel
1104 1219 1359 1275 feminina
1382 1221 1462 1275 vel
1492 1223 1828 1288 communia;
1859 1222 1942 1276 hic
1963 1218 2053 1276 Cid

475 1326 611 1375 cera,
640 1309 741 1377 leo,
763 1312 874 1365 lucc
895 1312 1056 1382 uirgo,
1084 1308 1367 1382 Carthago,
1384 1308 1473 1365 hic
1498 1321 1552 1366 et
1575 1310 1685 1366 hrrc
1706 1314 1880 1378 homo,
1903 1326 2048 1367 nemo

474 1399 712 1466 neminis,
742 1400 882 1470 quod
912 1407 994 1456 est
1021 1403 1375 1472 compositum
1414 1416 1479 1456 ex
1508 1412 1611 1457 non
1635 1411 1691 1458 et
1716 1405 1887 1458 homo.
1920 1406 2049 1471 Quae

471 1493 597 1559 ergo
623 1504 688 1545 cx
719 1491 801 1545 bis
832 1508 861 1545 ο
898 1493 954 1546 in
999 1492 1229 1563 obliquis
1262 1493 1530 1559 retinent,
1564 1494 1813 1549 eamdem
1845 1494 2047 1564 produ-

471 1578 873 1650 etam‘babent,
917 1594 978 1639 ut
1007 1583 1190 1638 Cicero
1218 1586 1523 1652 Ciceronis;
1564 1599 1684 1656 quae
1729 1594 1907 1642 autem
1946 1584 2047 1642 ini

470 1684 587 1725 eam
633 1678 883 1740 vertunt,
914 1686 1159 1746 correpta
1190 1676 1483 1746 penultima
1524 1680 1955 1747 pronuntiantur,
1988 1686 2047 1734 ut

467 1760 610 1831 virgo
637 1763 871 1832 virginis.
896 1765 951 1819 In
978 1784 1007 1819 o
1032 1765 1346 1836 productam
1379 1767 1673 1823 desinentia
1704 1770 1888 1824 Graeca
1919 1781 2043 1825 sunt

2159 596 2398 656 nequam.
2441 581 2502 640 in
2526 596 2615 640 um
2646 594 2951 656 correptam
2978 580 3174 641 Latina
3213 598 3310 641 seu
3348 584 3555 655 arma,
3591 592 3735 661 apud

2156 676 2373 735 Graecos
2400 676 2455 733 in
2484 694 2551 734 on
2579 676 2912 746 desinentia,
2945 686 3140 733 neutra
3174 682 3333 745 sunt,
3372 685 3435 734 ιιι
3467 680 3565 737 hoc
3604 690 3733 743 tem-

2153 770 2319 841 ptum,
2353 782 2586 843 regnum,
2632 770 2853 842 tignum,
2876 770 2976 825 hoc
3016 769 3234 841 pellunt,
3266 772 3380 826 nec
3414 773 3730 842 beatos-ium,

2156 854 2297 929 quod
2324 870 2407 916 est
2432 858 2635 932 lignum
2674 870 2787 931 quo
2831 859 3042 917 modius
3083 868 3344 931 aquatum
3382 862 3734 922 inveniuntur

2155 958 2333 1008 autem
2369 952 2507 1024 apud
2538 954 2776 1011 comicos
2815 954 2982 1009 multa
3008 953 3381 1024 hujuscemodi
3414 967 3735 1014 neutrorum

2155 1042 2384 1101 formam
2422 1045 2675 1102 habentia
2711 1044 3001 1102 mulierum
3034 1047 3274 1115 nomina,
3302 1048 3499 1118 quibus
3529 1050 3736 1105 articu-

2152 1135 2233 1191 los
2260 1137 2499 1192 feminini
2532 1139 2743 1208 generis
2778 1139 3087 1199 necessario
3117 1139 3526 1210 signiﬁcationis
3553 1143 3731 1214 gratia

2151 1242 2463 1300 praeponere
2498 1231 2770 1295 solebant,
2818 1238 2879 1285 nt
2922 1231 3033 1285 ha’c
3072 1229 3357 1299 Dorcium,
3392 1234 3510 1288 «liceo
3548 1230 3735 1304 Glyce-

2152 1323 2306 1385 rium,
2338 1322 2449 1374 Ιιίεε
2476 1320 2826 1393 Sophronium
2858 1340 2877 1377 :
2905 1322 3007 1378 hoc
3034 1330 3214 1378 autem
3242 1322 3379 1380 solet
3406 1324 3735 1382 adulationis

2150 1425 2311 1465 causa
2345 1412 2459 1465 sive
2493 1411 2865 1468 diminutionis
2894 1416 3086 1470 multis.
3129 1412 3188 1469 In
3218 1432 3305 1481 on,
3344 1414 3400 1469 in
3434 1432 3529 1481 an,
3560 1416 3613 1470 in
3652 1418 3729 1484 in,

2148 1502 2334 1557 Grzrca
2364 1512 2489 1558 sunt
2514 1501 2833 1570 masculina,
2856 1507 2945 1561 vel
2966 1504 3249 1573 feminina,
3275 1517 3330 1563 et
3360 1507 3734 1578 producuntur

2146 1594 2349 1658 Omnia,
2380 1602 2439 1647 ut
2461 1594 2545 1647 hic
2567 1594 2742 1661 Titan,
2764 1592 2926 1660 Pean,
2958 1594 3096 1663 Pan,
3116 1597 3200 1652 hic
3222 1597 3454 1669 delphin,
3485 1599 3595 1653 lucc
3622 1608 3733 1653 tra-

2146 1688 2287 1753 chin,
2331 1689 2412 1742 hic
2458 1686 2723 1755 Memnon,
2766 1691 2876 1745 htec
2923 1690 3227 1763 Sidon._Et
3264 1692 3545 1748 sciendum
3587 1694 3731 1763 quod

2147 1776 2324 1833 Omnia
2356 1781 2409 1834 in
2437 1782 2490 1833 in
2516 1780 2815 1836 desinentia
2842 1781 3008 1836 etiam
3040 1752 3163 1836 ing
3187 1780 3507 1852 productam
3533 1782 3732 1837 ﬁniun-

468 1852 745 1915 feminina.
775 1862 836 1909 nt
880 1852 1083 1921 Manio,
1113 1852 1274 1923 Dido,
1312 1856 1522 1933 Sopho,
1570 1860 1768 1926 Erato;
1814 1862 1930 1918 haec
1958 1863 2041 1917 vel
2072 1840 2117 1906 Β
2145 1876 2251 1935 tur,
2280 1880 2340 1926 ut
2378 1870 2600 1941 delphis,
2631 1868 2847 1938 tracliia,
2895 1870 3120 1928 Eleusis.
3163 1840 3219 1928 lii
3248 1880 3556 1946 eaqueque
3582 1874 3730 1930 desi-

466 1938 652 1997 Graece
678 1943 1032 2013 declinantur,
1062 1956 1123 2002 ut
1164 1942 1348 2002 Manto
1387 1948 1621 2017 Mantus,
1664 1954 1807 2024 quod
1836 1961 1920 2011 est
1944 1970 2041 2025 ge-

465 2030 683 2088 nitivus.
719 2032 968 2106 Virgilius
998 2038 1051 2091 in
1083 2052 1117 2092 x
1150 2056 1162 2091 :

592 2138 824 2199 Vatidicae
850 2144 1039 2199 Mantus
1065 2154 1117 2199 et
1139 2142 1285 2201 Tusci
1306 2146 1433 2202 ﬁlius
1460 2153 1649 2215 amnis;

460 2250 543 2306 vel
569 2252 748 2306 addita
784 2253 863 2307 nis
892 2253 1097 2309 faciunt
1126 2256 1421 2325 genitivum
1458 2258 1751 2313 secundum
1794 2259 2036 2330 Latinos,

459 2357 489 2394 ο
517 2343 777 2412 producta
804 2354 1001 2412 tamen,
1030 2357 1089 2402 ut
1118 2348 1255 2403 Dido
1282 2349 1523 2405 Didonis.
1552 2352 1609 2405 In
1638 2370 1671 2406 u
1697 2352 1885 2408 Latina
1913 2364 2039 2410 sunt

456 2436 671 2505 generis
699 2439 912 2502 neutri,
953 2447 1014 2495 ut
1047 2457 1231 2508 cornu,
1271 2442 1409 2512 gelu,
1439 2461 1595 2515 genu,
1635 2445 1716 2501 vel
1760 2447 1813 2500 in
1843 2448 2037 2517 quibus

455 2526 702 2596 quamvis
753 2529 1001 2585 videatur
1045 2532 1367 2601 quibusdam
1426 2536 1620 2590 artium
1682 2538 2035 2607 scriptoribus

453 2624 756 2688 temporum
795 2636 918 2676 esse
953 2622 1251 2679 dill‘erentia
1290 2625 1511 2696 (dicunt
1554 2629 1695 2683 enim
1740 2632 2032 2687 nominati-

454 2724 578 2763 vum
604 2711 848 2780 quidem,
876 2721 933 2768 et
956 2716 1350 2784 accusativum,
1381 2726 1433 2772 et
1461 2720 1763 2774 vocativum
1795 2723 2028 2793 corripi,

452 2803 687 2872 reliquos
724 2821 853 2861 vero
898 2809 1188 2879 produci),
1235 2810 1576 2868 inveniuntur
1609 2822 1788 2868 tamen
1833 2815 1887 2871 in
1930 2832 2031 2872 usu

448 2896 655 2967 pariter
682 2897 733 2952 in
763 2901 1013 2955 omnibus
1047 2904 1266 2972 produci
1299 2906 1514 2961 casibus
1544 2907 1657 2962 inec
1686 2911 1902 2965 nomina
1930 2927 2031 2968 nec

448 2978 911 3047 irrationabiliter.
961 2991 1149 3049 Omnis
1200 2998 1343 3050 enim
1398 2998 1451 3053 in
1501 3015 1819 3071 quacunque
1874 3011 2027 3072 parte

448 3077 759 3133 terminatio
786 3080 839 3134 in
876 3098 907 3133 u
938 3082 1188 3140 desinens
1212 3088 1547 3155 producitur,
1580 3099 1638 3144 ut
1666 3093 1853 3160 ﬂuctu,
1882 3090 2027 3149 Pan-

444 3170 558 3237 thu,
584 3179 661 3238 tu,
694 3171 806 3227 diu.
835 3173 1054 3232 Ovidius
1084 3178 1139 3233 in
1166 3195 1261 3234 Vill
1288 3178 1787 3252 Metamorphoseon
1817 3205 1831 3237 :

1008 3289 1294 3347 Dextroque
1318 3309 1343 3343 ι
1368 3296 1554 3356 poplite
1589 3298 1757 3348 urvum

573 3347 750 3406 Pressa
774 3361 907 3412 genu
930 3351 1099 3414 digitis
1123 3358 1251 3410 inter
1281 3368 1338 3406 se
1356 3347 1555 3420 pectine
1575 3347 1773 3421 junctis.

437 3448 581 3506 Ecce
603 3454 748 3509 enim
777 3456 867 3512 hic
897 3460 1233 3515 accusativus
1258 3470 1340 3515 est
1366 3461 1484 3518 sine
1507 3463 1670 3520 dubio
1692 3473 1747 3521 et
1770 3467 2019 3538 produci-

360 3599 366 3606 .
442 3547 548 3595 tur.
580 3542 735 3612 Apud
764 3546 1045 3618 Virgilium
1073 3565 1286 3621 quoque
1310 3552 1366 3607 in
1392 3568 1410 3607 ι
1436 3571 1451 3608 ς

623 3653 756 3704 Nuda
778 3666 935 3721 genu,
965 3659 1190 3724 nodoque
1212 3665 1351 3714 sinus
1369 3664 1573 3716 collecta
1598 3668 1828 3721 ﬂuentes.

434 3750 714 3815 Quomodo
730 3758 882 3812 enim
909 3761 1055 3815 sim
1079 3764 1293 3819 collecta
1322 3770 1690 3825 accusativum
1711 3773 1890 3842 junxit
1914 3790 2014 3831 no-

434 3844 714 3912 minativo,
752 3850 832 3906 sic
862 3853 1031 3909 etiam
1056 3856 1205 3909 nuda
1232 3872 1391 3928 genu.
1420 3861 1478 3916 In
1509 3879 1536 3915 c
1564 3863 1670 3919 duo
1701 3876 1825 3933 sunt
1848 3880 2013 3938 gene-

434 3935 510 3990 ris
542 3941 742 4007 neutri,
772 3950 825 3997 ut
852 3944 1024 4012 Mat,
1057 3949 1199 4018 quod
1224 3950 1445 4024 tangam
1479 3961 1585 4019 est,
1618 3964 1676 4009 ιιι
1704 3935 2008 4016 Martiails:

622 4046 873 4117 Capparin:
896 4063 951 4109 et
984 4058 1264 4125 pulrirepas
1288 4062 1463 4115 balece
1487 4073 1736 4133 natantes;

428 4156 513 4206 est
536 4158 712 4210 autem
740 4156 898 4214 balec
925 4177 1090 4231 genus
1128 4162 1320 4234 piscis;
1354 4176 1408 4222 et
1445 4169 1527 4222 lac
1561 4171 1729 4239 lactis,
1761 4170 1827 4229 de
1856 4172 2010 4247 cujus

426 4239 784 4301 declinatione
826 4246 1119 4308 dubitatur.
1168 4248 1224 4309 in
1259 4257 1294 4309 ιι
1334 4254 1438 4313 duo
1481 4271 1605 4317 sunt
1650 4275 1836 4321 neutra
1882 4239 2006 4324 cor-

422 4421 567 4508 quid.
599 4420 790 4493 siquid,
820 4431 1025 4500 nequid.
1062 4428 1124 4487 in
1152 4434 1207 4487 al
1234 4444 1535 4508 correptam
1566 4420 1837 4503 batinaet
1876 4453 2001 4506 bar-

422 4502 573 4621 bara,
607 4512 887 4621 masculini
916 4523 1126 4590 generis
1153 4524 1234 4581 vel
1278 4502 1475 4596 neutri,
1509 4540 1565 4586 ut
1594 4534 1677 4588 hic
1710 4502 1996 4609 Hannibal,
2027 4558 2080 4621 υ

420 4594 517 4653 Iw"
563 4602 812 4673 τνῖιηιηαί,
861 4613 1112 4681 cervical;
1155 4618 1246 4673 sed
1293 4628 1481 4678 neutra
1531 4644 1562 4679 α
1602 4628 1901 4697 producunt
1947 4637 1998 4691 in
2027 4594 2279 4723 "Simili

423 4692 649 4723 .d.l:....:..
690 4700 896 4723 ,ηηειηη
954 4697 975 4723 ἱ
1076 4704 1094 4723 ιι
1250 4713 1262 4723 .
1902 4722 1905 4723 ,

354 4778 366 4787 ⁸
421 4692 652 4765 obliquis
687 4700 917 4758 casibus.
954 4697 1012 4759 in
1041 4704 1094 4760 al
1130 4713 1446 4781 productam
1474 4734 1637 4772 unum
1672 4722 1996 4796 monosylla-

419 4785 543 4887 bum
576 4791 951 4861 masculinum,
981 4802 1038 4851 ut
1061 4799 1145 4853 hic
1173 4803 1271 4863 sal,
1300 4806 1441 4874 quod
1473 4812 1652 4865 tamen
1684 4813 1734 4866 in
1766 4785 1997 4887 obliquis

415 4877 627 4935 casibus
662 4884 972 4955 corripitur.
1011 4888 1066 4943 In
1111 4892 1158 4946 el
1201 4906 1502 4965 correptam
1545 4911 1737 4958 neutra
1774 4877 1993 4976 Latina,

415 4981 474 5026 ut
501 4976 597 5026 hoc
627 4977 740 5035 mel,
772 4976 861 5045 fel.
895 4977 951 5033 In
981 4980 1028 5033 el
1057 4985 1372 5051 productam
1400 4990 1652 5057 barbara,
1685 5004 1743 5048 ut
1770 4996 1992 5053 hic‘Da-

413 5059 538 5124 niel,
589 5060 834 5126 Michael,
878 5064 1106 5122 Gabriel.
1152 5072 1211 5125 In
1254 5075 1297 5127 il
1334 5088 1632 5147 correptam
1675 5088 1988 5155 masculina,

409 5148 495 5202 vel
523 5153 850 5218 communia,
892 5155 1077 5223 latina,
1112 5170 1169 5217 ut
1205 5163 1289 5217 hic
1313 5167 1478 5235 pugil,
1510 5170 1594 5223 lu'c
1623 5181 1677 5227 ct
1706 5174 1817 5228 liwc
1844 5148 1989 5248 vigil,

410 5247 464 5294 ct
496 5239 651 5303 nihil,
686 5252 934 5313 aptoton,
970 5250 1111 5317 quod
1137 5261 1220 5306 est
1253 5259 1607 5325 compositum
1637 5279 1667 5316 ει
1697 5280 1797 5319 non
1829 5239 1993 5322 Civ/ti;

408 5329 537 5392 lum.
563 5334 702 5402 quod
733 5336 849 5392 sine
874 5338 1035 5393 dubio
1058 5359 1251 5399 nomen
1284 5358 1385 5413 est,
1420 5350 1471 5404 id
1501 5360 1615 5418 est,
1650 5352 1832 5412 ullum.
1865 5354 1921 5414 In
1951 5360 1991 5414 il

406 5424 722 5489 productam
751 5445 914 5484 unum
952 5430 1240 5491 Etruscum
1277 5434 1590 5500 femininum
1611 5489 1625 5515 ,
1656 5458 1713 5503 ut
1749 5448 1859 5505 lucc
1886 5448 1988 5507 Ta-

406 5516 603 5585 naquil,
638 5518 689 5571 id
718 5529 833 5585 est,
871 5539 1008 5578 uxor
1034 5525 1313 5600 Tarquinii
1350 5530 1540 5590 Prisci.
1570 5537 1625 5592 In
1657 5540 1709 5594 ol
1736 5542 1988 5598 masculi-

403 5622 562 5671 num,
598 5608 878 5679 Latinum,
915 5625 969 5671 ut
1009 5618 1092 5673 hic
1121 5621 1227 5689 sol,
1259 5624 1401 5695 quod
1444 5620 1661 5700 Iungunt
1691 5643 1793 5688 est.
1832 5632 1889 5689 In
1929 5632 1984 5691 ul

401 5699 615 5756 brevem
648 5708 939 5764 masculina
975 5714 1056 5766 vel
1082 5719 1383 5773 communia
1416 5714 1631 5791 Latina,
1661 5735 1719 5781 ut
1746 5728 1829 5782 ln'c
1855 5747 1979 5785 con-

399 5794 482 5847 sul
510 5805 564 5856 et
588 5797 670 5855 hic
704 5810 759 5857 et
782 5801 892 5858 licet:
917 5800 1088 5863 exsul.
1122 5808 1181 5869 in
1209 5826 1296 5865 am
1330 5810 1552 5872 brevem
1580 5834 1745 5875 unum
1780 5822 1982 5881 desinit

2143 1965 2325 2019 tientia
2365 1966 2579 2020 nomina
2610 1966 2833 2038 genitivi
2858 1962 3033 2023 (ἔπ’ωεὶ
3074 1982 3239 2040 supra
3277 1968 3479 2025 dictum
3504 1976 3728 2026 servant

2144 2055 2399 2127 regulam,
2427 2057 2720 2128 penultima
2757 2061 3051 2117 secundum
3074 2060 3293 2119 (iuncos
3319 2070 3575 2119 manente
3603 2075 3729 2134 pro-

2140 2145 2302 2201 ducta
2342 2146 2428 2203 vel
2469 2159 2734 2219 correpta,
2779 2154 2843 2206 ut
2877 2148 3121 2207 Memnon
3170 2148 3494 2218 Memnonos,
3541 2151 3727 2209 Simon

2141 2234 2403 2305 Simonos,
2435 2236 2644 2295 Lucoon
2674 2240 2984 2309 anuontas,
3018 2240 3071 2299 id
3102 2250 3186 2300 est
3213 2242 3461 2301 Memnon
3488 2241 3725 2300 Memno-

2138 2328 2245 2395 nis,
2286 2324 2473 2384 Simon
2519 2329 2774 2398 Simonis,
2820 2342 3102 2404 correpta;
3148 2335 3362 2391 Lacoon
3408 2334 3719 2403 Lacoontis,

2136 2420 2428 2490 producta;
2481 2429 2536 2476 et
2582 2437 2754 2478 canon
2797 2439 3036 2481 canonis.
3079 2421 3138 2481 in
3168 2440 3232 2482 en
3259 2428 3557 2484 desinentia
3602 2445 3724 2485 cor-

2135 2522 2342 2583 reptam
2370 2510 2560 2570 Latina
2587 2524 2710 2570 sunt
2739 2516 3021 2573 masculini
3061 2521 3144 2575 vel
3178 2522 3355 2576 neutri
3399 2522 3633 2593 generis,
3658 2529 3721 2577 ut

2132 2606 2217 2660 hic
2240 2609 2452 2678 ﬂamen,
2478 2611 2738 2677 cornicen,
2764 2611 2976 2681 ﬁdicen,
3007 2614 3231 2681 tubicen,
3262 2616 3468 2680 tibicen,
3495 2617 3593 2671 hoc
3618 2634 3721 2672 nu-

2132 2716 2267 2764 men,
2300 2717 2529 2757 carmen.
2561 2703 2617 2758 In
2660 2720 2725 2760 en
2751 2705 3070 2775 productam
3112 2703 3307 2763 Latina
3351 2716 3474 2765 sunt
3502 2709 3717 2782 generis

2130 2793 2447 2859 masculini,»
2479 2800 2533 2850 ut
2570 2796 2652 2851 hic
2687 2797 2809 2863 lien,
2854 2800 2986 2866 rien,
3017 2798 3102 2855 vel
3129 2812 3220 2856 ren
3252 2803 3409 2868 renis,
3456 2802 3634 2874 splen;
3661 2812 3718 2862 et

2129 2882 2337 2949 Grieca,
2370 2878 2425 2939 iit
2451 2888 2536 2941 hic
2564 2888 2785 2955 Damen,
2818 2906 3011 2947 nomen
3043 2893 3320 2964 praprium
3354 2896 3632 2963 historici;
3659 2908 3715 2955 et

2130 2974 2332 3042 Seben,
2384 2990 2578 3034 nomen
2630 2978 2812 3037 herois
2857 2984 2987 3045 socii
3036 2985 3263 3057 Ulyssis,
3310 2989 3403 3057 qui
3452 2986 3717 3046 habitavit

2128 3059 2398 3133 Temesce,
2430 3078 2484 3123 et
2508 3070 2617 3125 licet:
2646 3074 2814 3139 siren,
2848 3072 2960 3128 haec:
2994 3075 3199 3132 Trlzen.
3230 3074 3292 3134 In
3317 3091 3384 3134 nr
3406 3088 3714 3153 cmeptam

2049 3200 2095 3270 c
2126 3156 2315 3261 Latina
2343 3167 2395 3214 et
2419 3158 2604 3270 Elimea
2636 3173 2695 3217 et
2719 3160 2951 3270 bailbara
2985 3164 3268 3270 masculini
3294 3164 3379 3225 vel
3411 3170 3592 3270 neutri

2130 3248 2294 3314 neris,
2328 3258 2385 3305 ut
2423 3250 2506 3306 hic
2531 3249 2736 3322 Cresam
2772 3255 2856 3309 hic
2880 3256 3079 3323 bostar,
3116 3259 3215 3312 hoc
3245 3270 3440 3325 nectar,
3477 3263 3575 3315 hoc
3604 3261 3713 3316 eat-

2122 3344 2246 3405 car;
2280 3339 2374 3396 sed
2405 3350 2619 3409 neutra,
2652 3344 2697 3400 si
2730 3340 3027 3403 derivativa
3068 3358 3226 3417 sunt,
3254 3352 3558 3421 producunt
3591 3370 3623 3407 a
3650 3355 3707 3411 in

2119 3432 2352 3504 obliquis
2392 3438 2638 3506 casibus;
2678 3456 2709 3495 a
2737 3438 2861 3512 lupa
2892 3441 3136 3513 lupanar,
3169 3443 3475 3516 lupanaris;
3503 3462 3532 3501 a
3556 3442 3706 3514 iam,
3777 3436 3783 3441 ’

2117 3528 2339 3584 lacunar
2377 3531 2680 3600 lacunaria;
2724 3544 2755 3588 ιι
2802 3530 3016 3605 laqueo,
3068 3532 3285 3609 laquear
3332 3537 3626 3609 laqueatis;
3672 3554 3703 3592 ει

2115 3616 2286 3687 Caice,
2324 3622 2503 3677 calcar
2539 3623 2780 3682 calcaria.
2820 3624 2880 3680 in
2918 3642 2981 3680 ar
3002 3626 3318 3698 productam
3355 3622 3548 3685 Latina
3582 3640 3703 3686 ma-

2112 3714 2305 3773 8Clllittl
2340 3716 2425 3771 vel
2456 3718 2636 3773 neutri
2673 3720 2757 3774 vel
2785 3720 3083 3776 communis
3110 3722 3346 3792 generis,
3378 3731 3433 3777 et
3463 3731 3587 3777 sunt
3614 3722 3698 3778 vel

2113 3807 2510 3879 monosyllaba,
2544 3808 2629 3864 vel
2660 3822 2726 3866 ex
2754 3810 3139 3884 monosyllabis
3170 3815 3494 3886 composita,
3530 3823 3589 3870 ut
3615 3816 3698 3870 hic

2114 3891 2255 3961 Nar,
2291 3891 2478 3964 Naris,
2514 3897 2567 3954 id
2603 3906 2686 3955 est
2718 3914 2915 3957 nomen
2950 3900 3129 3971 ﬂuvii,
3170 3905 3313 3977 quod
3338 3912 3393 3961 et
3431 3920 3464 3960 α
3494 3904 3694 3977 produ-

2112 3990 2252 4041 Ctam
2281 3997 2461 4043 servat
2490 3990 2541 4044 in
2569 3991 2800 4062 obliquis
2825 3996 3070 4063 casibus;
3105 4004 3160 4053 ‘e‘t
3185 3997 3281 4053 hoc
3309 4000 3563 4067 torcular,
3600 4002 3697 4063 hoc

2109 4076 2371 4147 pulvinar,
2402 4080 2499 4134 hoc
2525 4082 2611 4151 far
2634 4084 2812 4154 farris,
2843 4088 2982 4157 quod
3008 4090 3276 4159 positione
3297 4092 3611 4162 producitur
3638 4093 3693 4149 in

2108 4168 2374 4238 obliquis;
2415 4172 2498 4225 hic
2536 4180 2592 4227 ct
2620 4174 2730 4228 Iure
2767 4182 2821 4230 et
2849 4176 2945 4230 hoc
2971 4195 3089 4248 par,
3122 4178 3322 4252 dispar,
3354 4182 3540 4253 impar,
3574 4196 3691 4252 quin

2109 4276 2142 4312 a
2170 4261 2469 4330 corripiunt
2499 4263 2553 4317 in
2580 4264 2833 4335 obliquis.
2867 4264 3119 4339 Virgilius
3151 4271 3204 4325 in
3230 4271 3481 4328 Bucolica
3509 4291 3524 4329 :

2350 4368 2564 4424 Numero
2590 4374 2729 4427 Deus
2753 4380 2939 4443 impare
2972 4382 3178 4443 gaudet.

2107 4470 2359 4529 Lucanus
2386 4477 2441 4531 in
2470 4494 2565 4532 vni
2595 4498 2606 4533 :

2289 4564 2421 4630 Ergo
2441 4573 2540 4631 pari
2567 4577 2677 4621 voto
2697 4581 2748 4623 et
2768 4575 2968 4636 paribus
2984 4590 3042 4627 se
3062 4578 3262 4631 sustulit
3281 4585 3398 4634 arts.

2284 4678 2384 4735 ter,
2416 4671 2499 4726 lar
2529 4673 2675 4730 laris.
2709 4675 2928 4734 Plautus
2957 4699 2972 4736 :

2351 4761 2455 4824 Ego
2479 4778 2584 4814 sum
2604 4765 2679 4816 lar
2713 4768 2978 4821 familiaris.

2101 4861 2359 4935 Virgilius
2383 4885 2397 4922 ι

2226 4978 2659 5045 Pergameumque
2692 4984 2863 5048 larem,
2888 4994 2941 5039 et
2958 4998 3092 5041 canae
3108 4994 3383 5056 penetralia
3410 4992 3593 5049 Vestae.

2094 5075 2400 5135 Notandum
2423 5086 2565 5154 quod
2592 5086 2647 5140 in
2672 5106 2788 5152 nar,
2815 5090 2859 5144 si
2887 5107 3076 5146 nasum
3103 5093 3328 5150 velimus
3352 5096 3679 5168 signiﬁcare,

2095 5166 2286 5224 melius
2332 5173 2722 5229 nomiuatimm
2763 5178 2992 5233 similem
3041 5180 3275 5251 genitivo
3324 5166 3678 5255 proferemus,

2092 5262 2152 5309 ut
2184 5258 2294 5311 hmo
2330 5264 2494 5327 naris,
2536 5260 2694 5336 hujus
2740 5270 2903 5337 naris,
2952 5280 3013 5327 ut
3046 5270 3271 5330 Ovidius
3318 5277 3372 5331 in
3414 5290 3465 5332 vi
3513 5274 3679 5336 Meta-
3764 5303 3775 5312 ε

2092 5346 2449 5414 morphoscon
2481 5370 2492 5404 :

2218 5434 2493 5492 Dtﬁuxere
2515 5457 2665 5496 comae
2689 5456 2797 5499 eum
2814 5453 2932 5514 quis
2954 5458 3009 5505 et
3033 5458 3162 5506 naris
3187 5462 3240 5508 et
3262 5466 3426 5509 aures.

2093 5538 2345 5600 Lu0anus
2374 5545 2426 5601 iu
2458 5566 2508 5603 xx
2537 5554 2826 5621 genitivum
2856 5557 3080 5626 protulit
3111 5578 3124 5614 :

2216 5652 2304 5770 Hic
2328 5673 2493 5774 autres,
2516 5664 2638 5716 alius
2660 5671 2921 5731 Spiramiua
2945 5676 3077 5723 naris
3095 5675 3298 5726 adunca

2262 5736 2370 5774 ιιιυιι
2399 5737 2422 5772 ιι
2453 5762 2461 5772 .

2262 5736 2461 5783 Inputat.

2086 5816 2147 5885 In
2172 5842 2230 5883 er
2266 5838 2569 5903 correptam
2600 5830 2882 5901 feminina,
2924 5836 3238 5907 masculina,
3269 5838 3323 5897 el
3361 5850 3582 5910 neutra,
3611 5846 3669 5902 et
