4100 6324
529 357 632 414 639

1195 367 1254 423 Β.
1292 370 1546 429 ΒΑΒΑΝΙ
1582 375 1800 436 MAURI
1836 377 2151 454 ARCHIEP.
2194 390 2500 452 MOGUNT.
2544 398 2830 457 OPERUM
2867 405 3046 464 PARS
3085 408 3168 464 Ill.

3665 428 3771 483 640

528 481 585 526 ω
620 474 702 527 hic
738 485 791 530 et
828 483 940 532 ’πθ
979 489 1034 536 et
1073 485 1169 539 ¹⁸⁰⁶
1203 488 1420 558 ίηιιιιίεε,
1463 493 1820 579 “iambum
1858 501 2090 572 obliquis
2116 507 2168 568 A
2191 508 2382 575 cruris,
2403 511 2498 581 jus
2515 514 2674 584 juris,
2705 517 2824 586 plus
2850 520 3038 590 pluris,
3070 525 3189 580 thus
3220 529 3417 598 thuris;
3445 547 3497 589 et
3522 553 3767 598 commu-

528 564 888 598 nnn-intnna..-
917 571 1164 598 ..:....:i:..._
1216 577 1350 598 -:-__.
1386 597 1389 598 ,
1579 584 1611 598 ..
1722 595 1731 598 _

1984 564 2000 572 '
2117 564 2168 568 ﬁ
2369 564 2382 575 '
2403 564 2424 581 "
2459 564 2492 566 "
2515 564 2674 584 """’
2705 564 2823 586 Γ’“⁷’
2850 564 3038 590 τ”””’⁹
3070 564 3188 580 ”’¹”⁹
3220 564 3412 598 "’“"°a
3445 564 3497 589 CI-
3522 564 3766 598 ωιιιωιι-

525 564 888 634 corripiuutur
917 571 1184 641 similiter,
1213 577 1352 632 sicut
1377 597 1464 650 pes
1492 584 1656 652 pedis,
1684 564 1827 642 et.ex
1855 604 1920 646 eo
1948 607 2097 647 com-
2194 598 2351 655 nibus
2385 602 2491 670 his,
2521 605 2606 659 hic
2623 614 2679 662 et
2697 609 2808 662 htec
2826 627 2974 680 grus,
2996 623 3052 670 et
3071 617 3154 670 hic
3180 627 3234 673 et
3262 622 3374 676 hare
3399 642 3507 690 sua,
3538 647 3660 700 qua;
3679 642 3766 692 ιι.

525 655 712 700 nnsita-
743 657 995 700 Vir-oili":
1021 681 1033 692 -
2371 690 2388 700 .
2505 695 2517 700 _
2637 699 2645 700 ,
2675 699 2681 700 ,

522 655 713 723 posita.
743 657 995 730 Virgilius
1020 681 1033 716 :

650 767 758 820 Stat
779 773 976 835 sonipes
999 787 1054 824 ac
1074 775 1213 827 frena
1237 779 1374 831 ferox
1393 788 1663 846 spumantia
1689 789 1888 841 mandit.

517 873 788 931 iuvenalis
817 877 871 931 in
901 887 1092 948 quarto
1120 900 1133 936 :

639 987 900 1052 Squalidus
917 993 966 1042 in
989 1007 1163 1058 magna
1186 996 1368 1051 fastidit
1385 1007 1620 1066 compede
1646 1007 1800 1059 fossor

508 1089 639 1146 Item
669 1093 922 1164 Virgilius
958 1097 1011 1152 in
1044 1101 1202 1156 tertio
1229 1102 1599 1164 Bucolicorum
1633 1127 1647 1164 :

637 1184 859 1236 Creditur
883 1189 989 1251 ipse
1005 1191 1152 1253 aries,
1179 1201 1229 1242 et
1243 1193 1342 1254 jam
1363 1210 1489 1248 nunc
1509 1201 1690 1252 vellera
1715 1207 1885 1259 siccat.

505 1286 645 1342 idem
675 1289 730 1343 in
765 1292 997 1347 secundo
1022 1293 1159 1350 libro
1188 1295 1448 1354 IEneidos
1479 1319 1490 1354 :

628 1400 860 1453 Custodes
878 1404 1085 1456 sufferre
1107 1406 1290 1471 valent,
1316 1410 1442 1461 labat
1456 1414 1612 1464 ariete
1635 1419 1829 1471 crebro.

497 1501 628 1559 item
653 1503 905 1576 Virgilius
934 1509 989 1564 in
1016 1509 1211 1581 Ecloga
1241 1528 1313 1567 vn
1345 1532 1357 1567 :

528 1603 538 1612 ’
626 1616 840 1680 Pepulus
859 1622 908 1669 in
927 1621 1103 1686 ﬂuviis,
1126 1622 1262 1674 abies
1283 1625 1332 1674 in
1350 1628 1595 1680 montibus
1617 1631 1746 1683 altis.

491 1714 636 1772 idem
659 1718 713 1773 in
743 1736 782 1774 ιι
810 1719 1072 1778 Ᾱῐηθίεἰοε
1102 1743 1116 1778 :

615 1827 882 1894 Ediﬁcant,
910 1841 1140 1897 sectaque
1166 1838 1395 1889 intexunt
1413 1840 1579 1892 abiete
1601 1851 1776 1897 costas.

2191 702 2318 744 men
2354 690 2461 748 duo
2497 695 2554 750 in
2599 699 2832 769 obliquis
2870 706 3257 777 corripiuntur,
3297 722 3352 769 et
3398 690 3572 788 hujus.
3595 690 3764 795 gruis,

2188 778 2347 849 hujus
2369 784 2499 838 suis.
2527 784 2781 859 Virgilius
2809 792 2861 846 in
2894 811 2926 849 x
2958 794 3217 856 Eneidos
3242 819 3257 859 :

2371 873 2650 938 Strymoniae
2680 881 2794 932 dant
2820 885 2955 946 signa
2977 900 3144 948 grues.
3175 929 3187 941 .
3215 931 3229 944 .
3255 931 3267 943 .
3291 931 3304 947 .

2185 949 2253 1004 Et
2281 949 2556 1024 Horatius,
2598 960 2916 1021 Sermonum
2944 967 3038 1024 lib.
3068 987 3138 1028 ιιι

2371 1083 2382 1094 .
2426 1085 2453 1118 ._
2476 1083 2491 1098 .
2527 1088 2540 1100 .
2576 1053 2828 1118 Discerpta
2852 1059 3073 1112 ferentes

2306 1107 2523 1160 Membra
2549 1118 2685 1175 gruis
2707 1107 2858 1180 sparsi
2880 1107 3161 1177 sale'mnlto
3181 1142 3276 1180 non
3294 1133 3402 1184 sine
3424 1135 3556 1190 farre

2179 1182 2346 1241 Palus
2370 1206 2580 1263 quoque
2605 1198 2815 1266 paludis
2836 1207 3146 1276 corripitur,
3179 1221 3234 1265 ut
3258 1182 3546 1287 Virgilius;

2309 1316 2322 1329 .
2364 1317 2376 1329 .
2417 1320 2426 1330 .
2465 1317 2482 1335 .
2515 1287 2811 1354 Sterilisque
2833 1295 2912 1344 diu
2941 1298 3093 1363 palus,
3120 1311 3327 1367 aptaque
3362 1312 3530 1361 remis.

2175 1357 2230 1412 lu
2266 1377 2324 1430 ys
2353 1361 2538 1422 Graeca
2569 1374 2863 1431 masculina
2892 1357 2974 1433 vel
3013 1357 3266 1439 feminina
3296 1407 3308 1441 :
3337 1391 3422 1444 hic
3450 1357 3751 1464 amphibra-

2175 1455 2317 1524 chys,
2364 1457 2522 1529 huius
2555 1467 2969 1542 amphibrachys,
3013 1476 3098 1530 hic
3128 1495 3303 1550 capys,
3347 1484 3506 1556 hujus
3537 1455 3746 1562 ucapyis,

2173 1545 2283 1600 haec
2335 1551 2581 1623 erinnys,
2629 1561 2878 1631 eriuuyis.
2929 1565 2986 1620 In
3037 1586 3108 1622 tes
3157 1545 3524 1647 diphthongon
3578 1545 3775 1650 u'n‘unr

2172 1639 2524 1697 masculinum
2562 1645 2832 1717 Latinum,
2877 1653 2960 1708 hic
2997 1675 3151 1723 pnes,
3193 1663 3352 1733 hujus
3387 1671 3599 1737 pra-dis,
3646 1675 3745 1728 hoc

2173 1744 2264 1792 (es,
2294 1729 2451 1801 hujus
2477 1737 2618 1803 teris,
2663 1739 2814 1808 cujus
2836 1744 3125 1812 pluralium
3151 1752 3350 1824 obliqui
3380 1758 3434 1812 in
3463 1775 3590 1815 raro
3616 1772 3746 1820 sunt

2092 1861 2140 1922 Β
2173 1834 2293 1885 usu,
2337 1831 2396 1876 ut
2428 1842 2556 1893 tera,
2597 1846 2842 1898 terarum,
2889 1839 3098 1895 mribus.
3142 1842 3200 1896 In
3237 1862 3334 1900 aus
3374 1849 3742 1925 diphthongon

577 1932 590 1944 ο
1656 1952 1667 1963 ,
1993 1958 2004 1970 ,
2051 1961 2064 1973 ,
2092 1908 2140 1922 ⁵¹
2169 1908 2357 1965 Latina
2387 1916 2490 1970 duo
2518 1916 2770 1977 feminina
2803 1943 2814 1977 :
2843 1926 2954 1980 [nec
2984 1928 3120 1998 laus,
3167 1932 3374 2004 laudis;
3420 1908 3531 1996 iure
3569 1908 3738 2015 frdJus,

577 1949 616 1986 is
644 1943 948 2005 correptam
991 1947 1102 1994 tam
1129 1939 1315 1998 Grazca
1349 1961 1509 2015 quam
1549 1949 1739 2007 Latina
1780 1957 2066 2015 masculini
2175 2000 2196 2015 ρ
2312 2003 2342 2015 ..
2429 2006 2449 2015 -
2649 2013 2677 2015 -.

486 1929 544 1985 ln
571 1932 616 1986 is
644 1943 948 2005 correptam
991 1947 1102 1994 tam
1129 1939 1315 1998 Grazca
1349 1961 1509 2015 quam
1549 1949 1739 2007 Latina
1780 1957 2066 2015 masculini

487 2025 716 2091 generis,
766 2027 848 2081 vel
893 2027 1158 2098 feminini,
1200 2035 1282 2088 vel
1319 2041 1638 2107 communis,
1683 2053 1740 2098 ut
1767 2047 1850 2101 hic
1881 2047 2062 2120 Paris,

485 2111 717 2182 Paridis,
758 2118 841 2172 vel
871 2119 1045 2187 Paris,
1087 2123 1172 2177 hic
1199 2125 1364 2194 collis,
1401 2130 1561 2200 hujus
1589 2133 1756 2202 collis,
1789 2141 1901 2194 haec
1933 2111 2066 2197 The;

483 2203 582 2268 dis,
613 2204 857 2272 Thetidis,
896 2211 1008 2265 htec
1043 2216 1233 2284 cuspis,
1264 2219 1512 2288 cuspidis,
1543 2222 1628 2276 hic
1653 2235 1708 2280 et
1746 2228 1858 2282 hazc
1894 2231 2060 2300 utilis,

478 2293 636 2363 hujus
675 2297 836 2352 utilis.
869 2300 928 2354 ln
954 2303 999 2355 is
1029 2298 1343 2373 productam
1375 2309 1561 2366 Graeca
1608 2323 1663 2369 et
1703 2315 1916 2387 Latina,
1948 2338 2062 2378 ma-

477 2385 704 2454 sculina,
748 2390 832 2444 vel
874 2391 1155 2464 feminina,
1196 2399 1659 2472 vel'communia;
1712 2409 1795 2464 hic
1835 2385 2057 2485 delphis,

475 2477 750 2548 delphinis,
799 2483 882 2536 hic
929 2485 1049 2540 Aris
1095 2490 1454 2564 (proprium),
1504 2497 1664 2566 hujus
1703 2477 2057 2568 Arinisphcec'

473 2571 676 2637 soteris,
709 2574 968 2641 soterinis,
995 2578 1078 2631 hic
1105 2579 1200 2635 Dis
1225 2582 1299 2653 (id
1326 2593 1431 2651 est,
1462 2590 1738 2659 proprium
1765 2592 2053 2670 Plutonis),

471 2659 627 2730 hujus
659 2663 816 2732 Ditis,
851 2677 907 2722 et
945 2670 1028 2723 hic
1057 2681 1112 2727 et
1155 2675 1266 2730 hwc
1297 2679 1378 2732 dis
1410 2679 1852 2759 (appellativum),
1891 2659 2052 2760 hujus

470 2751 613 2816 ditis,
646 2754 755 2808 haec
795 2758 890 2824 vis,
936 2760 1096 2831 hujus
1135 2766 1230 2828 vis,
1260 2767 1344 2821 hic
1381 2769 1502 2840 glis,
1545 2772 1714 2842 gliris,
1744 2751 1830 2830 hic
1859 2788 1915 2834 et
1939 2751 2051 2836 haec

469 2843 702 2912 Samnis,
729 2847 1003 2918 Samnitis,
1029 2855 1141 2909 ha’c
1169 2857 1253 2926 lis,
1283 2859 1408 2914 litis.
1440 2861 1495 2916 in
1525 2880 1582 2918 os
1609 2877 1914 2938 correptam
1938 2881 2049 2928 tam

465 2935 652 2994 Gmca
678 2955 838 3010 quam
864 2944 1075 3012 Latina,
1113 2952 1427 3021 masculina,
1454 2966 1663 3022 neutra,
1693 2961 1775 3015 vel
1801 2978 2047 3020 commu-

465 3034 572 3099 nia,
603 3037 687 3090 hic
726 3037 905 3106 Delos,
949 3043 1095 3099 Delei
1138 3063 1158 3100 :
1205 3058 1258 3104 et
1297 3052 1474 3106 omnia
1517 3057 1879 3125 corripiuntur
1907 3060 1962 3116 in
1988 3079 2046 3116 os

2167 2000 2387 2068 fraudis.
2428 2006 2484 2061 ln
2512 2026 2603 2065 eus
2630 2013 2994 2090 diphthongon
3026 2023 3322 2084 desinentia
3354 2000 3737 2107 'Grzeca'sun‘t;

2163 2108 2225 2145 us
2256 2093 2309 2147 in
2331 2096 2349 2148 i
2371 2102 2630 2156 mutantia
2659 2104 2711 2158 in
2751 2109 3008 2177 genitivo,
3057 2122 3117 2169 ut
3145 2116 3232 2172 hic
3263 2119 3496 2191 Titheus,
3537 2093 3739 2196 Tithei

2163 2181 2248 2235 vel
2272 2200 2362 2238 eus
2392 2187 2756 2264 diphthongon
2784 2197 2840 2250 in
2867 2215 2921 2253 es
2961 2201 3176 2273 longam
3207 2218 3444 2266 mutatur
3461 2181 3600 2284 apud

2163 2273 2323 2340 tinos,
2345 2286 2402 2331 ut
2418 2280 2704 2354 Ἀχιλλεὺς,
2720 2287 2973 2358 Achilles,
3003 2301 3222 2370 Περσεὺς
3244 2300 3455 2370 Perses,
3479 2273 3731 2379 enititur,

2163 2361 2364 2434 Ulixes,
2397 2369 2551 2438 cujus
2576 2377 2865 2446 genitivum
2894 2382 2947 2437 in
2980 2386 3029 2439 ei
3056 2361 3261 2456 profert
3305 2393 3526 2454 Ovidius
3560 2402 3612 2454 in
3642 2361 3733 2458 xxi

2158 2452 2655 2528 Metamorphoseon
2681 2485 2696 2520 :

2276 2567 2498 2634 Neritus,
2525 2575 2775 2631 Macareus
2794 2596 2960 2637 comes
2984 2595 3293 2654 experientis
3317 2596 3478 2650 Ulixei
3503 2615 3517 2662 ;

2153 2683 2219 2724 ex
2249 2687 2355 2742 quo
2379 2689 2603 2747 apparet
2634 2681 2854 2742 Latinos
2895 2706 3105 2762 quoque
3144 2705 3253 2752 tam
3285 2700 3340 2754 in
3362 2719 3452 2758 eus
3479 2721 3640 2774 quam
3671 2710 3727 2764 in

2150 2781 2202 2819 es
2228 2767 2345 2824 haec
2369 2774 2582 2828 nomina
2615 2778 2800 2835 solitos
2828 2798 2944 2839 esse
2979 2788 3239 2854 proferre.
3280 2794 3337 2848 In
3379 2813 3474 2852 ans
3514 2815 3727 2870 quoque

2148 2856 2230 2909 vel
2271 2857 2325 2912 in
2351 2877 2460 2929 ens,
2497 2865 2582 2919 vel
2607 2868 2661 2921 in
2683 2885 2795 2935 ons,
2825 2873 2908 2927 vel
2947 2875 3000 2930 in
3028 2894 3124 2933 uns
3154 2881 3451 2940 desinentia
3483 2891 3724 2958 nomina,

2145 2959 2360 3016 semper
2409 2960 2463 3006 et
2507 2953 2561 3007 in
2613 2959 2944 3017 nominativo
2999 2969 3263 3036 positione
3315 2981 3723 3037 consonantium

2143 3039 2531 3110 producuntur,
2579 3056 2739 3118 atque
2765 3052 2888 3109 inde
2917 3056 2971 3110 in
3001 3063 3212 3118 caeteris
3237 3066 3452 3124 casibus
3491 3070 3605 3127 sive
3628 3088 3724 3144 pe-

463 3125 758 3183 desinentia
805 3130 1006 3199 Grazca,
1052 3152 1170 3206 qua:
1197 3140 1248 3193 in
1279 3143 1516 3212 genitivo
1544 3146 1912 3221 diphthongon
1947 3153 2042 3207 ha-
2144 3128 2426 3187 mmmam
2481 3151 2593 3191 S'Ve
2655 3146 3132 3247 θηιθβθξιυηιῐηθηι
3181 3159 3454 3265 .POSllione
3507 3177 3723 3265 semper

463 3216 694 3265 hucrint-
731 3220 827 3265 hnc
856 3239 927 3265 ne,
977 3225 1131 3265 lmine
1171 3231 1299 3265 nea-ie
1354 3235 1492 3265 "una
1543 3236 1700 3265 AI:nm
1735 3240 1825 3265 1...-
1870 3258 2033 3265 --------
2067 3211 2112 3265 C
2144 3217 2353 3265 longam
2380 3223 2577 3265 hiabant
2634 3239 2682 3265 nl
2715 3248 2892 3265 nmnm
2923 3249 3042 3265 οη...
3078 3241 3098 3265 1
3122 3252 3222 3265 -.-η
3245 3262 3256 3265 -
3341 3263 3348 3265 _

2788 3211 2795 3212 ,
3191 3211 3207 3224 .
3361 3211 3449 3215 v~-
3508 3211 3713 3233 -----ι-ι”-

460 3216 695 3284 buerim,
731 3220 827 3274 hoc
856 3239 931 3290 os,
977 3225 1131 3295 hujus
1170 3211 1318 3295 assis,
1354 3235 1494 3302 quod
1541 3211 1700 3291 etiam
1729 3211 1825 3293 ἠοὲ
1863 3258 2038 3298 “sum
2067 3211 2112 3275 C
2144 3217 2687 3322 longam.habent,ct
2715 3235 2894 3290 omnia
2922 3249 3046 3294 sunt
3076 3241 3284 3312 Latina,
3329 3257 3382 3303 et
3410 3255 3717 3322 masculini,

458 3309 663 3378 antiqui
707 3314 1065 3384 protulerant,
1103 3320 1186 3374 hic
1234 3330 1286 3376 et
1316 3324 1444 3390 .ha’c
1487 3343 1716 3399 compos,
1762 3337 2034 3405 compotis.

458 3398 662 3456 Seneca
707 3403 761 3458 in
791 3403 1016 3464 Phaedra
1045 3425 1061 3463 :
1092 3423 1324 3484 compote
1353 3425 1505 3483 voto;
1549 3398 1606 3474 et
1632 3429 1718 3478 est
1758 3398 2032 3483 adonium.

456 3489 510 3544 ln
542 3510 597 3545 os
625 3496 942 3562 productam
971 3500 1158 3558 Graeca
1185 3512 1240 3558 et
1281 3504 1476 3564 Latina
1507 3515 1807 3582 masculini,
1837 3519 1923 3573 vel
1952 3519 2034 3575 fe-

456 3581 664 3648 minini,
696 3586 780 3640 vel
807 3594 1132 3661 communis,
1160 3595 1245 3650 vel
1276 3601 1449 3654 neutri
1478 3606 1714 3673 generis,
1743 3609 1829 3662 hic
1857 3611 2032 3678 heros,

450 3668 608 3738 hujus
652 3674 841 3744 herois,
886 3680 970 3734 hic
1000 3699 1172 3753 nepos,
1206 3690 1426 3758 nepotis,
1456 3668 1568 3747 hinc
1592 3696 1705 3762 dos,
1734 3699 1891 3766 dotis,
1920 3703 2033 3756 htec

449 3776 549 3818 cos,
597 3766 742 3828 cotis,
785 3767 868 3821 hic
911 3769 1072 3842 lepos,
1113 3775 1322 3846 leporis,
1363 3799 1474 3837 mos
1504 3789 1685 3854 moris,
1726 3792 1823 3859 [los
1861 3793 2026 3861 ﬂoris,

450 3865 534 3902 ros
560 3853 714 3919 roris,
757 3855 840 3909 hic
866 3867 920 3914 et
950 3861 1060 3916 hwc
1088 3864 1198 3931 bos,
1229 3867 1368 3924 bovis
1393 3873 1555 3943 (quod
1586 3877 1638 3930 in
1667 3853 1905 3948 genitivo
1935 3853 2030 3951 pe;

447 3938 727 3998 nultimam
755 3949 1020 4023 corripit),
1050 3955 1145 4008 hos
1187 3974 1264 4024 os,
1301 3938 1561 4028 oris,_'hic
1592 3976 1646 4020 et
1667 3938 1801 4024 vhaac
1830 3982 2025 4039 custos,

446 4033 692 4099 custodis,
720 4037 802 4092 hic
827 4049 883 4095 et
907 4042 1017 4098 haec
1046 4051 1310 4119 sacerdos,
1342 4057 1649 4125 sacerdotis,
1675 4061 1840 4131 impos
1867 4065 2028 4135 impo-

443 4123 528 4177 tis.
558 4125 616 4179 ln
645 4144 706 4182 us
731 4145 1035 4204 correptam
1062 4138 1278 4208 Latina,
1309 4149 1610 4216 masculini,
1640 4153 1722 4206 vel
1753 4154 2023 4225 feminini,

445 4217 524 4270 vel
551 4223 749 4287 neutri,
775 4226 860 4281 vel
883 4233 1204 4297 communis,
1235 4235 1397 4290 duum
1426 4241 1510 4294 vel
1541 4244 1700 4297 trium
1727 4235 1981 4315 generum
2006 4271 2019 4306 :

441 4307 524 4364 hic
553 4309 716 4380 lepus,
758 4317 843 4371 hic
880 4320 1019 4388 pius,
1060 4337 1289 4392 sanctus,
1325 4329 1524 4398 justus,
1567 4336 1776 4405 dignus,
1807 4341 1917 4396 htec
1946 4362 2026 4400 ve-

2137 3310 2223 3364 vel
2253 3310 2516 3383 feminini,
2549 3321 2631 3374 vel
2657 3330 2958 3385 communis
2992 3337 3224 3402 generis,
3266 3350 3325 3394 ut
3351 3342 3435 3396 hic
3463 3345 3713 3415 dodrans,

2137 3401 2435 3472 quadrans;
2470 3409 2580 3463 haec
2609 3412 2781 3481 glans,
2827 3401 3072 3490 glandis;
3092 3425 3176 3480 hic
3200 3401 3254 3483 et
3289 3431 3398 3484 haec
3431 3435 3603 3490 ethoc

2136 3491 2291 3560 fans;
2318 3495 2403 3550 hic
2424 3499 2594 3568 ufens,
2622 3504 2734 3558 lucc
2769 3524 2934 3576 mens,
2976 3513 3060 3567 hic
3083 3524 3139 3570 et
3179 3519 3290 3574 haec
3314 3538 3525 3592 parens,
3551 3527 3634 3580 hic
3657 3537 3716 3583 et

2133 3583 2244 3638 htec
2282 3589 2460 3644 ethoc
2497 3596 2755 3664 prudens,
2803 3604 3026 3672 sapiens,
3065 3608 3150 3663 hic
3190 3583 3360 3681 mons,
3396 3583 3522 3671 hinc,
3543 3618 3709 3689 frons,

2130 3681 2216 3734 hic
2241 3690 2297 3737 et
2320 3683 2431 3739 hwc
2458 3696 2514 3742 et
2539 3690 2636 3746 hoc
2661 3694 2859 3762 insons,
2901 3708 2956 3754 et
2988 3719 3109 3758 sons
3139 3709 3333 3773 sontis,
3371 3710 3455 3765 hic
3497 3731 3704 3772 arruns.

2133 3771 2394 3830 Similiter
2421 3788 2477 3833 et
2517 3780 2569 3834 in
2599 3800 2718 3851 ars,
2759 3789 2841 3842 vel
2875 3791 2929 3845 in
2973 3810 3085 3861 ers,
3130 3797 3214 3852 vel
3243 3815 3350 3866 ors,
3383 3801 3467 3856 vel
3505 3804 3560 3858 in
3590 3822 3706 3873 urs,

2128 3865 2212 3919 vel
2245 3866 2298 3920 in
2327 3868 2430 3936 uls,
2461 3875 2803 3932 terminantia
2833 3883 3279 3960 positionelonga
3309 3901 3455 3959 sunt,
3497 3903 3553 3949 et
3576 3905 3705 3953 sunt

2127 3955 2317 4014 Latina
2349 3965 2649 4032 masculini,
2698 3971 2781 4023 vel
2808 3971 3069 4038 feminini,
3101 3979 3181 4034 vel
3209 3985 3511 4040 communis
3539 4002 3700 4057 gene-

2126 4050 2220 4114 ris,
2245 4061 2305 4106 ut
2340 4055 2422 4108 hic
2467 4057 2634 4126 Mars,
2681 4062 2792 4116 ha'c
2834 4083 2939 4130 ars,
2977 4069 3060 4123 hic
3088 4080 3141 4125 et
3179 4075 3290 4128 hinc
3331 4078 3506 4132 ethoc
3535 4081 3695 4149 iners,

2123 4139 2326 4208 inertis,
2355 4144 2438 4197 hic
2463 4146 2688 4214 Mavors,
2739 4154 2848 4208 haec
2875 4158 3079 4224 cohors,
3103 4163 3213 4216 htec
3239 4183 3371 4228 sors,
3405 4170 3488 4223 hic
3511 4179 3565 4226 et
3588 4174 3699 4226 lure

2122 4234 2296 4287 ethoc
2338 4252 2569 4304 concors,
2606 4244 2688 4295 hic
2731 4253 2785 4299 et
2819 4248 2930 4302 htec
2975 4260 3026 4305 et
3067 4255 3162 4308 hoc
3195 4256 3400 4326 Tiburs,
3449 4262 3695 4331 Tiburtis,

2122 4325 2263 4390 quod
2289 4333 2466 4383 tamen
2490 4341 2543 4384 et
2572 4336 2768 4402 gentile
2798 4347 2917 4406 est;
2945 4343 3057 4396 htec
3077 4346 3214 4415 puls,
3252 4325 3411 4420 hujus
3431 4355 3608 4423 pultis.
3637 4325 3693 4411 ln

440 4411 558 4460 ηαδ,
587 4399 696 4453 htec
721 4420 925 4469 manus,
957 4408 1054 4463 hoc
1094 4422 1311 4485 tempus,
1343 4435 1544 4490 nemus,
1591 4441 1798 4495 munus,
1844 4432 1928 4486 hic
1968 4443 2022 4490 et

440 4484 547 4519 Imm
579 4485 734 4519 lin..-
795 4492 992 4519 t:_-._.--
1054 4501 1102 4519 ι-
1195 4513 1206 4519 -
1258 4507 1269 4519 .
1504 4512 1515 4519 .

2578 4399 2594 4402 _
2905 4399 2915 4406 ,
3077 4399 3087 4415 ,
3176 4399 3214 4413 κ,
3431 4399 3608 4423 rw.-.

2142 4433 2226 4472 'ms
2250 4432 2554 4492 correptam
2597 4444 2763 4484 unum
2786 4430 3125 4503 femininum,
3169 4440 3278 4495 htec
3304 4444 3484 4500 hiems.
3522 4448 3694 4519 Virgi-

436 4484 547 4537 hwc
571 4485 754 4557 Ligur,
785 4492 1016 4564 Liguria,
1045 4501 1130 4555 hic
1158 4484 1212 4559 et
1248 4507 1360 4561 hmc
1401 4519 1457 4566 et
1493 4484 1592 4568 hoc
1620 4484 2010 4586 vetus,'veteri3.
2039 4556 2092 4616 Β
2119 4508 2223 4564 lius
2249 4511 2302 4564 in
2324 4527 2341 4564 ι
2367 4511 2562 4587 Georg.
2591 4537 2604 4571 :

436 4570 490 4616 In
536 4590 598 4616 ua
635 4580 946 4616 nrntlnnlnm
977 4585 1159 4616 0....--
1202 4596 1439 4616 ...μημιον
1649 4613 1659 4616 -
1998 4614 2010 4616 -

435 4570 492 4626 ln
536 4590 598 4628 us
631 4580 947 4645 productam
977 4585 1163 4645 Graeca
1199 4596 1494 4654 masculina
1541 4613 1684 4671 sunt,
1724 4570 1843 4678 qius
1873 4614 2014 4681 apud

434 4663 650 4724 Gra'cos
693 4671 748 4725 in
791 4673 886 4730 dos
919 4676 1110 4736 finiunt
1139 4687 1456 4757 genitivum,
1500 4698 1638 4764 apud
1668 4697 1709 4751 L

430 4756 483 4811 in
530 4760 611 4815 dis
658 4777 994 4837 convertunt,
1051 4782 1111 4828 ut
1153 4777 1412 4847 οἰδὶπους,
1457 4795 1546 4842 τοῦ
1594 4791 1880 4861 οἰδὶποδος,

429 4851 684 4925 (Edipus,
711 4859 870 4931 hujus
905 4862 1228 4938 (Edipodis;
1245 4873 1331 4927 hic
1360 4875 1673 4950 Melampus,
1701 4851 1880 4955 hujus,
1901 4887 2010 4942 Me-

425 4943 702 5015 lampodis.
739 4951 927 5010 Latina
968 4974 1120 5027 vero,
1153 4978 1272 5033 quae
1315 4965 1370 5020 in
1415 4943 1576 5038 supra
1607 4943 1806 5029 dictam
1851 4978 2008 5049 sylla-

423 5036 566 5104 bam,
602 5040 655 5093 id
682 5052 765 5098 est
793 5063 853 5101 us
881 5052 1196 5118 productam
1224 5036 1496 5124 desinunt,
1524 5061 1641 5116 sine
1667 5065 1829 5122 dubio
1857 5036 2006 5126 femi-

422 5126 548 5182 uina
581 5139 705 5185 sunt
729 5143 783 5188 et
813 5140 985 5196 tertiae
1014 5142 1410 5210 declinationis,
1454 5163 1574 5216 quae
1597 5159 1650 5204 et
1692 5153 1745 5206 in
1770 5156 2002 5227 obliquis

419 5220 768 5288 penultimaui
795 5245 828 5282 u
868 5232 1191 5300 producunt,
1222 5243 1281 5288 ut
1303 5236 1414 5290 haec
1439 5241 1683 5309 servitus,
1717 5249 1994 5319 servitutis,

2238 4620 2448 4674 Humida
2469 4625 2674 4680 solstitia
2697 4640 2846 4696 atque
2872 4636 3064 4690 hiemes
3086 4647 3225 4694 orate
3246 4657 3450 4697 serenas

1716 4701 1887 4811 “annos
1918 4706 2013 4760 άοδ
2112 4725 2168 4780 1η
2199 4728 2291 4782 abs
2331 4731 2547 4787 brevem
2574 4734 2761 4793 Graeca
2792 4750 2845 4795 et
2870 4743 3059 4800 Latina
3107 4752 3402 4806 masculina
3443 4764 3496 4808 et
3536 4757 3686 4811 femi-

1926 4798 2010 4850 Mc
2112 4822 2236 4875 uina
2265 4839 2276 4874 :
2311 4824 2395 4877 hic

2435 4827 2632 4895 Arabs,
2680 4832 2902 4901 Arabis;
2947 4839 3057 4894 ha’c
3101 4844 3261 4910 trabs,
3307 4848 3489 4902 trabis.
3539 4848 3680 4920 Virg.

2107 4911 2163 4966 in
2184 4928 2223 4967 ιι
2251 4912 2447 4981 Georg.
2475 4936 2489 4971 :

2237 5023 2465 5088 ansque
2490 5027 2659 5082 domos
2678 5033 2892 5085 Arabum
2914 5039 3165 5104 pictosque
3189 5042 3417 5103 Gelonos.

2101 5125 2160 5182 ln
2182 5128 2269 5182 ebs
2299 5141 2600 5202 correptam
2644 5135 2838 5196 Latina
2861 5145 3036 5200 omnis
3074 5149 3329 5216 generis:
3358 5152 3442 5205 hic
3473 5161 3528 5210 et
3567 5154 3676 5208 lucc

2099 5227 2155 5274 et
2179 5222 2277 5276 hoc
2311 5225 2514 5293 ctrlebs,
2544 5229 2703 5298 hujus
2732 5234 2944 5289 ctelibis.
2973 5237 3028 5292 ln
3058 5241 3146 5294 ebs
3169 5246 3484 5311 productam
3509 5262 3674 5301 unum

418 5322 671 5380 senectus,
695 5325 989 5388 senectutis,
1006 5324 1274 5392 juventus,
1293 5327 1607 5398 juvenlutis,
1637 5336 1812 5403 tellus,
1846 5309 1999 5397 tellu;
2094 5309 2415 5408 {emininum
2460 5319 2709 5376 Latinum
2761 5326 2872 5381 [me
2917 5328 3076 5398 pleb"
3121 5333 3176 5386 In
3229 5336 3319 5390 06⁵
3363 5348 3670 5408 correptam

417 5403 514 5467 ris;
533 5407 735 5464 nullum
757 5412 902 5466 enim
926 5413 1174 5470 Latinum
1199 5419 1578 5488 masculinum,
1595 5439 1696 5479 nec
1716 5437 1992 5499 neutrum,

414 5509 516 5550 nec
535 5511 837 5568 commune,
863 5502 916 5556 in
937 5521 1000 5557 us
1026 5506 1341 5573 productam
1370 5511 1584 5580 desinit,
1615 5520 1855 5587 exceptis
1884 5523 1990 5589 his,

414 5603 578 5645 unum
609 5595 889 5663 epicmnon
938 5595 1067 5668 [uno
1091 5600 1379 5676 epicoeno],
1413 5606 1555 5674 quod
1588 5623 1618 5662 a
1653 5609 1844 5667 Graeco
1878 5631 1993 5671 mu-

2097 5398 2355 5460 feminina
2379 5407 2571 5466 Latina
2592 5412 2704 5468 haec
2730 5417 2907 5485 scobs,
2932 5423 3118 5489 scobis,
3146 5434 3200 5479 et
3227 5429 3420 5494 scrobs,
3450 5432 3646 5487 scrobis

2095 5491 2242 5566 Virg.
2278 5496 2330 5550 in
2359 5515 2399 5553 ιι
2429 5501 2816 5575 Georgicorum
2853 5530 2866 5565 :

2213 5607 2276 5659 Et
2294 5614 2550 5664 scrobibus
2573 5626 2826 5679 superavit
2850 5629 2978 5673 terra
3003 5626 3226 5689 repletis.

413 5681 548 5736 tam
575 5700 608 5753 il
640 5685 696 5738 in
722 5702 757 5740 α
787 5685 1120 5759 ιοηιιαωγιιι
1146 5692 1230 5746 hic
1259 5710 1393 5762 mus.
1421 5700 1586 5754 muris
1620 5699 1815 5774 (Graeci
1843 5707 1987 5762 enim
2086 5707 2146 5764 In
2175 5712 2265 5781 ybs
2299 5715 2518 5771 brevem
2549 5735 2713 5775 unum
2739 5726 3097 5784 masculinum
3132 5747 3145 5785 :
3175 5731 3259 5786 hic
3287 5730 3534 5806 Chalybs,
3564 5739 3664 5794 hu-

417 5780 512 5806 ..."1-
556 5775 817 5806 ειη-ἴλη.ιοὶ
890 5791 938 5806 ΑΙ
989 5785 1194 5806 ..-μί-ε-
1241 5786 1320 5806 Ls-
1399 5789 1412 5806 ι
1443 5805 1448 5806 ,
1779 5797 1789 5806 .
2097 5801 2110 5806 -
2210 5799 2259 5806 η.
2321 5804 2328 5806 ξ

414 5780 512 5845 μῦς
556 5775 842 5850 scribunt),
887 5791 942 5838 et
989 5785 1197 5842 neutris
1239 5786 1344 5855 his,
1391 5789 1488 5844 hoc
1526 5809 1635 5849 rus.
1679 5797 1838 5856 ruris.
1864 5815 1985 5854 crus
2075 5775 2460 5875 jus'Chalybis.
2495 5807 2641 5880 Virg.
2667 5813 2986 5887 iniGeorg.
3019 5837 3034 5851 -
