4100 6324
388 427 484 483 641

512 537 575 588 At
596 532 834 596 Chalybes
850 530 968 581 nudi
987 529 1192 592 ferrum,
1217 531 1474 592 virosaque
1499 527 1682 579 Pontus

512 600 813 650 Castoreum.
853 631 864 644 .
901 631 912 642 .
950 630 964 643 .

388 687 446 742 In
486 683 610 739 urbs
657 694 824 736 unum
862 677 1205 743 femininum,
1255 677 1395 748 quod
1446 675 1769 747 positionem
1809 688 1961 729 suam

389 782 445 836 in
492 775 722 848 obliquis
771 781 984 839 servat,
1031 773 1142 826 htec
1190 771 1332 836 urbs,
1382 769 1552 824 urbis.
1589 767 1672 822 In.
1709 783 1801 837 aps
1845 780 1964 820 cor—

392 881 604 944 reptam
630 883 795 925 unum
822 866 1162 931 femininum,
1195 865 1305 918 haec
1333 863 1485 934 daps,
1521 861 1679 930 hujus
1707 859 1876 929 dapis.
1905 857 1965 911 ιιι

392 985 480 1038 eps
506 971 804 1034 correptam
828 958 1111 1016 masculini
1141 965 1198 1014 et
1221 957 1398 1013 omnis
1427 953 1641 1027 generis
1659 993 1673 1018 ,
1698 953 1781 1006 hic
1809 967 1961 1004 man-

393 1074 526 1128 ceps,
558 1053 848 1123 mancipis;
878 1051 961 1104 hic
989 1059 1044 1106 et
1067 1050 1178 1104 haec
1205 1056 1270 1115 _et
1296 1047 1392 1101 hoc
1427 1043 1706 1116 particeps,
1745 1043 1963 1113 partici-

388 1150 499 1220 pis;
527 1146 685 1217 adeps
709 1145 795 1200 vel
824 1143 1023 1214 adipes,
1065 1141 1255 1211 adipis,
1304 1137 1396 1209 qui
1422 1137 1476 1192 in
1508 1143 1738 1206 utroque
1767 1147 1966 1205 genere

389 1238 678 1295 invenitur.
707 1235 881 1290 Varro
901 1235 957 1290 in
980 1250 1017 1288 ιι
1042 1232 1244 1286 Rerum
1267 1229 1616 1293 rusticarum,
1646 1227 1822 1296 adipes
1848 1224 1960 1279 illa.

386 1330 444 1386 In
483 1348 574 1400 ops
614 1329 933 1400 productum
973 1325 1228 1380 Latinum
1267 1321 1586 1378 femininum
1621 1334 1809 1383 unum,
1852 1319 1965 1372 haec

389 1421 523 1492 Ops,
564 1421 723 1491 hujus
760 1418 920 1491 Opis,
961 1419 1020 1478 id
1055 1425 1139 1474 est
1182 1423 1356 1472 mater
1394 1415 1583 1470 Deum.
1615 1411 1871 1484 Virgilius
1907 1410 1962 1464 in

386 1514 581 1586 Georg.
613 1530 667 1568 ιν
694 1529 709 1568 :

516 1628 676 1690 Atque
699 1624 919 1689 Ephyre,
946 1629 1096 1688 atque
1119 1622 1261 1686 Opis,
1286 1631 1434 1685 atque
1452 1621 1567 1671 Asia
1591 1619 1848 1682 Deiopeia.

389 1737 456 1792 Et
482 1737 535 1791 in
567 1753 657 1806 ops
679 1735 900 1790 brevem
923 1747 1092 1787 unum
1119 1744 1425 1794 commune,
1453 1728 1537 1781 hic
1576 1734 1631 1780 et
1658 1725 1768 1779 haec
1789 1731 1843 1779 et
1869 1723 1966 1776 hoc

389 1847 498 1899 ops,
528 1829 659 1899 opis,
690 1827 834 1896 quod
857 1825 1127 1898 significat
1150 1823 1397 1894 copiam;
1429 1837 1496 1876 ex
1530 1835 1595 1874 eo
1627 1816 1965 1887 componitur

1196 413 1584 474 EXCERPTIO
1618 414 1707 469 DE
1741 412 1929 468 ARTE
1964 407 2415 467 GRAMMATICA
2453 403 2807 462 PRISCIANI.

1985 527 2042 588 Α
2064 522 2189 577 licet
2213 522 2532 592 positionem
2579 534 2790 590 semper
2818 520 3085 586 habeant,
3119 529 3295 575 tamen
3327 520 3454 590 quia
3483 533 3515 573 a
3544 535 3636 572 no-

3529 403 3634 459 6.52

2064 630 2152 667 ceo
2176 613 2340 668 verbo
2366 628 2470 668 nox
2498 612 2713 667 venisse
2741 595 2936 666 dieitur
2954 653 2968 677 ,
3000 610 3218 666 brevem
3245 611 3369 666 inde
3395 610 3498 665 hoc
3542 625 3636 664 na-

2063 714 2185 759 tura
2214 704 2453 759 vocalem
2503 705 2704 759 habere
2739 703 3076 775 intelligitur.
3121 702 3190 756 In
3223 719 3290 757 ex
3320 703 3635 773 productam

2061 793 2306 847 feminini
2335 792 2419 848 vel
2454 793 2632 848 ornnis
2676 806 2691 845 :
2722 793 2834 846 haec
2875 809 2993 866 vox,
3025 792 3184 858 vocis,
3222 792 3306 845 hic
3347 799 3405 846 et
3440 793 3550 845 haec
3585 799 3642 846 et

2063 886 2159 940 hoc
2186 885 2364 952 uelox,
2409 884 2593 940 velocis
2613 926 2628 950 ,
2658 884 2836 955 ferox,
2869 885 3055 954 ferocis
3075 924 3090 949 ,
3123 895 3304 950 atrox,
3338 884 3549 937 atrocis.
3580 882 3646 937 In.

2063 995 2135 1034 ux
2158 987 2461 1048 correptam
2497 979 2727 1034 barbara
2761 978 2845 1033 vel
2884 978 3078 1034 Latina
3113 977 3412 1032 masculina
3437 976 3524 1032 vel
3556 975 3638 1031 fe-

2063 1069 2267 1124 minina
2300 1076 2358 1123 ut
2378 1069 2462 1122 hic
2489 1067 2646 1123 volux
2666 1109 2682 1134 ,
2713 1067 2936 1133 volucis,
2973 1067 3084 1122 hate
3120 1083 3250 1132 nux,
3287 1068 3454 1130 nucis,
3488 1083 3639 1132 crux,

2063 1159 2254 1226 crucis,
2304 1159 2388 1213 hic
2434 1168 2490 1214 et
2511 1160 2622 1214 haec
2663 1160 2791 1226 dux,
2845 1160 3016 1225 ducis,
3067 1168 3209 1225 trux,
3256 1161 3436 1213 trucis.
3476 1159 3534 1214 In
3569 1176 3642 1214 ux

2062 1251 2378 1321 productam
2409 1249 2792 1316 masculinum,
2826 1250 2910 1304 hic
2959 1247 3157 1304 Pollux
3190 1247 3458 1316 Pollucis;
3487 1248 3645 1304 femi-

2064 1343 2271 1407 ninum,
2296 1341 2389 1396 lux
2421 1341 2572 1396 lucis.
2600 1342 2657 1396 In
2684 1358 2753 1412 yx
2797 1350 3103 1412 correptam
3137 1340 3323 1396 Graeca
3367 1350 3474 1395 tam
3502 1357 3646 1396 mas-

2064 1434 2241 1489 culina
2289 1449 2452 1502 quam
2497 1431 2753 1487 feminina
2791 1451 2802 1485 :
2835 1433 2918 1486 hic
2961 1433 3184 1503 sandyx,
3227 1433 3489 1503 sandycis,
3533 1433 3644 1486 haec

2065 1535 2206 1596 styx,
2230 1524 2404 1594 stycis.
2431 1523 2485 1577 In
2511 1539 2629 1589 aex,
2651 1522 2736 1577 vel
2757 1523 2810 1576 in
2841 1540 2966 1589 aux,
2996 1523 3079 1577 vel
3107 1524 3159 1578 in
3183 1522 3292 1589 alx,
3322 1523 3406 1578 vel
3437 1523 3490 1577 in
3515 1539 3644 1587 anx,

2068 1616 2368 1672 desinentia
2414 1615 2604 1670 Latina
2647 1623 2702 1669 et
2738 1614 2994 1670 feminina
3039 1624 3182 1680 sunt,
3225 1625 3278 1669 et
3313 1631 3524 1686 semper
3562 1614 3648 1670 vel

2069 1705 2396 1776 diphthongo
2416 1706 2499 1760 vel
2521 1705 2789 1776 positione
2811 1705 2968 1776 longa
2989 1715 3115 1760 sunt
3139 1724 3152 1759 :
3175 1706 3286 1760 htec
3313 1706 3440 1775 ftex,
3478 1706 3645 1776 fazcis,

2069 1801 2180 1854 hwc
2210 1800 2362 1869 faux,
2393 1799 2584 1869 faucis,
2620 1802 2730 1854 htec
2765 1799 2900 1869 falx,
2929 1799 3104 1868 falcis,
3139 1801 3248 1854 hazc
3273 1799 3418 1867 lanx,
3459 1800 3647 1854 lancis.

389 1890 790 1975 hic-ct'hcec-et
831 1890 935 1972 hoc
961 1917 1132 1987 inops,
1181 1890 1370 1984 inopis.
1415 1911 1768 1966 Inveniuntur
1811 1915 1866 1961 et
1910 1907 1963 1961 in

2070 1891 2123 1946 In
2166 1908 2273 1945 unx
2313 1907 2478 1945 unum
2519 1906 2825 1956 commune,
2856 1891 2940 1944 hic
2974 1898 3029 1946 et
3061 1891 3173 1965 haec
3217 1892 3485 1961 conjunx:
3507 1891 3653 1959 quod

387 2015 491 2070 hac
523 2012 902 2069 terminatione
936 2010 1120 2066 Graeca
1164 2006 1497 2070 masculina,
1539 2011 1599 2057 ut
1635 2003 1717 2054 hic
1753 1999 1961 2069 Pelops,

389 2105 656 2173 zEthiops,
679 2105 925 2174 hydrops,
957 2118 1182 2173 merops,
1218 2101 1377 2170 hujus
1401 2096 1632 2168 Pel0pis,
1673 2093 1963 2164 Ethiopis,

388 2197 657 2267 hydropis,
685 2196 927 2266 meropis.
955 2194 1203 2249 Lucanus
1229 2193 1282 2246 in
1300 2207 1351 2245 v1
1385 2207 1398 2245 :

524 2307 620 2356 Aut
643 2305 841 2368 Pelopis
859 2304 970 2354 latis
989 2303 1218 2366 Ephyren
1241 2302 1535 2364 abrumpere
1559 2303 1739 2363 regnis.

395 2411 541 2482 Virg.
574 2413 627 2466 in
656 2428 696 2466 ιι
725 2410 919 2481 Georg.
947 2429 960 2464 :

517 2526 646 2586 Quid
669 2538 872 2576 nemora
894 2523 1171 2586 Ethiopum
1191 2519 1323 2571 molli
1346 2521 1570 2570 canentia
1593 2517 1716 2568 lana.

391 2633 533 2688 Idem
563 2632 616 2686 in
648 2649 705 2686 ιιι
740 2651 754 2686 :

493 2744 766 2808 Pinguibus
787 2744 850 2793 ab
872 2742 1078 2794 stabulis
1101 2754 1430 2806 merOpesque
1452 2740 1659 2802 aliaeque
1680 2737 1919 2789 volucres.

387 2847 445 2901 ln
477 2865 568 2917 yps
597 2848 914 2918 productam
957 2847 1163 2913 Graeca,
1205 2854 1266 2901 ut
1288 2847 1488 2916 cinyps,
1529 2842 1784 2914 cinyphis.
1815 2840 1964 2912 Virg.

385 2941 444 2996 in
474 2959 534 2998 ιιι
569 2943 764 3015 Georg.
799 2962 812 2998 :

552 3053 655 3104 Nec
678 3057 835 3104 minus
859 3056 1050 3106 interea
1068 3054 1244 3103 barbas
1264 3055 1527 3114 incanaque
1551 3056 1714 3100 menta

553 3116 772 3179 Cinyphii
795 3119 997 3168 tondent
1030 3117 1174 3178 hirci,
1196 3124 1428 3176 aetasque
1451 3118 1714 3163 comantes.

459 3220 516 3274 In
556 3223 664 3292 irps
701 3238 869 3277 unum
896 3222 1150 3277 Latinum
1180 3235 1392 3290 semper
1419 3218 1686 3289 positione
1724 3215 1962 3286 longum,

388 3311 471 3365 hic
498 3324 551 3366 et
584 3313 694 3368 haec
749 3315 927 3385 stirps,
967 3314 1166 3384 stirpis.
1208 3312 1266 3366 ln
1296 3322 1314 3366 t
1343 3327 1509 3365 unum
1549 3318 1800 3365 neutrum
1849 3323 1966 3362 cor-

390 3411 620 3472 reptum,
657 3412 717 3458 ut
744 3406 840 3459 hoc
878 3414 1050 3475 caput,
1094 3404 1300 3473 capitis.
1341 3403 1397 3455 ln
1428 3417 1497 3454 ax
1527 3407 1832 3469 correptam
1861 3397 1968 3452 La-

391 3490 501 3545 tina
524 3500 579 3546 et
611 3491 797 3547 Graeca
818 3502 943 3548 sunt
973 3492 1296 3556 masculina,
1326 3491 1412 3545 vel
1434 3490 1712 3554 feminina,
1743 3489 1827 3543 vel
1855 3502 1955 3543 om-

389 3581 494 3646 nis,
530 3582 614 3635 hic
647 3579 850 3647 Pheax,
879 3581 1120 3646 Pheacis,
1151 3582 1313 3652 Ajax,
1334 3581 1538 3651 Ajacis,
1561 3579 1672 3633 hxc
1710 3594 1834 3648 pax,
1873 3593 1970 3645 pa-

388 3672 488 3736 cis,
526 3671 609 3723 hic
635 3678 690 3724 et
711 3671 821 3725 haec
849 3681 903 3726 et
930 3673 1027 3725 hoc
1057 3673 1256 3738 audax,
1292 3671 1544 3734 audacis;
1577 3687 1762 3740 capax,
1806 3668 1974 3739 pervi-

389 3775 511 3823 cax,
538 3774 721 3828 rapax,
750 3759 938 3828 fallax,
962 3760 1156 3830 pellex,
1183 3778 1366 3826 vorax,
1393 3771 1759 3823 teuax,emax,
1787 3773 1971 3826 sagax.
2011 3777 2016 3782 ·

389 3847 449 3903 In
475 3865 539 3902 ex
567 3860 872 3920 correptam
898 3851 1084 3908 Graeca
1113 3859 1167 3906 et
1203 3851 1415 3917 Latina,
1456 3848 1776 3914 masculina,
1817 3856 1872 3903 et
1899 3846 1973 3902 fe-

390 3939 634 4006 minina,
675 3949 731 3996 et
770 3944 1076 3997 communia
1131 3944 1295 3998 trium
1337 3958 1636 4014 generum:
1669 3942 1778 3995 hazc
1819 3938 1972 4006 lelex,

392 4030 599 4102 lelegis;
623 4033 707 4086 hic
725 4051 868 4104 grex,
895 4035 1099 4106 gregis;
1123 4051 1274 4106 apex,
1297 4036 1480 4106 apicis,
1511 4036 1623 4089 haec
1652 4034 1779 4100 ilex,
1815 4033 1972 4099 ilicis,

394 4122 477 4176 hic
500 4131 554 4178 et
577 4124 689 4179 hxc
708 4135 763 4179 et
787 4127 882 4180 hoc
903 4127 1116 4196 artifex,
1145 4127 1384 4196 artiﬁcis.
1415 4127 1474 4181 In
1497 4143 1562 4181 ex
1583 4126 1846 4196 producta
1869 4124 1976 4178 La-

396 4214 510 4270 tina
559 4218 855 4272 masculina
905 4227 961 4274 et
1005 4219 1262 4275 feminina
1314 4229 1473 4288 sunt,
1529 4220 1614 4274 vel
1666 4219 1975 4275 communia

396 4307 558 4361 trium
585 4324 876 4379 generum:
908 4312 990 4364 hic
1019 4329 1132 4376 rex,
1164 4312 1321 4382 hujus
1354 4313 1512 4383 regis,
1539 4312 1650 4366 haec
1679 4311 1782 4377 lex,
1813 4311 1975 4383 legis;

395 4398 479 4452 hic
505 4408 560 4453 et
587 4401 697 4454 hwc
720 4410 774 4457 et
798 4402 894 4456 hoc
920 4401 1090 4468 exlex,
1115 4402 1324 4473 exlegis.
1360 4403 1419 4457 In
1445 4405 1502 4457 ix
1532 4411 1837 4472 correptam
1868 4401 1976 4456 La-

398 4488 511 4543 tina
538 4493 833 4547 masculina
860 4493 944 4547 vel
969 4492 1230 4548 feminina
1255 4503 1314 4547 ut
1347 4495 1430 4548 hic
1455 4493 1613 4559 calix,
1645 4494 1856 4560 salicis;
1891 4495 1976 4548 hic

397 4579 593 4648 fornix,
626 4582 878 4651 fornicis;
903 4586 1072 4652 varix,
1107 4587 1334 4650 varicis;
1360 4586 1470 4640 hwc
1504 4587 1616 4656 pix,
1656 4586 1820 4655 picis;
1863 4587 1975 4652 nix,

395 4669 560 4734 nivis;
583 4672 722 4729 salix
741 4675 936 4729 salicis.
966 4676 1022 4729 In
1050 4676 1108 4730 ix
1133 4677 1451 4746 productam
1476 4675 1659 4731 Graeca
1693 4676 1974 4744 etLatina,

396 4763 696 4819 masculina
741 4766 825 4820 vel
861 4767 1138 4832 feminina,
1171 4769 1257 4824 vel
1286 4769 1591 4823 communia
1625 4769 1789 4822 trium
1816 4784 1978 4840 gene-

397 4865 515 4905 rum
543 4870 556 4905 :
586 4854 668 4908 hic
687 4857 916 4928 phoenix,
938 4861 1204 4928 phcenicis,
1229 4860 1340 4915 htec
1369 4861 1570 4927 cornix,
1600 4861 1844 4926 cornicis,
1865 4862 1976 4916 haec

396 4945 596 5028 nutrix,
627 4949 866 5016 nutricis,
897 4951 982 5005 hic
1028 4959 1082 5006 et
1119 4952 1230 5006 hazc
1268 4961 1323 5008 et
1355 4953 1452 5006 hoc
1485 4954 1691 5023 pernix,
1730 4954 1976 5022 pernicis,

397 5035 541 5105 felix,
568 5039 755 5108 felicis.
799 5043 1024 5114 Oportet
1060 5055 1241 5100 autem
1283 5046 1425 5102 scire
1454 5047 1598 5117 quod
1628 5046 1801 5102 Grzcci
1823 5047 1841 5100 i
1865 5056 1919 5101 et
1946 5063 1980 5117 y

398 5135 580 5183 antex
613 5131 833 5189 brevem
861 5151 981 5192 esse
1005 5138 1212 5204 volunt,
1255 5139 1469 5194 etiamsi
1496 5139 1549 5193 in
1580 5139 1814 5208 obliquis
1856 5153 1980 5209 pro-

397 5216 686 5288 ducantur,
713 5235 774 5280 ut
794 5229 1004 5295 phoenix
1025 5230 1304 5298 phaznicos,
1341 5231 1582 5300 bombyx,
1611 5231 1916 5301 bombyces;
1947 5248 1981 5286 a

397 5319 532 5362 vero
567 5314 863 5369 secundum
893 5317 1188 5388 genitivum
1217 5319 1380 5374 etiam
1413 5320 1469 5373 in
1489 5320 1825 5375 nominativo
1854 5335 1981 5390 pro-

400 5395 524 5451 duci
569 5401 656 5456 vel
701 5406 901 5477 corripi
933 5407 1141 5474 dicunt,
1169 5416 1230 5464 ut
1253 5411 1400 5474 κὸλαξ
1429 5411 1656 5471 κόλακος.
1696 5410 1875 5465 Latini
1905 5419 1983 5464 ta-

397 5503 525 5544 men
549 5507 740 5551 omnes
767 5498 983 5556 vocales
1008 5501 1329 5573 bitemporis,
1358 5503 1412 5558 id
1441 5511 1526 5558 est
1552 5502 1858 5580 δισχρὸνους
1885 5503 1984 5558 ha-

398 5580 613 5652 bentes,
665 5588 734 5643 ad
779 5593 1074 5662 genitivum
1120 5595 1496 5666 respicientes,
1537 5595 1724 5650 dicunt
1757 5595 1982 5662 produci

399 5674 486 5729 vel
523 5680 722 5750 corripi
744 5684 962 5740 vocales
992 5695 1119 5742 ante
1142 5703 1179 5742 x
1208 5689 1416 5758 positas
1459 5689 1514 5743 in
1547 5687 1896 5742 nominativo.
1925 5685 1983 5740 In

405 5783 472 5822 ex
502 5781 802 5842 correptam
829 5775 1071 5833 feminini
1116 5796 1239 5846 nox,
1271 5781 1467 5846 noctis;
1507 5790 1562 5839 et
1597 5795 1662 5835 ex
1699 5779 1800 5836 hoc
1840 5793 1982 5832 com-

404 5863 641 5933 positum
689 5883 989 5939 commune,
1038 5873 1119 5927 hic
1149 5881 1203 5930 et
1230 5874 1340 5929 hwc
1377 5883 1431 5930 et
1473 5875 1566 5928 hoc
1602 5872 2020 5951 pernox:hasc'

2069 1997 2249 2041 tamen
2271 1985 2324 2040 in
2353 1985 2586 2055 obliquis
2604 1984 2923 2054 corripitur,
2959 1991 3020 2038 ut
3049 1983 3210 2054 hujus
3230 1984 3501 2054 conjugis,
3529 1983 3652 2038 huic

2067 2077 2297 2147 conjugi,
2324 2086 2428 2132 etc.
2462 2076 2521 2130 In
2556 2093 2655 2130 arx
2683 2093 2849 2132 unum
2890 2075 3210 2132 femininum
3248 2093 3461 2148 semper
3501 2078 3646 2148 posio

2068 2167 2214 2222 tione
2236 2167 2474 2238 longum,
2521 2169 2632 2223 haec
2663 2185 2780 2231 arx,
2826 2185 2981 2222 arcis.
3023 2168 3132 2223 Has
3160 2177 3342 2224 autem
3381 2168 3506 2225 ideo
3539 2170 3652 2225 dixi

2068 2262 2328 2330 quasdam
2369 2262 2777 2318 terminationes
2805 2263 3122 2318 nominativi
3150 2265 3350 2334 partim
3388 2281 3506 2321 esse
3528 2282 3651 2321 cor-

2069 2359 2272 2420 reptas,
2330 2351 2528 2420 partim
2572 2352 2886 2421 productas,
2934 2351 3062 2407 licet
3114 2354 3381 2422 positione
3439 2370 3653 2425 semper

2068 2438 2238 2510 longa:
2267 2439 2400 2505 sint,
2440 2450 2500 2495 ut
2525 2449 2732 2495 natura:
2766 2457 2950 2498 earum
2988 2441 3222 2512 qualitas
3258 2444 3567 2514 patefieret,
3595 2451 3650 2498 et

2069 2530 2126 2586 in
2153 2530 2410 2602 obliquis,
2442 2531 2534 2586 ubi
2558 2531 2676 2586 sine
2700 2531 2964 2602 positiode
2990 2541 3116 2587 sunt
3152 2533 3646 2590 manifestarentur.

2566 2688 2644 2744 De
2671 2689 2893 2762 obliquis
2924 2693 3151 2748 casibus.

2140 2823 2421 2880 Genitivus
2443 2821 2729 2896 singularis
2750 2825 2960 2896 primae,
2984 2828 3070 2883 vel
3093 2829 3360 2896 secundae,
3382 2830 3466 2886 vel
3487 2845 3656 2902 quar—

2071 2927 2160 2984 tae,
2174 2918 2259 2972 vel
2282 2918 2483 2988 quinta:
2504 2919 2880 2976 declinationis
2900 2921 2956 2974 in
2978 2921 3166 2976 ultima
3189 2923 3528 2994 producitur,
3550 2932 3612 2979 ut
3637 2942 3652 2979 :

2069 3010 2228 3080 hujus
2259 3019 2444 3082 poetas,
2484 3011 2646 3078 docti,
2684 3011 2910 3081 fructus,
2941 3013 3150 3084 speciei.
3174 3012 3371 3070 Tertia:
3407 3031 3537 3070 vero
3567 3015 3660 3072 de-

2071 3104 2377 3162 clinationis
2408 3106 2717 3176 corripitur,
2759 3116 2820 3162 ut
2871 3106 3029 3178 hujus
3070 3107 3244 3178 fortis,
3289 3120 3517 3180 excepto
3551 3125 3659 3164 uno

2073 3199 2462 3270 monosyllabo,
2502 3201 2561 3255 ut
2599 3201 2833 3267 harenis,
2877 3201 3038 3270 hujus
3067 3202 3159 3256 vis.
3194 3201 3418 3257 Dativus
3442 3216 3658 3272 quoque

2071 3291 2357 3362 singularis
2398 3291 2642 3347 ultimam
2678 3291 3187 3362 syllabamsemper
3229 3293 3443 3363 longam
3470 3291 3655 3356 habet,

2071 3395 2131 3440 ut
2159 3386 2279 3440 huic
2316 3395 2502 3456 poetw,
2537 3386 2710 3450 docto,
2759 3385 2904 3455 forti,
2939 3385 3158 3454 fructui,
3191 3387 3414 3457 speciei;
3441 3386 3530 3441 ubi
3556 3400 3655 3441 no-

2074 3480 2295 3534 tandum
2326 3488 2409 3533 est
2446 3479 2590 3548 quod
2632 3479 2848 3533 nomina
2879 3480 3082 3549 quintae
3121 3479 3496 3535 declinationis
3515 3519 3532 3546 ,
3563 3479 3609 3536 si
3640 3480 3657 3533 i

2073 3571 2128 3624 in
2160 3570 2491 3625 nominativo
2529 3570 2763 3625 habeant
2803 3571 3153 3640 penultimam
3189 3569 3287 3642 (ut
3321 3572 3431 3626 hazc
3475 3572 3660 3641 facies,

2073 3661 2184 3715 dies
2222 3660 2262 3733 ),
2297 3669 2516 3715 servent
2547 3677 2574 3714 e
2608 3659 2819 3731 longam
2855 3662 2909 3716 in
2944 3662 3180 3732 genitivo
3226 3662 3309 3716 vel
3359 3662 3560 3727 dativo,
3602 3669 3662 3716 ut

2074 3751 2233 3820 hujus
2258 3749 2342 3804 vel
2367 3750 2489 3803 huic
2529 3750 2653 3814 diei,
2684 3759 2740 3805 et
2765 3751 2922 3820 hujus
2949 3751 3033 3806 vel
3061 3751 3183 3805 huic
3209 3751 3384 3820 faciei.
3435 3749 3531 3806 Sin
3558 3766 3658 3806 au-

2076 3851 2185 3898 tem
2218 3852 2606 3899 consonantem
2638 3844 2876 3899 habeant
2895 3854 3019 3900 ante
3045 3862 3097 3900 es
3126 3844 3254 3901 licet
3280 3845 3327 3900 ei
3355 3844 3555 3900 divisas
3583 3844 3660 3899 si-

2075 3935 2278 3989 militer
2297 3933 2520 4000 faciant,
2544 3935 2844 4006 corripiunt
2867 3946 3043 3992 tamen
3068 3937 3444 4006 penultimam,
3471 3945 3526 3991 et
3551 3946 3662 3991 tam

2077 4029 2132 4083 in
2161 4028 2399 4100 genitivo
2420 4044 2584 4098 quam
2612 4030 2665 4083 in
2694 4029 2895 4094 dativo,
2930 4038 2990 4082 ut
3012 4029 3170 4098 ﬁdes,
3196 4030 3342 4099 ﬁdei,
3365 4047 3500 4100 spes,
3529 4029 3657 4099 spei,

2075 4119 2262 4192 plebes,
2287 4121 2468 4192 plebei,
2506 4137 2606 4186 res,
2632 4122 2706 4175 rei
2733 4134 2752 4173 :
2784 4122 3128 4178 accusativus
3149 4138 3278 4192 ergo
3304 4136 3516 4191 semper
3542 4121 3666 4175 bre-

2076 4213 2161 4267 vis
2197 4220 2300 4278 est,
2351 4222 2412 4266 ut
2448 4213 2586 4266 hunc
2629 4221 2856 4283 poetam,
2902 4212 3132 4278 doctum,
3165 4212 3369 4282 fortem,
3407 4210 3662 4280 fructum,

2079 4305 2317 4374 speciem.
2377 4305 2673 4361 Vocativus
2724 4307 2942 4376 quidem
2998 4305 3284 4376 singularis
3344 4301 3536 4358 similis
3583 4308 3668 4355 est

2079 4399 2279 4469 ubique
2308 4415 2406 4454 suo
2435 4399 2789 4464 nominativo,
2818 4409 3047 4468 excepto
3071 4415 3190 4454 cum
3226 4397 3277 4451 in
3310 4393 3546 4451 secunda
3568 4390 3666 4446 dc-

2080 4490 2372 4546 clinatione
2400 4508 2460 4544 us
2482 4499 2723 4544 mutatur
2751 4491 2804 4543 in
2831 4507 2858 4543 e
2880 4492 3118 4554 brevem,
3168 4497 3228 4542 ut
3251 4487 3458 4552 doctus,
3481 4484 3666 4548 docte;

2003 4622 2057 4682 Β
2082 4585 2198 4639 sive
2234 4601 2356 4639 cum
2393 4584 2610 4652 pr0pria
2646 4581 2888 4651 ejusdem
2931 4582 3306 4637 declinationis
3346 4596 3464 4649 quae
3493 4579 3510 4631 i
3541 4586 3668 4632 ante

2082 4691 2142 4728 us
2176 4675 2396 4739 habent,
2431 4674 2488 4726 in
2526 4673 2861 4728 nominativo
2901 4672 3111 4740 abjecta
3146 4689 3226 4735 us,
3262 4671 3468 4725 faciunt
3501 4683 3665 4722 voca-

2079 4768 2252 4821 tivum
2293 4767 2482 4820 ultima
2525 4767 2808 4835 producta,
2853 4774 2912 4819 ut
2939 4766 3022 4818 hic
3062 4763 3327 4834 Virgilius,
3376 4779 3406 4816 ο
3457 4759 3661 4830 Virgili,

2081 4860 2165 4913 hic
2202 4857 2520 4924 Sallustius,
2557 4875 2586 4912 ο
2627 4856 2885 4921 Sallusti;
2913 4871 3013 4910 nec
3055 4870 3162 4908 non
3201 4863 3255 4908 et
3293 4869 3402 4908 uno
3431 4850 3669 4921 appella-

2083 4953 2216 5018 tivo,
2245 4952 2388 5022 quod
2418 4961 2530 5006 tam
2561 4951 2615 5006 in
2647 4968 2674 5004 c
2699 4957 3004 5018 correptam
3031 4963 3194 5017 quam
3225 4946 3318 5000 ini
3344 4946 3662 5016 productam

2085 5041 2216 5098 facit
2241 5059 2255 5108 ;
2285 5042 2369 5096 hic
2398 5041 2563 5112 filius,
2607 5058 2637 5094 ο
2663 5039 2793 5108 ﬁlie,
2815 5038 2918 5104 vel,
2962 5055 2990 5090 ο
3016 5037 3124 5105 ﬁli;
3162 5035 3252 5090 ubi
3287 5043 3341 5090 et
3369 5034 3664 5090 notandum

2082 5143 2168 5191 est
2195 5136 2338 5205 quod
2383 5135 2498 5190 haec
2527 5134 2745 5205 propria
2787 5130 3025 5193 nomina,
3073 5141 3194 5196 quae
3225 5126 3282 5181 in
3317 5127 3336 5179 i
3372 5126 3668 5182 terminant

2084 5232 2431 5298 vocativum,
2479 5230 2830 5301 penultimam
2877 5228 3002 5282 licet
3052 5233 3354 5296 correptam
3405 5225 3665 5288 habeant,

2086 5332 2269 5380 tamen
2305 5325 2359 5379 in
2399 5325 2590 5378 eadem
2632 5322 2925 5393 penultima
2973 5328 3254 5374 accentum
3297 5325 3502 5382 tenent,
3541 5315 3667 5385 quia

2085 5416 2312 5488 perfecti
2342 5415 2594 5480 vocativi,
2637 5429 2795 5484 quem
2836 5410 3200 5482 antiquissimi
3244 5407 3589 5480 proferebant
3613 5407 3666 5460 in

2087 5524 2135 5573 e,
2160 5515 2221 5561 ut
2265 5505 2502 5576 Virgilie,
2554 5505 2837 5570 Mercurie,
2885 5512 3106 5559 acutum
3137 5507 3444 5565 accentum,
3491 5499 3579 5568 qui
3615 5498 3666 5551 in

2088 5595 2510 5668 antepenultima
2556 5596 2697 5666 apud
2731 5609 2825 5650 eos
2869 5595 3190 5665 ponebatur,
3235 5591 3502 5662 iuniores,
3537 5605 3670 5660 gau-

2089 5689 2280 5744 dentes
2325 5687 2609 5752 brevitate,
2653 5702 2748 5756 per
2786 5687 3142 5743 abscisionem
3184 5693 3442 5740 extremae
3475 5681 3668 5736 litterae

2087 5779 2141 5835 in
2166 5779 2462 5849 penultima
2487 5777 2859 5850 praetulerunt.
2896 5778 3150 5834 Horatius
3180 5778 3233 5833 in
3257 5777 3431 5848 primo
3459 5770 3669 5828 Carmi-

2048 5941 2058 5951 .
2086 5885 2256 5928 num:
