4100 6324
367 406 474 468 648

1188 406 1582 467 EXCERPTIO
1619 407 1709 467 DE
1741 407 1933 470 ARTE
1963 404 2421 469 GRAMMATICA
2456 406 2813 469 PRISCIANI.

3515 401 3635 466 ω

366 524 474 581 Sed
530 520 857 591 scriptorum
903 520 1231 592 negligentia
1280 523 1630 594 praetermisit
1673 539 1840 583 unam
1882 541 1944 589 ο,
1972 525 2025 591 Α
2050 530 2135 579 est
2174 521 2321 583 enim
2348 522 2631 581 sotadeum
2674 536 2743 583 ex
2778 520 2986 581 duobus
3014 520 3227 586 ionicis,
3251 536 3287 577 a
3324 520 3532 591 majore
3566 530 3629 585 et

365 620 443 675 sic
469 618 636 673 etiam
663 616 1014 672 vetustissimi
1054 618 1423 681 Romanorum
1466 621 1587 676 libri
1633 621 1809 677 adhuc
1858 628 1942 676 te-

365 720 596 777 stantur,
614 726 738 767 cum
761 710 864 780 ipsi
883 710 1059 766 duecc
1084 711 1140 768 in
1168 712 1270 768 hoc
1294 713 1610 782 pronomine
1637 712 1836 783 ubique
1865 720 1945 768 te-

363 808 558 860 nerent
580 803 803 871 scripta.
831 801 969 857 Sunt
995 810 1050 858 et
1069 802 1175 858 alia
1209 804 1321 865 duo
1348 803 1665 875 pronomina
1697 820 1941 860 commu-

367 895 454 949 nis
470 893 683 966 goneris
710 907 728 947 :
758 903 985 959 nostras,
1010 895 1228 960 vestras,
1256 894 1539 964 producta,
1563 911 1792 966 quorum
1818 911 1941 966 per-

366 985 530 1050 fecta,
554 984 816 1050 nostratis,
834 986 1094 1051 rostratis,
1123 994 1312 1051 erant;
1337 986 1479 1042 unde
1504 986 1629 1057 quia
1659 988 1699 1041 ti
1720 987 1943 1057 syllabas

366 1090 598 1147 symopa
633 1073 775 1130 facta
802 1083 906 1141 est,
953 1076 1152 1130 mansit
1170 1076 1226 1130 in
1253 1094 1289 1131 α
1310 1083 1568 1137 accentus
1593 1077 1843 1148 perfecti,
1885 1084 1943 1133 et

364 1169 567 1225 ultima,
589 1166 1053 1224 circumﬂectitur.
1091 1167 1278 1241 itaque
1316 1178 1568 1225 neutrum
1608 1185 1797 1225 eorum
1828 1170 1882 1225 in
1910 1188 1939 1224 ο

364 1259 567 1324 linitur,
600 1266 852 1323 nostrate,
880 1266 1130 1324 rostrata;
1153 1273 1221 1314 ex
1261 1274 1369 1329 quo
1393 1259 1695 1315 ostenditur
1724 1259 1937 1316 illorum

360 1366 575 1422 quoque
612 1349 973 1406 nominativos
1023 1350 1078 1405 in
1119 1351 1185 1405 tis
1223 1351 1519 1406 secundum
1559 1350 1861 1423 analogiam
1905 1368 1936 1407 a

359 1442 743 1500 vetustissimis
785 1439 1203 1512 prolatos'esse.
1257 1443 1459 1500 Novem
1502 1452 1683 1501 autem
1719 1445 1936 1501 mobilia

359 1534 614 1601 nomitta,
648 1549 770 1604 quas
792 1534 923 1603 quia
951 1536 1329 1605 pronominum
1361 1548 1665 1607 sequuntur
1696 1537 1935 1593 declina-

359 1627 562 1682 tionem
589 1625 809 1696 quidam
848 1639 915 1680 ea
953 1625 1097 1681 inter
1119 1628 1436 1697 pronomina
1462 1639 1779 1697 posuerunt,
1814 1643 1934 1685 om-

358 1717 447 1772 nia
474 1716 529 1771 in
551 1715 887 1776 nominativo
912 1716 1168 1789 singulari
1195 1727 1249 1774 et
1272 1734 1371 1790 per
1389 1721 1569 1774 omnia
1590 1733 1787 1789 genera
1816 1735 1937 1775 cor.

358 1806 648 1877 ripiuntur,
700 1817 928 1877 excepto
974 1824 1083 1864 uno
1125 1809 1269 1879 quod
1315 1810 1372 1865 in
1426 1810 1686 1869 feminin
1733 1826 1933 1882 genere

358 1899 728 1970 diphthongon
770 1900 954 1967 habet,
1006 1900 1060 1957 id
1084 1909 1170 1958 est
1194 1918 1312 1974 qua:
1348 1910 1405 1961 et
1430 1905 1540 1974 qui,
1597 1906 1814 1973 quando
1838 1919 1938 1976 pro
1966 1897 2017 1957 Β

359 1991 571 2047 infinito
600 1991 685 2047 vel
710 1993 1125 2065 interrogative,
1169 1994 1225 2050 id
1259 2003 1361 2060 est,
1389 2009 1494 2066 pro
1527 1997 1645 2067 quis
1688 1997 1931 2067 ponitur;

356 2085 473 2153 quis
513 2092 692 2139 autem
722 2094 780 2141 et
806 2084 934 2156 quid
961 2086 1155 2142 breves
1183 2096 1310 2142 sunt
1342 2101 1357 2141 :
1382 2104 1693 2155 unus,~una,
1736 2105 1897 2145 unum
1915 2105 1934 2155 ;

356 2175 523 2242 solus,
561 2175 697 2243 soia,
740 2176 945 2243 solum;
983 2185 1146 2243 totus,
1197 2186 1325 2244 tota,
1373 2188 1579 2242 totum;
1609 2177 1765 2245 alius,
1805 2179 1932 2245 alia,

357 2267 538 2334 aliud;
562 2267 725 2335 ullus,
758 2268 890 2334 ulla,
918 2268 1120 2334 ultum;
1155 2268 1362 2335 nullus,
1392 2258 1560 2334 nulla;
1591 2267 1825 2333 nullum;
1854 2268 1937 2323 al.

357 2370 455 2425 ter,
477 2360 669 2428 altera,
689 2361 946 2427 alterum;
970 2372 1105 2428 uter,
1135 2372 1271 2429 utra,
1301 2373 1503 2428 utrum;
1527 2370 1581 2418 et
1608 2378 1675 2417 ex
1696 2378 1764 2417 eo
1783 2376 1936 2418 eom-

356 2452 587 2522 positum
618 2470 630 2506 :
659 2462 874 2518 neuter,
928 2462 1144 2520 neutra,
1199 2464 1461 2510 neutrum.
1510 2453 1771 2509 Similiter
1820 2469 1941 2511 eor-

356 2551 507 2614 repta
533 2553 657 2598 sunt
674 2545 920 2600 ‘omnium
958 2546 1337 2616 pronominum
1365 2545 1615 2601 feminina
1644 2560 1768 2615 qum
1798 2546 1855 2600 in
1877 2563 1934 2612 a,

357 2643 411 2691 et
433 2646 623 2691 neutra
645 2651 766 2707 quin
787 2638 841 2691 in
868 2654 958 2690 am
987 2635 1073 2692 vel
1105 2638 1157 2691 in
1184 2637 1257 2692 ud
1286 2637 1479 2692 ﬁniunt
1520 2637 1931 2704 nominativum,

356 2735 416 2781 ut
437 2727 550 2794 illa,
583 2729 716 2797 ipsa,
748 2729 880 2794 ista;
902 2728 1057 2794 illud,
1087 2728 1250 2794 istud,
1281 2729 1471 2800 ipsum.
1503 2726 1786 2783 Genitivus
1826 2727 1939 2783 sin—

358 2820 561 2892 gularis
592 2821 647 2875 in
674 2822 1084 2892 pronominibus
1109 2823 1129 2875 i
1158 2822 1240 2877 vel
1262 2839 1307 2877 te
1338 2823 1676 2889 terminatus,
1720 2822 1932 2893 longus,

358 2919 419 2965 ut
443 2911 565 2976 mei,
588 2912 684 2976 tui,
717 2913 835 2978 sui;
862 2929 1011 2979 metr,
1048 2923 1175 2980 tua»,
1204 2930 1316 2968 sure
1341 2928 1355 2943 ’
1387 2913 1543 2968 aliter
1566 2913 1783 2984 quidem
1815 2914 1939 2969 bre-

359 3002 463 3068 vis,
492 3010 554 3057 ut
598 3002 764 3070 illius,
798 3004 1081 3072 nostratis;
1107 3004 1201 3061 ubi
1245 3005 1538 3060 notandum
1568 3006 1710 3076 quod
1739 3006 1933 3077 geniti-

358 3109 457 3149 vus
479 3094 570 3165 qui
595 3094 649 3149 in
677 3096 761 3151 ius
801 3096 1031 3164 desinit,
1078 3096 1192 3153 sive
1224 3097 1279 3153 in
1302 3098 1713 3169 pronominibus
1737 3099 1854 3154 sive
1881 3099 1937 3154 in

357 3186 699 3252 nominibus,
756 3187 1109 3259 penultimam
1157 3191 1177 3244 i
1227 3205 1443 3262 semper
1477 3198 1670 3270 natura
1719 3192 1935 3264 longam

357 3277 540 3344 habet,
582 3278 707 3334 licet
732 3257 852 3338 eam
879 3290 1053 3351 poetae
1077 3284 1274 3353 saepius
1311 3257 1411 3354 pro
1449 3264 1666 3340 licentia
1688 3285 1780 3340 eis
1809 3257 1939 3338 cena
1963 3257 2013 3323 θ

356 3383 508 3424 cessa
558 3372 890 3442 corripiant;
938 3376 1145 3445 absque
1179 3390 1290 3431 uno
1330 3375 1579 3442 alterius;
1625 3374 1768 3446 quod
1808 3375 1937 3445 quia

356 3458 531 3514 solum
558 3459 770 3516 duabus
803 3463 933 3517 vicit
960 3463 1180 3535 syllabis
1216 3466 1495 3535 proprium
1524 3465 1933 3532 nominativum,

355 3550 585 3621 corripit
611 3564 828 3620 semper
844 3552 1195 3620 penultimam
1218 3555 1271 3619 i;
1294 3555 1432 3608 alius
1470 3569 1686 3625 quoque
1725 3569 1939 3626 semper

355 3641 753 3710 ipenultimam
780 3645 1032 3712 producit
1055 3645 1109 3699 in
1136 3647 1284 3701 omni
1314 3662 1463 3702 casu.
1498 3648 1720 3704 Bativus
1753 3651 1940 3719 singu-

353 3732 489 3787 laris
525 3746 741 3803 semper
784 3733 1120 3803 producitur,
1167 3746 1228 3791 ut
1271 3747 1469 3802 nostra,
1515 3738 1617 3803 illi,
1665 3739 1792 3805 ille,
1842 3755 1939 3795 ex-

354 3824 529 3894 ceptis
565 3826 713 3891 mihi,
745 3827 859 3892 tibi,
905 3826 1024 3892 sibi,
1070 3843 1191 3898 quae
1237 3828 1610 3884 lndiﬂ’erenter
1642 3840 1935 3900 ponuntur.

356 3914 457 3971 Cui
481 3931 696 3986 quoque
724 3926 780 3971 et
800 3918 943 3982 huic,
966 3924 1019 3971 et
1048 3919 1114 3983 ei,
1143 3919 1512 3989 monosyllaba
1552 3934 1673 3974 esse
1702 3919 1936 3974 Priscia-

357 4024 460 4063 nus
505 4009 691 4074 testis,
743 4017 798 4064 et
841 4010 1087 4080 plerique
1130 4020 1412 4082 poetarum
1462 4014 1651 4069 metris
1686 4029 1938 4085 compro-

359 4097 513 4164 bant,
540 4106 600 4152 ut
628 4097 886 4171 Virgilius
912 4101 966 4154 in
993 4116 1045 4154 ιν
1068 4101 1363 4160 Ᾱῖηείάοεε

481 4208 785 4333 ﬁgat-“ioci
802 4209 957 4324 leges
980 4212 1220 4274 dedimus,
1240 4214 1479 4265 connubia
1501 4221 1669 4268 nostra

360 4350 502 4408 idem
539 4354 592 4408 in
627 4370 644 4411 ι
671 4353 973 4426 Georgicon
1004 4374 1019 4413 :
1784 4432 1789 4437 η

483 4444 607 4495 Huic
632 4459 659 4496 a
677 4447 834 4509 stirpe
855 4448 1009 4513 pedes
1032 4457 1166 4500 temo
1188 4456 1447 4513 protentus
1464 4454 1516 4507 in
1544 4461 1691 4519 ccio;

360 4536 417 4586 et
446 4530 642 4601 ubique
675 4532 777 4587 hoc
805 4540 1001 4587 servat.
1040 4533 1390 4591 inveniuntur
1417 4544 1632 4606 tamen,
1663 4540 1756 4599 sed
1790 4556 1934 4608 raro,

357 4633 459 4689 ρετ
477 4592 725 4677 diaeresin
755 4621 1045 4693 bissyllaba
1077 4623 1238 4690 facta,
1265 4635 1320 4681 et
1343 4592 1578 4685 maritae
1597 4592 1940 4695 r'i,vdilieren:
1963 4616 2019 4679 Ῑ)
2044 4595 2318 4695 ηωηίηψῃ
2350 4592 2532 4695 (ῨῘΟΜ

364 4707 452 4762 tia:
471 4724 657 4774 causa,
693 4724 763 4765 ne
790 4711 1091 4781 interiectio
1119 4728 1238 4768 esse
1266 4723 1501 4784 putetur.
1545 4716 1941 4789 Sciendumque

362 4799 507 4868 quod
528 4801 742 4871 quando
763 4802 949 4859 divisse
972 4802 1197 4870 fuerint,
1226 4808 1575 4876 pcnultimam
1607 4811 1937 4881 corripiunt;

362 4890 407 4943 ei
438 4898 618 4948 autem
660 4900 717 4947 et
737 4894 810 4951 eis
840 4910 940 4969 per
974 4896 1225 4952 diaeresin
1265 4898 1466 4955 divisas
1505 4916 1626 4957 esse
1664 4901 1907 4962 Juvenal"

363 4982 601 5037 ostendit
623 4982 679 5039 in
703 4999 735 5037 v
768 5003 781 5040 :

493 5071 671 5134 Implet
696 5082 747 5126 et
770 5076 829 5127 ad
853 5077 1067 5129 moechos
1098 5078 1182 5129 dat
1204 5078 1392 5130 eisdem
1409 5080 1544 5135 terra
1563 5083 1782 5137 cinsdis.

367 5150 571 5208 Statius
600 5154 653 5210 in
683 5156 703 5210 i
729 5152 991 5231 syllabam
1025 5162 1145 5215 huic
1181 5162 1372 5218 dividit
1401 5182 1414 5218 :

490 5245 664 5298 Falsus
684 5247 801 5319 huic
825 5253 999 5315 pinnas
1024 5259 1076 5304 et
1100 5264 1280 5305 cornua
1304 5268 1501 5308 sumere
1523 5263 1683 5311 tetra.

365 5323 425 5381 in
453 5329 642 5385 eodem
667 5349 680 5385 :

492 5417 656 5470 Laetus
677 5421 794 5474 huic
812 5422 941 5474 dono
958 5424 1126 5477 videas
1153 5425 1271 5479 dare
1283 5427 1395 5491 jura
1415 5440 1635 5494 nepotes.

368 5497 469 5555 Cui
497 5517 714 5575 quoque
770 5506 827 5561 in
855 5508 1118 5566 ambabus
1161 5510 1381 5583 syllabis
1408 5514 1633 5589 corripit
1665 5507 1944 5574 TBrentia-

366 5606 472 5648 nus
495 5593 560 5649 de
587 5594 845 5653 Litteris:

492 5685 681 5739 Verum
703 5697 759 5741 ut
788 5693 970 5758 cuique
994 5701 1073 5747 est
1094 5697 1523 5759 proximitas‘locis
1543 5704 1694 5768 oriri;

370 5768 522 5827 idem
547 5771 603 5827 in
632 5774 819 5831 eodem
848 5795 861 5830 :
1678 5796 1709 5827 ο

498 5861 572 5915 lia
590 5863 768 5918 ordino
787 5864 983 5932 fulgens
1003 5872 1084 5922 cui
1108 5873 1191 5927 dat
1208 5886 1387 5927 nomen
1412 5877 1636 5942 Synapes
1646 5915 1663 5942 ,

2045 613 2218 673 tribus
2246 614 2533 680 trochaeis;
2565 612 2706 683 quod
2736 613 2815 668 sic
2846 612 3125 673 scanditur
3163 630 3177 667 :
3208 628 3384 667 verum
3414 623 3471 668 ut
3510 615 3621 682 cui,

2043 705 2287 772 inuisus;
2321 722 2443 777 quae
2465 714 2540 763 est
2569 705 2817 777 proximi,
2849 703 3051 770 ionic.;
3096 712 3178 762 tas
3206 702 3278 768 lo,
3322 704 3620 775 trochaeus;

2042 800 2117 854 eis
2139 816 2191 864 υ,
2213 806 2346 865 troe,
2388 798 2504 867 riri,
2529 807 2663 855 truc.
2682 796 2941 870 [spond.].
2958 797 3091 855 item
3114 814 3129 853 :
3155 813 3221 852 ea
3244 797 3446 863 ordine,
3467 798 3577 855 ion.
3600 814 3617 865 ;

2042 889 2247 960 fulgeas
2267 891 2374 957 cui,
2405 890 2550 956 iam;
2585 891 2678 947 dat
2705 906 2804 956 no;
2837 898 3013 955 true.)
3055 904 3173 949 men
3202 889 3297 959 Sy,
3329 897 3497 955 troc.;
3527 905 3623 944 no-

2039 999 2148 1053 pcs,
2175 990 2312 1040 troc.
2342 984 2699 1041 Accusativus
2736 983 3021 1053 singularis
3067 997 3280 1051 semper
3306 981 3624 1051 corripitur,

2041 1080 2100 1127 ut
2127 1072 2845 1144 illum,itla,ittud,exeepto
2872 1090 2996 1134 eum
3014 1088 3043 1133 ε
3070 1074 3251 1136 littera
3275 1074 3621 1141 terminatur,

2039 1169 2095 1221 et
2124 1162 2392 1230 positione
2441 1164 2783 1233 producitur,
2813 1171 2873 1225 ut
2897 1163 3034 1223 hunc
3060 1171 3116 1223 et
3150 1164 3307 1230 hanc.
3333 1165 3420 1225 vel
3443 1180 3568 1227 eum
3591 1181 3625 1226 ο

2038 1252 2198 1325 longa
2231 1253 2438 1320 linitur.
2461 1264 2521 1313 ut
2554 1273 2657 1322 me,
2685 1266 2759 1322 te,
2782 1273 2858 1313 se.
2891 1255 3180 1320 Vocativus
3207 1255 3428 1325 quidem
3455 1272 3619 1328 tegu-

2037 1344 2145 1405 lam
2174 1346 2260 1407 sui
2308 1348 2555 1418 sequitur
2583 1350 2922 1415 nominativi.
2965 1357 3026 1409 ut
3053 1360 3135 1415 tu,
3164 1366 3200 1403 ο
3232 1359 3311 1409 ta.
3368 1348 3519 1409 Licet
3564 1350 3623 1411 in

2037 1454 2100 1495 us
2119 1438 2478 1499 desinentium
2504 1441 2884 1510 pronominum
2910 1457 3007 1499 seu
3038 1442 3317 1501 nominum
3341 1442 3624 1506 vocativus

2036 1530 2094 1589 in
2120 1548 2149 1589 ι
2176 1530 2430 1599 finiatur;
2464 1541 2647 1593 tamen
2673 1535 2920 1594 eumdem
2949 1544 3256 1606 correptam
3294 1536 3479 1595 habet.
3509 1534 3621 1593 Ne-

2036 1622 2258 1683 tandum
2286 1625 2431 1695 quod
2480 1642 2649 1693 nam,
2678 1642 2806 1685 cum
2848 1628 3146 1685 secundum
3181 1629 3421 1699 regulam
3462 1643 3622 1686 vorsa

2035 1716 2207 1776 tivum
2237 1718 2428 1777 debuit
2473 1718 2677 1789 facere,
2727 1738 2761 1777 α
2807 1739 2949 1787 am,
2985 1724 3268 1794 euphoniae
3294 1740 3456 1780 causa
3488 1725 3622 1780 duas

2035 1823 2065 1861 θ
2095 1806 2287 1871 breves
2313 1809 2411 1866 ini
2436 1810 2596 1881 longa
2622 1813 2909 1868 convertit.
2940 1813 3225 1870 Terentius
3247 1814 3304 1870 in
3330 1813 3587 1886 Adelphis
3603 1828 3623 1869 θ

2288 1922 2331 1973 0
2360 1924 2428 1972 mi
2460 1923 2707 1987 Aisebine,
2730 1937 2762 1975 o
2788 1927 2851 1975 mi
2874 1938 3138 1991 germane;

2038 2036 2140 2079 nec
2168 2022 2290 2080 ideo
2315 2025 2693 2083 aestimandum
2721 2036 2806 2085 est
2843 2046 2872 2084 ο
2894 2044 3199 2107 pronomen
3230 2045 3350 2087 esse
3378 2030 3501 2103 quia
3528 2044 3624 2085 no-

2038 2115 2169 2169 minl
2206 2116 2288 2171 vel
2336 2120 2641 2187 pronomini
2694 2121 2748 2175 in
2786 2123 3034 2177 vocativo
3084 2137 3211 2177 casu
3249 2122 3366 2177 vice
3409 2122 3623 2183 articuli

2036 2205 2297 2278 iungitur,
2329 2225 2451 2265 cum
2497 2211 2613 2266 sine
2640 2212 2802 2268 dubio
2848 2212 3163 2271 adverbium
3194 2222 3279 2269 est
3306 2215 3532 2269 vocandi
3569 2224 3625 2271 et

2037 2298 2255 2368 aptandi
2286 2318 2297 2354 :
2327 2310 2410 2356 est
2454 2301 2620 2356 etiam
2667 2314 2721 2358 et
2750 2302 3058 2373 lnterjectio
3089 2304 3342 2370 dolentis,
3392 2322 3492 2360 nec
3517 2305 3618 2359 ali-

2036 2389 2166 2459 quid
2194 2390 2421 2447 interest
2462 2393 2604 2449 lnter
2647 2411 2676 2448 ο
2720 2396 2821 2450 hoc
2849 2395 3157 2451 vocativum
3189 2404 3241 2451 et
3270 2397 3432 2461 heus;
3486 2410 3619 2465 quo-

2037 2481 2198 2535 modo
2244 2482 2387 2537 enim
2438 2483 2691 2551 dicimus,
2732 2486 2858 2541 licus
2893 2488 3145 2557 juvenes;
3174 2487 3273 2553 sic,
3308 2505 3340 2542 ο
3390 2489 3617 2553 iuvenes.

2036 2572 2315 2630 Ablatlvus
2361 2576 2647 2648 singularis
2708 2594 2920 2649 semper
2960 2580 3306 2649 producitur,
3338 2587 3398 2633 ut
3438 2597 3470 2633 a
3504 2595 3619 2646 me,

2037 2665 2102 2718 ab
2131 2665 2240 2730 illo,
2274 2669 2514 2739 exceptis
2558 2670 2643 2725 his
2674 2672 2883 2727 duobus
2913 2688 3033 2747 qua:
3068 2674 3303 2745 tertiam.
3324 2678 3623 2744 sequuntur

2038 2753 2477 2825 declinationem,
2528 2768 2587 2815 ut
2636 2761 2701 2815 ab
2734 2762 2830 2816 hoc
2858 2762 2941 2817 vel
2970 2763 3067 2816 hac
3096 2762 3180 2817 vel
3223 2764 3321 2817 hoc
3359 2772 3620 2827 nosti-ate,

2036 2859 2275 2907 vestrate.
2332 2851 2724 2921 Nominativus,
2754 2865 2807 2910 et
2836 2856 3199 2922 accusativus,
3252 2868 3307 2913 et
3347 2857 3622 2911 vocativus

2036 2943 2260 3015 pluralis
2288 2953 2412 3000 tunc
2443 2954 2652 3001 tantum
2676 2948 3061 3019 corripiuntur,
3094 2965 3216 3006 cum
3239 2968 3270 3005 a
3298 2948 3496 3005 fuerint
3524 2960 3627 3003 ter-

2038 3035 2250 3100 minati,
2280 3045 2340 3091 ut
2393 3036 2507 3104 illa,
2560 3048 2758 3094 nostra.
2815 3038 3094 3095 Genitivus
3138 3039 3362 3115 pluralis
3412 3053 3625 3111 semper

2039 3127 2353 3198 corripitur,
2384 3136 2443 3183 ut
2474 3138 2793 3196 nostrorum,
2827 3140 3133 3196 vestrorum,
3166 3130 3401 3196 illorum,
3430 3139 3627 3185 nostro-

2040 3235 2178 3285 rum,
2211 3220 2316 3275 nisi
2346 3236 2468 3277 cum
2497 3222 2518 3276 i
2543 3222 2615 3277 sit
2646 3224 2986 3291 terminatus,
3016 3232 3076 3278 ut
3104 3226 3288 3279 nostri.
3330 3224 3553 3279 Dativus
3572 3231 3627 3278 et

2041 3309 2333 3378 ablativus,
2383 3312 2427 3368 si
2480 3314 2525 3367 is
2567 3314 2946 3380 terminantur,
2978 3313 3121 3387 longi
3174 3324 3319 3381 sunt,
3370 3322 3430 3369 ut
3474 3316 3623 3381 meis,

2040 3402 2163 3469 tuis,
2192 3402 2320 3470 illis,
2350 3405 2492 3460 vobis
2516 3423 2536 3472 ;
2566 3406 2610 3461 si
2645 3406 2761 3473 bus,
2794 3406 2984 3462 breves
3012 3414 3156 3472 sunt,
3189 3416 3248 3461 ut
3281 3406 3468 3479 quibus
3494 3447 3509 3473 ,
3534 3423 3628 3460 no-

2038 3496 2313 3562 stratibus,
2346 3498 2672 3561 vestratibus,
2706 3515 2826 3569 quae.
2851 3499 3013 3555 etiam
3044 3506 3100 3555 et
3124 3499 3476 3571 penultimatn
3502 3516 3626 3555 cur-

2039 3582 2262 3653 ripiunt,
2295 3593 2354 3639 ut
2379 3586 2526 3658 Virg.
2561 3587 2614 3641 in
2642 3588 2826 3659 ecloga
2864 3605 2917 3644 v1
2946 3606 2962 3643 :

2167 3674 2273 3733 Quo
2298 3689 2443 3727 cursu
2464 3681 2662 3728 deserta
2688 3681 2936 3742 petiverit,
2962 3686 3013 3730 et
3032 3681 3211 3740 quibus
3226 3686 3359 3731 ante.

2110 3761 2411 3816 Verborum
2442 3763 2623 3832 itaque
2649 3779 2771 3818 cum
2801 3763 3078 3833 multiplex
3102 3764 3154 3817 in
3185 3763 3553 3819 accidentibus
3572 3768 3627 3816 et

2040 3853 2190 3906 varia
2221 3852 2290 3907 sit
2320 3853 2384 3907 de
2413 3854 2579 3908 verbo
2606 3854 2808 3924 regula,
2860 3870 2924 3908 ea
2954 3862 3134 3908 tamen
3176 3869 3297 3923 qua:
3327 3854 3393 3907 ad
3427 3853 3625 3907 utilita-

2042 3954 2148 4000 tem
2175 3945 2413 4000 metrica:
2437 3946 2570 4000 artis
2611 3946 2885 4015 pertinent
2931 3945 3070 3999 sicut
3112 3960 3141 3998 a
3171 3944 3443 4012 magistris
3470 3944 3628 3997 nobis

2041 4037 2241 4091 tradita
2273 4036 2411 4103 sint,
2463 4036 2547 4092 vel
2577 4044 2839 4105 quantum
2870 4037 2971 4107 ipsi
3021 4035 3348 4107 investigare
3376 4048 3473 4104 pro
3504 4049 3626 4086 mo-

2042 4128 2168 4185 dulo
2202 4128 2455 4199 ingenioli
2522 4128 2691 4183 nostri
2745 4128 3041 4199 potuimus,
3091 4126 3285 4192 Luc'li,
3335 4139 3625 4197 puerorum

2041 4220 2369 4287 dulcissime,
2408 4222 2511 4276 hoc
2557 4220 2608 4274 in
2634 4220 2751 4275 loco
2780 4220 2875 4276 tibi
2904 4236 3048 4276 nunc
3092 4219 3331 4274 scribere
3358 4218 3581 4288 dispono
3608 4230 3621 4269 :

2040 4310 2116 4365 ita
2149 4321 2210 4365 ut
2247 4328 2352 4367 non
2380 4311 2553 4367 solum
2588 4311 2897 4365 ultimarum
2930 4310 3279 4383 syllabarum,
3312 4309 3422 4364 imo
3458 4308 3625 4364 etiam

2039 4406 2460 4478 penultimarum
2510 4414 2673 4475 atque
2700 4413 2826 4461 ante
2865 4404 3285 4476 pcnultimarum
3314 4402 3623 4467 rationem,

2042 4513 2161 4568 quae
2196 4514 2302 4552 non
2361 4500 2541 4553 minus
2588 4497 2713 4554 sciri
2757 4497 2931 4567 poetis
2961 4498 3268 4552 necessaria
3302 4504 3413 4560 est,
3462 4509 3625 4564 quam

2580 4591 2819 4645 brevitas
2866 4590 3108 4661 opusculi
3155 4605 3253 4643 nos
3292 4586 3440 4657 sinit)
3488 4584 3627 4654 style

2044 4693 2298 4739 currente
2346 4684 2652 4755 diligentius
2698 4683 2947 4736 intimare
2997 4697 3263 4736 curemus.
3306 4679 3383 4732 Tu
3424 4692 3553 4747 ergo
3580 4675 3626 4730 si

2044 4776 2186 4829 enim
2215 4774 2419 4848 [modo]
2452 4775 2650 4828 velocis
2678 4790 2737 4828 es
2782 4773 3005 4843 ingenii,
3046 4772 3253 4841 reliqua
3283 4770 3462 4825 omnia
3496 4775 3626 4822 tunc

2046 4867 2259 4923 facilius
2285 4868 2551 4938 conjicere
2582 4866 2805 4937 poteris,
2838 4867 2882 4921 si
2912 4866 3014 4921 ista
3052 4865 3313 4918 intentius
3348 4861 3628 4933 percipere

2047 4958 2209 5012 modo
2235 4957 2524 5014 studueris.
2563 4957 2619 5011 in
2649 4955 2829 5010 verbis
2854 4956 3016 5025 igitur
3047 4954 3300 5009 omnibus
3340 4953 3455 5007 haec
3479 4952 3531 5006 in
3567 4950 3627 5004 li-

2048 5050 2260 5107 nalibus
2286 5051 2504 5124 syllabis
2536 5049 2852 5106 breviantur
2882 5064 2896 5103 :
2925 5067 2976 5116 o,
3008 5057 3068 5103 ut
3095 5064 3237 5113 amo,
3266 5046 3445 5109 doceo,
3467 5060 3624 5114 pono,

2034 5133 2241 5209 'nutrio,
2273 5145 2490 5210 amabo,
2541 5143 2754 5209 docebo,
2802 5139 2945 5215 quod
2989 5148 3169 5193 tamen
3210 5136 3506 5192 auctoritas
3536 5152 3626 5188 va-

2044 5235 2184 5301 riet;
2219 5252 2294 5303 m,
2323 5245 2383 5290 ut
2410 5234 2677 5298 amabam,
2704 5233 3005 5297 docueram,
3038 5245 3262 5302 ponam;
3294 5245 3338 5294 r,
3368 5236 3427 5281 ut
3456 5242 3623 5291 amor,

2046 5325 2290 5392 docebar,
2321 5342 2560 5397 ponerer,
2604 5325 2844 5389 nutriar;
2876 5331 2918 5389 t,
2972 5330 3033 5377 ut
3061 5329 3221 5383 amat,
3256 5317 3489 5383 docebat,
3525 5332 3625 5387 po-

2046 5426 2243 5484 suerat,
2292 5418 2553 5480 nutriret;
2590 5433 2674 5483 us,
2705 5424 2765 5469 ut
2802 5430 3063 5479 amamus,
3107 5412 3387 5475 docemus;
3442 5426 3522 5475 re,
3569 5417 3628 5463 ut

2051 5526 2263 5575 amare;
2294 5517 2362 5574 te,
2395 5516 2456 5564 ut
2484 5508 2694 5574 docete;
2720 5507 2809 5574 tis,
2836 5516 2894 5562 ut
2924 5505 3154 5578 ponitis;
3184 5506 3302 5571 stis,
3346 5510 3404 5556 ut
3433 5499 3629 5555 amavi-

2049 5600 2175 5666 stis;
2205 5600 2297 5666 ris,
2327 5607 2387 5653 ut
2413 5599 2634 5666 deceris,
2662 5597 2973 5670 panebaris;
3003 5614 3073 5661 se,
3102 5601 3161 5650 ut
3187 5592 3480 5649 nutrivisse.
3503 5589 3629 5645 Pro-

2049 5690 2320 5747 ducuntur
2332 5699 2513 5746 autem
2526 5709 2578 5757 a,
2595 5697 2654 5745 ut
2668 5706 2788 5744 ama
2804 5706 2884 5756 ;e,
2903 5704 3024 5747 cum
3047 5688 3103 5742 in
3118 5686 3367 5743 secundae
3380 5680 3629 5753 conjugao

2049 5781 2214 5837 tionis
2267 5768 2585 5853 imperativo
2620 5781 2701 5849 lit,
2758 5788 2819 5835 ut
2844 5780 3003 5845 doce;
3050 5780 3092 5846 i,
3137 5785 3199 5833 ut
3248 5775 3407 5839 nutri,
3435 5767 3628 5834 amavi,

2052 5874 2316 5940 amovisti,
2344 5872 2541 5942 doceri,
2571 5890 2606 5928 ιι
2650 5882 2708 5929 ιιι
2731 5880 2943 5940 amata;
2984 5888 3035 5939 ο,
3073 5877 3133 5924 ut
3179 5868 3286 5936 fac,
3316 5866 3441 5930 (1ίοί
3463 5877 3545 5933 σε,
3569 5865 3630 5914 ιιι
