4100 6324
470 420 593 483 ιιι·

1110 409 1184 492 ιιζ
1214 382 1466 492 ιιΑΒΑΝι
1502 432 1723 492 ιιιΑιιιιι
1755 420 2071 490 Αιιειιιιει).
2090 444 2093 451 ·
2112 427 2741 489 ιιοαιιιιτθοιηειιιιιι
2772 414 2955 485 PARS
2990 430 3075 484 ιιι.

3621 430 3726 488 648

478 563 649 616 ttmas,
673 550 918 615 docebas,
945 564 1230 620 posueras;
1265 564 1339 615 es,
1369 558 1430 604 ut
1474 550 1648 616 doces,
1684 564 1908 613 amares,
1954 563 2051 617 po-
2078 550 2134 612 Α
2156 554 2421 612 amemus,
2473 550 2686 612 ametis,
2715 556 2721 569 '
2754 544 2947 600 ament.
2992 538 3173 601 Haec”
3204 534 3421 616 quoque
3478 536 3729 605 similiter

481 642 755 708 suissesjt
785 649 981 705 autem,
1014 654 1138 695 cum
1161 640 1216 695 in
1240 640 1399 695 tertia
1429 654 1655 711 persona
1683 639 1876 710 plurali
1908 637 1947 703 ι,
1968 636 2056 693 vel

482 751 536 798 η,
563 732 646 787 vel
670 748 713 795 s,
743 730 1035 787 vel‘r'ante
1061 734 1121 786 se
1147 731 1325 796 habet,
1351 732 1607 803 syllabam
1642 731 1774 786 facit
1790 729 2057 800 positione

482 823 715 893 longam,
742 831 803 875 ut
827 829 1022 887 amant,
1056 821 1329 887 docebant,
1359 831 1627 892 ponerent,
1660 820 1953 884 nutrierint',
2001 827 2058 874 et

482 912 607 978 vult,
665 913 785 983 fert,
838 922 932 967 est.
981 912 1220 983 Denique
1263 913 1680 984 penultimarum
1710 919 1875 982 atque
1904 918 2057 992 ante:

481 1003 899 1076 penultimarum
954 1004 1144 1059 notitia
1206 1019 1236 1058 a
1298 1013 1529 1074 quatuor
1566 1000 2056 1073 coniugationibus

483 1100 716 1156 maxime
726 1099 1040 1170 percipitur,
1060 1101 1185 1170 quia
1200 1101 1380 1155 omnia
1401 1102 1569 1156 verba
1605 1116 1724 1172 qua:
1762 1098 2057 1156 secundum

482 1190 781 1260 analogiam
794 1189 1148 1256 declinantur,
1164 1199 1395 1260 quatuor
1415 1188 1822 1261 coniugatibnes
1833 1190 2052 1244 habent.

550 1280 730 1335 Prima
780 1280 944 1351 igitur
992 1289 1078 1337 est
1130 1280 1457 1353 coniugatio,
1488 1296 1609 1351 qua:
1656 1282 1712 1335 in
1765 1280 2058 1336 indicativo

481 1373 661 1439 modo,
696 1387 921 1429 numero
944 1372 1227 1445 singulari,
1251 1381 1495 1443 tempore
1518 1372 1795 1442 praesenti,
1820 1372 2058 1428 secunda

478 1480 729 1535 persona,
777 1464 944 1521 verbo
990 1465 1166 1520 activo
1192 1474 1250 1519 et
1278 1464 1510 1519 neutrali
1557 1464 1615 1518 in
1654 1482 1713 1518 as
1738 1464 2058 1535 productam

480 1555 697 1611 desinit.
727 1555 1034 1615 Secundum
1063 1556 1279 1626 quidem
1303 1555 1721 1611 declinationem
1749 1570 1911 1625 quam
1941 1556 2057 1625 ipsa

484 1644 645 1701 habet
671 1645 726 1701 in
770 1647 1043 1716 praesenti,
1075 1646 1317 1702 omnium
1348 1644 1787 1718 coniugationum
1814 1646 2060 1716 praeteri-

486 1746 599 1792 tum
629 1736 1002 1808 imperfectum
1038 1744 1095 1794 et
1121 1738 1402 1809 plusquam
1444 1738 1741 1810 perfectum
1770 1739 1826 1794 in
1856 1740 2061 1796 indica-

485 1827 617 1893 tivo,
647 1841 747 1881 nec
790 1842 898 1882 non
924 1828 1173 1882 secundae
1200 1835 1257 1882 et
1281 1828 1453 1883 tertite
1480 1836 1536 1883 et
1576 1832 1783 1900 quartae
1809 1827 2060 1901 coniuga-

2155 638 2296 694 sicut
2321 638 2599 710 superiora
2616 636 2969 707 pellultilnani
2992 654 3021 693 e
3036 638 3227 708 prima:
3248 638 3313 693 ac
3335 632 3584 694 secunda
3603 644 3730 709 per;

2156 744 2302 785 sonas
2334 728 2557 800 pluralis
2600 729 2670 784 ad
2698 729 2928 785 fortnam
2974 732 3257 800 praesentis
3304 733 3563 802 temporis
3605 728 3731 804 pic-

2155 820 2375 876 ducunt.
2394 820 2653 875 Similiter
2670 828 2727 876 et
2745 816 2809 876 ιη
2821 812 3036 892 passivo
3054 822 3240 877 eadem
3263 822 3729 894 tempora'absque

2154 908 2433 977 praeterito
2474 906 2716 981 perfecto
2758 919 2814 965 et
2849 910 3134 980 plusquam
3181 906 3429 981 perfecto
3444 900 3733 982 praesentis

2158 998 2415 1069 temporis
2458 996 2872 1054 declinationem
2917 1000 3197 1057 imitantur
3224 994 3293 1057 ut
3321 1002 3539 1072 duceris,
3568 998 3731 1059 doce-

2157 1096 2263 1157 tur,
2294 1089 2560 1159 docemur,
2589 1091 2865 1159 docemini,
2894 1092 3178 1165 docentu'rj;
3209 1096 3437 1161 amarer,
3454 1080 3736 1163 'reris,‘ré-.-

2157 1189 2264 1248 tur,
2288 1192 2483 1248 remur,
2511 1183 2717 1248 remini,
2747 1193 2962 1250 rentur;
2991 1174 3535 1251 docerer,'ddcereris,'
3565 1186 3728 1254 retur,

2158 1280 2351 1337 remur,
2380 1272 2586 1339 femini,
2632 1265 3101 1346 ren'tur;ponerer,
3135 1264 3284 1343 reris,
3325 1280 3487 1344 retur,
3534 1266 3729 1345 reniur‘,

2158 1366 2362 1433 remini,
2379 1366 2853 1433 rentur‘fnutriter,‘
2873 1368 3024 1435 reris,
3046 1368 3226 1435 retur,
3248 1376 3460 1436 'remur,
3500 1368 3697 1425 ‘r'eniini
3711 1362 3729 1440 ,

2159 1465 2370 1521 rentur;
2418 1468 2598 1522 amer,
2636 1459 2838 1524 meris,
2882 1460 3104 1524 ametur,
3150 1468 3405 1524 amentur,
3446 1460 3730 1526 antemiui,

2159 1558 2417 1601 amentur.
2434 1547 2502 1601 Et
2515 1548 2616 1603 ista
2642 1549 2859 1619 quidem
2886 1551 2941 1605 in
2968 1540 3211 1606 Secunda
3230 1561 3286 1607 et
3310 1553 3468 1607 tertia
3496 1566 3727 1623 persona

2161 1636 2445 1706 singulari,
2468 1638 2708 1707 etprima
2732 1652 2797 1693 ac
2824 1640 2983 1695 tertia
3011 1641 3203 1711 plurali
3230 1626 3729 1712 penultim'am‘lon-

2160 1740 2284 1799 gam
2312 1728 2513 1785 habent
2525 1738 2580 1784 et
2607 1733 3083 1802 antepenultimam
3108 1735 3165 1789 in
3188 1735 3421 1801 secunda
3442 1730 3657 1805 plurali.

2232 1820 2411 1876 Tertia
2445 1818 2752 1893 coniugatio
2778 1830 2859 1879 est
2885 1840 3005 1894 quae
3046 1825 3102 1878 in
3135 1827 3366 1881 secunda
3396 1840 3623 1897 persona
3650 1827 3731 1881 in-

483 1916 647 1971 tionis
689 1917 986 1986 optativum
1029 1916 1270 1973 futurum
1312 1926 1368 1973 et
1390 1920 1628 1989 praesens
1658 1919 2055 1989 subiunctivum

2164 1911 2379 1966 dicativi
2403 1912 2566 1979 modi,
2593 1916 2848 1984 temporis
2866 1915 3166 1985 praesentis,
3193 1917 3480 1987 Singularis
3498 1919 3730 1982 numeri,

482 2005 859 2072 declinantur,
916 2014 977 2061 ut
1026 2023 1212 2074 amas,
1282 2017 1457 2074 amat,
1513 2024 1777 2076 amamus,
1836 2012 2056 2078 amatis‘,

483 2105 697 2162 amant;
726 2095 986 2163 amabam,
1018 2098 1253 2165 amabas,
1287 2099 1519 2165 amabat,
1548 2101 1874 2167 amabamus,
1906 2116 2060 2155 ama-

481 2188 638 2257 batis,
689 2189 968 2254 amabant;
1002 2189 1269 2257 docebam,
1321 2190 1433 2255 bas,
1488 2191 1609 2258 bat,
1654 2191 1857 2259 bamus,
1901 2191 2057 2258 batis,

478 2282 603 2337 bant
614 2299 635 2348 ;
648 2281 917 2351 ponebam,
934 2280 1044 2347 bas,
1061 2280 1169 2347 bat,
1184 2282 1387 2346 bamus,
1407 2281 1560 2348 batis,
1576 2282 1695 2337 bant
1710 2297 1730 2348 ;
1743 2283 2059 2350 nutriebant,

476 2373 588 2440 bas,
645 2373 753 2439 bat,
799 2373 1001 2439 bamus,
1035 2374 1187 2439 batis,
1218 2373 1379 2438 bant;
1412 2390 1731 2441 amaveram,
1762 2392 2058 2442 amaucras,

480 2476 769 2531 (artaverat,
802 2482 1187 2533 amaveramus,
1230 2467 1561 2531 amaveratis,
1594 2475 1935 2533 amaverunt;
1960 2466 2060 2520 ds-

479 2574 709 2623 cueram,
744 2574 854 2624 ras,
884 2567 985 2624 rat,
1020 2574 1219 2625 ramus,
1254 2558 1406 2623 ratis,
1443 2567 1598 2624 rant;
1626 2573 1925 2628 posueram,
1948 2573 2059 2625 ras,

482 2656 585 2711 rat,
624 2663 821 2711 ramus,
845 2648 997 2713 ratis,
1021 2657 1137 2702 rant
1160 2665 1179 2714 ;
1209 2649 1548 2715 nutriveram,
1575 2665 1689 2715 ras,
1720 2658 1825 2714 rat,
1858 2665 2056 2714 ramus,

480 2737 633 2802 ratis,
659 2747 812 2804 rant;
838 2736 1076 2805 doceam,
1105 2738 1316 2807 doceas,
1364 2740 1571 2807 doceat,
1611 2740 1928 2808 doceamus,
1965 2741 2063 2795 dco

476 2828 659 2894 ceatis,
689 2828 941 2896 doceant;
991 2847 1218 2901 ponam,
1275 2848 1391 2897 nas,
1442 2843 1567 2899 nat,
1622 2849 1829 2901 namus,
1886 2836 2058 2901 natis,

483 2926 641 2983 nant;
670 2918 920 2986 nutriant,
946 2936 1027 2986 as,
1058 2929 1134 2987 at,
1163 2937 1331 2987 amns,
1364 2923 1489 2988 atis,
1517 2932 1642 2988 ant;
1670 2931 1727 2978 et
1763 2924 1833 2979 ob
1862 2923 1918 2979 id
1944 2925 2061 2980 hac

483 3009 661 3065 omnia
698 3008 1048 3080 penultimam
1096 3029 1127 3065 a
1174 3012 1229 3067 in
1274 3014 1447 3084 prima
1488 3028 1553 3069 ac
1582 3014 1820 3070 secunda
1867 3014 2061 3085 plurali

485 3099 805 3171 producunt.
836 3102 1094 3157 Similiter
1120 3111 1176 3157 et
1201 3103 1253 3158 in
1285 3104 1448 3159 verbo
1476 3105 1693 3175 passivo
1722 3105 1839 3160 base
1868 3107 2060 3161 eadem

482 3201 725 3263 tempora
770 3192 974 3262 absque
1017 3194 1292 3263 praeterito
1315 3194 1601 3265 plusquam
1643 3196 1887 3267 perfecto
1922 3212 2060 3267 pra:-

481 3283 654 3338 sentis
687 3284 948 3355 temporis
976 3283 1394 3342 declinationem
1443 3299 1763 3357 sequuntur,
1815 3294 1879 3345 ut'
1904 3296 2061 3345 'ama-
2086 3268 2132 3332 (ἶ

478 3376 574 3441 ris,
608 3386 842 3441 amatur,
874 3393 1133 3444 amamur,
1161 3379 1443 3446 amamini,
1478 3391 1768 3448 amantur;
1810 3382 2059 3451 amabar,

479 3467 643 3533 baris,
668 3468 841 3535 batur,
865 3471 1070 3536 bamur,
1098 3472 1313 3538 bamini,
1338 3472 1565 3540 bantur;
1585 3476 1872 3543 nutriebar,
1896 3478 2059 3544 boris,

481 3558 655 3627 batur,
686 3562 891 3628 bamur,
927 3563 1142 3629 bamini,
1172 3564 1395 3633 bantur;
1426 3568 1670 3635 docebar,
1693 3569 1857 3635 boris,
1886 3569 2059 3636 batur,

481 3652 685 3720 bantur,
725 3654 943 3722 bamini,
976 3654 1204 3723 bantur;
1252 3659 1505 3729 ponebar,
1537 3661 1698 3727 baris,
1750 3662 1925 3728 batur,
1972 3662 2063 3716 ba-

482 3760 628 3807 mur,
687 3744 906 3811 bamini,
937 3747 1158 3813 bantur;
1216 3750 1436 3817 docear,
1487 3754 1623 3818 aris,
1684 3746 1832 3822 atur,
1888 3742 2060 3821 amur,

484 3832 671 3897 nmini,
703 3843 899 3900 antur;
928 3852 1117 3904 ponar,
1149 3839 1245 3904 ris,
1273 3850 1415 3906 atur,
1450 3858 1621 3907 amur,
1657 3845 1843 3910 amini,
1867 3854 2061 3911 antur;

484 3924 711 3989 nutriar,
744 3925 875 3991 aris,
906 3936 1046 3992 atur,
1086 3944 1259 3995 amur,
1308 3932 1494 3998 omini,
1525 3942 1684 3987 antur
1712 3949 1727 3988 :
1760 3946 1815 3988 et
1851 3933 1921 3988 ob
1959 3935 2063 3990 hoc

483 4011 596 4083 ipsa
624 4030 839 4086 quoque
865 4017 1216 4088 penultinlam
1244 4024 1491 4078 secunda:
1520 4040 1764 4094 persona:
1791 4034 1844 4079 et
1891 4026 2064 4080 tertia:

486 4105 792 4176 singularis,
821 4123 920 4165 nec
949 4125 1057 4166 non
1083 4120 1137 4166 et
1161 4113 1350 4183 primat
1379 4130 1445 4169 ac
1465 4116 1638 4170 tertiae
1668 4114 1910 4186 pluralis,
1938 4130 2065 4185 pro-

489 4194 705 4250 ductam
732 4197 952 4266 habent,
979 4194 1035 4256 et
1071 4203 1359 4260 secundam
1388 4219 1675 4275 personam
1715 4206 1979 4277 pluralem
2007 4208 2063 4263 in

484 4286 910 4354 antepenultilna
936 4290 1258 4358 producunt.

564 4380 808 4433 Secunda
843 4394 970 4450 ergo
1018 4388 1102 4434 est
1154 4378 1458 4452 coniugatio
1498 4399 1618 4453 quae.
1664 4387 1720 4441 in
1774 4389 2064 4447 indicativo

498 4467 658 4520 modo
693 4482 918 4522 numero
942 4470 1225 4540 singulari,
1260 4472 1314 4526 in
1342 4474 1506 4528 stanti
1538 4464 1796 4548 tempore,
1829 4482 2063 4536 secunda

490 4570 744 4625 persona,
773 4571 967 4628 genere
986 4560 1181 4614 'activo
1206 4569 1260 4616 et
1284 4564 1514 4618 neutrali
1541 4582 1594 4619 es
1641 4566 1705 4641 in
1727 4568 1833 4624 line
1862 4571 2063 4639 produ-

496 4654 637 4701 ctam
665 4645 847 4701 habet.
878 4644 972 4702 Cui
999 4647 1215 4723 [Quam]
1240 4650 1651 4710 declinationem
1682 4636 1980 4727 sequuntur
2009 4661 2065 4715 in
2086 4636 2143 4706 Ἠ

493 4740 641 4795 omni
672 4739 1046 4811 coniugatione
1074 4746 1295 4814 Optativi
1336 4746 1480 4801 modi
1526 4765 1765 4818 praesens
1794 4760 1847 4805 et
1875 4761 2067 4822 praete-

493 4830 656 4885 ritum
691 4832 1065 4903 imperfectum
1116 4847 1275 4907 atque
1302 4842 1632 4908 praeteritum
1685 4844 1982 4914 perfectum
2014 4854 2068 4901 et

490 4923 823 4992 praeteritum
881 4924 1165 4996 plusquam
1228 4929 1562 4998 perfectum,
1626 4942 1682 4986 et
1744 4933 2066 5003 subiunctivi

495 5010 828 5080 praeteritum
886 5014 1277 5085 imperfectum,
1315 5028 1369 5074 et
1412 5020 1694 5092 plusquam
1744 5025 2065 5095 perfectum,

489 5117 592 5158 nec
614 5117 720 5159 non
745 5112 798 5159 et
823 5109 1045 5176 optativi
1061 5109 1300 5165 futurum
1322 5122 1377 5167 et
1398 5113 1721 5183 subiunctivi
1734 5131 1992 5185 praesens,
2016 5119 2071 5176 in

490 5197 663 5267 prima
681 5199 1076 5271 coniugatione,
1102 5203 1348 5270 utdoces,
1374 5205 1539 5272 docet,
1566 5208 1830 5276 docemus,
1854 5211 2067 5281 docetis,

491 5286 706 5353 docent;
723 5307 975 5356 amarem,
992 5309 1218 5359 amares,
1241 5306 1784 5367 amaret,alnaremus,
1798 5306 2068 5371 amaretis,

493 5391 758 5444 amarent;
787 5381 1044 5448 docerem,
1078 5399 1181 5450 res,
1213 5397 1310 5452 ret,
1340 5404 1531 5455 remus,
1558 5393 1702 5459 retis,
1736 5406 1880 5461 rent;
1908 5398 2082 5450 nutriw

496 5484 621 5535 rem,
650 5486 748 5535 res,
778 5480 871 5536 ret,
901 5488 1095 5541 remus,
1125 5477 1265 5544 retis,
1298 5487 1443 5546 rent;
1473 5485 1800 5550 amovissent,
1841 5488 2072 5542 amabis-

494 5577 595 5629 ses,
617 5563 912 5630 anlavisset,
941 5567 1330 5637 amavissemus’,
1360 5573 1703 5642 amavissetis,
1726 5578 2072 5646 amovissent;

497 5654 819 5720 docuissem,
856 5672 973 5723 ses,
1006 5668 1102 5724 set,
1144 5678 1333 5729 scmus,
1396 5667 1538 5733 setis,
1570 5677 1713 5733 seut;
1751 5670 2067 5737 posuissem,

497 5763 576 5802 ses
606 5787 621 5812 ,
671 5755 768 5812 set,
826 5765 997 5805 scmus
1024 5792 1039 5817 ,
1092 5753 1212 5808 setis
1239 5794 1254 5820 ,
1319 5767 1478 5823 sent;
1540 5762 1898 5828 nutririssem,
1955 5780 2070 5828 ses,

502 5848 609 5901 set,
664 5855 837 5893 scmus
867 5880 881 5908 ,
950 5840 1091 5909 setis,
1136 5855 1293 5912 sent;
1348 5863 1516 5902 amem
1554 5888 1567 5917 ,
1632 5868 1814 5920 ames,
1884 5866 2020 5908 amet
2053 5892 2069 5919 ,

2160 2001 2549 2072 signiﬁcatione
2578 2005 2752 2060 activa
2778 2017 2833 2059 et
2862 2005 3091 2061 neutrali
3138 2008 3184 2062 is
3230 2007 3445 2063 ﬁnalem
3485 2009 3729 2081 corripit.

2158 2093 2242 2150 Ad
2268 2094 2427 2165 huius
2454 2095 2860 2152 similitudinem
2889 2098 3226 2153 declinantur
3268 2099 3506 2155 futurum
3531 2100 3735 2154 indica-

2163 2188 2256 2243 tivi
2283 2188 2465 2258 prima
2479 2194 2533 2244 et
2549 2187 2785 2244 secunda
2806 2190 3195 2260 coniugatione,
3221 2207 3322 2247 nec
3345 2206 3451 2247 non
3467 2200 3522 2247 et
3540 2203 3734 2261 quarta

2161 2278 2215 2334 in
2227 2272 2313 2335 his
2324 2278 2502 2334 verbis
2516 2282 2637 2348 quae
2658 2278 2711 2333 in
2730 2279 2904 2349 prima
2917 2294 3143 2348 persona
3162 2283 3445 2350 praesentis
3476 2281 3736 2353 temporis

2161 2372 2216 2426 in
2237 2388 2295 2425 eo
2309 2360 2580 2426 desinunt.
2606 2370 2735 2424 item
2754 2369 3077 2439 subjunCtivi
3094 2374 3422 2442 pralteritum
3436 2372 3735 2443 perfectum

2162 2472 2323 2533 atque
2333 2462 2594 2531 futurum,
2613 2472 2673 2519 ut
2696 2480 2855 2535 pono,
2872 2467 3044 2535 ponis,
3065 2462 3237 2537 ponit,’
3244 2467 3503 2536 ponimus,
3519 2471 3730 2538 ponitis,

2160 2562 2380 2629 pbnunt;
2411 2557 2616 2624 amabo,
2631 2557 2726 2616 bis,
2747 2557 2838 2624 bit,
2856 2556 3047 2625 bimus,
3065 2558 3205 2624 bilis,
3223 2558 3381 2625 bunt;
3402 2558 3616 2624 docebo;
3632 2559 3731 2626 bis,

2162 2648 2256 2713 bit,
2274 2647 2464 2715 bimus,
2478 2646 2617 2714 bitis,
2633 2648 2887 2715 bunt;ibo,
2902 2649 3021 2715 ibis,
3036 2648 3151 2716 ibit,
3166 2650 3538 2717 ibimus,ibltis,
3556 2652 3734 2715 ibunt;

2162 2738 2339 2810 quibo,
2363 2738 2458 2804 bis,
2476 2738 2572 2805 bit,
2588 2739 2774 2805 bimus,
2794 2740 3095 2806 bitis,bunt;
3119 2743 3419 2806 amaverim,
3444 2744 3536 2807 ris,
3560 2745 3648 2808 rit,
3666 2746 3737 2797 ri-

2161 2845 2299 2893 mus,
2332 2830 2466 2895 ritis,
2495 2830 2632 2896 rint;
2658 2831 2947 2907 docuerim,
2978 2832 3068 2897 ris,
3105 2834 3195 2899 rit,
3224 2833 3410 2900 rimus,
3432 2835 3567 2901 ritis,
3594 2837 3735 2899 rint;

2161 2921 2446 2989 posuerim,
2462 2922 2552 2985 ris,
2572 2922 2660 2988 rit,
2677 2923 2861 2989 rimus,
2881 2924 3017 2990 ritis,
3034 2924 3134 2979 rint
3151 2942 3169 2990 ;
3185 2926 3507 2991 nutriverl'm,
3524 2927 3617 2988 ris,
3636 2928 3739 2993 rit,

2164 3012 2347 3079 rimus,
2381 3012 2515 3079 ritis,
2553 3013 2688 3080 rint;
2719 3032 2982 3082 antauero,
3010 3018 3104 3083 ris,
3126 3018 3216 3082 rit,
3246 3024 3302 3075 et
3327 3017 3462 3083 rel.;
3488 3017 3735 3087 docuero,

2162 3102 2257 3169 ris,
2294 3104 2385 3169 rit,
2437 3111 2492 3159 et
2523 3104 2657 3171 rel.;
2686 3122 2924 3175 posuero,
2957 3107 3050 3171 ris,
3079 3106 3167 3171 rit,
3198 3114 3253 3161 et
3289 3106 3419 3174 rel.;
3467 3109 3745 3173 nutrieras

2164 3194 2258 3261 ris,
2289 3197 2378 3262 rit,
2406 3205 2461 3250 et
2485 3195 2582 3251 rel.
2617 3196 2675 3253 ld
2705 3195 2819 3269 [Eti
2846 3197 2966 3253 ideo
2992 3198 3107 3257 llaec
3152 3199 3213 3257 in.
3232 3198 3342 3255 illis
3362 3199 3621 3259 locisnubi.
3648 3216 3738 3253 sn-

2162 3287 2377 3359 periora
2408 3289 2666 3357 producta
2695 3303 2814 3344 esse
2842 3290 3098 3357 diximus,
3140 3291 3535 3361 corripiuntur.
3562 3290 3652 3347 Sic
3676 3294 3749 3351 es

2164 3381 2218 3436 in
2249 3379 2468 3449 passivo
2491 3378 2732 3435 futurum
2761 3380 3041 3436 indicativi
3080 3381 3135 3436 in
3162 3382 3337 3451 prima
3369 3382 3453 3437 vel
3498 3382 3737 3436 secunda

2164 3473 2542 3544 coniugatione
2566 3474 2634 3528 ad
2663 3474 2836 3529 instar
2863 3476 3151 3543 praesentis
3181 3476 3441 3545 temporis
3462 3475 3740 3531 declinen-

2164 3574 2272 3632 tur,
2303 3573 2362 3621 ιιι
2388 3582 2573 3635 ponar,
2603 3567 2830 3636 ponaris,
2860 3568 3092 3636 ponitur,
3146 3568 3416 3637 ponimur,
3444 3566 3745 3643 poniutinii,

2162 3667 2459 3728 ponuntur;
2512 3657 2749 3723 amabor,
2783 3657 3065 3722 amaberis,
3107 3659 3391 3725 amabitur,
3422 3654 3745 3720 amabimur,‘

2165 3748 2491 3814 amabimini,
2523 3749 2875 3814 amabuntur;
2922 3748 3166 3815 docebor,
3198 3748 3501 3815 ‘doceberis;
3531 3748 3738 3803 docebi-

2165 3850 2274 3903 tur,
2327 3839 2645 3905 docebimur,
2696 3839 3027 3905 docebimini,
3078 3839 3401 3894 docebuntur
3451 3854 3485 3892 :'
3528 3832 3739 3908 istaque

2164 3934 2344 3985 omnia
2374 3930 2539 3985 simili
2565 3931 2724 3985 modo
2763 3930 3311 4007 corripiuntur,’si_v_e
3337 3932 3375 3984 i'
3398 3930 3576 3987 brevis
3614 3947 3739 4000 per-

2166 4023 2445 4087 manserit,
2476 4022 2589 4077 sive
2617 4037 2675 4076 se
2702 4023 2756 4077 in
2779 4039 2806 4075 e
2831 4033 3134 4092 correptam
3163 4023 3470 4081 mutaverit.
3718 4046 3743 4085 ,-

2239 4115 2443 4195 Quarga
2467 4125 2649 4171 autem
2687 4116 2993 4187 coniugatio
3023 4117 3078 4172 in
3125 4117 3418 4175 indicativo
3446 4116 3701 4188 prasenti
3719 4156 3737 4182 ,

2167 4205 2400 4260 secunda
2429 4220 2659 4275 persona
2694 4208 2978 4278 singulari,
3012 4207 3189 4263 activo
3216 4222 3416 4278 genere
3434 4216 3492 4262 et
3526 4216 3745 4273 neutra-1

2165 4293 2221 4358 li,
2253 4296 2271 4347 i
2297 4296 2616 4364 productam
2641 4306 2771 4355 ante
2814 4316 2839 4355 s
2869 4299 3047 4364 habet,
3095 4300 3313 4369 passivo
3357 4300 3653 4363 communi,
3683 4309 3740 4352 et

2167 4387 2455 4456 deponenti
2484 4397 2613 4445 ante
2634 4392 2993 4448 novissimam.
3019 4393 3298 4465 syllabam,
3336 4402 3397 4449 ιιι
3417 4395 3612 4458 nutriti,
3642 4400 3743 4447 rtu-

2166 4479 2283 4543 tris,
2317 4480 2499 4546 nutrit,
2533 4483 2754 4546 nutrior,
2790 4483 3009 4539 nutriris
3033 4497 3052 4536 .'
3085 4484 3363 4540 hincetlin
3389 4484 3491 4541 hoc
3509 4484 3689 4539 dillcrt
3709 4500 3745 4538 a

2169 4570 2332 4626 tertia
2355 4573 2499 4639 quod
2527 4574 2548 4625 i
2593 4572 2826 4644 longam,
2860 4590 3020 4643 quam
3067 4577 3118 4630 in
3146 4577 3398 4645 presenti
3440 4586 3679 4644 tempore
3706 4591 3742 4629 ει

2170 4664 2403 4720 secunda
2434 4679 2661 4734 persona
2691 4668 3133 4737 accepit,'survat
3152 4683 3275 4723 eam
3318 4669 3514 4738 ubique
3544 4667 3743 4737 produs

2169 4762 2333 4821 ctam,
2365 4763 2427 4810 ut
2470 4756 2527 4810 in
2556 4758 2893 4826 imperativo,
2927 4761 3085 4823 nutri,
3120 4761 3336 4826 nutrito,
3382 4759 3603 4824 nutrire,
3642 4775 3742 4811 nu-

2171 4846 2358 4911 tritor;
2393 4854 2448 4899 et
2474 4847 2529 4900 in
2564 4847 2828 4903 inﬁnitivo
2856 4850 3039 4903 audire
3065 4850 3148 4904 vel
3166 4850 3370 4916 audiri,
3416 4857 3474 4905 et
3497 4849 3551 4903 in
3574 4857 3741 4904 cate-

2170 4936 2248 4990 ris
2276 4936 2361 4991 his
2390 4938 2671 4993 similibus.
2703 4938 3008 4995 Meminisse
3034 4956 3162 5011 ergo
3192 4941 3364 4997 debes
3407 4941 3573 5011 quod,
3600 4940 3743 4994 sicut

2171 5037 2422 5081 neutrum
2481 5030 2703 5083 verbum
2742 5030 2904 5085 activi
2936 5033 3081 5086 verbi
3118 5034 3359 5103 regulam
3393 5033 3637 5103 sequitur
3684 5033 3740 5086 in

2174 5122 2318 5175 omni
2334 5122 2725 5193 coniugatione,
2748 5126 2825 5181 sic
2840 5127 3056 5195 passivi,
3080 5142 3363 5184 commune
3376 5137 3431 5183 et
3445 5131 3739 5199 deponens,

2174 5221 2230 5269 et
2244 5215 2297 5268 in
2312 5215 2412 5270 hoc
2426 5230 2613 5271 eorum
2624 5227 2831 5286 potesta
2841 5226 2942 5272 tem
2958 5221 3284 5292 investigare
3297 5219 3638 5293 per'syllahas
3651 5236 3743 5291 po-

2174 5315 2277 5363 tes.
2293 5307 2592 5364 Notandum
2608 5319 2788 5365 autem
2810 5314 2951 5382 quod
2965 5314 3152 5383 prima:
3163 5313 3556 5385 coniugationis
3575 5315 3738 5370 verba

2174 5413 2283 5453 non
2317 5398 2488 5453 solum
2506 5400 2649 5455 illam
2672 5419 2703 5455 a
2732 5414 2895 5471 quam
2923 5404 2989 5457 ad
3010 5402 3239 5460 formam
3265 5407 3546 5476 pmsentis
3568 5407 3620 5460 in
3639 5422 3739 5461 ωδε

2180 5488 2311 5543 teris
2335 5491 2665 5557 temporibus
2682 5493 2978 5549 secundum
3002 5496 3316 5563 praedictam
3330 5496 3592 5551 rationem
3616 5510 3741 5566 pro-

2173 5580 2379 5637 ducunt
2406 5583 2535 5652 quin
2566 5585 2728 5639 etiam
2752 5584 2899 5640 illam
2927 5602 3090 5656 quam
3118 5604 3147 5641 a
3173 5588 3425 5658 praesenti
3451 5588 3741 5643 indicativo

2175 5676 2407 5747 secunda
2435 5689 2664 5743 persona
2695 5677 2955 5745 singulari
2982 5688 3321 5749 acceperant,
3350 5679 3463 5734 sive
3480 5679 3532 5733 in
3552 5677 3741 5749 penul-

2177 5767 2382 5831 timaln,
2391 5767 2512 5846 give
2528 5767 2580 5820 ill
2594 5782 2660 5821 an
2668 5769 3070 5838 tcpenultimam
3083 5787 3177 5826 seu
3200 5772 3254 5827 in
3268 5781 3517 5841 quartam
3530 5780 3656 5827 ante
3678 5771 3741 5826 il-

2176 5869 2295 5909 nem
2326 5856 2582 5925 syllabam
2615 5857 2814 5926 veniat,
2839 5874 3050 5931 semper
3070 5872 3201 5918 eam
3246 5862 3461 5936 leuga!!!
3497 5861 3736 5918 balteum
