4100 6324
372 380 478 438 649

1186 383 1572 448 EXCERPTIO
1609 383 1697 441 DE
1734 385 1918 440 ARTE
1955 380 2408 440 GRAMMATICA
2444 381 2798 440 PRISCIANI.

3506 388 3617 451 650

370 493 428 549 in
453 493 539 549 his
561 491 809 548 videlicet
837 497 1168 566 temporibus
1209 507 1259 553 et
1292 500 1482 565 modis,
1515 515 1742 569 quorum
1783 497 1944 552 verba
1975 501 2026 559 Α
2053 504 2157 561 tur,
2211 497 2406 566 ubique
2457 512 2577 550 eam
2626 503 2842 551 servant
2875 505 3196 566 correptam,
3252 508 3311 553 ut
3358 517 3390 554 a
3434 502 3620 575 doceo,

370 587 558 641 subter
583 595 838 640 notantur
864 595 976 642 uta
999 591 1275 658 praisenti,
1313 591 1501 655 denas,
1532 591 1813 656 donamus,
1847 591 1946 644 de-

370 676 541 741 natis;
569 676 902 746 imperfecto,
939 679 1234 744 donabam;
1265 679 1508 750 perfecto
1540 680 1765 746 donavi;
1800 679 1946 750 plus-

371 780 537 836 quam
564 767 824 836 perfecto,
854 768 1200 834 donaveram;
1230 769 1434 835 futuro,
1465 770 1688 824 donabo.
1718 770 1946 841 Impera-

371 856 486 912 tivo
531 856 689 912 modo
716 859 992 928 prtesenti,
1039 859 1201 924 dona,
1252 859 1476 914 donate:
1507 859 1688 914 futuro
1727 859 1942 924 donato,

371 949 637 1015 donatete,
667 949 895 1004 donante
934 967 954 1004 :
988 951 1248 1021 optativo,
1287 951 1606 1023 imperfecto
1632 961 1688 1008 et
1723 952 1946 1022 coniun-

369 1042 530 1105 ctivo,
559 1041 840 1106 donarem;
871 1041 1154 1112 plusquam
1183 1033 1444 1113 perfecto,
1470 1044 1794 1110 donassem;
1817 1059 1945 1100 con-

363 1133 604 1207 iunctivo
633 1134 889 1202 perfecto,
943 1135 1280 1197 donaverint,-
1313 1134 1511 1200 futuro,
1543 1134 1836 1201 donavere;
1865 1135 1945 1189 in-

367 1220 574 1278 ﬁnitivo
602 1223 872 1293 praesenti,
911 1223 1141 1288 donare;
1172 1223 1441 1293 perfecto,
1469 1224 1779 1289 donavisse;
1808 1223 1941 1278 etin

365 1316 618 1390 prmsenti
648 1317 935 1372 indicativo
950 1332 1147 1387 genere
1170 1318 1406 1387 passivo,
1434 1317 1673 1382 donaris,
1691 1316 1937 1383 donatur,

364 1409 646 1473 donantur,
710 1407 998 1473 donamini,
1044 1409 1348 1474 donantur;
1389 1407 1724 1478 imperfecto,
1778 1409 1944 1460 dona-

366 1500 479 1564 bar,
511 1498 841 1564 donaberis;
870 1497 1072 1563 futuro,
1106 1499 1360 1563 donabor,
1411 1498 1723 1562 donaberis;
1769 1498 1939 1565 impe-

366 1590 542 1644 rativo
566 1589 844 1659 praesenti,
883 1588 1118 1654 donare;
1147 1587 1350 1655 futuro,
1389 1589 1646 1653 donator;
1674 1589 1934 1658 optativo,

360 1683 639 1752 praeterito
665 1681 1003 1753 imperfecto,
1033 1680 1280 1747 donarer,
1303 1681 1602 1745 donareris,
1632 1679 1936 1745 donaretur,

351 1774 701 1839 'donaremur,
754 1772 1101 1836 donaremini,
1130 1771 1470 1826 donarentur.
1502 1770 1776 1826 Inﬁnitive
1798 1787 1938 1840 prte-

2052 587 2240 658 imper.
2275 602 2462 656 praes,
2493 587 2696 651 doceat,
2730 586 2980 652 doceant;
3009 595 3063 641 et
3086 595 3251 656 Optat.
3287 588 3466 646 futuro
3505 596 3621 653 sive

2049 675 2321 746 conjunct.
2373 691 2628 747 praesens,
2677 676 2910 741 doceam,
2960 677 3164 745 doceas,
3209 687 3264 733 et
3309 681 3432 748 rel.,
3465 692 3522 740 et
3563 685 3620 742 in

2048 770 2284 840 passivo,
2310 769 2471 825 iidem
2501 769 2646 824 modi
2670 779 2726 825 et
2754 777 2992 841 tempora
3029 774 3242 838 eadem,
3264 781 3324 827 ut
3347 774 3621 846 doceatur,

2047 860 2351 928 doceamur,
2397 861 2705 926 doceantur,
2754 871 2810 916 et
2857 862 3069 927 decear,
3119 863 3376 931 docearis,
3418 875 3474 922 et
3521 869 3618 925 rel.

2048 951 2265 1022 Hocque
2290 953 2566 1008 sciendum
2611 953 2752 1024 quod
2782 968 2888 1008 non
2934 961 3142 1009 tantum
3179 956 3294 1012 haec
3319 956 3622 1031 coniugatio

2045 1043 2100 1097 in
2121 1044 2293 1113 prima
2309 1060 2536 1114 persona
2551 1045 2823 1099 indicativi
2837 1045 2864 1098 ε
2878 1054 3000 1100 ante
3021 1063 3050 1099 ο
3071 1047 3318 1117 corripit,
3332 1050 3440 1104 imo
3459 1052 3634 1108 etiam-

2048 1135 2102 1189 in
2131 1136 2346 1190 caeteris
2370 1135 2835 1208 coniugationibus
2861 1136 2978 1192 alia:
3016 1137 3229 1192 vocales
3255 1150 3380 1194 ante
3411 1158 3440 1195 ο
3473 1143 3625 1198 simi-

2047 1227 2174 1282 liter
2199 1229 2586 1298 corripiuntur.
2627 1227 2682 1282 In
2717 1229 2892 1298 prima
2919 1227 3294 1299 coniugatione
3321 1248 3348 1284 e
3375 1232 3458 1288 vel
3494 1251 3524 1287 ο
3565 1241 3628 1290 ut

2042 1322 2250 1388 inchoo,
2298 1339 2432 1388 meo,
2462 1338 2620 1387 creo;
2651 1323 2705 1376 in
2739 1322 2895 1376 tertia
2933 1324 2952 1376 i
2985 1321 3068 1377 vel
3095 1340 3150 1388 u,
3193 1331 3254 1377 ut
3292 1324 3452 1392 facio,
3486 1342 3582 1380 rue
3605 1366 3622 1393 ,

2041 1415 2224 1469 induo.
2261 1414 2320 1470 ln
2349 1422 2541 1484 quarta
2568 1430 2783 1485 quoque
2810 1415 3056 1470 similiter
3084 1416 3102 1468 i
3128 1415 3421 1483 breviatur,
3461 1419 3546 1472 vel
3574 1436 3622 1486 e,

2043 1511 2102 1557 ut
2151 1521 2211 1559 eo
2242 1513 2298 1559 et
2345 1505 2525 1558 audio.
2577 1504 2667 1558 Fit
2711 1505 2815 1560 hoc
2864 1520 2970 1561 non
3025 1505 3080 1560 in
3121 1505 3206 1561 his
3250 1507 3443 1573 solum,
3492 1524 3627 1579 raro

2047 1591 2190 1646 enim
2242 1592 2298 1646 in
2350 1590 2560 1646 Latinis
2597 1592 2923 1649 dictionibus
2976 1594 3219 1650 vocalem
3274 1595 3627 1666 penultimam

2045 1691 2170 1737 ante
2199 1681 2425 1737 alteram
2461 1681 2702 1737 vocalem
2734 1685 3052 1754 productam
3084 1685 3345 1742 invenies.
3376 1687 3501 1742 [deo
3531 1703 3628 1742 au-

2045 1781 2152 1826 tem
2184 1772 2420 1827 diximus
2448 1789 2590 1838 raro,
2619 1773 2745 1841 quia
2773 1773 2828 1827 in
2858 1774 2929 1842 ﬁo
2957 1775 3125 1828 verbo
3149 1783 3399 1832 auctores
3425 1777 3626 1846 produ-

363 1863 524 1931 senti,
582 1864 800 1929 donari;
857 1864 936 1920 sic
990 1872 1044 1918 et
1088 1863 1270 1919 omnia
1329 1862 1489 1932 hujus
1549 1862 1942 1933 coniugationis
1971 1861 2018 1921 B
2046 1873 2176 1918 cunt
2199 1864 2584 1934 penultimam,
2614 1872 2676 1918 ut
2704 1864 2854 1936 Virg.
2885 1864 2940 1919 in
2969 1865 3270 1921 Bucolicis:

364 1956 550 2022 verba,
587 1964 813 2026 excepto
840 1971 948 2010 uno
982 1953 1370 2026 monosyllabo,
1398 1955 1487 2019 de,
1509 1954 1624 2020 das,
1654 1954 1797 2024 quod
1817 1969 1944 2010 con-

359 2058 445 2105 tra
474 2047 758 2122 [regulam]
789 2049 1140 2119 penultimam
1183 2048 1240 2102 in
1265 2047 1546 2118 plerisque.
1575 2047 1838 2118 corripit,
1884 2054 1944 2102 ut

361 2142 417 2197 in
444 2142 718 2213 praeterito
747 2130 1086 2212 imperfecto,
1112 2149 1168 2194 et
1195 2139 1482 2203 futuro,'et
1521 2139 1752 2203 inﬁnito,
1783 2145 1837 2194 et
1885 2139 1940 2194 in

358 2232 641 2303 participio
687 2246 750 2303 ac
797 2231 988 2300 supino
1037 2231 1220 2295 verbo,
1274 2230 1376 2285 nisi
1422 2230 1636 2300 quando
1672 2229 1941 2300 positione

360 2302 676 2392 producitur
698 2302 752 2378 et
789 2324 1006 2390 nomine
1035 2321 1259 2387 verbali,
1297 2330 1358 2376 ut
1391 2322 1600 2390 damus,
1633 2323 1791 2384 datis,
1835 2322 1940 2397 Ida-

361 2415 452 2478 ris,
481 2413 656 2480 datur,
707 2413 918 2478 dabam,
949 2413 1106 2477 dabo,
1136 2413 1339 2478 darem,
1369 2413 1518 2478 dare,
1565 2413 1740 2478 datus,
1780 2412 1940 2466 datu-

362 2523 469 2570 ius,
502 2507 706 2571 datum,
731 2505 880 2571 datu,
910 2505 1082 2571 dator,
1120 2514 1175 2559 et
1202 2520 1321 2574 quae
1367 2520 1434 2559 ex
1462 2505 1545 2559 his
1573 2504 1750 2559 solent
1790 2503 1938 2569 ﬁeri,

361 2608 421 2652 ut
441 2599 742 2663 dabamini;
771 2596 970 2666 ubique
994 2595 1138 2651 enim
1163 2596 1219 2650 in
1246 2597 1330 2650 his
1357 2596 1633 2652 breviatur
1667 2596 1753 2661 da,
1788 2593 1936 2666 Virg.

362 2689 416 2742 in
442 2705 458 2742 ι
487 2687 703 2744 ιίΕιιθίἀ.
736 2706 748 2742 :

484 2778 575 2828 Vix
601 2793 629 2828 ε
649 2782 912 2841 conspectu
940 2778 1115 2830 Siculae
1139 2777 1330 2830 telluris
1349 2778 1401 2829 in
1423 2777 1576 2829 altum

484 2840 608 2891 Vela
631 2840 810 2890 dabant
835 2841 952 2892 laeti.

356 2919 421 2998 ιιι
443 2923 629 2980 eodem
663 2941 677 2979 :

355 3067 359 3071 .
486 3015 621 3067 Adsit
643 3013 823 3067 laetitiae
843 3015 1062 3067 Bacchus
1084 3015 1223 3068 dator
1249 3023 1300 3067 et
1321 3015 1448 3066 bona
1471 3014 1619 3066 Juno.

360 3098 421 3157 1n
447 3101 635 3158 eodem
667 3120 679 3156 :

485 3194 528 3247 0
551 3196 674 3258 passi
698 3195 941 3258 graviora,
964 3195 1101 3247 dabit
1123 3194 1260 3246 Deus
1282 3193 1360 3246 his
1377 3205 1574 3259 quoque
1595 3191 1785 3244 tinem.-

362 3274 507 3333 ldem
533 3277 584 3331 in
611 3278 801 3334 eodem
833 3295 847 3332 :

485 3368 703 3418 Sidatur
724 3367 912 3418 Italiam
929 3369 1077 3418 sociis
1101 3373 1153 3419 et
1176 3379 1302 3430 rege
1329 3370 1553 3430 recepto.

391 3448 511 3504 dem
538 3449 592 3503 in
627 3466 680 3504 vi
711 3467 723 3502 :

486 3538 576 3589 Cui
611 3539 755 3590 datus
776 3537 1027 3588 haerebam
1049 3543 1234 3600 custos,
1256 3549 1528 3600 cursusque
1548 3537 1798 3600 regebam.

360 3619 510 3677 Idem
538 3621 592 3674 in
619 3637 678 3675 ιιι
711 3635 728 3674 :

348 3723 350 3727 ·
491 3707 555 3759 Et
570 3715 714 3770 pater
734 3698 981 3761 Anchises
1000 3707 1122 3759 dare
1145 3706 1258 3758 fatis
1277 3705 1388 3759 vela
1399 3707 1622 3770 iubebat.

361 3788 590 3844 Persius
623 3806 636 3841 :

492 3878 621 3944 Quin
637 3879 806 3929 damus
831 3880 879 3930 id
902 3882 1097 3944 superis
1118 3881 1183 3944 de
1201 3891 1378 3944 magna
1403 3878 1530 3940 quod
1549 3878 1671 3930 dare
1692 3877 1854 3940 lance,

486 3940 593 3991 Non
624 3944 769 4004 possit
791 3943 952 4003 magni
967 3939 1197 3993 'lessalze
1217 3939 1344 4004 lippa
1369 3939 1602 4003 propago.
1657 3977 1659 3981 ι

363 4021 515 4080 Vira.
546 4023 600 4078 in
627 4040 680 4078 IV
710 4041 726 4080 :

503 4064 515 4077 .
546 4040 600 4078 in
627 4040 680 4078 iv
710 4041 726 4080 :

464 4039 642 4166 8lt‘erte
659 4093 746 4166 citi
770 4116 1003 4178 ﬂammas,
1026 4114 1143 4166 date
1165 4113 1288 4176 tela,
1311 4111 1554 4177 impellite
1575 4124 1758 4166 remes.

365 4198 614 4256 Lucanus
650 4201 703 4255 in
731 4217 786 4255 IV
812 4220 825 4255 :

489 4291 699 4342 Maxima
720 4289 809 4340 sed
831 4289 915 4341 lati
935 4289 1139 4342 ducibus
1167 4293 1414 4340 momenta
1440 4287 1687 4338 daturum.

437 4375 504 4430 Et
531 4375 778 4430 secundae
805 4373 1195 4444 coniugationis
1223 4373 1408 4438 verba,
1432 4367 1793 4435 similiterilla
1826 4381 1948 4439 quas

367 4468 637 4538 elongam
687 4484 718 4522 a
763 4468 1017 4538 praesenti
1067 4468 1380 4532 indicativo,
1433 4481 1665 4536 persona
1711 4465 1948 4520 secunda

370 4558 646 4626 singulari,
700 4557 1036 4629 originaliter
1066 4558 1318 4628 tulerant,
1373 4557 1681 4626 ubicunque
1725 4571 1843 4611 eam
1895 4556 1948 4609 in

370 4648 542 4703 modis
595 4649 680 4703 vel
718 4649 1052 4717 temporibus
1097 4649 1317 4713 habent,
1348 4661 1560 4717 semper
1589 4662 1710 4702 eam
1752 4645 1952 4714 produ-

370 4747 518 4804 cunt,
542 4747 603 4792 ut
632 4755 662 4793 a
697 4739 869 4804 doces,
899 4739 1162 4802 docemus,
1197 4738 1424 4800 docetis;
1480 4735 1821 4807 imperfecto,
1850 4734 1949 4787 do-

373 4827 579 4893 cebam,
632 4826 887 4895 docebas,
936 4837 991 4884 et
1044 4828 1182 4895 rel.;
1242 4829 1456 4892 futuro,
1517 4827 1742 4892 docebo,
1793 4824 1950 4878 doce-

373 4917 470 4984 bis,
525 4927 578 4972 et
625 4919 757 4983 rel.;
815 4919 1128 4988 imperfecto
1178 4933 1410 4987 przesen.
1440 4959 1455 4984 ,
1508 4917 1666 4980 doce,
1730 4914 1951 4980 docete;

375 5006 594 5075 futuro,
647 5010 872 5074 docete,
939 5010 1195 5074 docetete,
1244 5009 1497 5073 docento;
1553 5007 1796 5077 optativo
1853 5006 1954 5058 im-

372 5099 635 5171 perfecto,
688 5100 944 5164 docerem,
976 5099 1235 5166 deseres,~
1258 5107 1314 5152 et
1345 5098 1440 5151 rel.
1467 5114 1481 5161 ;
1513 5097 1710 5151 inﬁnit.
1769 5110 1952 5164 praes”

375 5189 578 5243 docere.
623 5187 756 5243 Item
803 5189 1093 5243 indicativo
1133 5188 1389 5258 praesenti
1452 5188 1654 5257 passivi
1701 5186 1956 5257 generis,

294 5303 298 5310 ·
375 5281 602 5346 deceris,
645 5281 878 5345 docetur,
910 5281 1174 5344 docemur,
1217 5279 1495 5345 docemini,
1549 5279 1834 5342 docentur;
1861 5278 1962 5330 im-

377 5369 638 5442 perfecto,
691 5369 934 5434 decebar,
969 5369 1259 5434 docebatis,
1303 5377 1358 5423 et
1386 5369 1521 5433 rel.;
1577 5369 1779 5433 futuro,
1814 5367 1966 5421 doce-

377 5461 495 5530 bor,
522 5463 806 5527 doceberis,
837 5472 894 5516 et
921 5460 1043 5526 rel.;
1077 5461 1398 5531 imperativo
1433 5459 1714 5529 praesenti,
1743 5458 1960 5524 docere,

379 5552 672 5621 docemini;
725 5555 935 5620 futuro,
985 5554 1228 5618 docetor,
1293 5553 1576 5618 decenter,
1631 5551 1961 5614 doceminor;

381 5645 620 5714 Optativo
645 5644 728 5698 vel
758 5643 1100 5713 coniunctivo
1121 5642 1458 5712 imperfecto,
1489 5642 1725 5706 docet-er,
1751 5640 1964 5694 docere-

384 5739 495 5802 ris,
541 5745 596 5791 et
622 5737 752 5800 rel.;
796 5735 1060 5790 inﬁnitive
1106 5735 1380 5805 prasenti,
1426 5734 1624 5788 doceri.
1658 5731 1789 5818 llaec
1833 5731 1962 5784 item

386 5845 505 5901 quae
526 5846 555 5886 a
575 5831 746 5899 prima
775 5843 1004 5898 persona
1031 5828 1324 5892 indicativi,
1353 5835 1626 5894 correpta,
1655 5840 1703 5889 e,
1730 5837 1964 5878 nascun-

865 5917 1134 5978 PATROL.
1181 5916 1344 5978 CXI.

1965 3212 2012 3277 C

2171 1978 2344 2028 Omnia
2368 1976 2450 2027 vel
2474 1977 2691 2028 medium
2715 1976 2831 2028 ﬁant
2855 1990 3013 2041 mare,
3038 1981 3189 2030 vivite
3207 1977 3359 2030 silvae.

2044 2060 2204 2116 Initio
2235 2059 2421 2133 [Ferte
2447 2069 2504 2116 et
2543 2062 2598 2116 in
2627 2061 2732 2134 ius]
2763 2063 3099 2118 terminantis
3137 2063 3357 2135 genitivi
3393 2064 3626 2134 penulti-

2044 2166 2131 2205 ma
2161 2166 2390 2221 anceps,
2443 2152 2584 2206 sicut
2623 2152 2731 2222 iam
2785 2162 2910 2208 ante
2960 2155 3519 2211 commemoravimus.
3568 2156 3626 2210 In

2043 2240 2462 2299 Grmcisautem
2509 2241 2835 2299 dictionibus
2875 2259 3015 2313 saepe
3060 2244 3163 2299 hoc
3208 2244 3514 2309 invenitur,
3567 2253 3625 2299 ut

2045 2335 2341 2400 Menelaus,
2399 2335 2710 2404 spondazus,
2753 2327 3106 2388 idiacamilla.
3169 2333 3348 2388 Tertia
3410 2348 3624 2403 quoque

2042 2424 2428 2494 coniugatione
2462 2439 2695 2494 persona
2716 2425 3003 2494 singularis
3033 2423 3309 2478 indicativi
3338 2425 3623 2492 praesentis

2043 2519 2095 2574 in
2130 2521 2174 2574 is
2213 2521 2430 2574 brevem
2486 2519 2699 2585 finitur;
2757 2520 3050 2574 notandum
3081 2519 3223 2588 quod
3251 2517 3430 2572 omnia
3457 2518 3623 2570 verba

2042 2610 2201 2680 huius
2230 2611 2644 2682 coniugationis,
2699 2611 2791 2667 sii
2838 2612 3058 2666 brevem
3099 2610 3155 2663 in
3204 2609 3310 2663 ﬁne
3350 2608 3499 2662 verbi
3542 2607 3624 2660 vel

2042 2703 2096 2756 in
2126 2703 2384 2758 medioin
2412 2719 2439 2756 e
2467 2702 2818 2767 mutaverint,
2852 2701 3049 2770 ubique
3075 2715 3194 2756 eam
3220 2699 3536 2769 corripiant,
3568 2705 3628 2752 ut

2042 2793 2189 2862 legis,
2225 2793 2355 2863 lege,
2387 2792 2572 2862 legere,
2617 2792 2835 2862 legerer,
2875 2799 3100 2861 excepto
3129 2806 3250 2846 cum
3281 2806 3309 2844 a
3350 2790 3524 2844 tribus
3567 2788 3625 2844 in

2040 2885 2220 2939 medio
2247 2884 2398 2939 verbi
2421 2885 2692 2954 excipitur
2717 2884 3159 2948 consonantibus,
3193 2884 3246 2948 b,
3291 2900 3363 2947 in,
3391 2882 3533 2946 velt,
3565 2888 3626 2934 ut
3673 2940 3677 2946 _

2042 2975 2294 3048 legebam,
2323 2976 2547 3047 legebar,
2564 2976 2811 3046 legemus,
2838 2975 3089 3046 legemur,
3111 2975 3327 3044 legetur.
3357 2973 3625 3030 Caeterum

2041 3066 2143 3120 iin
2186 3065 2367 3121 medio
2390 3065 2539 3120 verbi
2566 3065 2794 3135 positam
2845 3064 3044 3133 ubique
3088 3063 3358 3126 breviaut,
3387 3071 3448 3116 ut
3492 3060 3622 3131 legi—

2049 3175 2186 3223 mus,
2203 3157 2393 3227 legitis,
2418 3155 2588 3227 legite,
2617 3155 2791 3226 legito,
2807 3155 3014 3225 legitur,
3042 3154 3280 3224 legimur,
3304 3152 3557 3223 legimini,
3573 3161 3630 3207 et

2046 3251 2148 3307 rel.
2195 3250 2326 3318 Quae
2375 3258 2555 3304 autem
2584 3249 2638 3303 in
2670 3256 2863 3318 quarta
2896 3246 3274 3317 coniugatione
3318 3260 3348 3298 a
3389 3246 3626 3300 secunda

2047 3357 2279 3414 persona
2316 3341 2590 3395 indicativi
2618 3339 2898 3408 praesentis
2946 3346 3260 3404 nascuntur,
3293 3337 3435 3392 sicut
3462 3352 3628 3406 supra

2048 3431 2307 3495 diximus,
2335 3431 2355 3483 i
2399 3445 2612 3500 semper
2655 3429 2866 3499 longam
2890 3429 3106 3490 habent,
3145 3427 3284 3481 utin
3314 3427 3626 3492 indicativo,

2047 3523 2116 3577 ab
2153 3520 2326 3586 audis,
2371 3520 2632 3580 audimus,
2693 3519 2908 3572 auditis.
2957 3518 3179 3586 lmper.,
3231 3516 3386 3581 audi,
3430 3516 3624 3581 audite,

2048 3609 2251 3675 audito,
2291 3609 2542 3663 auditote.
2574 3607 2755 3678 Optat.
2786 3609 3044 3672 audirem,
3073 3607 3305 3670 audires,
3334 3617 3388 3660 ct
3411 3607 3510 3661 rel.
3535 3607 3625 3661 ln-

2048 3699 2278 3767 ﬁnitivo,
2327 3699 2532 3765 audire,
2573 3707 2628 3753 et
2673 3700 2727 3754 in
2753 3701 2967 3770 passivo
2997 3699 3277 3770 praesentis
3306 3698 3584 3753 indicativi
3612 3739 3627 3764 ,

2050 3789 2273 3855 audiris,
2307 3790 2541 3855 auditur,
2589 3789 2859 3855 audimur,
2890 3789 3181 3855 audimini;
3214 3790 3367 3859 imp.,
3419 3787 3628 3854 audire,

2050 3880 2295 3946 auditor;
2317 3888 2430 3949 opt.
2463 3880 2548 3934 vel
2573 3881 2842 3949 coniunc..
2862 3881 3094 3947 audirer,
3121 3882 3405 3948 audireris,
3438 3889 3504 3936 ct-
3523 3880 3624 3962 rel.

2047 3970 2249 4024 lnlinit.
2261 4011 2274 4036 ,
2291 3970 2488 4024 audiri.
2504 3970 2633 4036 Quae
2652 3984 2779 4025 vero
2794 3987 2822 4024 a
2836 3971 3008 4039 prima
3028 3986 3258 4040 persona
3271 3968 3630 4042 generanturi

2051 4079 2269 4134 semper
2288 4064 2507 4118 brevem
2522 4063 2740 4128 habent,
2765 4071 2824 4115 ut
2848 4062 2900 4115 in
2932 4063 3180 4132 praesenti
3205 4052 3491 4116 indicativo
3515 4068 3624 4115 ter-

2051 4155 2125 4210 tia
2154 4158 2383 4223 persona
2404 4153 2647 4224 pluralis,
2667 4151 2846 4217 audio,
2875 4153 3117 4215 audiunt,
3133 4159 3188 4206 et
3209 4151 3266 4205 in
3287 4149 3467 4205 futuro
3488 4150 3631 4219 eius-

2051 4245 2173 4301 dem
2205 4245 2374 4311 modi,
2404 4243 2642 4311 audiam,
2665 4244 2871 4309 audies,
2898 4251 2953 4300 et
2983 4241 3080 4298 rel.
3108 4257 3122 4307 ;
3157 4242 3348 4312 imper.
3373 4255 3624 4310 prmsen.,

2052 4337 2252 4401 audiat,
2281 4335 2851 4402 audiamus,audiatis,
2881 4336 3121 4401 audiant,
3145 4341 3197 4388 et
3223 4332 3348 4399 fut.,
3375 4333 3628 4387 audiunto

2050 4429 2136 4486 vel
2163 4429 2490 4483 audiuntote.
2523 4426 2707 4498 Optat.
2740 4427 2825 4482 vel
2859 4425 3107 4497 coniunc.
3140 4425 3357 4496 imper.,
3389 4423 3626 4486 audiant,

2055 4521 2263 4586 audias,
2297 4530 2352 4575 et
2377 4520 2473 4575 rel.
2505 4519 2573 4573 Et
2600 4519 2655 4572 in
2699 4519 2936 4588 passivo,
2965 4502 3168 4572 eisdem
3196 4516 3370 4571 modis
3409 4524 3462 4570 et
3494 4523 3632 4567 tem-

1977 4590 2313 4683 Dporibus,
2372 4620 2434 4664 ut
2487 4610 2797 4675 audiuntur,
2852 4604 3060 4673 audiar,
3131 4608 3381 4668 audieris,
3413 4613 3468 4658 et
3506 4617 3625 4667 ree,

2054 4706 2340 4769 audiatur,
2388 4703 2679 4756 audiamini
2707 4741 2721 4766 ,
2769 4701 3092 4765 audiantur,
3149 4699 3463 4760 audiuntur,
3527 4711 3613 4746 au-

2056 4799 2197 4863 diar,
2246 4795 2516 4858 audieris,
2559 4802 2613 4848 et
2655 4793 2750 4863 rel.
2797 4792 2950 4858 Quod
2976 4790 3210 4844 maxime
3238 4789 3289 4840 in
3319 4787 3403 4840 his
3450 4785 3630 4838 verbis

2057 4898 2263 4961 quarta:
2292 4885 2707 4958 coniugationis,
2756 4898 2876 4953 qure
2928 4883 2980 4935 in
3009 4895 3073 4934 eo
3120 4878 3174 4933 in
3199 4878 3369 4948 prima
3401 4891 3632 4946 persona

2059 4983 2334 5039 indicativi
2365 4981 2634 5045 desinunt,
2664 4977 2998 5040 ostenditur;
3033 4972 3154 5043 quia
3189 4984 3308 5040 quae
3337 4984 3369 5024 a
3397 4967 3632 5024 secunda

2059 5092 2289 5148 persona
2350 5083 2668 5137 nascuntur,
2708 5072 2970 5140 ilongam
3001 5067 3220 5127 habent,
3267 5071 3327 5117 ut
3350 5063 3416 5127 is,
3459 5063 3631 5124 imus,

2060 5172 2172 5235 itis,
2212 5170 2372 5234 ibam,
2414 5168 2548 5230 ibas,
2594 5165 2686 5230 ivi,
2738 5165 2950 5224 iveram,
3001 5158 3102 5217 ibo,
3134 5157 3225 5221 ite,
3277 5163 3332 5210 et
3357 5152 3455 5209 rel.
3503 5151 3635 5218 Quae

2064 5269 2242 5312 autem
2292 5275 2323 5311 a
2354 5257 2618 5327 prima,'e
2668 5259 2914 5318 correpta
2975 5245 3412 5316 pronuntiantur,
3460 5251 3516 5296 ut
3550 5258 3634 5304 eo,

2063 5357 2204 5410 eunt,
2252 5363 2389 5410 eam,
2441 5361 2551 5408 eas,
2601 5351 2656 5396 et
2702 5341 2799 5394 rel.
2849 5337 3155 5393 Notandum
3205 5352 3333 5407 ergo
3368 5344 3450 5389 est
3494 5335 3634 5404 quod

2064 5443 2400 5516 praeteritum
2433 5435 2806 5506 imperfectum
2859 5431 3030 5487 tertiae
3081 5430 3166 5483 vel
3203 5435 3408 5497 quarta:
3455 5420 3638 5491 conju-

2069 5534 2298 5607 gationis
2328 5527 2616 5584 indicativo
2644 5523 2934 5588 modo_non
2965 5536 2997 5574 a
3041 5517 3272 5575 secunda
3303 5529 3555 5607 persona,
3582 5525 3638 5565 ut

2069 5602 2254 5698 primae
2283 5622 2369 5677 vel
2392 5617 2637 5676 secundae
2664 5613 3075 5684 coniugationis.
3101 5609 3268 5673 venit,
3289 5615 3349 5661 ut
3375 5602 3637 5667 amabam,

2071 5717 2336 5780 decebant,
2367 5712 2462 5768 sed
2491 5726 2521 5765 a
2543 5711 2736 5780 prima,
2763 5723 2794 5759 ο
2822 5704 2968 5759 ﬁnali
2992 5705 3044 5758 in
3068 5719 3095 5756 e
3116 5701 3330 5771 longam
3357 5706 3636 5752 conversa,

2069 5819 2126 5866 et
2153 5808 2332 5865 addita
2370 5805 2507 5869 bam,
2544 5810 2603 5856 ut
2646 5799 2925 5870 faciebam,
2956 5792 3257 5854 induebant,
3295 5785 3546 5857 legebam.
3589 5790 3639 5836 et

3133 5883 3204 5942 21
