4100 6324
506 397 602 455 65!

1143 392 1204 451 Β.
1245 392 1500 450 RABANI
1535 390 1756 448 MAURI
1791 385 2112 446 ARCHIEP.
2153 378 2460 441 MOGUNT.
2499 378 2785 441 OPERUM
2819 376 3000 438 PARS
3036 374 3125 434 III.

3645 370 3753 432 €52

502 517 804 579 audiebam,
833 510 1140 577 serviebam,
1167 508 1497 572 muniebant;
1526 504 1700 561 vocali
1755 512 1935 558 tamen
1962 499 2080 556 ubi-
2106 503 2159 563 Α
2182 496 2325 568 cipio
2351 495 2669 566 repetentia,
2714 493 2761 551 si
2782 493 2839 547 in
2860 490 3113 562 praesenti
3148 485 3504 560 penultimam
3530 488 3755 544 brevem

504 622 717 689 cunque
742 612 867 661 ante
886 620 914 659 e
937 603 1201 668 evenerit,
1224 608 1490 670 correpta.
1525 598 1582 653 Si
1603 604 1782 689 autem
1808 595 1863 689 in
1884 600 2078 689 quarta

498 685 881 768 coniugatione
904 710 933 748 e
958 706 1058 763 per
1082 705 1372 764 syncopam
1403 691 1675 745 abstracta
1702 685 1926 750 fuerit,-i
1954 699 2080 755 pro-

502 787 740 850 ducitur,
794 791 856 838 ut
904 780 1172 846 audibam,
1219 779 1478 844 venibam,
1532 777 1694 831 ibam.
1738 773 2077 829 Prmteritum

504 894 637 951 ergo
659 876 957 948 perlectum
1002 874 1056 928 in
1108 871 1268 927 activi
1298 868 1452 927 verbi
1494 867 1873 931 declinatione,
1904 864 2079 934 prima

505 983 735 1041 persona
781 963 1076 1029 indicativi,
1102 964 1159 1017 in
1203 963 1464 1033 ilongam
1500 960 1775 1025 terminat,
1816 971 1980 1028 quam
2025 961 2081 1009 et

502 1062 702 1116 natura
734 1057 1050 1128 productam
1088 1054 1250 1109 habet
1275 1053 1463 1109 eodem
1490 1061 1734 1121 tempore
1766 1049 1825 1105 in
1850 1045 2081 1118 penulti-

505 1168 597 1211 ma
619 1152 868 1209 secundae
907 1147 1194 1217 singularis
1242 1153 1406 1216 atque
1444 1142 1686 1215 pluralis,
1717 1150 1779 1195 ut
1805 1136 2077 1204 amovisti,

507 1243 791 1300 amavislis.
826 1239 884 1294 ln
908 1238 1062 1293 tertia
1087 1251 1302 1308 quoque
1324 1250 1558 1307 persona
1590 1232 1895 1305 singulari,
1927 1239 1989 1285 ut
2024 1229 2081 1284 in

506 1337 682 1408 prima
712 1332 903 1405 plurali
930 1346 1051 1386 eam
1080 1330 1323 1400 corripit,
1348 1335 1408 1383 ut
1436 1328 1651 1392 amauit,
1686 1326 1996 1381 movimus.
2020 1322 2082 1377 In

506 1428 664 1484 tertia
686 1441 819 1482 vero
844 1425 1061 1497 plurali,
1087 1423 1333 1477 eamdem
1356 1421 1376 1474 i
1395 1420 1712 1490 producturo
1736 1419 1789 1472 in
1812 1433 1841 1471 α
1864 1416 2082 1486 longam

503 1520 563 1575 in
604 1517 900 1590 penultima
928 1515 1217 1579 convertit,
1247 1520 1310 1568 ut
1347 1519 1649 1567 amaverunt
1682 1510 1770 1564 vel
1820 1523 2079 1572 amovere,

503 1607 790 1662 docuerunt
812 1605 896 1663 vel
920 1606 1163 1660 docuere.
1190 1603 1257 1657 Et
1280 1601 1558 1657 sciendum
1578 1598 1721 1670 quod
1744 1595 2082 1668 praeteritum

501 1699 787 1770 plusquam
832 1696 1133 1768 perfectum
1158 1693 1434 1751 indicativi
1465 1691 1628 1757 modi,
1660 1698 1714 1745 et
1748 1688 2083 1759 praeteritum

2176 588 2487 654 habuerint,
2527 586 2583 641 in
2629 583 2907 656 praeterito
2938 596 3153 652 quoque
3183 578 3486 650 corripiunt
3512 595 3657 647 eam,
3698 590 3758 636 ut

2176 681 2328 746 cado,
2363 678 2558 747 cecidi;
2600 693 2754 743 cano,
2781 675 2977 742 cecini;
3014 674 3186 744 pario,
3233 672 3428 744 peperi.
3460 670 3555 727 Sin
3598 671 3759 743 longa

2176 776 2249 832 sit
2278 775 2334 828 in
2361 771 2613 843 praesenti
2656 769 2951 840 penultima
2996 765 3336 833 naturaliter,
3385 766 3441 821 in
3483 767 3761 836 praeterito

2178 880 2391 936 quoque
2417 862 2753 934 producitur,
2780 868 2843 916 ιιι
2866 858 3033 924 credo,
3062 856 3260 923 cecidi;
3285 856 3437 927 pedo,
3462 855 3666 927 pepedi.
3699 851 3761 910 Si

2177 957 2445 1028 positione
2473 954 2543 1010 sit
2558 952 2860 1024 penultima
2887 952 2942 1006 in
2961 948 3217 1020 prmsenti
3238 948 3416 1018 longa,
3442 955 3526 1003 est
3540 945 3762 1018 quando

2176 1055 2427 1105 servatur
2468 1046 2524 1101 in
2568 1043 2882 1115 praeterito;
2918 1040 3136 1110 quando
3167 1037 3427 1111 abiecerit
3456 1051 3763 1095 consonan-

2178 1148 2309 1208 tem,
2351 1138 2662 1208 corripitur.
2714 1135 2976 1193 Servatur
3013 1133 3068 1187 in
3113 1132 3199 1187 his
3244 1150 3257 1186 :
3300 1147 3478 1203 posco,
3516 1128 3764 1201 poposci;

2177 1250 2357 1307 parco,
2399 1231 2636 1303 peperci;
2665 1228 2814 1299 fallo,
2846 1225 3049 1298 fefelli;
3077 1223 3269 1292 tendo,
3296 1221 3527 1288 tetendi;
3565 1221 3761 1292 pendo,

2179 1327 2432 1401 pependi;
2469 1341 2624 1380 curro
2643 1364 2660 1391 ,
2707 1321 2958 1379 cucurri:
3010 1316 3222 1388 abiecta
3272 1325 3603 1374 consonante
3641 1331 3767 1379 eor—
3828 1385 3838 1397 _

2182 1420 2376 1490 ripitur
2404 1418 2460 1473 in
2494 1417 2601 1483 bis,
2637 1414 2803 1480 disco,
2853 1412 3055 1477 didici;
3108 1408 3281 1479 pello,
3324 1407 3535 1479 populi;
3572 1416 3763 1478 tango,

2181 1515 2358 1583 tetigi;
2369 1527 2559 1583 pango,
2572 1508 2742 1579 pepigi
2753 1524 2775 1574 ;
2785 1521 2977 1577 pungo,
2993 1502 3222 1575 pupugi;
3236 1501 3422 1567 tundo,
3434 1498 3767 1566 tutudi.Qute

2181 1613 2363 1661 autem
2376 1604 2432 1658 in
2447 1602 2555 1657 line
2564 1607 2834 1671 repetunt,
2855 1597 3207 1669 penultimam
3219 1608 3432 1666 semper
3440 1592 3764 1664 corripiunt,

2184 1694 2428 1757 utcredo,
2446 1691 2643 1747 credidi
2662 1708 2681 1757 ;
2700 1690 2887 1754 vendo,
2902 1687 3110 1744 vendidi
3129 1704 3147 1752 ι
3167 1684 3350 1757 perdo,
3362 1684 3575 1763 perdidi
3600 1701 3620 1750 ;
3644 1700 3769 1755 pro-

502 1791 802 1867 peri‘ectum
845 1788 1173 1858 subiunctivi
1223 1785 1388 1851 modi,
1433 1791 1593 1853 atque
1637 1780 1879 1835 futurum
1905 1794 1973 1833 ex
1999 1792 2087 1832 8n-
2112 1858 2155 1867 _
2185 1784 2531 1867 do,prodidi;
2552 1779 2991 1846 condo,condidi;
3014 1778 3176 1843 addo,
3196 1776 3412 1842 addidi;
3441 1776 3600 1842 abdo,
3623 1776 3771 1832 abdi-

503 1858 748 1955 pradicto
777 1892 1021 1952 tempore
1044 1881 1306 1947 nascitur,
1328 1879 1350 1931 i
1373 1878 1531 1947 longa
1557 1877 1613 1931 ὴ
1637 1892 1667 1929 e
1693 1876 1910 1930 brevem
1956 1887 2085 1928 con-
2110 1858 2158 1927 Β
2187 1864 2271 1941 di,
2290 1874 2573 1939 abscondo,
2591 1871 2918 1927 abscondidi.
2934 1868 2980 1924 Α
2999 1868 3148 1939 pario
3178 1884 3308 1927 vero
3334 1868 3631 1937 composita
3660 1867 3768 1925 tria

502 1988 660 2028 versa
687 1988 786 2043 per
824 1986 1017 2028 omnes
1060 1967 1487 2040 coniugationes,
1528 1973 1584 2021 et
1617 1965 1869 2021 omnibus
1900 1976 2083 2033 perso-
2182 1967 2362 2038 quarti
2390 1965 2598 2022 ordinis
2622 1961 2811 2028 verba,
2841 1969 2902 2019 ut
2930 1961 3151 2031 reperio,
3200 1959 3492 2051 comperio,
3519 1958 3765 2030 deperio,

501 2062 589 2117 nis
622 2069 785 2133 atque
822 2069 1053 2131 utroque
1099 2074 1347 2124 numero,
1391 2065 1454 2113 ιιι
1499 2056 1693 2121 amavi,
1744 2070 2078 2120 αηιαυθναηι,
2181 2057 2480 2128 corripiunt
2507 2053 2854 2126 penultimam
2883 2052 2935 2107 in
2965 2051 3265 2130 praeterito,
3308 2048 3369 2104 ut
3392 2048 3583 2120 reperi,
3627 2065 3772 2103 com-

503 2151 807 2218 amaverim,
858 2167 1121 2211 amovere.
1178 2148 1289 2206 Nec
1330 2163 1439 2204 non
1488 2155 1559 2213 et
1589 2145 1923 2215 praeteritum
1962 2142 2084 2213 plus

499 2261 664 2318 quam
685 2244 985 2315 perfectum
1010 2244 1235 2316 optativi
1280 2243 1394 2300 sive
1423 2239 1771 2309 coniunctivi,
1807 2246 1861 2294 et
1902 2252 1970 2291 ex
2001 2236 2082 2291 eis

499 2337 724 2392 veniens
750 2336 1085 2408 praeteritum
1110 2333 1382 2395 inﬁnitivi,
1413 2348 1482 2387 ex
1505 2331 1695 2387 eodem
1717 2337 1958 2399 tempore
1986 2341 2083 2380 na-

500 2435 745 2492 scuntur,
776 2435 837 2482 ut
850 2427 1051 2481 utinam
1079 2426 1166 2482 vel
1188 2442 1310 2481 cum
1332 2424 1660 2487 amauissem,
1686 2422 1970 2485 amovisse;
1987 2417 2085 2472 do-

500 2518 747 2583 cuissent,
776 2515 1049 2583 docuisse;
1081 2517 1197 2575 hmo
1220 2522 1277 2571 et
1322 2522 1517 2573 natura
1544 2521 1599 2567 et
1621 2511 1890 2581 positione
1921 2510 1940 2563 i
1966 2508 2082 2567 lon-

497 2624 620 2680 gam
648 2609 871 2664 habent.
924 2606 1255 2663 Penultimas
1305 2605 1470 2677 igitur
1499 2602 1731 2676 syllabas
1770 2616 1935 2671 supra
1971 2614 2083 2655 me-

498 2700 696 2755 morati
724 2698 1001 2770 temporis,
1033 2699 1087 2754 id
1113 2708 1215 2764 est,
1244 2697 1506 2769 praeteriti
1530 2693 1757 2766 perfecti
1803 2691 2082 2749 indicativi

499 2790 647 2845 modi
668 2790 856 2861 prima;
880 2804 1128 2860 personae
1153 2788 1458 2858 singularis,
1490 2787 1657 2856 ειηιεὶ
1688 2780 2082 2851 ﬁnalem,qua-

494 2881 574 2938 les
596 2882 725 2949 sint,
767 2896 876 2937 non
908 2895 1102 2952 parum
1126 2880 1283 2951 juvat
1321 2892 1667 2950 cognoscere,
1692 2875 1925 2930 maxime
1955 2887 2080 2928 cum

2178 2149 2312 2221 peri,
2342 2148 2537 2218 deperi,
2564 2160 2665 2201 nec
2692 2160 2799 2201 nou
2834 2153 2890 2199 et
2912 2143 3020 2203 ista
3050 2153 3102 2198 et
3126 2143 3306 2201 omnia
3337 2157 3458 2211 quae
3479 2157 3544 2195 ex
3575 2142 3771 2199 eodem

2179 2242 2346 2296 verbo
2380 2240 2630 2295 videntur
2676 2251 2796 2292 esse
2844 2234 3170 2305 composita,
3218 2243 3415 2295 natura
3463 2247 3679 2301 semper
3706 2249 3771 2301 pe

2179 2332 2441 2406 syllabam
2471 2330 2690 2385 brevem
2720 2327 2942 2392 habent,
2972 2325 3028 2380 in
3057 2338 3385 2395 quocunque
3427 2323 3498 2378 sit
3526 2322 3680 2390 loco,
3710 2329 3773 2376 ut

2180 2425 2383 2497 aperio,
2447 2422 2662 2494 aperui;
2703 2420 2942 2491 coaperio
2965 2458 2981 2485 ,
3026 2417 3301 2488 cooperui;
3345 2416 3607 2487 experior,
3649 2430 3771 2485 ope-

2180 2517 2308 2571 rior.
2335 2514 2583 2569 Lucanus
2604 2512 2658 2566 in
2685 2526 2741 2566 ιν
2770 2529 2783 2565 :

2303 2603 2558 2656 Tradimus
2580 2601 2850 2665 Hesperias
2872 2605 3073 2663 gentes,
3100 2599 3347 2662 aperimus
3365 2598 3512 2652 ans.

2773 2703 2850 2758 De
2875 2702 3153 2758 anomalis.

2248 2799 2307 2854 ln
2331 2796 2596 2853 anomalis
2623 2809 2819 2864 nempe
2847 2795 3113 2849 rationem
3154 2792 3487 2863 producendi
3522 2792 3608 2848 vel
3649 2808 3770 2849 cor-

2178 2890 2429 2962 ripiendi,
2461 2897 2622 2960 prout
2659 2901 2967 2957 possumus,
2996 2901 3139 2942 nunc
3176 2886 3415 2942 breviter
3442 2886 3761 2957 pandemus.

495 2972 565 3028 ad
598 2972 864 3044 originem
887 2970 1006 3042 eius
1027 2979 1349 3027 cancrorum
1376 2970 1658 3025 modorum
1682 2966 1862 3023 omnia
1889 2971 2081 3035 praete-

500 3064 605 3118 rita
644 3062 884 3134 perfecta
927 3064 1043 3120 sive
1072 3064 1357 3135 plusquam
1382 3062 1623 3133 perfecta
1666 3059 1981 3129 respiciant,
2023 3062 2079 3112 et

2178 2980 2319 3036 Fero
2346 3020 2362 3048 ,
2426 2981 2651 3034 verbum
2705 2978 2995 3055 inaequale,
3036 2978 3249 3047 generis
3292 2978 3476 3043 activi,
3526 2977 3765 3049 primam

2181 3074 2442 3147 syllabam
2464 3087 2681 3143 semper
2704 3071 2923 3126 brevem
2959 3072 3123 3126 habet
3147 3071 3200 3124 in
3230 3070 3479 3126 omnibus
3508 3072 3682 3127 modis
3710 3078 3769 3127 et

493 3154 613 3225 eius
642 3154 961 3224 qualitatem
987 3157 1043 3212 in
1087 3156 1174 3213 bis
1203 3155 1443 3227 syllabis,
1472 3170 1608 3225 quas
1636 3154 1976 3221 incorruptus
2007 3151 2073 3206 ab

2180 3161 2512 3232 temporibus
2538 3200 2552 3227 ,
2599 3169 2827 3230 excepto
2870 3160 3085 3233 quando
3131 3160 3400 3229 positione
3426 3161 3764 3230 producitur.

492 3260 558 3301 00
592 3255 936 3318 acceperant.
971 3241 1314 3305 servant-1"
1342 3248 1389 3302 υἱ
1418 3262 1547 3318 ergo
1578 3245 1838 3317 syllabam
1880 3242 2068 3298 ίθΐωί·
2100 3215 2148 3278 G
2176 3254 2233 3309 In
2260 3254 2499 3309 secunda
2529 3250 2672 3306 enim
2696 3266 2928 3321 persona
2957 3251 3214 3324 singulari
3238 3253 3521 3323 praesentis
3550 3253 3764 3309 indica-

491 3339 739 3393 nantium
766 3338 944 3395 omnis
983 3339 1280 3409 penultima
1316 3339 1477 3409 longa
1502 3346 1601 3403 est,
1638 3336 1720 3390 vel
1743 3342 1959 3401 natura,
1980 3332 2069 3389 vel

2174 3347 2269 3402 tivi
2295 3360 2588 3417 syncopam
2612 3342 2762 3409 facit,
2787 3343 2840 3398 id
2862 3351 2964 3411 est,
2990 3344 3376 3412 concisionem,
3405 3354 3463 3400 ut
3478 3344 3607 3415 fero,
3633 3344 3767 3433 fers,

491 3429 782 3499 positione,
821 3438 880 3484 ut
911 3430 1106 3494 amavi,
1134 3429 1257 3495 lavi,
1286 3429 1416 3495 vovi,
1452 3427 1603 3492 movi,
1630 3426 1820 3497 εαρίυίρ
1848 3423 2068 3489 munivi:
2171 3448 2225 3496 et
2253 3441 2323 3495 ob
2350 3440 2453 3494 hoc
2474 3437 2658 3493 omnia
2682 3453 2802 3506 qua:
2831 3452 2863 3490 a
2892 3437 3127 3491 secunda
3169 3452 3399 3515 persona
3430 3423 3752 3504 nascuntur,

494 3521 690 3576 audivi.
722 3520 905 3577 Tertia
929 3537 1061 3578 vero
1094 3528 1151 3578 et
1177 3530 1371 3591 quarta
1391 3519 1767 3590 conjugatione
1807 3518 1862 3573 in
1887 3516 1957 3575 ivi
1978 3516 2072 3572 de-

494 3610 730 3666 sinentia
760 3614 945 3679 verba,
974 3614 1023 3668 si
1066 3630 1094 3669 v
1136 3628 1443 3668 consonans
1492 3610 1853 3680 intercipitur,
1894 3607 2069 3665 corri-

493 3703 686 3773 piunti
711 3706 1087 3775 penultimam,
1119 3714 1179 3760 ut
1202 3707 1391 3775 cupivi,
1429 3705 1603 3775 cupii;
1632 3703 1907 3764 arcessivi;
1938 3702 2068 3768 sivi,

492 3795 558 3849 sii
572 3810 592 3859 ;
610 3794 820 3861 munivi,
839 3797 1007 3851 munii
1017 3814 1039 3863 ;
1055 3796 1258 3863 audivi,
1271 3796 1436 3851 audii.
1455 3796 1513 3851 ln
1536 3796 1589 3849 ui
1611 3794 1812 3851 divisas
1830 3792 2071 3851 omnium

493 3884 931 3957 coniugationum
961 3888 1127 3943 verba
1156 3887 1505 3944 inveniuntur
1543 3885 1892 3942 terminantia
1918 3899 1933 3938 :
1960 3883 2073 3954 pri-

491 3974 614 4044 mm,
642 3986 702 4033 ut
723 3980 893 4047 tonui,
928 3983 1105 4047 secui;
1150 3981 1419 4046 secundae,
1460 3988 1520 4034 ut
1545 3979 1708 4045 tenui,
1740 3978 1934 4042 habui;
1962 3985 2073 4032 ter-

493 4070 602 4136 tiae,
644 4081 706 4126 ut
743 4076 931 4139 annui,
968 4076 1156 4146 posui;
1203 4086 1431 4145 quartae,
1480 4081 1542 4127 ut
1586 4072 1789 4143 aperui,
1828 4069 2068 4141 prosilui.

491 4160 682 4219 Omnis
725 4173 905 4220 autem
924 4167 1222 4236 penultima
1265 4164 1424 4233 huius
1455 4164 1664 4231 formae,
1701 4163 1757 4217 id
1783 4170 1887 4226 est,
1921 4162 1974 4216 in
2016 4162 2072 4215 ui

490 4253 694 4308 divisas
725 4255 1084 4311 desidentium
1130 4256 1442 4327 corripitur.
1485 4257 1542 4310 In
1594 4256 1640 4309 si
1667 4254 2074 4311 terminantium

489 4345 849 4414 perfectorum
902 4349 1231 4420 penultimaz,
1280 4350 1367 4403 vel
1406 4354 1622 4413 natura,
1666 4348 1753 4403 vel
1802 4346 2074 4417 positione

489 4436 899 4505 producuntur:
933 4447 1147 4506 natura,
1173 4447 1235 4494 ut
1262 4440 1426 4505 rideo,
1460 4440 1583 4503 risi;
1625 4437 1843 4501 suadeo,
1882 4438 2072 4501 suasi;

489 4525 672 4591 evado,
721 4529 892 4594 evasi;
936 4529 1148 4595 haurio,
1197 4530 1351 4584 hausi
1365 4528 1699 4600 ;positione,
1747 4536 1809 4583 ut
1856 4543 2064 4592 maneo,

487 4618 700 4684 mansi;
731 4634 873 4690 repo,
924 4620 1081 4689 repsi.
1123 4617 1191 4674 Et
1226 4619 1283 4673 in
1326 4620 1381 4673 mi
1409 4618 1756 4673 terminantia
1790 4616 2066 4689 praeterita

422 4712 439 4787 ἢ
485 4711 837 4783 penultimam
867 4728 1082 4783 semper
1102 4714 1421 4785 producunt,
1446 4723 1507 4769 ιιι
1525 4715 1707 4785 frigeo,
1736 4712 1897 4784 frixi;
1926 4712 2071 4784 pelli-

404 4812 411 4847 ἶ
485 4822 595 4873 eeo,
622 4805 810 4877 pellexi
831 4824 850 4871 ;
886 4823 1062 4877 pergo,
1095 4813 1334 4877 perrexi;
1376 4808 1563 4878 diligo,
1613 4807 1808 4873 dilexi;
1848 4807 2061 4873 sancio,

485 4896 639 4949 sanxi
655 4912 674 4959 ;
696 4895 883 4961 vincia,
914 4896 1076 4949 vinei.
1113 4895 1244 4949 Bibo
1269 4912 1484 4966 quoque
1510 4897 1636 4965 bibi,
1674 4898 1846 4951 tertiae
1872 4896 2062 4964 coniu-

488 4985 718 5055 gationis
752 4984 995 5050 verbum,
1024 4992 1078 5040 et
1099 4999 1164 5038 ex
1191 5000 1257 5039 eo
1281 4986 1602 5055 composita,
1629 4994 1690 5039 ut
1711 4985 1879 5050 ebibo,
1921 4993 1978 5039 ct
2007 4986 2062 5039 in

481 5075 731 5145 praesenti
786 5082 840 5129 et
886 5075 940 5129 in
991 5076 1267 5145 praeterito
1316 5077 1624 5147 corripiunt
1675 5077 2050 5146 penultimam.

483 5156 675 5217 Scin'do
706 5164 847 5218 enim
876 5174 932 5218 et
967 5166 1133 5234 ﬁndo,
1166 5167 1379 5221 etiamsi
1419 5167 1476 5222 in
1508 5168 1761 5237 praesenti
1791 5168 2057 5238 positione

481 5256 589 5309 sint
624 5253 802 5323 longa,
840 5255 896 5309 in
944 5259 1219 5325 praeterito
1266 5266 1445 5314 tamen
1484 5259 1845 5331 penultimam
1886 5259 1906 5314 i
1943 5275 2059 5315 cor-

480 5345 700 5414 ripiunt,
730 5354 789 5401 ut
832 5342 987 5412 scidi,
1012 5349 1127 5416 fidi.
1177 5348 1268 5405 Sic
1310 5357 1365 5405 et
1406 5353 1672 5422 contingo,
1709 5352 1934 5421 conligi;
1979 5360 2059 5404 at-

479 5435 644 5504 tingo,
672 5435 840 5505 attigi.
872 5435 1068 5491 Primae
1099 5440 1317 5507 quidem
1363 5441 1756 5513 coniugationis
1791 5442 1899 5498 duo
1939 5457 2055 5498 mo-

2175 3538 2399 3589 servant
2435 3529 2553 3600 eius
2596 3529 2977 3595 concisionem,
3012 3537 3072 3589 ut
3101 3529 3230 3600 fers,
3269 3529 3392 3600 fert,
3437 3531 3616 3601 fertis;
3656 3530 3759 3599 fer,

2174 3623 2326 3694 ferte,
2370 3622 2527 3691 ferto,
2572 3622 2775 3691 fertote,
2823 3620 2977 3691 ferre.
3038 3620 3104 3674 Et
3150 3622 3267 3676 hmo
3289 3631 3501 3689 cuncta,
3530 3631 3761 3692 excepto

2174 3730 2281 3768 uno
2326 3713 2407 3782 fer
2439 3713 2722 3784 prtesentis
2765 3712 3068 3781 imperativi
3119 3712 3444 3784 singularis,
3492 3714 3761 3784 positione

2173 3805 2332 3874 longa
2359 3814 2502 3860 sunt.
2541 3805 2600 3859 In
2639 3803 2760 3858 aliis
2787 3820 3000 3874 quoque
3028 3805 3279 3860 omnibus
3314 3805 3516 3871 modis,
3550 3816 3761 3877 tempo-

2176 3895 2324 3950 ribus
2351 3896 2408 3949 ει
2430 3894 2678 3965 personis
2708 3894 2877 3948 tertiae
2907 3894 3303 3965 coniugationis
3331 3895 3598 3952 rationem
3633 3913 3760 3951 ser-

2173 3997 2285 4055 vat,
2316 3988 2567 4044 videlicet
2612 3988 2736 4058 quia
2783 4004 2902 4057 quae
2951 4003 2980 4042 a
3012 3970 3185 4060 prima
3209 4005 3442 4060 persona
3485 3993 3760 4061 accipiunt

2175 4078 2445 4150 regulam,
2487 4087 2690 4134 rectam
2730 4078 3149 4135 declinationem
3175 4088 3495 4150 sequuntur,
3530 4091 3587 4137 ut
3617 4083 3756 4151 fero,

2173 4169 2404 4239 ferebam
2426 4209 2441 4235 ,
2486 4169 2676 4238 feram.
2724 4167 2859 4224 Nam
2890 4172 3222 4239 prmteritum
3246 4173 3543 4242 perfectum
3574 4174 3758 4229 abusi-

2174 4277 2299 4315 vum
2332 4261 2516 4327 habet,
2548 4258 2603 4314 id
2654 4268 2759 4326 est,
2800 4260 2918 4328 tuli,
2944 4262 3087 4335 quod
3136 4262 3360 4323 alterius
3392 4264 3539 4319 verbi
3584 4263 3758 4335 peric

2175 4361 2323 4409 ctum
2343 4362 2446 4417 est,
2475 4354 2528 4407 id
2564 4359 2667 4419 est,
2694 4352 2843 4420 tollo,
2874 4353 3035 4420 tollis,
3074 4353 3192 4421 tuli,
3232 4352 3393 4422 facit;
3440 4357 3542 4411 hoc
3573 4365 3754 4415 tamen

2174 4444 2507 4515 praeteritum
2555 4450 2610 4500 ει
2650 4445 2830 4499 omnia
2868 4461 2989 4522 quae
3018 4462 3048 4500 a
3079 4460 3137 4502 se
3164 4457 3479 4512 nascuntur,
3516 4448 3753 4519 primam

2176 4535 2435 4608 syllabam
2459 4536 2792 4609 corripiunt,
2823 4545 2883 4592 ut
2923 4537 3042 4605 tuli,
3064 4537 3265 4606 tulisti;
3293 4546 3347 4594 et
3402 4539 3643 4606 tuleram,
3669 4550 3755 4593 tu-

2173 4629 2333 4697 leras,
2378 4629 2633 4695 tulissem,
2678 4628 2907 4697 tulisses,
2934 4629 3159 4696 tulerim,
3189 4630 3404 4698 tuleris;
3448 4631 3534 4690 vel
3559 4632 3749 4699 tulero,

2172 4723 2379 4790 tuleris,
2417 4724 2616 4781 tulisse.
2676 4723 2734 4779 In
2764 4724 2977 4795 passivo
3004 4741 3216 4796 quoque
3243 4726 3495 4783 similiter
3519 4729 3749 4798 corripi-

2173 4825 2285 4883 tur,
2328 4816 2431 4871 nisi
2471 4815 2686 4886 quando
2738 4815 3006 4884 positione
3052 4818 3370 4886 producitur
3415 4826 3469 4875 et
3512 4816 3651 4873 redit
3680 4819 3750 4873 ad

2169 4908 2509 4979 analogiam,
2560 4907 2968 4977 declinaturque
3015 4910 3309 4965 secundum
3352 4909 3587 4982 regulam
3617 4927 3750 4980 pne-

2169 5000 2325 5055 dictae
2364 4996 2779 5069 coniugationis,
2822 4999 2926 5054 nisi
2978 5002 3121 5070 quod
3162 5001 3218 5055 in
3264 5003 3536 5072 praeterito
3567 5011 3621 5059 et
3660 5004 3746 5058 bis

2162 5108 2281 5163 quae
2302 5108 2372 5148 ex
2396 5092 2499 5147 hoc
2520 5101 2836 5159 nascuntur,
2861 5092 3225 5153 litteraturam
3254 5105 3446 5149 mutat.
3498 5094 3633 5152 Nam
3663 5094 3745 5149 fa-

2160 5181 2235 5235 cit
2278 5181 2569 5237 indicativo
2617 5182 2891 5253 prazsenti,
2940 5182 3103 5253 feror,
3142 5183 3345 5255 fereris,
3397 5185 3588 5256 fertur,
3614 5185 3743 5256 feri-

2160 5287 2299 5338 mur,
2344 5272 2595 5342 ferimini,
2635 5271 2908 5341 feruntur;
2958 5274 3292 5344 praeteritum
3340 5274 3737 5348 imperfectum,

2161 5362 2383 5433 ferebar,
2424 5363 2704 5432 ferebaris,
2755 5373 2813 5420 et
2859 5364 2990 5433 rel.;
3036 5367 3368 5437 pneteritum
3417 5368 3737 5438 perfectum.

2160 5452 2298 5508 latus
2323 5470 2460 5521 sum,
2491 5471 2566 5521 es,
2594 5466 2690 5520 est,
2722 5462 2776 5511 et
2803 5456 2902 5512 rel.
2946 5456 3038 5513 Sic
3057 5460 3240 5514 omnia
3269 5462 3565 5519 secundum
3603 5474 3739 5516 ana;

478 5524 774 5625 tlosvuaba,
814 5537 893 5625 εκξ
920 5536 987 5625 et
1010 5529 1102 5625 die.
1132 5532 1445 5625 fortipium
1470 5535 1792 5604 penultimas
1816 5534 1870 5591 in
1908 5550 2054 5605 pm-
2157 5545 2352 5617 logiam
2384 5547 2749 5617 declinantur;
2797 5550 2943 5607 istud
2980 5559 3160 5607 tamen
3185 5554 3523 5623 praeteritum
3545 5554 3739 5625 primis

479 5616 662 5681 terito,
691 5625 752 5671 ut
774 5616 911 5683 steti,
953 5617 1094 5673 dedi.
1128 5618 1220 5675 Sic
1241 5632 1299 5677 et
1325 5638 1393 5678 ex
1424 5626 1504 5681 eis
1529 5628 1848 5697 composita,
1882 5636 1941 5681 ut
1975 5643 2055 5682 re-

2156 5637 2380 5710 syllabis
2441 5639 2842 5709 producendum
2909 5656 3030 5698 esse
3088 5645 3327 5703 ostendit
3389 5646 3738 5717 participium

477 5716 579 5803 sto,
610 5709 807 5803 restiti;
825 5709 1020 5803 reddo,
1048 5711 1274 5769 reddidi.
1300 5713 1495 5771 Tertiae
1516 5727 1695 5775 autem
1725 5718 1973 5789 quaedam
1996 5720 2052 5775 in
2155 5709 2484 5798 praeteritum
2501 5767 2516 5795 ,
2543 5743 2577 5783 a
2603 5743 2710 5798 quo
2737 5737 2824 5785 est
2853 5732 3235 5803 compositum.
3265 5709 3517 5795 Lucanus
3557 5709 3616 5791 in
3639 5750 3734 5793 tv:

478 5800 742 5873 principio
762 5800 995 5871 syllabas
1022 5812 1292 5874 repettmt,
1318 5808 1644 5877 quaedamin
1673 5810 1800 5869 line.
1823 5808 1885 5864 lu
1903 5808 2054 5879 prin-

2278 5820 2433 5891 Orant
2452 5840 2698 5904 Cecropiae
2717 5839 2917 5904 praelata
2937 5841 3109 5897 fronde
3130 5843 3385 5902 litteris.
