4100 6324
407 419 513 476 655

405 527 557 586 Etin
580 525 808 582 eodem:

531 615 597 668 Et
619 618 729 677 post
741 615 994 663 translatas
1016 619 1209 664 exusta
1241 612 1480 666 Phocidos
1511 627 1668 663 arces.

407 719 714 777 Notandum
756 733 884 773 vero
919 717 1062 787 quod
1105 715 1308 785 aufero,
1335 717 1521 786 affero,
1545 717 1734 785 infero,
1761 716 1977 785 suffero,

409 811 643 882 confero,
667 810 893 881 profero,
923 808 1166 880 prwfero,
1207 810 1484 878 transfero,
1525 809 1854 878 circumfero,
1883 826 1981 863 an-

414 902 596 971 tefero,
641 910 695 955 et
747 900 926 955 omnia
956 915 1076 969 quae
1125 914 1192 954 ex
1234 900 1337 955 hoc
1380 901 1545 954 verbo
1588 899 1839 954 videntur
1861 912 1982 955 esse

329 1061 334 1066 ἢ
413 993 709 1061 composita
738 1031 754 1056 ,
801 990 918 1061 ejus
962 990 1377 1046 declinationem
1426 991 1480 1045 in
1507 998 1738 1058 utroque
1783 1005 1982 1057 genere

411 1092 651 1138 servant.
690 1081 818 1138 Volo
849 1098 1062 1152 quoque
1086 1083 1310 1138 verbum
1338 1083 1600 1149 neutrale,
1637 1082 1753 1136 sive
1779 1083 1982 1152 primas

414 1176 645 1248 syllabas
672 1176 725 1232 in
769 1193 797 1230 α
835 1183 1002 1232 mutet
1021 1215 1035 1240 ,
1069 1176 1182 1230 sive
1209 1191 1334 1230 cum
1361 1192 1391 1229 ο
1421 1182 1621 1240 senet,
1657 1175 1873 1229 easdem
1899 1182 1984 1228 ta-

415 1282 535 1320 men
561 1281 773 1335 semper
800 1266 1022 1334 corripit
1043 1273 1256 1330 natura,
1283 1273 1338 1318 ut
1365 1265 1500 1331 uolo,
1528 1263 1785 1327 volumus,
1823 1262 1980 1329 volui,

414 1357 699 1423 volueram,
731 1357 1001 1418 voluerim,
1028 1356 1258 1423 voluero,
1302 1364 1434 1422 δια,
1461 1357 1635 1422 velim,
1655 1355 1801 1421 velis,
1831 1355 1980 1419 velit;

413 1460 470 1507 et
493 1452 590 1506 rel.
635 1451 917 1519 lnquibus
969 1459 1146 1504 tamen
1185 1467 1215 1504 e
1253 1449 1520 1519 positione
1560 1450 1894 1521 producitur,
1925 1455 1986 1501 ut

414 1542 615 1607 uellem,
661 1542 833 1607 uelles,
869 1549 928 1596 et
973 1542 1074 1597 rel.
1135 1543 1385 1598 Secunda
1433 1557 1666 1612 namque
1707 1541 1983 1596 indicativi

413 1648 643 1705 persona
685 1633 982 1704 singularis
1030 1633 1086 1688 in
1127 1634 1375 1703 praesnti
1421 1633 1735 1704 producitur
1765 1640 1980 1697 natura,

413 1727 468 1782 id
491 1737 596 1792 est,
638 1729 737 1782 eis.
791 1726 861 1782 Et
895 1727 953 1780 in
996 1727 1234 1795 optativa
1261 1725 1469 1791 futuro,
1502 1725 1618 1781 sive
1644 1723 1984 1791 coniunctivo

413 1817 686 1888 praesenti,
717 1816 935 1872 ﬁnalem
959 1815 1216 1887 syllabam
1247 1816 1492 1871 secundm
1520 1829 1764 1885 personae
1795 1814 1980 1884 singu-

413 1907 566 1973 laris,
592 1915 646 1962 et
668 1907 1022 1978 penultimam
1045 1907 1233 1978 prima:
1256 1915 1312 1962 et
1335 1907 1585 1961 secunda:
1631 1905 1874 1976 pluralis,
1909 1904 1983 1959 si-
2009 1890 2056 1948 Β

414 1999 527 2055 mili
552 2001 712 2055 modo
735 2011 929 2055 natura
955 1999 1221 2070 producit,
1248 1998 1392 2062 velis,
1427 1998 1660 2063 velimus,
1697 1997 1893 2061 velitis;
1928 1996 1985 2051 in

417 2093 627 2148 caeteris
658 2107 786 2148 vero
812 2091 1030 2162 pluralis
1059 2092 1293 2157 numeri,
1322 2091 1438 2146 sive
1473 2107 1552 2155 It,‘
1573 2091 1644 2145 sit
1669 2089 1983 2158 penultima,

416 2192 477 2238 ut
519 2185 792 2249 volumus,
840 2184 952 2239 sive
997 2185 1033 2248 ἱ,
1084 2192 1142 2237 ut
1184 2183 1528 2247 voluerimus,
1560 2196 1770 2250 semper
1797 2181 1989 2234 breves

415 2281 580 2330 sunt:
615 2273 707 2330 ubi
741 2283 919 2329 autem
943 2274 1121 2329 Torma
1171 2275 1239 2329 sit
1277 2275 1465 2344 prima?
1489 2271 1899 2343 coujugationis,
1931 2277 1991 2325 ut

417 2361 644 2418 volebam
667 2403 680 2426 ,
714 2365 976 2420 uolueram
1002 2405 1018 2429 ,
1057 2365 1138 2420 vel
1180 2367 1458 2431 secundae,
1498 2373 1560 2419 ut
1586 2363 1782 2428 vellem,
1817 2362 1988 2428 velles,

416 2451 712 2517 voluissem,
744 2454 1024 2520 voluisses;
1054 2456 1262 2511 illarum
1291 2455 1723 2528 oonjugationum
1752 2455 1990 2526 regulam

421 2554 720 2612 sequuntur
764 2561 995 2621 quarum
1040 2544 1273 2602 formam
1319 2547 1641 2602 babent.Ex
1681 2547 1784 2600 hoc
1827 2545 1991 2616 igitur

422 2634 586 2690 verbo
607 2637 903 2706 composita
930 2647 1056 2692 sunt
1075 2638 1179 2694 alia
1212 2639 1317 2694 duo
1338 2639 1523 2706 verba,
1571 2638 1625 2692 id
1647 2647 1760 2703 est,
1788 2637 1908 2708 nolo
1936 2645 1991 2691 et

420 2725 580 2781 malo.
609 2726 741 2784 Nolo
767 2745 893 2786 vero
920 2746 988 2786 ex
1014 2747 1117 2786 non
1143 2739 1199 2786 et
1233 2730 1375 2797 volo,
1420 2739 1476 2786 et
1518 2731 1638 2788 ideo
1661 2729 1813 2798 juxta
1835 2745 1992 2786 suum

421 2821 648 2890 simplex
674 2823 727 2876 in
751 2824 922 2893 prima
946 2835 1100 2894 parte
1125 2841 1338 2897 semper
1364 2825 1698 2896 producitur.
1730 2823 1992 2881 Martialis

421 2913 477 2968 in
506 2913 918 2986 Epigrammatis
941 2935 954 2971 :

555 3025 843 3092 uirentem
869 3028 957 3077 tibi
979 3032 1143 3092 nostra
1163 3031 1513 3092 epigrammata
1528 3027 1658 3092 nolo,

603 3087 708 3137 Non
731 3088 901 3138 audire
924 3089 1078 3154 celer,
1097 3091 1186 3140 sed
1198 3087 1417 3142 recitare
1440 3093 1596 3154 cupis.

423 3169 490 3224 Et
516 3168 757 3226 Albanus
783 3171 838 3224 in
872 3170 1221 3234 Monasticis:
1403 3243 1408 3248 _

546 3259 717 3310 Omnia
741 3273 852 3323 quae
875 3261 1039 3311 dicunt
1066 3263 1304 3325 homines,
1323 3269 1372 3320 tu
1397 3263 1605 3316 credere
1629 3262 1747 3322 noli.

425 3363 568 3420 llan
592 3383 805 3436 quoque
833 3384 902 3422 ex
929 3369 1096 3438 magis
1132 3377 1186 3423 et
1230 3368 1346 3426 volo
1393 3371 1749 3441 cornpositum
1770 3379 1879 3439 est,
1909 3387 1998 3426 ma

426 3465 604 3512 tamen
633 3461 920 3530 producta.
953 3460 1100 3529 Virg.
1139 3461 1194 3514 in
1214 3459 1411 3529 Georg.
1439 3475 1500 3516 m
1533 3480 1545 3515 :

552 3569 616 3622 Et.
636 3581 759 3632 quos
785 3576 871 3619 aut
896 3570 1064 3630 pecori
1085 3569 1254 3618 malint
1269 3570 1575 3619 summittere
1593 3569 1838 3620 habendo.

426 3668 544 3723 Edo
600 3673 816 3738 quidem
859 3673 1106 3727 anomale
1173 3671 1529 3746 {anomalum}
1579 3675 1792 3745 generis
1839 3675 2001 3729 activi

429 3764 721 3817 secundum
744 3779 1031 3834 personam
1056 3768 1370 3837 corrumpit,
1400 3776 1461 3823 ut
1481 3785 1554 3833 es,
1584 3786 1612 3822 e
1640 3776 1820 3824 tamen
1844 3770 2002 3842 longa

428 3861 556 3907 ante
579 3871 629 3920 s,
659 3861 713 3909 et
741 3855 796 3909 in
826 3855 1076 3912 omnibus
1108 3858 1354 3928 personis
1393 3858 1477 3912 vel
1525 3860 1850 3929 temporibus
1883 3877 2003 3932 quae

427 3946 604 4000 solent
629 3963 696 4002 ex
720 3949 823 4003 hac
852 3949 1087 4005 secunda
1116 3953 1267 4007 nasci
1298 3967 1549 4022 persona,
1579 3962 1883 4023 corruptam
1923 3955 2004 4009 in-

427 4038 613 4092 venies
639 4038 881 4109 regulam
913 4039 1329 4111 eonjugationis,
1366 4057 1418 4096 es
1441 4052 1623 4097 tamen
1663 4045 2001 4113 productam,

428 4142 590 4196 quam
615 4143 645 4182 a
676 4130 909 4184 secunda
939 4140 1263 4202 acceperunt
1292 4147 1552 4203 persona,
1591 4143 1856 4187 servatura
1885 4133 2005 4189 ubi-

429 4232 562 4286 que'
596 4236 673 4285 es,
694 4230 790 4286 est,
822 4232 948 4287 este,
979 4232 1104 4286 esto,
1129 4231 1311 4287 estote,
1338 4233 1526 4291 essent,
1551 4239 1659 4278 esse
1693 4237 1710 4275 :
1740 4233 1916 4278 tamen
1949 4224 2003 4277 in

427 4309 621 4378 plurali
672 4328 897 4367 numero
925 4316 1206 4383 prmaentis
1237 4317 1509 4371 indicativi
1542 4326 1721 4372 servat
1763 4318 2003 4388 regulam

430 4401 603 4455 tertiae
643 4401 1085 4473 eonjugationise
1119 4405 1314 4474 ubique
1363 4416 1631 4475 correpta,
1677 4416 1737 4461 ut
1779 4408 1999 4471 edimus,

427 4490 579 4545 editis
607 4531 621 4557 ,
670 4493 850 4546 edant.
912 4493 1173 4549 Similiter
1215 4496 1269 4549 in
1308 4499 1581 4566 praeterito
1605 4498 1921 4568 imperfecto
1951 4509 2006 4551 et

427 4582 625 4645 futuro,
660 4583 892 4648 edebam,
937 4585 1091 4638 edam
1115 4625 1130 4651 ,
1173 4593 1227 4639 et
1263 4586 1316 4639 in
1355 4588 1602 4642 omnibus
1625 4605 1742 4657 qua:
1772 4588 1940 4642 solent

424 4675 599 4744 prima
646 4677 795 4730 nasci
832 4692 1082 4745 persona,
1115 4677 1216 4731 hoc
1248 4686 1349 4743 est,
1378 4681 1432 4732 in
1457 4679 1616 4733 tertia
1644 4695 1869 4748 persona
1899 4681 1999 4732 im-

429 4767 678 4835 perativi,
704 4775 763 4820 ut
786 4768 926 4833 edat,
957 4777 1011 4824 et
1057 4769 1109 4822 in
1136 4768 1317 4822 futuro
1353 4770 1576 4838 Optativi
1603 4771 1692 4838 qui
1729 4781 1810 4824 est
1837 4771 1998 4824 etiam

429 4857 830 4926 subjunetivum
857 4875 1117 4928 prmseus,
1148 4860 1317 4924 edam,
1353 4861 1496 4923 edas,
1518 4862 1660 4924 edat,
1683 4869 1738 4914 et
1767 4861 1863 4915 rel.
1888 4861 2000 4931 pri-

427 4960 516 5000 ma
539 4947 742 5016 syllaba
769 4959 1042 5018 correpta,
1072 4959 1130 5002 ut
1158 4949 1418 5003 Martialis
1451 4950 1514 5004 de
1545 4950 1791 5019 palum‘be
1816 4969 1828 5003 :

552 5037 756 5104 Inguina
776 5044 1025 5104 torquenti
1050 5042 1237 5090 tardant
1261 5041 1589 5104 hebetantque
1612 5042 1842 5104 palumbi,

653 5113 714 5150 ou
740 5102 854 5151 edat
876 5103 999 5154 hanc
1023 5103 1290 5164 volucrem,
1315 5104 1396 5164 qui
1415 5102 1548 5165 cupit
1568 5102 1677 5153 ease
1695 5102 1852 5154 salax.

429 5177 509 5236 Ex
556 5181 660 5236 hoc
703 5184 891 5251 utique
935 5185 1100 5240 verbo
1152 5186 1464 5242 derivantur
1489 5187 1723 5252 comedo,
1759 5187 1997 5253 ambedo,

429 5271 614 5339 abedo,
657 5275 972 5342 circumedo,
1020 5286 1076 5331 et
1109 5277 1225 5346 ejus
1257 5277 1667 5334 declinationem
1698 5279 1751 5333 in
1775 5285 2001 5349 utroque

429 5375 625 5432 genere
654 5377 890 5422 servant.
933 5367 1221 5424 Sciendum
1245 5381 1424 5426 tamen
1450 5372 1595 5440 quod
1625 5382 1832 5428 veteres
1861 5373 2002 5430 istud

367 5495 374 5500 η
431 5457 654 5514 verbum
703 5477 810 5515 non
855 5473 1124 5534 corrupte,
1174 5465 1268 5519 sed
1311 5465 1518 5536 integre
1569 5469 1859 5524 secundum
1891 5478 2000 5525 ter-

433 5545 565 5602 tiam
589 5549 1014 5622 conjugationcm
1067 5554 1439 5620 declinabant,
1480 5564 1537 5608 ut
1575 5557 1693 5622 edo,
1717 5559 1845 5623 edis,
1872 5561 2000 5625 edit,

434 5651 679 5711 correpta
729 5645 901 5712 prima
947 5646 1144 5716 syllaba
1171 5687 1185 5712 ,
1233 5656 1287 5701 et
1336 5647 1434 5701 rel.
1464 5647 1599 5702 Cato
1630 5648 1698 5704 ad
1725 5649 1893 5708 ﬁlium
1935 5652 2002 5708 de

434 5740 648 5787 oratore
680 5752 692 5786 :
724 5733 895 5804 Lepus
935 5736 1152 5789 multant
1185 5739 1352 5791 somni
1384 5737 1558 5808 affert,
1584 5741 1673 5810 qui
1703 5739 1850 5796 illum
1869 5741 1998 5798 edit.

435 5819 502 5874 Et
530 5824 672 5892 Virg.
709 5828 762 5881 in
785 5842 833 5881 Iv
861 5827 1050 5899 Georg.
1088 5846 1100 5881 :

1219 411 1611 478 EXCERPTIO
1646 411 1734 468 DE
1771 410 1961 466 ARTE
1997 410 2447 466 GRAMMATICA
2484 414 2840 469 PRISCIANI.

2003 525 2056 584 Α

3529 415 3638 470 654

2201 520 2572 632 gttitliﬁodubitet?
2592 536 2702 576 nam
2725 536 2860 586 sape
2873 523 3010 577 {avos
3030 524 3231 588 ignotus
3251 523 3422 578 ahedit

2075 681 2146 739 Et
2169 682 2431 742 Martialis
2454 706 2467 741 :

2200 776 2310 839 Ipse
2335 790 2450 827 suas
2467 791 2708 842 nunquam
2733 781 2966 832 barbarus
2981 782 3087 832 edit
3104 793 3253 833 aves:

2078 860 2325 930 eubique
2368 861 2542 934 longa.
2595 861 2722 918 Sum
2769 866 2951 935 itaque
2990 865 3212 922 verbum
3255 863 3644 919 substantivum

2079 952 2323 1007 anomale
2363 969 2459 1023 per
2505 970 2694 1010 omnes
2736 958 2953 1023 modos,
2998 973 3251 1014 numeros
3287 966 3341 1012 et
3363 940 3645 1030 personas,

2079 1043 2280 1110 primas
2309 1043 2540 1112 syllabas
2569 1046 2761 1102 breves
2812 1055 3004 1103 natura
3034 1048 3216 1112 habet,
3253 1055 3311 1102 ut
3331 1064 3468 1112 sum,
3491 1064 3567 1112 es,
3595 1054 3650 1101 et

2080 1149 2294 1199 sumus;
2320 1135 2656 1204 imperfecto,
2683 1154 2849 1206 eram,
2868 1156 3005 1205 eras,
3020 1147 3073 1193 et
3093 1139 3191 1194 rel.
3214 1156 3227 1203 ;
3254 1137 3493 1210 perfecto
3509 1180 3522 1204 ,
3548 1138 3646 1208 fui,

2078 1222 2250 1300 fuisti,
2287 1225 2407 1294 fuit,
2437 1228 2659 1296 fuimus,
2689 1237 2743 1282 et
2766 1228 2900 1295 rel.;
2939 1229 3221 1298 plusquam
3256 1228 3514 1300 perfecto,
3540 1228 3652 1298 fue-

2084 1330 2218 1378 ram,
2246 1315 2444 1386 fueras,
2487 1326 2539 1372 et
2567 1318 2664 1372 rel.
2699 1336 2712 1384 ;
2745 1317 2946 1392 futuro,
2974 1336 3083 1384 ero,
3118 1321 3242 1396 eris,
3274 1321 3390 1384 erit,
3420 1328 3475 1374 et
3508 1319 3606 1374 rel.
3632 1336 3647 1384 ;

2082 1407 2338 1474 optativo,
2372 1407 2605 1476 fuissem,
2653 1410 2867 1480 fuisses,
2900 1420 2954 1465 et
2989 1411 3120 1477 rel.;
3170 1408 3493 1479 conjunctivi
3529 1426 3654 1482 per-

2085 1492 2208 1558 fec.,
2242 1496 2452 1564 fuerim,
2497 1497 2777 1568 plusquam
2815 1500 3017 1570 perfec.
3055 1502 3304 1572 fuissem;
3329 1500 3428 1555 fut.
3465 1500 3653 1568 fuero;

2084 1596 2311 1656 excepto
2358 1604 2462 1644 uno
2511 1589 2693 1645 futuro
2743 1600 2950 1646 tantum
3007 1593 3228 1662 optativi
3275 1592 3359 1647 vel
3399 1591 3655 1668 praesenti

2084 1679 2431 1750 subjunctivi,
2461 1689 2523 1736 ut
2552 1684 2671 1748 sim,
2712 1684 2804 1748 sis,
2841 1684 2928 1750 sit,
2964 1685 3148 1750 simus,
3187 1685 3324 1750 sitis,
3356 1683 3476 1746 sint,
3512 1682 3657 1754 quod

2086 1770 2320 1824 secunda
2366 1787 2596 1842 persona
2639 1772 2894 1844 singulari
2929 1775 3177 1844 producit
3205 1774 3654 1845 monosyllabum,
3689 1815 3692 1818 η

2085 1871 2138 1916 et
2168 1863 2220 1916 in
2251 1863 2424 1934 prima
2468 1874 2628 1934 atque
2658 1866 2891 1920 secunda
2919 1865 3112 1939 plurali
3161 1865 3531 1937 penultimam.
3573 1864 3661 1920 Fit

2089 1965 2269 2012 tamen
2311 1968 2363 2014 et
2391 1959 2444 2012 in
2473 1959 2577 2013 hoc
2610 1960 2772 2014 verbo
2808 1959 3075 2030 aliquibus
3099 1959 3348 2030 personis
3374 1958 3660 2034 productio

2088 2049 2392 2118 positionis,
2424 2058 2478 2103 et
2518 2050 2571 2104 in
2598 2051 2754 2105 tertia
2786 2065 3016 2120 persona
3045 2050 3328 2121 prmsentis
3363 2048 3661 2114 indicativi,

2089 2147 2150 2192 ut
2177 2149 2327 2202 sunt;
2367 2140 2479 2193 sive
2527 2140 2760 2194 secunda
2792 2155 3021 2209 persona
3060 2139 3302 2210 pluralis,
3349 2146 3407 2192 ut
3442 2139 3583 2204 estis,
3609 2147 3666 2191 et

2092 2229 2338 2300 imperat.
2370 2230 2466 2283 fut.
2500 2230 2731 2284 secunda
2762 2244 3016 2300 persona,
3046 2240 3171 2294 esto,
3211 2238 3402 2292 estote;
3437 2237 3491 2282 et
3527 2243 3666 2296 prte-

2093 2321 2229 2374 senti
2259 2329 2447 2391 optat,
2492 2337 2675 2386 essem,
2714 2337 2880 2386 esses,
2919 2330 3070 2386 esset,
3112 2328 3165 2373 et
3209 2319 3350 2384 rel.;
3401 2317 3664 2370 inﬁnitive

2091 2419 2366 2479 prmsent.,
2409 2426 2537 2464 esse.
2583 2409 2843 2465 Similiter
2885 2418 2938 2465 et
2983 2426 3104 2480 quae
3149 2410 3216 2464 ab
3263 2424 3328 2464 eo
3369 2407 3664 2477 composita

2093 2502 2208 2572 ejus
2233 2503 2586 2559 declinatione
2611 2505 2997 2574 dignoscuntur
3023 2502 3109 2558 vel
3135 2503 3397 2574 producta
3434 2499 3518 2555 vel
3547 2516 3667 2555 eor—

2094 2605 2246 2667 repta
2269 2612 2408 2662 esse,
2431 2603 2492 2651 ut
2531 2612 2740 2667 possum
2765 2637 2778 2661 ,
2819 2613 3014 2658 assum,
3041 2611 3289 2666 prmsum,
3332 2594 3512 2647 desum
3529 2632 3544 2657 ,
3575 2591 3667 2646 ab—

2094 2703 2230 2751 sum,
2284 2686 2557 2750 intersum,
2599 2701 2832 2756 prosum,
2887 2702 3193 2755 supersum;
3236 2684 3379 2752 quod
3419 2677 3668 2752 plurimis

2093 2777 2352 2848 exemplis
2378 2777 2592 2847 probari
2617 2785 2816 2847 potest.
2849 2776 3107 2831 Martialis
3128 2777 3182 2830 in
3206 2775 3483 2846 Epigram.
3507 2788 3525 2828 τ

2284 2888 2344 2938 Et
2366 2895 2530 2937 cantas
2550 2883 2700 2947 belle,
2724 2893 2775 2935 et
2799 2887 2961 2947 saltas,
2982 2889 3165 2949 Attice,
3187 2886 3318 2949 belle
3343 2899 3357 2932 :

2336 2949 2504 3000 Bellus
2529 2962 2586 3001 es
2602 2959 2707 3002 arte
2727 2949 2863 3014 lyrae,
2885 2950 3044 3000 bellus
3060 2961 3117 3000 es
3132 2957 3240 3000 arte
3258 2948 3400 3012 lyra.

2094 3054 2238 3111 Idem
2265 3055 2321 3109 in
2345 3055 2534 3110 eodem
2561 3070 2574 3108 :

2217 3145 2442 3208 Nunquid
2465 3160 2671 3198 securus
2693 3159 2790 3197 non
2813 3154 2958 3212 potes
2979 3149 3224 3212 arrigere.

2017 3247 2068 3316 α
2098 3223 2245 3298 Virg.
2278 3227 2332 3280 in
2354 3226 2538 3284 Bueol.
2566 3241 2581 3278 :

2225 3316 2333 3369 Huc
2356 3319 2490 3377 ades,
2519 3330 2552 3368 ο
2583 3317 2804 3378 Galatea.
2827 3319 3033 3382 quised
3055 3332 3165 3370 nam
3185 3317 3328 3368 ludus
3348 3319 3400 3367 lu
3421 3314 3609 3368 audiui

2099 3399 2168 3455 Et
2192 3398 2334 3454 idem
2358 3417 2371 3453 :

2221 3491 2330 3540 Huc
2353 3492 2487 3554 ades,
2517 3493 2674 3543 insani
2693 3491 2895 3557 feriant,
2915 3495 3046 3556 sine,
3074 3492 3230 3546 littora
3259 3492 3451 3546 αωωε.

2101 3570 2244 3627 Idem
2273 3571 2327 3626 in
2354 3573 2540 3628 eodem
2564 3593 2576 3626 :

2346 3663 2452 3715 Non
2475 3665 2636 3716 omnia
2659 3677 2914 3729 possumus
2935 3678 3120 3718 omnes.

2101 3744 2169 3800 Et
2195 3745 2334 3800 idem
2359 3764 2372 3800 :

2228 3836 2342 3886 Haec
2365 3836 2456 3886 tibi
2477 3850 2679 3899 semper
2701 3845 2866 3901 erunt,
2893 3846 3074 3889 etcum
3094 3838 3326 3889 solemnia
3346 3837 3488 3888 dona.

2103 3917 2233 3973 Item
2260 3936 2273 3972 :

2227 4011 2319 4062 llic
2343 4018 2505 4061 tamen
2534 4011 2623 4062 hac
2645 4023 2836 4063 mecum
2859 4016 3043 4076 poteris
3062 4016 3377 4077 requiescere
3396 4020 3560 4066 nocte.

2103 4094 2233 4149 item
2257 4113 2270 4149 :

2233 4184 2500 4236 Fortunate
2523 4198 2668 4250 puer,
2691 4193 2744 4237 tu
2766 4199 2895 4238 nunc
2917 4189 3016 4237 eris
3037 4186 3161 4236 alter
3182 4189 3241 4237 ab
3266 4187 3365 4239 illo.

2107 4267 2324 4322 Memini
2351 4284 2564 4339 quoque
2603 4278 2658 4324 et
2703 4269 2790 4324 odi
2834 4271 2890 4325 in
2936 4271 3224 4326 indicativo
3256 4281 3363 4326 tam
3395 4270 3677 4340 praesentis

2104 4361 2367 4428 temporis
2396 4376 2555 4430 quam
2581 4360 2841 4430 praeteriti
2868 4361 3152 4416 vinihabet
3186 4361 3371 4416 ultima
3396 4362 3672 4430 producta.

2105 4450 2162 4503 In
2192 4451 2402 4505 caeteris
2453 4458 2629 4505 autem
2665 4452 2995 4521 temporibus
3019 4460 3075 4506 et
3111 4452 3286 4507 modis
3314 4451 3524 4506 tertiam
3549 4466 3676 4505 con-

2102 4538 2439 4610 jugationem
2492 4551 2810 4610 sequuntur.
2894 4541 3028 4597 Nam
3081 4543 3198 4597 novi
3238 4557 3477 4612 praesens
3521 4555 3677 4595 nosco

1974 4601 2004 4640 a
2030 4601 2084 4662 Β
2108 4601 2254 4688 facit.

2697 4719 2774 4773 De
2796 4720 3081 4789 gerundiia.

2174 4829 2482 4896 Gerundia,
2535 4830 2621 4885 vel
2678 4833 2960 4901 participia
2986 4873 3000 4897 ,
3046 4833 3130 4887 vel
3171 4832 3398 4901 supina,
3441 4829 3680 4902 quinque

2099 4926 2230 4974 sunt
2279 4921 2333 4973 in
2383 4920 2687 4989 hujusmodi
2735 4922 2976 4986 vocibus,
3036 4932 3094 4974 ut
3141 4921 3377 4985 mirandi,
3424 4920 3674 4989 amando,

2103 5012 2408 5076 amandum,
2441 5021 2698 5077 animum,
2741 5023 2937 5065 amatu.
2970 5013 3044 5067 De
3069 5014 3273 5066 ultimis
3303 5028 3488 5068 eorum
3512 5011 3676 5084 sylla-

2103 5103 2186 5157 bis
2206 5104 2318 5173 jam
2347 5104 2610 5170 diximus;
2642 5121 2786 5161 nunc
2810 5122 2940 5160 vero
2963 5107 3031 5160 de
3057 5106 3362 5175 penultimis
3389 5106 3672 5161 dicendum

2104 5202 2204 5256 est,
2239 5195 2365 5263 quia
2393 5211 2500 5250 non
2528 5196 2808 5250 minimum
2838 5196 3053 5264 adjuvat
3086 5212 3178 5251 eas
3209 5198 3366 5261 sciri,
3403 5213 3525 5252 cum
3554 5212 3677 5266 par-

2106 5286 2289 5355 tieipia
2321 5287 2581 5356 praeteriti
2611 5297 2668 5342 et
2695 5288 2861 5342 futuri
2891 5288 3148 5357 temporis
3173 5288 3297 5343 inde
3323 5288 3574 5353 veniant,
3618 5295 3677 5342 ut

2105 5384 2283 5428 amata
2307 5415 2322 5440 ,
2363 5385 2569 5428 amatus
2601 5375 2685 5429 vel
2731 5386 3018 5438 amaturus,
3071 5385 3126 5431 et
3169 5378 3384 5433 nomina
3418 5377 3674 5444 verbalia,

2107 5475 2167 5522 ut
2193 5466 2421 5530 auditor,
2472 5467 2694 5521 auditio.
2747 5465 2951 5536 Regula
2999 5469 3140 5521 enim
3174 5469 3417 5538 quaedam
3449 5468 3676 5522 aliarum

2106 5562 2340 5630 partium
2375 5561 2503 5617 hinc
2532 5563 2744 5617 videtur
2769 5562 2922 5626 oriri,
2961 5578 3078 5632 quae
3116 5564 3182 5617 ad
3222 5563 3424 5617 medias
3445 5561 3679 5632 syllabas

2109 5652 2510 5720 cognoscendas
2560 5652 2957 5721 promptissima
2996 5655 3104 5717 sit,
3155 5662 3211 5707 et
3249 5653 3413 5707 totius
3456 5647 3682 5706 rationis

2109 5741 2570 5816 perspicacissima
2625 5760 2842 5809 norma,
2892 5746 2956 5801 de
3000 5761 3107 5816 quo
3141 5745 3480 5800 manifestius
3511 5743 3566 5802 in
3589 5755 3677 5794 se-

2110 5814 2396 5904 quentibus
2421 5837 2680 5892 disertius.
2709 5835 2833 5892 Tria
2861 5814 3032 5909 igitur
3055 5840 3234 5908 priora
3270 5837 3458 5906 supina
3490 5830 3677 5902 penul-
