4100 6324
437 385 544 442 655

1069 385 1131 439 Β.
1171 381 1422 441 RABANI
1459 380 1680 439 MHR!
1715 376 2017 443 ARCHlEP

2112 373 2395 445 lOGUNT.
2432 371 2721 448 OPEBUM
2753 368 2933 439 ΡΑιιε
2966 367 3055 424 ιιι.

3582 361 3688 419 656

440 503 603 557 timas
624 499 890 571 positione
913 515 1128 571 semper
1150 499 1494 569 producunt,
1546 498 1675 553 licet
1695 493 1900 557 vocalis
1920 507 2016 555 na—
2039 491 2092 553 Α
2120 487 2347 551 duobus,
2392 486 2447 541 id
2486 493 2588 549 est,
2630 445 2785 539 datus
2810 490 2866 538 et
2892 489 3084 571 status,
3113 476 3182 532 ab
3200 489 3310 531 uno
3335 474 3503 571 verbo

443 602 563 651 tura
592 595 665 652 sit
690 601 935 664 correpta
956 593 1040 648 vel
1061 593 1322 663 producta
1351 606 1447 663 per
1473 606 1665 647 omnes
1686 587 2017 660 coniugatio-

441 702 562 755 nes,
588 695 650 743 ut
678 686 912 751 amandi,
950 684 1556 757 amando,’amandum;
1608 681 1870 746 monendi,
1903 694 2015 733 mo-
2072 716 2079 725 .

441 780 633 848 nenda,
667 777 1014 842 monendum;
1047 776 1304 847 gemendi,
1347 774 1620 847 gemenda,
1673 771 2014 843 gemendum;

442 871 728 937 nutriendi,
758 868 1054 934 nutriendo,
1096 865 1449 922 nutriendum.
1501 863 1795 934 Sequentia
1832 870 2017 918 autem

438 966 549 1019 duo
565 956 766 1020 dehinc
792 968 1147 1032 exponentur.
1193 956 1382 1017 Omnia
1403 958 1596 1029 primae
1620 954 2016 1026 coniugationis

442 1057 606 1112 verba
645 1069 765 1125 quae
805 1055 861 1108 in
903 1054 953 1106 vi
990 1050 1323 1122 prieteritum
1353 1049 1647 1105 terminant
1674 1086 1689 1114 ,
1738 1048 1786 1102 vi
1822 1047 1877 1102 in
1903 1056 2014 1101 tum

443 1133 835 1201 mnvertentia’
879 1140 1085 1198 faciunt
1141 1138 1333 1211 supina
1362 1137 1681 1209 ‘penultima
1729 1136 2013 1208 producta,

406 1238 635 1302 ‘amavi,
663 1243 927 1300 amatum»;
984 1233 1196 1297 donavi,
1240 1230 1524 1296 donatum;
1567 1217 1732 1294 oravi,
1760 1236 2015 1292 oratum;

442 1328 584 1393 ﬂavi,
611 1328 829 1397 flatum;
847 1324 984 1396 juvi,
1012 1326 1201 1391 iutum,
1225 1330 1288 1379 et
1330 1338 1394 1378 ex
1414 1337 1491 1399 leo
1519 1321 1722 1391 adjuvi,
1745 1320 2012 1389 adiutum,

441 1431 545 1472 nec
580 1432 687 1471 non
718 1424 774 1471 et
802 1415 858 1469 in
898 1414 1111 1470 caeteris
1158 1410 1639 1483 coniugationibus.
1680 1421 2016 1480 quaecunque

440 1509 797 1581 inprmterito
844 1509 901 1564 in
945 1525 1109 1581 supra
1149 1508 1346 1564 dictam
1392 1507 1649 1579 syllabam
1701 1506 2013 1570 terminant,

440 1601 497 1657 id
522 1610 625 1670 est,
658 1604 703 1658 vi
728 1603 813 1659 vel
838 1604 878 1658 ii
901 1604 1082 1660 omnia
1103 1602 1454 1674 penultimam
1481 1587 1785 1672 producunt
1829 1600 1884 1655 in
1927 1615 2018 1654 su-

439 1693 591 1765 pino,
639 1703 700 1750 ut
731 1695 899 1761 movi,
930 1705 1160 1761 motum;
1193 1694 1329 1758 nevi,
1366 1691 1743 1769 netum;.favi,
1778 1690 2016 1760 fautum;

410 1802 411 1805 ‘
439 1786 633 1857 cupivi,
668 1787 933 1855 cupitum;
961 1785 1107 1850 solvi,
1142 1783 1403 1848 solutum;
1443 1782 1600 1848 volui,
1631 1770 1905 1846 volutum;
1930 1797 2018 1834 ca-

2117 578 2268 633 nenti
2287 576 2538 655 secundm
2562 571 2975 645 coniugationis,
3013 569 3065 624 id
3093 576 3193 632 est,
3224 549 3563 633 reor,"rai'us,
3604 552 3678 619 af-

2116 681 2221 738 que
2240 682 2356 723 uno
2380 667 2556 722 tertiac
2585 662 3000 734 coniugationis,
3030 660 3211 725 activo
3228 697 3244 725 ,
3272 657 3580 724 seruaui,
3604 673 3685 710 sa-

2116 767 2248 825 tum,
2271 767 2436 813 satus.
2475 754 2699 811 Difﬁcile
2725 753 2870 809 enim
2897 751 3157 815 invenies,
3182 766 3211 804 e
3234 748 3386 807 verbi
3414 748 3473 809 in
3493 766 3529 802 α
3561 763 3694 813 con-

2117 852 2253 906 verti
2280 850 2622 922 participium
2654 848 2769 904 sive
2800 845 3077 918 supinum,
3103 842 3211 899 nisi
3236 842 3295 899 in
3314 855 3479 912 supra
3507 839 3688 896 dictis.

2114 940 2174 995 In
2224 940 2614 1011 compositione
2656 953 2787 994 vero
2840 950 3003 1007 supra
3060 933 3694 1003 dictorum"stlpinorum

2114 1031 2229 1087 sive
2267 1031 2676 1102 participiorum
2712 1030 2774 1085 in
2810 1026 3197 1084 iconvertitur
3222 1032 3545 1094 correptam,
3599 1043 3692 1080 suo

2123 1131 2232 1188 tus,
2261 1123 2472 1189 insitus,
2503 1121 2720 1177 obsitus.
2744 1119 2894 1192 Virg.
2919 1119 2974 1173 in
2996 1133 3035 1172 ιι
3058 1115 3307 1189 Georgio.
3335 1133 3350 1170 :
3411 1151 3414 1154 η
3652 1120 3659 1159 ξ

2241 1213 2452 1301 Ῑθιιειιέ
2479 1238 2530 1287 in
2554 1212 2780 1301 alterius,
2809 1239 3141 1297 mutatammie
3162 1220 3305 1283 insita
3329 1220 3454 1281 maia

2240 1299 2395 1351 Ferre
2417 1314 2608 1362 pyrum.
2626 1356 2629 1361 ι
2763 1299 2771 1301 ⁷
2956 1312 2962 1317 ·
3144 1310 3145 1313 ‘
3230 1342 3231 1345 η
3388 1328 3393 1333 -

2115 1400 2175 1455 In
2198 1400 2254 1455 di
2279 1400 2579 1456 desinentia
2604 1397 2878 1470 praeterita
2903 1396 2993 1453 vei
3034 1397 3103 1471 in.
3121 1411 3237 1451 sum
3271 1392 3566 1450 terminant
3600 1407 3691 1446 su-

2118 1492 2326 1562 pinum,
2353 1499 2410 1548 et
2439 1491 2707 1561 positione
2740 1489 3091 1562 penultimam
3112 1486 3439 1560 producunt,
3471 1493 3532 1539 ut
3559 1482 3692 1554 fodi,

2118 1580 2351 1651 fessum;
2374 1580 2586 1652 prandi,
2621 1593 2929 1652 pransum;
2952 1578 3131 1649 pandi,
3171 1574 3430 1647 pansum;
3459 1573 3692 1645 defendi.

2069 1695 2087 1725 τ
2117 1670 2425 1741 defensum;
2459 1671 2735 1736 momordi,
2771 1685 3039 1737 morsum;
3085 1667 3235 1734 sedi,
3260 1682 3492 1729 sessum;
3536 1662 3693 1728 scidi,

2121 1762 2375 1827 scissum;
2424 1759 2543 1830 fidi,
2572 1761 2788 1830 ﬁssum;
2812 1758 2900 1815 vel
2944 1759 3172 1824 initum,
3198 1756 3348 1813 brevi
3378 1744 3690 1829 penultima,

439 1846 535 1943 lui,
563 1846 829 1942 culutum;
859 1877 1037 1932 audivi
1063 1875 1148 1929 vel
1169 1875 1333 1940 audii,
1368 1873 1639 1938 auditum;
1668 1872 1881 1937 munivi,
1900 1859 2094 1947 ωας-Β
2121 1852 2433 1947 θιιιξιξιιὶῐιξθ
2453 1852 2510 1906 in
2539 1852 2624 1907 his
2649 1851 2832 1947 Ῠθτδξδ
2855 1866 2979 1947 filiai
3013 1849 3352 1947 ίιθτθίίίξῐξξδξξ)
3387 1846 3697 1947 ποῖίξθίητω

408 1969 639 2033 nilum;
679 1955 1077 2038 'exceptis‘his,
1122 1966 1239 2033 livi,
1288 1965 1472 2031 litum;
1518 1965 1654 2032 sivi,
1698 1964 1892 2029 silum;
1928 1962 2016 2029 ivi,

412 2066 606 2130 itum;
649 2065 808 2136 quivi,
848 2065 1081 2134 quitum;
1132 2064 1254 2129 civi,
1295 2063 1488 2128 citum;
1530 2061 1657 2128 sevi,
1693 2069 1897 2126 satum;
1934 2074 2021 2113 co-

438 2155 621 2225 gnovi,
652 2157 950 2226 cognitum;
979 2155 1193 2226 agnovi,
1225 2155 1489 2226 agnitum,
1514 2162 1569 2223 et
1593 2169 1659 2209 ex
1690 2154 1770 2208 eis
1797 2166 2017 2221 compo-

437 2246 565 2312 sita,
595 2245 812 2311 obitum,
827 2246 1051 2313 aditum,
1078 2247 1420 2316 praeteritum,
1445 2246 1728 2316 nequitum.
1744 2244 1827 2300 Ab
1845 2243 2018 2299 am'bio

438 2350 654 2405 quoque
684 2337 951 2407 supinum
977 2336 1064 2391 vel
1102 2336 1444 2408 participium
1496 2328 1747 2406 producit
1788 2335 2020 2407 penulti-

410 2436 413 2437 '
437 2440 585 2481 mam
609 2426 648 2480 i.
679 2424 901 2482 Ovidius
929 2426 985 2482 in
1010 2443 1029 2481 ι
1056 2425 1596 2500 Metamorphoseon:

567 2537 718 2590 Iussit
737 2543 791 2590 et
813 2539 1007 2589 ambitae
1028 2538 1329 2591 circumdare
1353 2538 1511 2591 littora
1535 2544 1715 2604 terrae;

440 2644 656 2714 quando
691 2659 888 2700 nomen
910 2652 1013 2712 est,
1035 2644 1281 2701 eamdem
1300 2644 1543 2715 corripit.
1566 2643 1697 2712 Quae
1722 2642 1932 2702 veroin
1962 2642 2020 2696 ui

440 2734 644 2790 divisas
670 2734 726 2789 in
754 2736 1031 2806 praeterito
1052 2737 1335 2803 desinunt,
1381 2736 1429 2791 si
1470 2752 1575 2792 non
1603 2736 1872 2807 positione
1892 2749 2019 2806 pro-

439 2827 710 2883 ducuntur
748 2827 804 2881 in
841 2826 1054 2899 supino,
1098 2836 1156 2882 ut
1195 2828 1359 2894 secui,
1382 2836 1614 2893 sectum;
1641 2828 1799 2894 mica,
1833 2827 2015 2892 micui,

437 2917 687 2986 mictum;
734 2919 924 2986 docui,
948 2919 1193 2987 doctum;
1222 2920 1387 2987 tenui,
1437 2928 1666 2985 tentum;
1716 2920 1899 2990 rapui,
1932 2935 2019 2973 ra-

435 3017 615 3080 ptum;
664 3012 864 3082 aperui,
897 3021 1170 3083 apertum;
1224 3011 1312 3067 vel
1346 3028 1382 3066 u
1412 3010 1767 3083 penultimam
1793 3012 2014 3077 habent,

435 3115 499 3162 ut
523 3108 666 3175 acui,
689 3120 931 3175 acutum;
958 3109 1128 3174 indui,
1153 3109 1393 3163 indutum
1407 3125 1427 3174 ,'
1465 3117 1661 3165 caetera
1694 3108 1875 3164 omnia
1897 3122 2017 3163 cor-

435 3197 727 3268 ripiuntur,
754 3208 814 3255 ut
848 3200 1017 3266 vetui,
1059 3200 1301 3265 vetitum;
1339 3199 1537 3269 crepui,

435 3288 560 3357 dui,
587 3289 887 3356 conditum;
927 3288 1141 3357 studui,
1179 3290 1466 3355 studitum;
1506 3289 1698 3356 habui,
1742 3289 2010 3356 habitum;

434 3380 637 3447 monui,
665 3381 953 3448 monitum;
992 3382 1184 3446 vomui,
1216 3382 1496 3447 vomitum;
1518 3382 1713 3452 gemui,
1736 3381 2014 3452 gemitum;

439 3466 655 3537 fremui,
704 3469 1004 3539 fremitum;
1047 3471 1268 3538 tremui,
1316 3472 1616 3537 tremitum;
1660 3479 1716 3526 et
1769 3487 1933 3526 unum
1980 3488 2017 3526 u

438 3558 792 3642 penultimam
836 3562 1041 3617 habens
1089 3563 1330 3629 brevem,
1376 3563 1478 3627 rui,
1523 3570 1736 3628 ratum;
1763 3570 1819 3616 et
1848 3577 1913 3642 ex
1951 3576 2017 3617 eo

437 3637 761 3720 composita,
790 3659 849 3705 ut
877 3650 1045 3719 obrui,
1079 3651 1355 3716 obrutum;
1386 3652 1549 3719 dirui,
1579 3650 1815 3706 dirutum
1831 3637 1864 3717 ;⁷
1880 3653 2014 3717 erui,

442 3750 672 3796 erutum.
709 3742 770 3796 1n
794 3743 839 3797 si
860 3758 1073 3814 quoque
1099 3744 1185 3800 vel
1211 3744 1268 3799 in
1290 3746 1346 3798 xi
1372 3744 1718 3799 terminantia
1742 3744 2016 3814 praeterita

435 3832 783 3903 penultimam
815 3834 992 3904 supini
1026 3844 1117 3890 aut
1159 3845 1354 3891 natura
1396 3844 1490 3891 aut
1512 3832 1777 3907 positione
1804 3852 2017 3907 semper

434 3925 755 3993 producunt,
785 3934 847 3981 ut
870 3927 986 3993 risi,
1017 3929 1213 3996 risum;
1238 3928 1458 3997 indulsi,
1489 3929 1777 3996 indultum,
1824 3928 1909 3985 vel
1930 3930 2015 3982 in-

435 4015 682 4085 dulsum;
708 4018 831 4085 lusi,
853 4019 1058 4087 lusum;
1088 4020 1221 4088 lwsi,
1245 4021 1428 4076 lcesum
1441 4039 1462 4088 ;
1488 4022 1616 4088 ussi,
1649 4032 1857 4086 ustum;
1880 4020 2013 4087 luxi,

438 4110 670 4179 luctum;
702 4114 851 4179 auxi,
880 4126 1124 4180 auctum;
1167 4115 1315 4181 duxi,
1344 4117 1592 4183 ductum;
1620 4115 1753 4183 dixi,
1781 4118 2014 4182 dictant;

435 4188 597 4284 vinui,
628 4188 888 4269 vinctum;
916 4207 1088 4270 sanati,
1120 4216 1389 4272 sanctum;
1416 4207 1559 4276 flexi,
1588 4208 1818 4277 ﬂexum;
1859 4208 2014 4277 ﬂuxi,

436 4296 659 4364 fluxum.
701 4293 834 4351 Steti
881 4310 1011 4350 vero
1039 4304 1235 4350 statum
1261 4298 1529 4367 supinum,
1564 4294 1862 4369 penultima
1889 4316 2018 4371 pro-

435 4386 614 4451 ducta,
648 4384 809 4441 debet
830 4384 1029 4451 facere,
1057 4386 1201 4441 unde
1229 4385 1483 4443 Lucanus
1517 4387 1574 4443 in
1602 4405 1655 4444 ιιι
1683 4408 1696 4442 :

563 4533 578 4549 .
620 4532 636 4549 .
680 4532 695 4547 .
733 4536 747 4549 .
781 4499 1060 4579 Constatura
1081 4500 1203 4551 fides
1220 4512 1487 4566 superum,

2085 1975 2090 2002 ;
2122 1940 2342 2014 syllabae
2380 1941 2436 1996 in
2466 1941 2739 2012 praeterito
2766 1940 2991 2006 faciunt,
3036 1947 3096 1994 ut
3132 1937 3357 2009 reddidi,
3398 1937 3695 2001 redditum;

2116 2034 2344 2101 credidi,
2366 2033 2655 2101 creditum;
2696 2033 2921 2106 perdidi,
2942 2032 3235 2105 perditum;
3256 2030 3486 2095 condidi,
3518 2029 3699 2084 condi-

2119 2136 2262 2193 tum;
2311 2124 2540 2197 vendidi,
2588 2124 2872 2180 venditum.
2948 2121 3068 2178 Vidi
3086 2138 3300 2199 quoque
3320 2130 3377 2178 et
3405 2122 3521 2194 ejus
3549 2137 3699 2177 com-

2084 2272 2089 2275 .
2117 2218 2291 2288 posita
2317 2216 2519 2287 providi
2559 2224 2614 2270 et
2672 2216 2873 2282 invidi,
2910 2215 3261 2288 penultimam
3293 2214 3348 2269 in
3368 2212 3568 2285 supino
3602 2228 3702 2268 na-

2121 2319 2241 2366 tura
2259 2311 2584 2382 producunt,
2612 2309 2798 2375 visum,
2818 2310 3108 2383 provisum,
3135 2309 3395 2376 invisum;
3438 2307 3577 2379 fudi,
3610 2306 3698 2377 fu-

2088 2458 2091 2459 ν
2122 2421 2259 2471 sum,
2283 2421 2317 2458 u
2338 2404 2518 2474 longa.
2548 2403 2605 2459 in
2624 2404 2678 2475 gi
2703 2404 2916 2474 quoque
2943 2402 3094 2458 ﬁnita
3121 2402 3287 2463 verba
3310 2402 3366 2458 in
3393 2401 3696 2473 praeterito,

2119 2495 2506 2567 ipenultimam
2550 2497 2603 2551 in
2636 2493 3134 2567 supinobreviant,
3184 2504 3246 2547 ut
3290 2491 3423 2564 fugi,
3450 2499 3505 2547 et
3535 2506 3605 2546 ex
3630 2506 3698 2547 eo

2119 2588 2436 2659 composita,
2468 2586 2699 2659 confugi,
2722 2585 2944 2657 perfugi,
2968 2585 3155 2655 refugi,
3183 2583 3409 2650 faciunt,
3445 2583 3696 2654 fugitum,

2090 2680 2463 2751 (confugitum,
2492 2677 2831 2749 perfugitum,
2869 2675 3184 2748 refugitum;
3220 2673 3322 2745 legi
3362 2689 3576 2745 quoque
3622 2672 3700 2727 le-
3730 2673 3736 2677 ’

2089 2819 2093 2824 ,
2120 2782 2262 2828 ctum
2288 2770 2440 2838 facit,
2465 2771 2573 2845 egi,
2593 2779 2790 2837 actum,
2822 2768 2975 2843 fregi,
2997 2767 3243 2837 fractum,
3268 2774 3323 2821 et
3351 2782 3418 2822 ex
3443 2767 3522 2823 eis
3551 2781 3698 2822 com-

2116 2865 2292 2938 posita
2322 2874 2383 2920 ut
2404 2864 2609 2936 collegi,
2641 2863 2931 2919 collectum.
2990 2862 3051 2918 In
3071 2862 3123 2917 bi
3148 2862 3402 2925 desinens
3445 2858 3693 2933 praeteri-

2118 2967 2254 3024 tum,
2287 2956 2512 3028 Corripit
2555 2955 2906 3026 penultimam
2937 2954 2990 3009 in
3019 2954 3234 3024 supino,
3278 2953 3409 3020 bibi,
3439 2953 3697 3020 bibitum;

2117 3048 2272 3114 ebibi,
2296 3047 2576 3114 ebibitum;
2607 3062 2871 3118 compesco
2895 3054 2950 3101 et
2964 3046 3209 3119 deposco,
3249 3053 3306 3101 et
3328 3062 3503 3118 posco,
3532 3055 3586 3102 et
3609 3046 3695 3099 di-

2116 3158 2228 3207 sco,
2254 3156 2287 3197 a
2306 3141 2560 3212 praesenti
2589 3152 2830 3212 tempore
2874 3138 3085 3194 faciunt
3120 3143 3371 3210 supinum
3397 3140 3697 3195 mutatione

1567 3207 2085 3304 €"P‘"f"',i_“‘"‘5c
2116 3235 2222 3290 oin
2250 3235 2268 3288 i
2296 3207 2604 3304 correptam
2633 3207 2999 3289 et—additi'one
3025 3207 3379 3303 tum;vposce,
3404 3232 3657 3301 poscitum
3673 3248 3697 3297 ;

2116 3342 2405 3398 compesco,
2434 3326 2823 3398 compescitum,
2864 3333 2920 3383 et
2958 3325 3207 3395 deposco,
3237 3325 3585 3397 deposcitum;
3615 3324 3699 3383 di—

2116 3432 2226 3482 sco,
2266 3416 2532 3471 discitum.
2584 3412 2802 3487 Peperci
2830 3428 2960 3471 vero
2986 3415 3073 3470 vel
3099 3415 3279 3491 parsi,
3300 3433 3511 3487 parsum
3540 3413 3692 3471 facit.

2115 3505 2245 3562 Feci
2265 3515 2322 3563 et
2339 3508 2471 3577 jeci,
2497 3506 2697 3577 factum
2721 3514 2776 3562 et
2792 3506 3034 3576 jactum;
3055 3505 3148 3577 ici,
3168 3507 3361 3573 ictum;
3384 3506 3548 3577 reperi
3567 3520 3698 3561 vero

2116 3606 2174 3654 et
2192 3598 2422 3669 comperi
2444 3639 2458 3664 ,
2491 3606 2546 3653 et
2572 3607 2767 3653 caetera
2803 3596 3045 3667 ejusdem
3077 3597 3303 3667 originis
3342 3598 3609 3669 positione
3638 3596 3693 3653 in

2117 3690 2309 3760 supino
2336 3689 2639 3760 producunt
2660 3689 3041 3759 penultimam,
3075 3696 3136 3744 ut
3162 3697 3499 3761 compertum.
3533 3706 3697 3760 reper-

2116 3788 2248 3845 tum,
2297 3789 2583 3849 expertum,
2634 3788 2889 3849 opertum.
2976 3778 3307 3850 Deponentia
3353 3794 3566 3849 quoque
3609 3776 3695 3833 vel

2116 3870 2424 3925 communia
2445 3869 2687 3939 quaedam
2710 3876 2855 3936 sunt,
2889 3885 3008 3940 quae
3033 3870 3088 3924 in
3118 3870 3312 3940 supino
3344 3869 3694 3940 penultimam
3786 3932 3799 3945 ο

2117 3971 2313 4018 natura
2343 3963 2666 4032 producunt,
2690 3963 2938 4032 quaedam
2961 3973 3155 4019 natura
3185 3964 3507 4043 corripiunt,
3550 3974 3694 4031 qum-

2117 4055 2243 4111 dam
2274 4055 2543 4126 positione
2577 4063 2811 4122 tantum,
2843 4055 3090 4127 quaedam
3117 4065 3313 4112 natura
3337 4054 3497 4111 simul
3517 4062 3573 4108 et
3596 4067 3694 4124 po-

2116 4148 2315 4203 sitione
2367 4162 2488 4203 eam
2517 4146 2731 4220 longam
2760 4147 2964 4204 habent
2984 4187 3000 4215 ,
3022 4140 3133 4204 sed
3171 4147 3371 4219 positio
3396 4146 3554 4216 plana
3582 4151 3687 4200 est.

2116 4237 2384 4295 Czeterum
2413 4253 2534 4310 quae
2581 4245 2794 4294 natura
2812 4238 2898 4295 vel
2924 4239 3182 4311 producit
3211 4238 3311 4304 vel
3340 4238 3566 4307 corripit
3591 4242 3685 4290 ex-

2113 4346 2394 4403 ponemus.
2453 4328 2861 4405 Omniaautem
2890 4331 3208 4402 depone'ntia
3236 4330 3324 4386 vel
3364 4326 3690 4393 communia,

2116 4442 2236 4497 qum
2261 4425 2613 4497 penultimam
2636 4425 2747 4480 ain
2767 4425 2960 4495 supino
2979 4424 3197 4491 habent,
3220 4412 3689 4494 producunt'eam,

2118 4524 2179 4572 ut
2203 4517 2425 4583 irascor,
2473 4516 2705 4581 iratum;
2742 4515 3013 4581 criminor,
3065 4514 3444 4585 criminatum;
3464 4519 3691 4583 excepto

435 4620 561 4659 cum
606 4605 791 4661 datum
826 4614 883 4663 et
921 4608 1111 4673 datus,
1163 4608 1304 4664 sicut
1355 4610 1603 4681 superius
1650 4613 2007 4682 ostendimus,
2039 4583 2094 4645 Ῑ)
2120 4608 2405 4679 uno,quod
2418 4624 2582 4680 supra
2602 4607 3169 4672 commemoravimus,
3188 4583 3331 4672 reor,
3348 4616 3540 4663 ratum.
3563 4605 3692 4672 Quae

434 4697 691 4768 corripiat
726 4714 760 4751 a
793 4697 1163 4769 penultimam.
1221 4701 1318 4757 Est
1349 4709 1529 4759 tamen
1570 4703 1625 4758 in
1657 4704 1760 4760 hoc
1795 4721 2011 4776 quoque
2115 4718 2244 4760 vero
2268 4704 2469 4759 habent
2500 4702 2521 4755 i
2549 4709 2855 4771 correptam
2882 4701 2937 4755 in
2959 4699 3274 4770 penultima,
3296 4699 3544 4763 secundae
3566 4705 3693 4759 sunt

426 4788 727 4863 notandum
777 4792 923 4861 quod
974 4795 1194 4850 nomina
1220 4797 1288 4851 ab
1326 4811 1392 4852 eo
1413 4798 1658 4853 derivata
1702 4816 1733 4852 a
1774 4799 2008 4868 penulti-
2114 4793 2392 4849 veltertia:
2415 4790 2830 4861 coniugationis,
2874 4799 2935 4845 ut
2960 4806 3156 4857 vereor,
3183 4790 3438 4855 uetitum;
3463 4789 3689 4852 intueor,

434 4892 576 4932 mam
604 4878 687 4933 vel
716 4883 1194 4953 antepenultimam
1236 4888 1569 4958 corripiunt,
1605 4897 1665 4944 ut
1687 4898 1877 4957 status,
1907 4900 2013 4945 sta-

2113 4884 2394 4957 intuitunt;
2432 4882 2704 4954 polliceor,
2737 4881 3072 4957 pollicitum;
3112 4881 3401 4952 adipiscar,
3442 4879 3692 4951 adipisci-

434 4979 507 5036 ta,
530 4978 745 5039 statum,
767 4974 989 5030 stabilis.
1026 4974 1280 5034 Lucanus
1310 4980 1366 5034 in
1390 4995 1426 5032 χ
1465 4994 1479 5033 :
2116 4984 2263 5041 tum;
2293 4973 2593 5039 obliviscor,
2622 4986 2835 5043 quoque
2863 4971 3051 5029 debuit
3103 4969 3283 5037 facere
3324 4969 3689 5034 obliviscuntur,

678 5083 894 5143 Quorum
913 5091 1041 5137 stata
1063 5093 1285 5150 tempora
1308 5087 1468 5138 natus.

431 5163 578 5222 idem
607 5167 662 5223 in
695 5183 763 5224 v:
1442 5188 1485 5211 ω

558 5260 712 5318 Quam
732 5272 830 5310 non
850 5260 1014 5312 stabili
1031 5262 1246 5313 tremulo
1261 5262 1351 5314 sed
1373 5262 1589 5316 culmine
1607 5270 1784 5318 cuncta

561 5320 874 5384 Despiceret.

440 5422 745 5497 Eomposita
798 5429 866 5483 ab
915 5443 983 5485 eo
1034 5432 1200 5487 variae
1246 5435 1599 5491 vetustissimi
1644 5436 2009 5507 protulerunt,

438 5530 573 5587 asto,
595 5524 812 5576 astitum
834 5530 893 5577 et
919 5533 1182 5593 astutum;
1229 5540 1440 5598 praesto,
1478 5531 1771 5602 prcstituin
1791 5541 1849 5589 et
1869 5548 2010 5603 γνω-
2116 5529 2264 5587 cunt,
2291 5518 2902 5590 aliquando'corripiunt
2924 5557 2940 5587 ,
2970 5527 3030 5576 ut
3050 5519 3241 5590 potior,
3265 5518 3428 5584 orior,
3470 5515 3687 5570 morior.

437 5616 695 5680 statum,i
724 5627 993 5690 correpta,
1026 5629 1079 5676 et
1106 5640 1139 5675 α
1164 5622 1445 5692 producta.
1477 5622 1545 5680 Et
1569 5618 1847 5682 sciendum
1868 5624 2014 5697 quod

2118 5612 2264 5701 Virg.
2293 5613 2348 5668 in
2373 5627 2433 5667 ιιι
2464 5611 2721 5667 Eneid.-:
2821 5657 2825 5662 .
2876 5672 2879 5679 λ

441 5704 495 5759 in
518 5704 662 5762 nullo
690 5704 798 5763 alio
823 5709 1016 5779 supino
1043 5712 1157 5769 sive
1188 5714 1475 5788 participio
1506 5732 1601 5773 seu
1632 5717 1850 5797 nomine
1887 5732 2014 5788 par-
2102 5741 2133 5759 ι·
2240 5729 2335 5781 Fas
2356 5739 2502 5779 omne
2534 5727 2793 5794 abrumpit,
2818 5728 3109 5795 Polydorum
3126 5731 3407 5796 ωλι-ηοω,
3431 5734 3485 5784 οι
3504 5714 3624 5782 suo

443 5796 666 5843 liciniali
693 5815 724 5843 ιι
752 5800 1040 5843 ηριιιιιιίηιει
1074 5806 1368 5843 ann-inim»
1436 5810 1536 5843 ..ιρι
1580 5810 1632 5843 in
1661 5825 1818 5843 ,ωσι-ιη
1856 5809 2008 5843 Ain“.
2238 5792 2296 5843 Vl
2319 5792 2514 5843 potitur.
2968 5840 2973 5843 μ
3026 5832 3033 5839 .
3106 5832 3111 5837 .
3330 5836 3335 5841 ,
3392 5840 3395 5843 ,
3489 5823 3493 5826 -
3530 5836 3554 5843 ..

2131 5844 2137 5853 ,
2245 5806 2514 5855 vtpoutur.
2968 5832 3033 5851 η.
3068 5832 3111 5847 ρ
3330 5836 3335 5841 ,
3392 5840 3397 5851 ,
3489 5823 3554 5855 -

2121 5065 2218 5123 sed
2237 5077 2334 5134 per
2369 5062 2663 5136 synaeresin
2688 5061 2817 5118 facit
2844 5062 3087 5129 oblitum,
3114 5061 3135 5116 i
3157 5062 3444 5135 producta.
3485 5060 3690 5117 Caetera

2120 5158 2264 5213 enim
2286 5170 2407 5226 quae
2428 5156 2453 5208 i-
2476 5154 2805 5227 producunt,
2853 5162 3062 5224 quartae
3105 5152 3687 5225 sunticonjugationis,

2110 5255 2180 5305 ¹ιιι
2224 5247 2463 5310 mentior,
2520 5245 2827 5310 mentitum;
2890 5246 3099 5313 metior,
3147 5244 3381 5301 metitum
3396 5261 3421 5309 ;η
3469 5243 3689 5313 largior,

2118 5338 2386 5409 largitum.
2427 5337 2556 5404 Qua:
2600 5345 2780 5392 autem
2812 5336 2992 5393 dubia
3038 5343 3168 5393 sunt
3204 5336 3353 5395 inter
3380 5336 3596 5393 tertiam
3635 5342 3693 5392 et

2119 5439 2367 5501 quartam
2388 5416 2859 5500 coniugationem,
2886 5427 3179 5500 aliquando
3216 5435 3467 5486 auctores
3492 5425 3691 5497 produ-

443 5796 666 5865 ticipiali
693 5815 724 5855 (ι
752 5800 1387 5879 petmltimacorripitur,
1412 5810 1536 5882 .nisi
1578 5810 1633 5865 in
1661 5796 1822 5880 supra
1854 5809 2011 5866 dictis
