4100 6324
432 404 551 481 ἰδίη

449 526 796 625 ldcminn:
1108 530 1111 537 ’
1172 616 1177 623 ⁸
1234 530 1301 617 1³
1402 522 1429 547 ³
1602 530 1605 533 “
1690 616 1693 617 ν

880 620 887 627 ’
1172 620 1177 623 ⁷
1537 662 1550 676 .
1587 661 1600 673 .
1631 620 1767 675 Telis

504 711 509 716 ’
571 692 856 752 Nostrarum
874 690 1140 753 obruiuutr,
1160 688 1414 750 oriturque
1430 688 1703 736 miserrima
1722 685 1921 737 cedet.

432 776 931 839 “Lucanusintvr
1028 799 1067 807 ν·
1224 812 1227 815 λ
1362 792 1425 801 ι.
1544 788 1631 803 ,.

432 886 462 903 ο·
507 866 679 923 “Non
700 858 1841 934 grsttsmoriturdugnloqutprovoeatbostem

430 950 935 1014 *Neviusinlliadis
966 964 1049 1004 It:
1122 985 1135 993 -
1257 982 1267 992 ο
1352 978 1357 991 κ
1538 1000 1539 1003 η
1678 992 1683 995 ,

433 1072 437 1079 .
462 1069 503 1089 μ,
573 1047 807 1097 nam
828 1038 1368 1105 penitus,‘thalamoque
1390 1035 1592 1100 potitur.

449 1128 689 1186 Lucilius
721 1125 777 1180 in
802 1138 903 1181 tu:
1046 1170 1047 1175 η
1184 1166 1189 1171 ρ
1308 1180 1311 1183 ,
1418 1168 1455 1183 ,.
1645 1182 1652 1190 ,

571 1218 873 1289 Conturbare
886 1215 1101 1279 animam
1125 1212 1251 1288 potis
1270 1213 1367 1286 est,
1390 1209 1677 1273 quicunque
1695 1204 1932 1257 adoritur.

449 1305 654 1363 Ennius
679 1303 732 1357 in
759 1315 852 1356 xxv
875 1296 1196 1353 Annalium:

570 1395 713 1452 Nunc
731 1401 812 1446 est
828 1391 1052 1450 illadies,
1072 1401 1181 1452 cum
1202 1386 1359 1452 gloria
1375 1385 1583 1452 maxima
1602 1394 1718 1433 sese

567 1447 718 1507 Nobis
740 1447 979 1512 ostendat,
1003 1447 1048 1501 si
1071 1447 1285 1507 vivimus,
1306 1449 1414 1497 sive
1436 1447 1686 1495 morimur.

450 1538 651 1612 Supina
675 1551 864 1593 eorum
887 1543 1031 1598 sunt,
1058 1541 1247 1597 ortum,
1292 1531 1533 1601 potitum,
1562 1527 1828 1593 maritum,
1855 1526 1877 1579 ἱ
1916 1538 2014 1595 pe-

448 1626 672 1690 uultima
696 1630 783 1684 vel
830 1627 1120 1683 secundum
1164 1623 1381 1679 tertiam
1414 1618 1847 1690 coniugationem
1893 1630 2014 1672 cor-

449 1731 619 1794 repta,
644 1720 729 1776 vel
755 1718 1051 1775 secundum
1081 1723 1328 1785 quartam
1357 1709 1640 1782 producta.
1677 1709 1817 1780 Ergo
1840 1722 1960 1778 quae
1979 1723 2037 1783 ul

446 1812 795 1888 pcnultimam
823 1810 1025 1866 habent
1065 1808 1119 1862 in
1175 1804 1661 1876 supino,‘eamdem
1690 1801 2014 1873 producunt,

448 1882 736 1975 utJoquor,
764 1900 1028 1964 locutum;
1059 1913 1263 1969 sequor,
1293 1905 1558 1959 secutum;
1586 1903 1726 1961 utor,
1749 1909 1935 1959 usum;
1960 1903 2018 1951 et
2043 1882 2092 1947 Β

450 1983 520 2050 ex~
540 1974 620 2050 eis
650 1991 964 2063 composita,
997 1994 1057 2043 u‘t
1079 1987 1334 2056 alloquor,
1362 1974 1647 2040 allocutum
1663 2001 1684 2051 ;
1709 1990 2012 2057 consequor,

449 2088 820 2148 consecutum;
861 2081 1066 2145 abutar,
1107 2079 1345 2134 abusum.
1400 2076 1744 2146 Quaecunque
1771 2076 1915 2131 enim
1950 2075 2018 2130 de

450 2176 711 2232 anomalis
732 2174 935 2231 faciunt
964 2172 1170 2243 supina,
1197 2178 1290 2226 aut
1313 2184 1374 2226 ea
1404 2168 1671 2239 positione
1695 2169 2016 2239 producunt,

449 2272 511 2320 ut
538 2273 666 2329 tero,
696 2272 927 2327 tersum;
972 2260 1108 2326 uolo,
1156 2258 1393 2322 uultum;
1417 2266 1511 2312 aut
1547 2265 1766 2323 natura,
1795 2266 1852 2311 ut
1886 2256 2004 2324 edo,

451 2370 592 2423 esus,
622 2362 677 2410 et
702 2355 769 2409 ab
798 2367 862 2408 eo
887 2352 1213 2423 composita,
1243 2357 1304 2406 ut
1328 2351 1563 2417 comedo,
1588 2338 1857 2416 comesus;
1900 2360 2015 2405 am-

452 2446 599 2515 bedo,
638 2446 912 2510 ambesas;
943 2444 1130 2509 adedo,
1154 2444 1361 2499 adesus.
1399 2441 1545 2515 Virg.
1570 2454 1669 2499 xt:
1710 2452 1713 2455 '

422 2536 449 2547 “’
634 2575 649 2590 .
686 2576 700 2591 .
736 2576 750 2590 .
789 2571 803 2587 .
836 2538 901 2590 Et
916 2538 1136 2617 postibus
1156 2535 1496 2611 haesitsd‘esis.

449 2645 590 2702 Idem
617 2642 672 2698 in
700 2657 762 2698 ιιι
790 2659 804 2697 :
1228 2635 1232 2638 ⁴

428 2718 435 2725 ’
572 2734 810 2786 Ambesas
829 2724 1028 2796 subigat
1046 2723 1184 2783 malis
1208 2730 1499 2783 consumere
1515 2732 1725 2782 mensas.

446 2803 618 2892 ilujus
643 2826 823 2873 tamen
848 2817 999 2874 verbi
1044 2825 1099 2873 et
1138 2816 1283 2872 aliud
1313 2816 1562 2886 supinum
1593 2813 1884 2879 invenitur,
1913 2811 2018 2867 esi-

451 2921 552 2977 ‘us,
579 2913 598 2965 i
626 2917 896 2980 correpta,
918 2908 1060 2979 quod
1086 2909 1154 2964 ab
1185 2906 1306 2973 edo,
1333 2905 1462 2970 edis,
1488 2904 1613 2972 edit,
1634 2904 1784 2960 venit
1810 2904 2019 2975 integra
2042 2972 2047 2979 ν

449 3002 820 3059 declinatione.
850 3001 1139 3057 Sciendum
1176 3008 1355 3055 autem
1388 2999 1529 3069 quod
1563 2999 1618 3054 in
1645 3015 1732 3052 um
1764 2998 2019 3054 desinens

449 3093 730 3164 supinum,
776 3101 998 3164 accepto
1042 3094 1209 3152 verbo
1237 3089 1446 3147 inﬁnito
1466 3091 1608 3161 quod
1651 3097 1737 3147 est
1761 3090 1838 3145 ire
1860 3088 2011 3156 facit,

442 3180 715 3241 inﬁnitum
755 3178 1029 3247 futuri,'ut
1052 3193 1254 3240 oratum
1286 3184 1383 3249 ire,
1426 3181 1637 3237 doctum
1665 3182 1762 3248 ire,
1816 3180 2031 3249 lectum,

447 3281 540 3344 ire,
560 3278 796 3334 auditum
816 3279 928 3345 ire;
951 3278 1264 3348 frequenter
1296 3285 1475 3332 tamen
1499 3276 1859 3346 antiquissimi
1881 3289 2018 3332 neu-
2046 3252 2093 3315 ο

430 3370 532 3428 ιτο
552 3374 834 3444 participio
872 3371 1036 3428 futuri
1062 3371 1324 3427 addebant
1353 3380 1501 3435 esse,
1532 3378 1588 3425 et
1619 3369 1889 3425 inﬁnitum
1929 3367 2016 3422 l‘u-
2048 3420 2053 3425 .

428 3463 553 3518 ‘turi
583 3463 977 3534 signiﬁcabant,
1029 3470 1091 3517 ut
1126 3465 1549 3527 oraturum‘esse,
1577 3475 1675 3532 pro
1701 3469 1906 3515 oratum
1943 3460 2021 3515 ire

432 3556 692 3616 dicentes
710 3597 725 3623 ,
760 3550 825 3611 et
840 3554 1102 3626 facturum
1123 3570 1232 3610 esse
1260 3569 1357 3626 pro
1390 3544 1588 3625 [aetum
1612 3555 1704 3607 ire.
1930 3550 1935 3553 ’

1042 3665 1120 3720 De
1157 3654 1433 3721 adverbiis.
1496 3654 1503 3661 '

420 3806 425 3839 ;
524 3773 913 3833 Adverbiorum
962 3788 1090 3844 ergo
1142 3788 1243 3847 per
1311 3773 1551 3845 singulas
1610 3775 2020 3833 terminationes

451 3881 671 3925 necesse
696 3874 780 3921 est
804 3867 885 3921 ita
912 3864 1115 3920 formas
1153 3865 1449 3934 inspicere,
1465 3873 1525 3920 ut
1553 3880 1674 3934 quae
1694 3865 1805 3920 sint
1831 3865 2022 3936 primi-

450 3960 579 4025 tiva,
610 3972 799 4028 quaeve
824 3955 1141 4021 derivativa,
1164 3955 1402 4024 diligenti
1435 3971 1565 4011 cura
1586 3956 1898 4019 intimemus
1917 3998 1933 4022 ,
1959 3965 2019 4013 ιιι

448 4050 573 4107 inde
621 4050 991 4122 productionis
1038 4048 1222 4119 regula
1264 4048 1348 4103 vel
1391 4047 1746 4119 correptionis
1791 4047 2023 4104 manife-

432 4141 584 4204 stius
609 4139 897 4203 cinnami
922 4139 1087 4211 igitur
1113 4138 1455 4211 terminantia
1473 4136 2018 4208 vellprimitivasunt,

452 4245 515 4295 ut
536 4233 635 4299 ita,
660 4233 804 4302 quod
827 4231 1000 4295 solum
1018 4249 1051 4286 α
1078 4238 1381 4301 correptam
1404 4229 1587 4295 habet,
1618 4229 1875 4299 quamvis.
1892 4228 2016 4301 qui-

446 4323 577 4393 dam
601 4333 726 4396 puta
752 4338 965 4394 quoque
984 4322 1297 4379 adverbium
1319 4335 1440 4379 esse
1468 4319 1757 4392 accipiant,
1791 4320 2018 4393 ideoque

449 4412 697 4481 Persium
724 4414 779 4469 id
805 4414 1149 4483 corripuisse,
1174 4420 1235 4468 ut
1260 4431 1273 4468 :

562 4525 676 4578 ιιιω
695 4534 808 4590 puta
829 4539 924 4577 non
944 4526 1134 4589 justum
1154 4533 1252 4588 est,
1276 4524 1392 4576 illud
1413 4524 1557 4586 male,
1586 4486 1931 4576 rectiusillnd.

1252 394 1646 471 annarrw‘
1669 410 1758 468 nn
1791 410 1975 468 sum
2010 398 2477 468 autumnus
2500 406 2877 468 muscum:
2930 410 2933 417 ·

2038 532 2094 592 Α
2118 542 2183 583 ne
2217 500 2552 595 adverbium,
2577 541 2700 583 cum
2718 534 3109 599 praeponuntur
3131 527 3362 597 quando,
3392 534 3450 582 ut
3472 543 3695 610 siquane

2018 672 2023 675 .
2119 620 2219 687 do,
2242 617 2536 691 nequando.
2578 618 2713 674 Nam
2735 616 3044 689 aliquando,
3073 616 3387 699 diderentia:
3416 634 3587 685 causa
3616 623 3687 679 ab

3542 378 3548 384 ’
3575 409 3679 465 658

2119 710 2409 781 aliquanto.
2432 708 2930 783 quodlconsimilem
2956 704 3147 764 sonum
3187 707 3385 764 habere
3411 710 3686 779 videntur,

2118 801 2266 859 acuit
2303 801 2796 872 antepenultimam.
2821 797 2919 854 Vel
2945 798 3242 854 derivativa
3272 807 3398 855 sunt
3420 815 3453 854 a
3482 784 3684 869 verbis,
3710 842 3723 855 .

2116 904 2178 957 ut
2200 910 2448 967 peragro,
2462 908 2708 966 peregre;
2723 892 2908 964 punio,
2934 893 3176 962 impune;
3191 890 3424 959 abundo,
3447 892 3652 957 abunde
3667 911 3688 961 ;

2115 988 2244 1054 rito,
2267 986 2410 1041 unde
2429 985 2604 1051 irrito,
2631 986 2746 1038 rite.
2774 982 3001 1038 Nomina
3028 996 3240 1054 quoque
3278 997 3377 1053 pro
3419 982 3688 1040 adverbiis

2115 1075 2172 1132 in
2201 1092 2230 1131 e
2248 1082 2554 1145 correptam
2575 1074 2874 1129 desinentia
2897 1072 3223 1136 invenimus,
3250 1079 3310 1127 ut
3334 1071 3512 1142 facile,
3533 1072 3684 1143 forte,

2115 1166 2364 1232 sublime,
2407 1165 2653 1237 quamvis
2691 1162 2847 1234 facile
2889 1169 2947 1218 et
2978 1160 3196 1237 sublime
3235 1161 3525 1239 accusativi
3555 1162 3705 1227 sint,~

2116 1256 2250 1328 forte
2272 1265 2452 1311 autem
2475 1255 2744 1312 ablativus
2770 1274 2783 1309 :
2813 1254 2893 1310 sic
2922 1254 3087 1309 etiam
3112 1262 3291 1325 sponte
3312 1270 3410 1307 sua
3449 1260 3504 1309 et
3536 1268 3691 1308 mane

2116 1350 2283 1420 prima
2307 1347 2522 1402 nomina
2542 1361 2662 1402 esse
2680 1345 3039 1401 ostenduntur
3055 1344 3445 1417 conjunctione
3459 1343 3687 1400 aliorum

2116 1439 2435 1505 casualium,
2448 1445 2507 1492 ut
2520 1439 2661 1492 domi
2680 1454 2824 1504 suae;
2843 1446 2959 1509 pote
2967 1438 3112 1493 enim
3137 1436 3206 1491 ab
3217 1452 3282 1493 eo
3302 1438 3443 1509 quod
3456 1437 3689 1507 estpotis

2117 1528 2379 1594 nascitur,
2395 1535 2456 1582 ut
2473 1527 2556 1629 h.ic
2569 1536 2626 1582 et
2640 1526 2750 1582 lucc
2776 1528 2911 1598 potis
2935 1537 2989 1581 et
3006 1527 3104 1580 hoc
3120 1534 3258 1596 pote.
3272 1524 3426 1581 Unde
3436 1523 3684 1581 Persius:

2172 1648 2175 1649 '
2276 1640 2367 1700 Qui
2393 1619 2600 1705 pote-vis
2613 1619 2771 1690 dicam
2790 1640 2990 1703 nugaris
3005 1651 3114 1689 cum
3137 1638 3243 1697 tibi,
3267 1637 3405 1689 calve
3426 1652 3441 1699 ;

2120 1747 2174 1803 id
2198 1754 2301 1812 est,
2332 1745 2601 1816 quemodo
2625 1743 2916 1816 possibile?
2937 1742 3020 1797 Ab
3045 1756 3110 1798 eo
3130 1737 3474 1812 autemquod
3499 1748 3583 1796 est
3606 1740 3690 1794 hic

2118 1848 2175 1895 et
2205 1840 2316 1913 haec
2345 1839 2480 1909 potis
2518 1845 2575 1894 et
2620 1840 2719 1891 hoc
2744 1848 2893 1908 pote,
2941 1834 3003 1890 iit
3040 1828 3497 1904 comparativum,
3525 1829 3608 1883 hic
3637 1834 3692 1882 ct

2118 1930 2235 1987 hare
2254 1932 2447 2003 potior,
2479 1937 2534 1985 et
2565 1929 2663 1984 hoc
2685 1930 2881 2000 potius,
2909 1920 2963 1983 et
2984 1916 3371 1998 superlativus,
3400 1931 3458 1977 ut
3484 1920 3692 1991 potissi—
3710 1938 3715 2003 ς

2118 2039 2269 2088 mus;
2297 2037 2362 2078 ex
2388 2022 2585 2093 quibus
2606 2021 2767 2076 etiam
2793 2018 3044 2075 adverbia
3066 2059 3081 2084 ,
3122 2010 3294 2089 patius
3334 2022 3392 2069 et
3428 2010 3713 2094 potissime'

2120 2123 2276 2180 sunt,
2303 2121 2358 2169 et
2385 2128 2417 2168 a
2450 2112 2577 2184 pote
2612 2120 2785 2183 utpote
2820 2100 3176 2181 compositum
3219 2098 3551 2163 adverbium.
3580 2104 3641 2159 In
3665 2119 3695 2159 e
3786 2144 3798 2157 .

2118 2207 2434 2279 productam
2466 2205 2739 2277 primitiva
2780 2220 2889 2261 non
2932 2202 3151 2269 inveni,
3188 2202 3285 2257 sed
3336 2199 3630 2279 derivativa
3660 2200 3719 2252 a'

2116 2278 2426 2354 nominibus
2447 2295 2697 2351 secunda:
2717 2286 3091 2351 declinationis
3107 2333 3123 2360 ,
3144 2284 3370 2363 quorum
3400 2278 3610 2346 dativus
3634 2288 3691 2342 in

2119 2407 2149 2445 ο
2175 2388 2448 2456 desinens,
2472 2389 2526 2444 in
2546 2405 2575 2444 e
2597 2386 2810 2459 longam
2835 2372 3083 2452 vertitur,
3112 2393 3168 2440 et
3193 2383 3323 2439 facit
3343 2380 3691 2445 adverbium,

2118 2490 2181 2537 ut
2205 2481 2331 2537 huic
2352 2480 2521 2545 claro,
2548 2478 2721 2545 clare;
2750 2478 2922 2549 pigro,
2952 2477 3135 2547 pigre;
3161 2461 3423 2547 pulchro,
3444 2471 3691 2551 pulchre;
3720 2492 3721 2495 η

2119 2589 2151 2629 a
2170 2573 2369 2640 valido,
2387 2571 2534 2629 ualde
2556 2587 2656 2643 per
2678 2584 2989 2643 syncopam,
3011 2584 3040 2624 a
3056 2568 3209 2624 fabro
3224 2608 3240 2634 ,
3268 2565 3499 2636 aﬂ'abre;
3528 2578 3659 2620 sano
3673 2602 3693 2630 ,
3718 2558 3721 2561 ’

2118 2681 2278 2731 sane;
2306 2664 2440 2731 fero,
2465 2664 2592 2735 fere.
2618 2662 2978 2734 Excipiuntur
3003 2661 3128 2716 bene
3148 2666 3210 2737 et
3229 2658 3383 2723 male,
3415 2658 3611 2733 abono
3634 2662 3693 2712 et

2119 2756 2284 2823 malo,
2313 2757 2368 2812 in
2396 2772 2425 2811 e
2449 2756 2669 2812 brevem
2694 2754 3014 2817 desinentia,
3041 2738 3160 2822 qua:
3190 2750 3525 2821 inaequaliter
3542 2762 3697 2804 com—
3722 2749 3727 2753 ’

2118 2857 2398 2920 parantur,
2420 2856 2481 2904 ιιι
2502 2848 2648 2916 bene,
2674 2846 2861 2902 melius
2879 2885 2895 2912 ,
2925 2845 3112 2916 optime
3125 2861 3146 2909 ;
3175 2852 3231 2899 et
3255 2858 3375 2915 quae
3401 2843 3456 2898 in
3479 2853 3695 2910 compa-
3720 2850 3725 2855 ‘

2119 2942 2329 2997 ratione
2357 2941 2642 3007 deﬁciunt,
2666 2948 2730 2996 ut
2752 2941 2868 3012 pie,
2895 2938 3166 3010 piissime;
3204 2934 3424 2992 ulterius
3442 2976 3457 3003 ,
3486 2934 3693 3000 ultime,

2121 3033 2419 3089 novissime.
2451 3032 2614 3088 Multa
2653 3041 2835 3088 autem
2873 3047 2942 3088 ex
2984 3046 3145 3102 supra
3187 3029 3361 3100 dictis‘
3391 3027 3728 3085 nominibus

2119 3125 2238 3196 ipsa
2258 3125 2638 3181 terminatione
2663 3124 2829 3181 dativi
2849 3122 3237 3195 proadverbiis
3254 3116 3616 3193 accipiuntur,
3637 3126 3700 3174 ut

2110 3215 2258 3288 falso
2275 3257 2292 3284 ,
2321 3215 2559 3271 consulto
2578 3257 2594 3283 ,
2629 3225 2923 3286 postremo,
2952 3214 3167 3280 sedulo,
3192 3215 3491 3284 auspicato,
3519 3227 3696 3282 augu-

2123 3319 2238 3365 rato
2257 3349 2273 3377 ,
2301 3310 2580 3380 manifesto
2603 3349 2618 3375 ,
2642 3309 2847 3380 privato
2864 3349 2880 3375 ,
2911 3309 3148 3378 precario
3167 3348 3182 3375 ,
3209 3307 3418 3371 merito,
3460 3302 3517 3362 et
3538 3319 3696 3376 saepe

2118 3402 2418 3472 corripiunt
2448 3419 2479 3457 ο
2505 3400 2875 3467 terminalem,
2914 3400 3129 3471 quando
3169 3399 3224 3454 iu
3260 3397 3500 3453 adverbii
3527 3393 3698 3468 signi-

2102 3493 2426 3571 ﬁcationem
2460 3500 2771 3559 transeunt,
2809 3492 3036 3558 utcito,
3072 3487 3437 3559 sero,'modo.
3460 3482 3698 3545 Juvena-

2119 3583 2187 3642 lis
2210 3584 2266 3640 in
2294 3600 2356 3640 ιιι
2386 3601 2400 3639 :
2752 3632 2757 3642 .
3343 3606 3348 3611 ·

2185 3693 2189 3701 ’
2270 3692 2336 3759 Et
2365 3696 2460 3759 cito
2483 3700 2715 3759 rapturus
2730 3696 2795 3746 de
2813 3692 3063 3745 nobilitate
3088 3705 3195 3744 com

2236 3822 2239 3823 ν
2271 3757 2411 3818 Quod
2431 3757 2680 3821 superest.
2706 3790 2709 3791 ν

2119 3841 2271 3917 Virg.
2294 3841 2350 3896 in
2377 3855 2430 3895 IV
2459 3839 2719 3898 IEneidos
2744 3855 2763 3894 :

2243 3929 2319 3980 Tu
2345 3929 2486 3979 modo
2511 3941 2655 3992 posce
2676 3929 2799 3979 deos
2828 3928 3020 3980 veniam
3039 3930 3286 3992 sacrisque
3308 3927 3469 3980 litatis.

2054 4030 2057 4031 '
2122 4010 2329 4068 Statius
2363 4013 2418 4067 in
2448 4012 2753 4068 Thebaidos
2776 4027 2795 4066 ι
2829 4030 2843 4066 :

2243 4107 2371 4156 Sero
2394 4118 2580 4155 memor
2616 4104 2810 4155 thalami
2832 4107 3009 4156 mdeste
3028 4066 3200 4155 solatia
3219 4103 3391 4155 mortis

2242 4167 2446 4218 Pbmbe‘
2459 4178 2613 4229 paras.

2098 4267 2434 4324 ‘Necessario
2460 4269 2680 4337 dicitur,
2708 4278 2764 4326 et
2792 4288 2995 4327 necesse
3014 4274 3137 4344 eget
3155 4261 3321 4329 verbo
3336 4270 3696 4328 substantivo.
3732 4340 3737 4345 δ

2119 4359 2166 4413 Α
2187 4358 2389 4431 quintae
2408 4376 2624 4434 quoque
2649 4360 3022 4420 declinationis
3046 4364 3355 4439 nominibus
3378 4348 3700 4435 composita,

2119 4469 2148 4507 e
2173 4453 2499 4522 producunt,
2528 4454 2715 4525 pridie,
2739 4454 2914 4522 hodie,
2937 4456 3221 4527 postridie;
3251 4456 3466 4511 meridie
3485 4468 3703 4526 quoque

2122 4562 2223 4618 pro
2251 4549 2506 4604 adverbio
2530 4550 2814 4619 accipitur,
2843 4565 2967 4606 cum
3009 4550 3081 4605 sit
3108 4564 3328 4605 nomen.
3352 4549 3412 4604 ln
3439 4550 3459 4604 i
3488 4564 3702 4620 quoque
3774 4594 3779 4598 .

449 4627 545 4685 V01
571 4630 867 4700 composita
886 4662 911 4696 ,η
931 4636 1003 4683 ιη’
1018 4638 1271 4698 timur“
1285 4667 1302 4694 ι
1346 4629 1545 4683 ίηιετεα
1566 4668 1581 4695 ι
1604 4637 1782 4699 Poma
1798 4648 1816 4696 φ
1838 4622 2023 4697 amur
2044 4600 2100 4661 υ
2121 4600 2442 4710 productam
2454 4600 2755 4696 desinentia
2772 4600 3120 4695 inveniuntur
3132 4640 3406 4707 adverbia,
3421 4600 3701 4708 sedpadca

428 4725 568 4793 'qua:
602 4723 793 4778 omnia
833 4724 1137 4793 producunt
1176 4738 1219 4775 κα
1261 4722 1631 4789 terminalem,
1667 4722 1752 4778 vel
1774 4722 2035 4779 'ablativi'

447 4822 574 4869 sont
592 4815 868 4870 nominum
888 4816 980 4884 qui
1000 4830 1101 4886 pro
1119 4812 1392 4870 adverbiis
1414 4813 1870 4884 accipiunturmt,
1892 4830 2018 4880 una,

447 4916 570 4974 qua;
595 4918 782 4975 nequa,
804 4902 986 4967 Roma,
1015 4917 1137 4973 qua;
1160 4920 1194 4958 a
1220 4903 1431 4975 longam
1459 4917 1619 4958 nemo
1647 4903 1849 4959 habere
1866 4901 2024 4959 dubi-

448 5002 544 5050 tat.
571 4994 687 5048 ln'e'
704 5001 1029 5065 correptam,
1043 4994 1130 5050 vei
1144 4995 1419 5065 primitiva
1441 5002 1588 5061 sunt,
1617 5001 1681 5049 ut
1701 5009 1857 5065 pone,
1872 5010 2020 5065 pene,

440 5094 623 5157 prope;
652 5088 850 5157 nempe,
870 5086 1077 5157 quippe,
1104 5101 1259 5156 sirpe,
1281 5085 1422 5153 inde;
1449 5097 1506 5141 et
1528 5100 1597 5141 ex
1615 5101 1683 5142 eo
1702 5086 2018 5157 composita,

449 5174 917 5242 deindeﬂubinde',
941 5175 1148 5242 exinde,
1175 5177 1414 5246 proinde,
1446 5191 1566 5248 quae
1592 5178 1773 5233 omnia
1799 5186 2022 5247 antepe-

446 5265 965 5324 nultimamthabcnt
993 5278 1227 5334 acutam,
1252 5269 1365 5324 sive
1384 5269 1513 5340 quia
1537 5284 1635 5341 per
1669 5269 2021 5340 adiectionem

426 5353 777 5422 nhabent-ds,
804 5364 869 5411 Is
891 5354 1217 5427 quibusdam
1247 5357 1485 5424 videtur,
1527 5359 1671 5415 unde
1712 5358 2024 5431 frequenter

428 5443 899 5503 -hvonimuseain
919 5450 1130 5505 etdein.
1164 5449 1310 5521 Virg.
1340 5449 1394 5504 in
1424 5460 1542 5507 vlt:
1656 5460 1661 5461 ί
1922 5478 1923 5483 π
1974 5470 1981 5475 λ

450 5546 477 5573 ιι
506 5551 539 5565 ιι
590 5538 737 5592 aut}
750 5543 1017 5606 ςωεουοιι
1039 5541 1669 5610 sltectoinlects'vensnls;

449 5653 546 5698 seu
585 5644 760 5714 magis
803 5645 927 5715 quia
965 5646 1368 5717 praepositiones
1402 5657 1666 5720 separata:
1694 5657 2014 5721 gravantur;

451 5738 515 5787 ut
529 5743 712 5791 atem
736 5732 1035 5803 conjuncta:
1058 5746 1181 5793 esse
1199 5737 1570 5813 ostendantur,
1605 5746 1821 5793 acutum
1851 5739 1907 5793 in
1933 5739 2020 5795 his

455 5835 862 5895 assumpserunt
900 5835 1179 5884 accentum
1206 5846 1220 5882 :
1249 5830 1517 5898 quomodo
1551 5831 1863 5901 coniunctio
1890 5832 1937 5887 si
1962 5838 2020 5887 et

2120 4730 2393 4800 primitiva
2411 4771 2428 4797 ,
2460 4738 2522 4786 ut
2548 4732 2683 4785 heri.
2713 4730 2831 4785 Alia
2866 4746 2997 4786 vero
3025 4731 3242 4786 nomina
3287 4738 3413 4786 sunt
3454 4729 3573 4784 loco
3599 4730 3698 4785 ad-

2121 4820 2293 4875 verbii
2320 4821 2494 4890 posita
2518 4834 2617 4891 per
2640 4820 2936 4892 genitivum
2960 4820 3217 4891 pleraque
3234 4827 3336 4886 ,ιιι
3357 4809 3533 4884 domi,
3559 4817 3701 4873 Tau-

2124 4912 2355 4977 rominii,
2386 4912 2683 4982 Lampsaci,
2718 4911 2862 4983 Tyri,
2886 4911 3101 4983 Ephesi,
3129 4911 3282 4977 belli;
3310 4925 3410 4981 per
3436 4911 3695 4982 dativum,

2124 5011 2185 5059 ut
2211 5006 2429 5076 vesperi,
2448 5007 2613 5072 sorti;
2643 5020 2743 5061 nec
2764 5020 2874 5060 non
2900 5004 3063 5059 etiam
3083 5018 3183 5074 per
3199 4988 3516 5068 ablativum,
3534 5013 3593 5060 ut
3608 5005 3701 5077 qui

2122 5113 2221 5170 pro
2239 5098 2497 5170 quomodo
2526 5098 2612 5154 vel
2638 5099 2778 5154 inde.
2802 5097 2860 5153 In
2889 5099 2909 5153 i
2949 5104 3253 5168 correptam
3279 5096 3386 5153 duo
3411 5096 3699 5152 inveniun-

2125 5198 2233 5257 tur,
2264 5191 2352 5245 ubi
2379 5198 2436 5248 et
2462 5191 2556 5257 ibi,
2579 5198 2634 5246 et
2654 5205 2722 5246 ex
2742 5184 2827 5247 eis
2847 5189 3169 5260 composita,
3194 5194 3256 5243 ut
3278 5186 3446 5242 sicubi
3465 5186 3621 5242 inibi.
3639 5186 3701 5243 In

2124 5298 2155 5336 ο
2188 5281 2460 5353 primitiva
2493 5280 2730 5352 quidem,
2760 5288 2821 5334 ut
2846 5278 3079 5350 quando,
3112 5276 3427 5349 temporale,
3461 5284 3518 5333 et
3539 5291 3608 5333 ex
3632 5290 3701 5333 eo
3740 5326 3743 5327 ν

2123 5373 2442 5444 composita,
2467 5371 2747 5443 siquando,
2778 5370 3054 5441 nequando
3072 5411 3087 5438 ,
3116 5369 3418 5443 aliquando,
3450 5385 3571 5440 qua:
3602 5385 3700 5425 an-
3744 5403 3748 5409 -

2124 5449 2526 5533 tepenultimam
2554 5463 2758 5517 habent
2786 5468 3020 5528 acutam,
3047 5476 3117 5517 ne
3142 5460 3263 5517 duae
3284 5469 3488 5532 partes,
3520 5468 3580 5516 ut
3605 5475 3697 5518 su-

2122 5567 2222 5623 pra
2249 5553 2452 5608 dictum
2474 5560 2578 5618 est,
2608 5566 2729 5609 esse
2747 5560 3005 5623 putentur
3029 5551 3214 5610 divisa:
3228 5592 3243 5619 ,
3264 5552 3351 5608 vel
3380 5550 3698 5609 differentias

2118 5658 2306 5699 causa.
2328 5643 2636 5699 Derivativa
2663 5658 2793 5701 vero
2812 5660 2843 5699 a
2865 5644 3028 5712 facto,
3054 5645 3279 5716 fatuito;
3308 5644 3377 5700 ab
3394 5644 3563 5710 omni,
3586 5659 3702 5699 om—

2100 5734 2279 5798 ,nino;
2302 5748 2333 5788 a
2359 5732 2632 5802 fortuitus,
2663 5735 2915 5805 fortuito;
2961 5751 2995 5790 a
3033 5736 3135 5803 cis,
3164 5737 3295 5790 citro
3329 5742 3386 5791 et
3411 5736 3582 5799 citra;
3624 5733 3694 5789 ab

2124 5826 2202 5893 in,
2227 5826 2366 5882 intro
2388 5834 2447 5884 et
2467 5827 2633 5898 intra,
2666 5829 2839 5901 infra;
2852 5829 2994 5888 Sunt
3016 5830 3185 5888 etiam
3213 5828 3534 5900 contposita,
3562 5841 3701 5898 pra.
