4100 6324
385 443 490 502 659

984 441 1046 495 B.
1089 437 1344 496 RABANI
1381 440 1600 497 MAURI
1633 437 1957 497 ARCHIEP.
2001 429 2308 496 MOGUNT.
2348 437 2633 498 OPERUM
2668 439 2850 496 PARS
2887 439 2978 496 Ill.

3531 444 3637 500 660

386 565 488 625 sto,
509 556 754 630 perfecto.
783 553 901 609 Allia
932 568 1062 610 vero
1099 555 1313 610 nomina
1353 561 1477 610 sunt
1520 556 1602 611 vel
1640 557 1956 626 pronomina
1985 546 2038 616 Α
2064 555 2225 610 tionis
2253 555 2476 609 veniunt
2505 555 2559 610 in
2588 564 2666 608 ter
2685 555 2937 610 exeuntia
2956 595 2971 620 ,
2999 553 3090 610 sed
3122 554 3170 609 si
3202 555 3255 609 in
3296 571 3386 610 ens
3431 557 3644 617 desinat

389 645 763 704 adverbialiter
797 645 1035 716 prolata,
1080 653 1140 700 ut
1183 660 1346 716 supra
1385 645 1750 713 ostendimus,
1789 645 1956 716 falso,

387 738 593 803 merito,
619 736 793 800 solito,
823 735 1027 802 sedulo,
1045 735 1169 802 cito,
1199 751 1335 802 sero,
1362 751 1516 802 vero,
1541 745 1690 804 atro,
1719 747 1956 809 utroque,

389 827 594 901 aliquo,
618 843 678 882 eo
696 869 710 894 ,
733 826 844 882 illo.
885 825 992 882 Sed
1019 827 1233 897 quando
1255 842 1357 896 pro
1391 829 1662 883 adverbiis
1687 829 1958 898 accipiun-

389 927 512 986 tur,
558 921 902 976 inveniuntur
942 919 1210 974 interdum
1261 920 1612 992 corripienda
1644 938 1705 987 ο,
1742 922 1868 990 quia
1903 921 1957 976 in

389 1011 556 1069 verbo
574 1017 630 1069 et
651 1013 703 1068 in
724 1011 980 1069 adverbio
1002 1029 1032 1068 ο
1055 1011 1362 1069 indifferens
1382 1013 1631 1070 habetdr.
1655 1013 1711 1069 In
1734 1031 1768 1068 u
1789 1029 1957 1085 pauca

389 1105 736 1162 inveniuntur
756 1103 1178 1170 denominativd,
1210 1111 1270 1158 ut
1297 1103 1410 1170 diu,
1435 1111 1488 1159 et
1513 1112 1580 1160 ex
1603 1115 1667 1160 eo
1693 1096 1960 1176 composi—

389 1206 504 1254 tum
530 1197 780 1264 interdiu,
811 1205 865 1253 et
900 1209 931 1250 a
962 1203 1137 1260 nocte,
1168 1195 1344 1262 doctu,
1369 1211 1492 1252 nam
1512 1205 1630 1252 astu
1655 1209 1847 1252 nonten
1877 1205 1961 1252 est

389 1287 762 1344 indeclinabile
786 1283 1055 1360 quomodo
1091 1301 1273 1342 cornu.
1311 1284 1369 1342 lu
1395 1303 1440 1342 re
1465 1289 1832 1358 diphthongon
1865 1299 1962 1342 no-

388 1378 530 1433 mina
575 1386 706 1432 sunt
749 1377 973 1448 genitivl
1019 1382 1180 1433 casus
1221 1377 1341 1433 loco
1379 1377 1620 1433 adverbii
1669 1379 1871 1447 posita,
1903 1385 1997 1432 ut‘

388 1469 590 1536 Romae,
613 1485 768 1536 caste,
792 1467 1008 1541 Capuae.
1035 1465 1094 1524 In
1119 1487 1146 1523 ο
1173 1469 1446 1540 primitiva
1470 1469 1846 1538 inveniuntur,
1861 1471 1956 1535 sic,

385 1561 571 1628 donec,
593 1561 737 1632 quod
761 1562 927 1616 etiam
956 1561 1204 1615 donicion
1231 1561 1439 1630 antiqui
1475 1557 1754 1634 dicarant;
1786 1570 1840 1617 et
1868 1561 1961 1618 de-

385 1652 610 1706 rivativa
637 1651 1050 1721 pronominum,
1076 1650 1184 1704 illic
1203 1691 1218 1714 ,
1248 1651 1368 1705 istic
1388 1684 1404 1717 ,
1431 1650 1534 1704 huc
1551 1692 1566 1716 ,
1598 1650 1723 1706 illuc
1741 1692 1756 1716 ,
1787 1652 1921 1707 istuc
1941 1693 1956 1720 ,

385 1745 528 1810 hinc,
551 1743 718 1811 illinc,
745 1746 919 1810 istinc,
949 1746 1068 1810 liae,
1092 1745 1224 1799 istac
1239 1783 1260 1810 ,
1283 1744 1407 1799 illac
1426 1783 1442 1811 ,
1469 1753 1525 1800 et
1555 1746 1738 1801 omnia
1757 1745 1842 1802 vel
1864 1761 1958 1800 na-

385 1840 508 1887 tura
544 1832 627 1886 vel
663 1827 946 1902 positione
971 1835 1273 1903 producunt
1315 1843 1614 1892 extremam
1665 1836 1958 1912 syllabam,

2061 646 2452 712 nominativus,
2479 648 2524 700 is
2553 646 2774 718 genitivi
2809 646 2864 700 in
2889 664 2917 700 r
2949 653 3290 712 convertunt,
3319 657 3382 702 ut
3408 652 3638 722 sapiens,

2062 739 2312 808 sapientis
2336 777 2350 802 ,
2399 739 2681 808 sapienter;
2723 737 2984 812 prudens,
3017 738 3304 807 prudentis.
3335 743 3640 810 prudens";

2060 827 2178 882 Alia
2201 844 2330 884 vero
2355 837 2640 884 assumunt
2671 829 2852 884 dativo
2882 839 2982 894 ter,
3018 830 3318 900 penultima
3351 844 3601 906 correpta
3619 878 3636 904 ,

2061 928 2122 974 ut
2151 920 2322 990 fortis,
2349 920 2496 989 forti,
2524 920 2760 988 fortiter;
2784 920 3124 986 utilis,-utili,
3152 921 3389 989 utiliter;
3424 925 3638 991 audax,

2063 1009 2275 1076 audaci,
2297 1008 2586 1072 audaciter,
2609 1009 2694 1064 vel
2720 1025 2818 1078 per
2838 1025 3154 1081 synoepam,
3181 1011 3450 1068 audacter.
3477 1016 3638 1073 Exci-

2062 1099 2208 1170 pitur
2235 1099 2438 1169 facilis,
2469 1101 2609 1168 quod
2637 1116 2734 1171 pro
2760 1101 3006 1170 faciliter,
3035 1102 3222 1172 facile,
3251 1104 3492 1160 adverbii
3519 1107 3644 1163 loco

2062 1192 2254 1246 habuit
2277 1192 2340 1246 in
2363 1207 2502 1258 usu,
2539 1209 2568 1246 e
2592 1194 2764 1248 brevi.
2787 1193 3024 1264 Diﬁicilis
3048 1204 3235 1251 autem
3267 1197 3538 1268 ὤμνυεν
3561 1201 3642 1256 ta-

2062 1281 2155 1336 cit.
2197 1281 2501 1352 Aliquando
2529 1291 2710 1338 autem
2753 1286 2970 1341 nomina
3020 1294 3212 1342 neutra
3246 1301 3346 1356 pro
3367 1290 3642 1346 adverbiis

2061 1379 2270 1426 veteres
2303 1371 2635 1442 usurpabant
2654 1383 2718 1428 ut
2740 1374 2960 1430 sublime
2983 1376 3187 1443 uolans,
3210 1389 3318 1447 pro
3328 1379 3635 1446 sublintiter,

2061 1469 2114 1515 et
2144 1461 2290 1527 utile,
2323 1461 2492 1516 acuile
2510 1503 2524 1528 ,
2549 1477 2650 1532 pro
2677 1463 2893 1529 utiliter,
2925 1464 3184 1520 acuiliter.
3211 1465 3515 1522 Notandum
3544 1485 3641 1523 au-

2060 1560 2173 1607 tem
2201 1551 2344 1622 quod
2390 1553 2442 1607 in
2478 1553 2580 1608 liae
2623 1555 3002 1612 terminatione
3042 1573 3106 1612 ea
3159 1559 3412 1614 adverbia
3452 1576 3571 1630 quae
3607 1578 3637 1616 a

2060 1643 2292 1698 secunda
2323 1643 2678 1700 declinatione
2705 1646 2946 1710 veniunt,
2970 1655 3124 1702 extra
3153 1647 3294 1705 banc
3319 1650 3558 1721 regulam
3583 1651 3638 1706 in

2060 1735 2417 1804 eproductam
2442 1735 2579 1790 sicut
2598 1743 2652 1790 et
2677 1735 2732 1789 in
2755 1751 2780 1788 r
2795 1741 3097 1807 correptam
3121 1739 3392 1806 desinunt,
3410 1749 3469 1795 ut
3489 1755 3520 1795 a
3539 1739 3643 1795 du-

2060 1839 2146 1889 ro,
2173 1825 2326 1887 dure,
2350 1824 2582 1890 duriter;
2610 1841 2640 1880 a
2675 1825 2844 1896 largo,
2867 1826 3046 1899 large,
3073 1827 3322 1900 largiter;
3352 1832 3421 1886 ab
3441 1831 3636 1888 huma-

384 1929 610 1990 excepto
627 1921 808 1987 donec,
833 1929 890 1976 et
915 1921 968 1976 in
995 1920 1101 1977 line
1123 1922 1634 2018 circumﬂeetuntgr,
1657 1925 1702 1980 si
1722 1924 1962 1980 vocalem
1993 1915 2040 1977 Β
2066 1931 2154 1979 πο,
2182 1918 2408 1971 humana
2435 1923 2488 1970 ει
2514 1917 2844 1982 humana":
2878 1918 2946 1972 ab
2987 1918 3313 1988 inhumano.
3359 1921 3643 1978 inhumane

384 2009 602 2082 longam
627 2019 824 2067 natura
866 2011 1184 2078 habuerint;
1227 2015 1524 2084 composita
1543 2004 1769 2087 quoque
1807 2017 1960 2071 inve-
2061 2017 2116 2066 et
2143 2008 2582 2074 inhumaniter;a
2615 2004 2794 2072 tit-mo,
2821 2005 3000 2076 firme,
3044 2007 3283 2078 ﬁrmiter.
3331 2007 3422 2066 Sic
3447 2017 3502 2066 et
3535 2011 3640 2066 alia

385 2101 632 2168 ιιῐυιηιιιι,
674 2111 734 2156 ιη
777 2102 986 2169 adhuc,
1030 2103 1238 2170 abhinc,
1280 2105 1486 2160 deum.
1525 2106 1582 2162 ιη
1610 2107 1630 2160 ι
1654 2117 1957 2178 correptam
2062 2097 2426 2162 inveniuntur,
2453 2103 2510 2151 ut
2544 2097 2766 2161 insane,
2795 2097 3086 2164 insaniter;
3111 2113 3329 2166 severe,
3361 2098 3639 2166 severiter;

381 2207 556 2267 pauca
578 2196 937 2261 inveniuntur,
966 2207 1025 2252 ut
1054 2199 1229 2263 semel,
1259 2200 1346 2270 pol
1362 2241 1376 2262 ,
1401 2199 1599 2270 tedepel
1614 2241 1630 2264 ,
1655 2209 1712 2256 et
1731 2201 1805 2256 rel
1831 2217 1959 2256 eon-

380 2281 612 2356 junctio,
633 2288 850 2357 quando
867 2303 966 2357 pro
993 2287 1140 2344 valde
1167 2289 1448 2358 accipitur.
1471 2290 1608 2345 Nam
1635 2291 1817 2346 omnia
1835 2305 1959 2360 quas

383 2372 442 2430 in
461 2390 516 2428 nt
538 2374 822 2442 desinunt,
845 2377 1100 2431 adverbia
1124 2377 1308 2432 brevia
1336 2387 1496 2443 sunt,
1523 2378 1762 2450 qualibet
1785 2378 1958 2434 vocali

382 2466 754 2532 antecedente,
785 2469 1019 2532 utinam;
1045 2459 1338 2538 primitivis,
1368 2469 1532 2532 clam,
1562 2487 1774 2536 coram;
1810 2472 1956 2528 deri-

381 2563 506 2610 vata
531 2555 612 2611 vel
631 2559 954 2628 composita,
988 2562 1328 2630 nequicquam
1353 2601 1368 2628 ,
1400 2577 1746 2634 nequaquam,
1772 2565 1958 2634 penul-

383 2644 516 2700 tima
543 2647 836 2716 producta;
855 2660 1140 2718 praeterea,
1155 2667 1335 2722 quam,
1358 2653 1578 2722 quando
1597 2663 1684 2710 est
1705 2654 1959 2709 similitu-

381 2735 526 2792 dinis
550 2737 638 2792 vel
674 2740 1092 2808 comparationis
1134 2741 1251 2798 sive
1290 2742 1602 2811 eloctionis,
1645 2745 1956 2802 adverbium

382 2826 666 2897 accipitur.
696 2828 846 2900 Virg.
875 2830 932 2884 in
959 2846 1038 2884 xu
1071 2848 1084 2884 :

509 2938 662 2998 Quam
686 2939 828 2992 facile
849 2943 1082 3004 accipitur
1101 2949 1221 2995 saxo
1240 2955 1384 2997 sacer
1411 2945 1518 2996 ales
1539 2946 1604 2998 ab
1617 2945 1733 2998 alto.

384 3035 673 3094 Sallustius
697 3057 712 3094 :
740 3039 892 3096 Mare
923 3044 1190 3112 ponticam
1213 3043 1422 3100 dulcius
1445 3061 1604 3117 quam
1631 3053 1821 3102 eadem
1847 3061 1960 3102 mea

384 3127 487 3181 ria.
536 3126 800 3198 Bifariam
839 3131 1008 3186 etiam
1049 3139 1106 3188 et
1153 3133 1452 3203 trifariam,
1497 3144 1554 3190 et
1585 3139 1957 3208 orurn'fariam,

383 3217 681 3288 composita
707 3229 834 3276 sunt
857 3236 890 3276 ι
916 3223 1134 3291 ferendo
1168 3233 1224 3280 et
1261 3227 1580 3295 praposltis-
1605 3227 1953 3284 dictionibus.

383 3308 441 3364 ln
471 3326 551 3364 em
577 3312 874 3382 primitiva,
893 3314 1042 3381 item,
1067 3317 1311 3384 tandem;
1339 3319 1638 3389 composita
1657 3359 1672 3386 ,
1701 3327 1761 3374 ut
1786 3321 1922 3375 idem
1939 3361 1954 3389 ,

382 3401 606 3471 ibidem,
633 3405 896 3471 indidem,
925 3407 1227 3463 identidem.
1257 3409 1316 3464 In
1346 3411 1416 3463 im
1445 3407 1844 3468 demminativa
1877 3413 1962 3468 in-

383 3494 672 3550 veniuntur
693 3503 748 3551 et
776 3497 1016 3554 verbalia
1059 3499 1180 3554 sive
1208 3500 1563 3571 participialia
1585 3533 1604 3569 ,
1632 3514 1691 3558 ut
1715 3519 1746 3558 a
1775 3509 1958 3574 parte,

383 3587 614 3658 partim;
647 3603 678 3643 a
701 3589 850 3654 viro,
892 3590 1085 3644 viritim
1101 3608 1121 3657 ;
1153 3606 1184 3645 a
1212 3591 1361 3658 vice,
1395 3593 1620 3648 vicissim
1637 3612 1657 3660 ;
1685 3596 1754 3650 ab
1783 3595 1924 3652 ostio
1944 3631 1960 3662 ,

384 3679 653 3746 ostiatim;
681 3696 712 3734 a
741 3689 909 3748 stata,
939 3683 1151 3748 statim;
1190 3699 1222 3738 a
1248 3692 1426 3756 raptu,
1449 3686 1678 3756 raptim;
1721 3701 1750 3740 a
1781 3687 1919 3744 saltu
1943 3728 1960 3754 ,

383 3769 689 3837 caltuatim;
737 3787 768 3826 a
819 3787 1002 3838 cursu,
1049 3773 1281 3840 cursim;
1325 3790 1353 3829 a
1399 3775 1620 3840 stricto,
1649 3777 1900 3842 strictim;
1930 3793 1961 3834 a

385 3879 574 3930 sensu,
596 3866 823 3931 sensim;
843 3882 872 3920 a
895 3865 1138 3937 singulis,
1154 3867 1495 3938 singillatim;
1516 3883 1548 3922 a
1571 3865 1706 3935 fatu,
1733 3869 1960 3940 affatim,

383 3955 472 4010 vel
502 3957 675 4027 magis
705 3971 736 4011 a
765 3955 953 4012 Graeco
1003 3953 1209 4030 ἄφενος,
1243 3957 1296 4013 id
1340 3967 1425 4014 est
1466 3959 1708 4027 abunde,
1734 3961 1876 4015 unde
1909 3969 1964 4016 et
1984 3979 2020 4008 η

387 4046 678 4114 corripitur
699 4046 789 4116 fa;
809 4063 838 4101 a
862 4048 1090 4117 privato,
1113 4051 1358 4119 priuatim
1373 4067 1393 4115 ;
1416 4064 1445 4104 a
1470 4051 1648 4122 paulo,
1671 4051 1961 4122 paulatim;

385 4133 708 4204 asingulto,
733 4134 1034 4206 singultim;
1082 4151 1114 4192 a
1153 4143 1360 4204 tractu,
1400 4140 1643 4204 tractim;
1685 4156 1714 4194 a
1740 4151 1960 4211 earpto,

387 4217 640 4293 carptim;
671 4241 700 4279 a
732 4227 892 4281 ducto
912 4267 928 4292 ,
958 4227 1176 4294 ductim,
1213 4231 1500 4300 prtesertim
1524 4270 1538 4295 ,
1577 4221 1863 4300 confestim.
1904 4233 1963 4288 ln

386 4331 477 4370 um
506 4315 782 4385 primitiva
806 4332 974 4387 pauca
1006 4325 1152 4383 sunt,
1182 4317 1390 4384 iterum,
1419 4335 1650 4385 sursum,
1676 4337 1883 4375 rursum
1908 4330 1963 4376 et

385 4417 594 4470 rursus,
610 4422 822 4474 prorsus
846 4417 901 4460 et
926 4421 1188 4476 prorsum.
1205 4401 1511 4464 Derivativa
1533 4409 1616 4465 vel
1631 4413 1956 4482 composita,

387 4495 744 4563 dextrorsum,
770 4497 1145 4564 sinistrorsum,
1175 4500 1416 4554 deorsum
1433 4541 1449 4570 ,
1480 4518 1684 4567 orsum,
1711 4505 1960 4558 orientem

2059 2189 2322 2261 benigne,
2365 2185 2696 2260 benegniter;
2737 2203 2927 2261 aspere
2949 2229 2964 2256 ,
3016 2193 3300 2260 asperiter;
3349 2199 3637 2262 proterve,

2058 2283 2398 2352 proteruiter:
2423 2295 2543 2352 qua:
2565 2291 2746 2338 tamen
2772 2297 2899 2338 usus
2927 2281 2999 2338 ita
3024 2284 3202 2339 dicere
3231 2285 3390 2340 modo
3415 2285 3636 2356 respuit.

2058 2370 2324 2427 Praeterea
2356 2385 2384 2425 a
2411 2373 2576 2427 tribus
2623 2378 2676 2427 et
2711 2381 2938 2444 quatuor
2963 2377 3258 2427 nascuntur
3285 2365 3537 2429 adverbia
3564 2381 3643 2428 ter

2060 2467 2116 2516 et
2140 2470 2354 2532 quater;
2399 2469 2522 2517 sunt
2564 2467 2619 2517 et
2662 2461 2991 2531 composita,
3029 2471 3091 2517 ut
3131 2463 3315 2529 obiter,
3352 2462 3638 2534 paulisper,

2060 2553 2338 2622 tantisper,
2383 2569 2684 2624 parumper.
2729 2545 2790 2607 In
2840 2569 2899 2609 as
2941 2555 3260 2624 productam
3307 2556 3639 2626 primitivum

2060 2661 2201 2712 cras,
2233 2655 2288 2702 et
2319 2647 2715 2701 denominativa
2755 2647 2807 2700 in
2848 2647 2952 2701 hac
2991 2647 3382 2703 terminatione
3421 2645 3640 2701 invenio

2059 2745 2300 2793 extrema
2354 2736 2701 2792 circumﬂexu
2726 2778 2741 2805 ,
2789 2745 2849 2792 ut
2893 2737 3050 2792 alias.
3086 2731 3144 2792 in
3186 2753 3239 2791 es
3282 2737 3637 2808 producam:

2058 2832 2238 2897 sodes,
2274 2827 2556 2897 Hercules,
2589 2839 2645 2886 et
2683 2832 2890 2887 numeri
2917 2831 3198 2898 adverbia,
3231 2831 3284 2887 id
3319 2837 3432 2897 est,
3463 2843 3585 2899 qua
3607 2841 3642 2886 a

2059 2925 2304 2980 numeris
2352 2933 2680 2991 nascuntur,
2730 2924 2940 2980 scilicet
2985 2933 3018 2980 tt
3061 2925 3296 2995 quisque
3348 2937 3516 2995 usque
3569 2919 3642 2979 ad

2063 3014 2208 3070 mille
2229 3057 2244 3080 ,
2271 3021 2330 3069 ut
2353 3016 2658 3087 quinquies,
2710 3015 2910 3082 saties,
2956 3009 3144 3081 decies,
3195 3015 3368 3082 uicies,
3421 3017 3634 3082 centies,

2061 3105 2413 3177 quingenties,
2437 3106 2642 3160 millies.
2678 3099 2737 3161 la
2777 3103 2822 3160 is
2852 3111 3193 3176 correptam,
3243 3103 3318 3159 bis
3358 3114 3413 3160 et
3453 3105 3634 3169 nimis,

2063 3193 2210 3268 quod
2236 3197 2400 3252 etiam
2430 3198 2646 3252 nimium
2672 3191 2916 3253 dicimus.
2948 3195 3125 3264 Satis,
3149 3198 3292 3268 quod
3317 3199 3478 3253 etiam
3518 3195 3638 3253 loco

1989 3267 2033 3332 α
2066 3267 2299 3341 nominis
2315 3287 2530 3358 positivi
2557 3287 2838 3357 accipitur,
2861 3293 2916 3344 et
2936 3287 3080 3358 quod
3105 3267 3529 3359 comparativum
3553 3303 3640 3344 re-

2064 3377 2214 3448 cipit,
2247 3383 2307 3432 nt
2329 3379 2494 3432 satius
2519 3391 2616 3448 pro
2637 3377 2842 3433 melius.
2869 3377 3143 3434 iuvenalis
3166 3377 3220 3434 in
3251 3393 3313 3434 ut
3340 3397 3354 3434 :

2249 3510 2352 3561 IIoc
2373 3515 2525 3562 satius
2546 3523 2692 3574 quam
2712 3514 2753 3562 si
2776 3511 2909 3563 dicas
2933 3527 2947 3563 :
2969 3512 3074 3564 Sub
3089 3513 3254 3576 judice
3275 3513 3395 3566 vtdi.

2061 3617 2120 3673 In
2159 3633 2222 3672 us
2249 3633 2412 3674 unum
2439 3618 2657 3690 longum
2678 3660 2693 3685 ,
2723 3619 3084 3690 primitivum,
3113 3621 3250 3691 plus.
3283 3619 3340 3675 ln
3364 3637 3427 3675 us
3450 3633 3634 3676 corrc.

2062 3717 2210 3780 ptam
2237 3709 2532 3780 primitiva,
2564 3718 2626 3766 ut
2651 3712 2877 3782 penitus,
2917 3728 3130 3778 rursus,
3173 3729 3422 3784 prorsus,
3456 3728 3635 3777 secus;

2067 3799 2360 3856 derivativa
2387 3845 2401 3869 ,
2429 3810 2490 3858 ut
2520 3819 2550 3858 a
2573 3803 2712 3859 cmlo
2733 3846 2746 3867 ,
2777 3804 3013 3868 ctrlitus;
3042 3821 3072 3859 a
3103 3805 3281 3877 stirpe'
3303 3805 3574 3875 stirpitus;
3603 3818 3635 3858 a

2062 3889 2230 3946 fundo
2253 3934 2266 3957 ,
2298 3893 2568 3962 funditus;
2611 3909 2643 3948 a
2689 3895 2897 3960 radice,
2931 3895 3215 3961 radicitus;
3253 3897 3320 3951 ab
3359 3895 3636 3964 humano,

2066 3981 2406 4048 humanitus;
2434 3983 2651 4050 divino,
2698 3983 2978 4050 divinitus;
3024 3985 3223 4040 dicitur
3255 3994 3434 4040 tamen
3465 3989 3520 4040 et
3553 3983 3638 4040 di-

2062 4075 2210 4138 vine,
2247 4083 2302 4129 et
2347 4066 2603 4141 humane,
2631 4083 2686 4130 et
2719 4077 3034 4131 humaniter.
3079 4075 3302 4131 Eminus
3342 4082 3556 4148 quoque
3583 4079 3638 4131 et

2063 4135 2296 4218 cominus
2323 4163 2512 4220 Ioealia
2553 4135 2697 4220 sunt.
2736 4165 2994 4221 Adversus
3020 4183 3264 4238 quoque,
3293 4135 3434 4237 quod
3469 4135 3634 4222 etiam

2062 4256 2424 4310 nominativus
2452 4263 2564 4322 est,
2597 4255 2865 4326 quomodo
2908 4255 3116 4322 nullus,
3165 4271 3263 4327 pro
3303 4257 3545 4323 minime,
3584 4263 3640 4313 et

2063 4345 2245 4401 omnia
2275 4347 2638 4415 comparativa
2680 4361 2798 4416 quae
2839 4348 3116 4402 nominum
3147 4348 3633 4418 eomparativorum

2062 4435 2274 4508 generis
2284 4435 2462 4490 neutri
2484 4436 2678 4491 similia
2699 4444 2844 4502 sunt,
2862 4443 2920 4490 ut
2938 4435 3164 4502 doctius,
3187 4433 3400 4500 clarius,
3415 4435 3638 4506 pruden-

2064 4529 2187 4593 tius,
2211 4528 2376 4593 ocius,
2405 4529 2600 4594 satlus,
2625 4527 2858 4597 felicius,
2883 4527 3188 4598 sapientius,
3210 4539 3310 4589 nec
3333 4542 3439 4582 non
3467 4533 3520 4582 et
3545 4525 3634 4581 illa

386 4605 614 4656 uersum,
638 4589 946 4648 occidentem
968 4611 1184 4658 versum,
1214 4594 1453 4652 deorsum
1475 4614 1494 4653 :
1521 4597 1634 4653 haec
1651 4594 1793 4654 enim
1815 4615 1965 4655 com-
1987 4620 2042 4680 D
2065 4589 2187 4688 qua,
2204 4657 2220 4683 ’
2250 4589 2498 4687 φηῇηνίε
2523 4634 2553 4673 a
2583 4589 2888 4674 ᾖδωίηίδιί,
2928 4589 3037 4673 έιοη
3073 4589 3404 4682 derivem”;
3453 4625 3636 4671 "mea

387 4681 564 4755 posita
591 4681 838 4737 videntur
865 4699 1003 4750 esse,
1030 4699 1151 4740 eum
1176 4687 1275 4742 sub
1298 4703 1405 4743 uno
1432 4697 1656 4744 accentu
1678 4687 1961 4761 proferan-

387 4785 510 4844 tur;
537 4777 726 4833 melius
751 4787 930 4834 tamen
952 4779 1179 4836 dicimus
1205 4783 1346 4852 quod
1373 4781 1636 4838 inclinant
1665 4781 1767 4838 sibi
1797 4799 1962 4854 supra

387 4867 564 4938 posita
597 4865 832 4922 nomina.
866 4867 1126 4924 Similiter
1151 4879 1384 4925 actutum
1407 4871 1708 4926 derivatum
1731 4872 1800 4927 ab
1817 4882 1960 4942 actu,

390 4958 446 5014 id
481 4966 564 5014 est
587 4957 884 5014 celeritate.
913 4957 1061 5040 Virg.
1091 4960 1146 5016 in
1171 4977 1232 5016 ru
1260 4979 1273 5016 :

1062 5069 1180 5122 Tam
1202 5078 1382 5122 estora
1408 5072 1586 5125 reddet

513 5130 739 5243 agmini
761 5131 868 5193 plus
890 5128 1088 5196 Encas,
1114 5141 1266 5194 atque
1287 5133 1486 5194 integer
1511 5128 1690 5184 Iliacas

389 5293 618 5349 Nomina
645 5309 858 5366 quoque
882 5297 1060 5352 neutri
1094 5295 1310 5364 generis
1339 5294 1462 5351 loco
1489 5294 1866 5352 adverbiorum
1906 5299 1960 5355 in

387 5383 581 5439 eadem
593 5385 972 5440 terminatione
983 5384 1352 5451 inveniuntur,
1365 5393 1426 5439 ut
1437 5383 1662 5438 multum
1670 5425 1685 5451 ,
1701 5387 1930 5455 primum
1940 5429 1954 5453 ,

391 5476 610 5530 nimium
634 5517 650 5542 ,
679 5493 867 5549 parum
895 5486 996 5547 pro
1019 5487 1256 5546 parvum.
1286 5474 1348 5530 In
1385 5488 1420 5531 is
1458 5477 1566 5532 duo
1608 5477 1960 5536 inveniuntur

389 5566 738 5638 productam,
763 5573 823 5621 ut
849 5582 987 5632 non,
1015 5579 1110 5631 en;
1147 5567 1203 5620 in
1241 5581 1277 5622 ιι
1307 5575 1620 5640 correptam
1643 5577 1839 5626 caetera
1858 5612 1874 5638 ,
1902 5579 1962 5628 ut

393 5659 592 5731 forsan,
615 5660 858 5730 forsitan.
897 5659 959 5713 In
997 5675 1024 5712 r
1047 5657 1346 5716 desinentia
1373 5665 1556 5718 omnia
1597 5663 1963 5735 corripiuntur

391 5749 684 5818 primum,
708 5762 804 5800 cur
829 5755 886 5802 et
903 5763 996 5818 per
1017 5751 1234 5820 quando
1265 5765 1366 5821 pro
1389 5750 1540 5808 ualde
1560 5753 1844 5824 accipitur.
1865 5753 1963 5810 De-

395 5838 620 5894 rivativa
653 5854 683 5892 n
712 5837 1018 5897 nominibus
1052 5841 1138 5899 vel
1169 5842 1474 5920 participiis
1507 5843 1681 5903 tardae
1725 5843 1966 5905 declinata

2065 4707 2267 4764 habent
2292 4707 2656 4778 comparativa
2675 4705 2757 4763 vel
2787 4707 3126 4770 diminutiva,
3149 4715 3210 4760 ut
3227 4721 3388 4772 stupe,
3412 4705 3604 4773 sapius
3619 4738 3636 4768 ,

2064 4799 2379 4870 stepissinte;
2407 4799 2580 4864 ultra,
2605 4797 2853 4862 ulterius,
2881 4798 3083 4863 ultime,
3127 4797 3368 4861 ulterior,
3398 4795 3632 4850 altanus.

2063 4890 2182 4946 Non
2201 4891 2346 4946 enim
2367 4889 2734 4958 hujuscemodi
2763 4889 3014 4944 adverbia
3041 4905 3073 4944 a
3097 4886 3428 4950 nominibus,
3453 4884 3546 4940 sed
3568 4885 3638 4938 ab

2064 4982 2335 5038 adverbiis
2363 4980 2584 5036 nomina
2605 4988 2921 5044 nascuntur,
2952 4996 3136 5049 supra,
3158 4976 3418 5043 superius,
3447 4987 3631 5037 supre-

2063 5088 2168 5138 me,
2187 5071 2444 5142 superior,
2473 5087 2779 5143 supremus;
2813 5071 2968 5136 citra,
3005 5069 3250 5130 citerius,
3297 5066 3489 5129 citima,
3514 5063 3637 5118 cite—

2064 5163 2195 5228 rior,
2220 5163 2460 5229 citimus;
2487 5172 2660 5228 extra,
2683 5161 2942 5226 exterius,
2969 5169 3226 5224 extreme,
3257 5157 3506 5219 exterior,
3542 5168 3635 5206 eu-

2063 5262 2290 5318 tremus;
2330 5252 2494 5324 infra,
2539 5252 2792 5323 inferius,
2833 5251 3043 5320 inﬁma,
3097 5248 3340 5318 inferior,
3385 5243 3635 5313 inﬁmus;

2063 5343 2180 5409 diu,
2206 5342 2425 5408 diutius,
2463 5343 2753 5400 diutissime
2775 5379 2790 5406 ,
2821 5341 3042 5406 diutior,
3063 5338 3426 5402 diuitissimus;
3451 5347 3640 5403 παραγ.

2066 5435 2330 5505 παρετ-ἕπε,
2358 5434 2672 5504 nuperrime.
2698 5431 2971 5488 Positione
2991 5431 3151 5500 longa
3173 5427 3523 5486 inveniuntur
3543 5421 3643 5480 εὑ

2067 5525 2272 5592 verbia,
2299 5526 2352 5580 in
2382 5542 2434 5580 rs
2460 5533 2518 5580 ut
2540 5525 2670 5596 fors.
2689 5523 2843 5596 ’Virg.
2871 5525 2925 5578 in
2949 5539 2990 5579 tt
3015 5541 3030 5578 :

2191 5650 2312 5701 Fas
2333 5657 2388 5701 et
2408 5658 2516 5700 vota
2543 5649 2676 5712 issit,
2698 5648 3008 5710 comamque
3031 5644 3199 5698 illita
3220 5643 3360 5696 sum
3373 5677 3392 5706 ,

2061 5753 2210 5825 ‘quod
2242 5751 2488 5806 similiter
2516 5751 2659 5806 sicut
2680 5748 2884 5819 forsan,
2912 5747 3159 5819 forsitan,
3189 5745 3360 5816 forte,
3385 5737 3634 5817 fortasse,

2069 5845 2333 5928 fortunis,
2371 5859 2402 5905 τι
2429 5843 2567 5926 forte
2592 5840 2811 5908 nomine
2845 5837 3144 5920 derivatur,
3172 5845 3227 5905 et
3271 5839 3382 5925 {ea
3419 5835 3644 5928 quidem
