4100 6324
386 420 491 484 OM

1202 412 1592 476 EXCERPTIO
1628 413 1718 471 DE
1752 411 1942 471 ARTE
1977 406 2434 471 GRAMMATICA
2467 404 2831 464 PRlSClANl.

385 546 445 598 et
487 539 701 611 forsan,
746 541 804 590 et
848 534 1091 604 forsitan,
1122 530 1405 588 dubitandi
1443 535 1602 595 sunt;
1642 527 1778 599 forte
1802 539 1967 591 vero,
1998 528 2047 590 Α
2072 536 2201 585 sas;
2223 532 2388 590 pexu,
2414 532 2613 611 penus;
2634 514 2840 579 audiui,
2870 514 3119 611 auditus;
3161 528 3194 569 ι
3221 512 3649 611 ’ωωωῷιηε

388 638 634 695 eventus,
661 636 764 698 pro
796 625 1051 696 fortuito;
1074 624 1298 695 fortasse
1326 626 1504 677 autem
1528 628 1582 677 et
1604 620 1844 692 fortassis
1872 633 1972 691 pro

390 735 598 779 temere.
622 716 679 773 ln
709 735 789 780 ns,
811 726 870 771 ut
890 717 1095 781 totiens,
1122 715 1379 787 quotiens,
1407 711 1708 767 multotiens
1729 752 1745 777 ,
1768 710 1973 781 aliquo-

392 810 613 869 tiens.ln
634 826 692 877 π,
714 818 773 864 ut
791 810 897 874 vix,
925 824 1065 874 mox,
1091 822 1215 879 pax,
1231 806 1372 877 quod
1387 812 1469 859 est
1487 803 1735 860 Graecum
1757 802 1972 873 quando

393 906 661 978 signiﬁcat
681 900 1058 958 tantummodo.
1080 901 1140 956 ln
1158 917 1240 971 nc,
1266 916 1421 965 nunc,
1439 898 1575 964 hinc,
1601 895 1769 963 illinc,
1793 896 1967 951 istinc.

394 999 450 1054 ln
488 1016 568 1069 ps,
593 997 856 1067 deinceps.

974 1085 1055 1142 De
1090 1083 1388 1158 participio.

463 1180 874 1252 Participiorum
917 1178 1084 1248 igitur
1121 1176 1361 1230 omnium
1405 1170 1712 1227 novissimae
1754 1167 1971 1241 syllabae

394 1273 689 1331 secundum
715 1268 1065 1345 [sequuntur]
1086 1268 1327 1336 regulam
1358 1265 1637 1321 nominum
1667 1276 1765 1334 per
1784 1274 1972 1317 omnes

393 1381 570 1427 casus,
600 1366 653 1420 id
674 1370 757 1421 est
784 1362 1045 1434 prteteriti
1075 1359 1335 1431 temporis
1365 1366 1419 1411 ct
1442 1355 1640 1421 futuri,
1678 1352 1971 1409 secundum

392 1456 609 1510 mobilia
639 1457 878 1518 nomina,
904 1460 965 1506 ut
1000 1452 1193 1521 iustus,
1227 1450 1416 1520 justo,
1453 1448 1692 1518 justum;
1733 1454 1970 1509 amatus,

394 1558 594 1611 amata,
648 1555 913 1607 amatum;
966 1550 1258 1606 amaturus,
1311 1548 1587 1603 antatura,
1636 1545 1971 1602 amaturum;

394 1638 675 1702 amandus,
701 1636 951 1700 amanda,
981 1632 1301 1697 amandum;
1322 1631 1605 1701 prmsentis
1629 1645 1759 1684 vero
1781 1644 1973 1684 secun-

396 1729 522 1783 dum
568 1726 678 1780 ﬁxa
715 1725 1072 1789 declinantur,
1113 1730 1174 1778 ut
1214 1721 1426 1790 infans,
1466 1721 1723 1791 infantis;
1766 1737 1973 1787 emens,

394 1818 645 1881 ementis;
668 1832 884 1880 amans,
913 1815 1173 1876 amantis;
1204 1813 1425 1877 docens,
1462 1811 1729 1878 docentis;
1768 1804 1969 1881 legens,

393 1909 646 1979 legentis;
692 1908 933 1971 audiens,
981 1905 1276 1969 audientis;
1328 1914 1383 1959 et
1428 1918 1494 1958 ex
1539 1916 1725 1957 eorum
1767 1900 2051 1965 rationeB

394 1999 677 2073 participia
705 1986 988 2069 per'casus
1025 2006 1079 2053 et
1116 2013 1317 2069 genera
1352 1995 1681 2067 producendi
1716 2001 1772 2049 et
1808 1995 1978 2050 corri-

395 2093 575 2165 piendi
611 2091 850 2162 regulam
894 2094 1130 2145 sumunt.
1177 2087 1597 2144 Penultimarum
1649 2098 1881 2157 namque
1924 2094 1978 2141 et

399 2192 712 2239 exterarum
743 2181 1069 2251 syllabarum
1112 2179 1345 2249 cognitio
1391 2194 1421 2232 a
1464 2177 1980 2245 verbis.percipitur

399 2273 541 2328 unde
577 2272 909 2326 derivantur.
948 2258 1037 2324 Fit
1083 2278 1263 2324 autem
1310 2268 1655 2340 participium
1699 2266 1981 2337 przesentis

403 2363 661 2433 temporis
706 2379 737 2416 a
787 2362 1064 2433 praeterito
1112 2361 1427 2431 imperfecto
1473 2359 1749 2415 indicativi
1794 2358 1978 2425 modi,

403 2452 697 2511 Innlatione
735 2463 992 2507 extrema:
1036 2451 1275 2523 syllabae,
1318 2451 1373 2506 id
1412 2459 1525 2517 est,
1558 2450 1675 2505 bam
1714 2450 1767 2505 in
1795 2468 1884 2515 ns,
1927 2458 1985 2503 ut

404 2542 677 2609 amabam,
701 2558 918 2608 amans;
936 2542 1218 2609 docebam,
1241 2541 1465 2608 docens;
1492 2536 1757 2612 legebam,
1777 2539 1981 2611 legens;

404 2633 688 2700 faciebam,
717 2630 915 2702 faciens
934 2620 967 2699 ξ
986 2633 1326 2699 municbam,
1364 2633 1601 2687 muniens
1622 2673 1636 2699 ,
1661 2632 1901 2702 exceptis
1930 2632 1983 2687 in

405 2742 463 2781 eo
508 2724 880 2785 desinentibus
911 2732 1119 2799 quartae
1163 2724 1560 2798 conjugationis
1586 2726 1801 2793 verbis,
1832 2742 1983 2797 quae,

406 2824 592 2875 contra
619 2814 847 2871 aliorum
875 2816 1113 2889 regulam
1134 2858 1148 2879 ,
1178 2818 1197 2871 i
1226 2818 1429 2872 habent
1466 2824 1591 2873 ante
1616 2818 1732 2871 bam
1750 2858 1765 2884 ,
1793 2819 1987 2890 produ-

407 2917 576 2972 ctam,
608 2913 671 2962 ιιι
700 2904 871 2977 ibam,
917 2905 1126 2978 quibam
1148 2947 1163 2977 ,
1203 2908 1345 2977 quod
1389 2908 1548 2962 etiam
1582 2907 1634 2961 in
1660 2907 1779 2963 aliis
1807 2909 1988 2967 verbis

410 2999 542 3057 solet
570 3000 720 3066 ﬁeri;
750 3008 809 3055 ut
829 2999 1056 3070 polibam
1080 3014 1177 3069 pro
1206 2997 1465 3069 poliebam
1484 3040 1498 3065 ,
1521 2998 1864 3069 insignibam,
1889 3015 1989 3071 pro

406 3092 778 3162 insigniebam;
824 3105 923 3146 nec
960 3099 1145 3147 tamen
1192 3090 1245 3145 id
1279 3090 1553 3163 prohibuit
1581 3091 1872 3161 participia
1920 3093 1990 3149 ad

409 3180 770 3252 perfectorum
791 3179 1032 3251 regulam
1058 3180 1208 3235 nasci
1234 3196 1247 3233 :
1279 3180 1509 3245 dicimus
1542 3182 1685 3236 enim
1728 3182 1861 3249 iens,
1894 3200 1991 3237 au-

2072 611 2384 676 criminatu,
2408 607 2757 672 criminatus;
2779 605 3029 661 osculato
3044 642 3062 672 ,
3086 605 3385 673 osculatus;
3420 622 3455 662 ι
3491 608 3657 679 depo-

2073 698 2327 757 nentibus
2356 718 2369 754 :
2403 698 2508 765 for,
2535 697 2670 763 fatu,
2696 696 2877 766 fatus;
2903 696 3113 766 loquor,
3132 695 3337 764 locutu,
3363 696 3588 752 locutus.
3607 697 3656 754 Δ

2072 794 2516 865 neutro-passivis
2534 811 2545 849 :
2569 794 2777 865 gavisa,
2798 793 3039 863 gavisus;
3060 790 3233 857 factu,
3245 792 3456 861 fndus;
3480 808 3511 855 ιι
3529 806 3660 849 neu-

2074 889 2177 943 tris
2190 900 2321 943 vero
2348 887 2538 957 paucis
2556 885 2890 955 praeteritum
2913 883 3198 938 nascitur:
3226 891 3463 948 ctenatu,
3494 899 3660 938 orena-

2076 988 2160 1034 tus
2172 996 2191 1044 ;
2203 991 2425 1049 pransu,
2443 992 2666 1047 pransus
2681 993 2701 1041 ;
2719 974 2942 1046 placita,
2956 972 3216 1045 placitus;
3238 981 3429 1042 nupta,
3445 983 3655 1045 nuptas.

2072 1071 2353 1141 Excipitur
2399 1076 2637 1123 mortuus
2668 1081 2700 1121 a
2725 1067 2944 1133 morior,
2971 1066 3117 1136 quod
3145 1065 3442 1122 secundum
3476 1065 3663 1122 analo-

2073 1163 2217 1234 giam
2236 1162 2449 1226 marita,
2472 1160 2714 1225 moritus,
2735 1167 2791 1213 et
2808 1154 2936 1212 hinc
2952 1158 3241 1211 moriturus
3259 1155 3445 1211 debuit
3457 1152 3659 1222 facere;

2074 1255 2169 1310 sed
2212 1254 2546 1325 praeteritum
2591 1261 2836 1307 mortuus
2875 1264 2985 1307 non
3020 1251 3246 1305 maritus
3284 1250 3448 1317 facit;
3478 1258 3661 1322 potuit

2073 1359 2291 1415 quoque
2315 1359 2412 1414 per
2445 1356 2736 1416 syncopam
2770 1357 2867 1413 pro
2907 1350 3177 1413 palatum,
3221 1349 3279 1397 et
3309 1340 3433 1396 inde
3467 1348 3658 1411 potus,

2076 1436 2446 1506 participium.
2472 1434 2624 1506 Virg.
2658 1435 2712 1488 in
2735 1433 2868 1488 Bue.
2900 1450 2915 1487 :

2200 1524 2262 1575 Et
2284 1533 2449 1587 potum
2471 1532 2631 1587 pastas
2653 1536 2770 1587 age,
2793 1523 2989 1589 Tityre,
3014 1532 3066 1576 et
3083 1526 3212 1576 inter
3232 1523 3499 1588 agendum.

2074 1608 2144 1663 Et
2170 1609 2313 1664 idem
2336 1609 2393 1663 in
2414 1608 2612 1681 Georg.
2638 1627 2653 1664 :

2208 1697 2417 1759 Quoque
2440 1698 2583 1764 modo
2607 1706 2750 1761 potus
2775 1697 3051 1763 gauderent
3066 1697 3219 1751 intiba
3237 1695 3391 1753 ﬁbris.

2074 1775 2328 1833 Lucarms
2352 1776 2409 1832 in
2434 1793 2471 1832 v
2497 1794 2510 1831 :

2202 1847 2456 1916 §trymoua
2480 1849 2791 1916 siggelidum
2817 1850 2988 1902 bruma
3012 1849 3233 1916 pellente
3253 1850 3542 1914 relinquunt

2202 1908 2396 1958 Pot'une
2418 1916 2488 1968 te,
2513 1908 2647 1975 Nile,
2671 1925 2836 1975 grues.

2079 1977 2301 2056 Lautus,
2338 1991 2603 2060 lauttﬁs,
2632 2009 2731 2064 pro
2755 1992 2977 2062 (ovatus,
3005 1992 3307 2060 lavaturas,
3335 1992 3390 2049 in
3418 2008 3519 2050 usu
3545 1998 3663 2063 est,

2078 2091 2219 2147 ortu,
2250 2093 2418 2148 ortus,
2444 2090 2499 2136 et
2528 2085 2763 2138 oriturus
2786 2082 2937 2140 facit.
2962 2083 3021 2138 ln
3048 2082 3312 2139 anomalis
3340 2092 3555 2155 quoque
3576 2094 3668 2139 su-

2080 2188 2180 2244 pra
2227 2174 2383 2229 dictm
2422 2174 2620 2245 regula:
2658 2183 2984 2230 servantur:
3015 2175 3164 2241 latu,
3210 2175 3388 2241 latus,
3427 2173 3667 2240 taturus;

2080 2264 2284 2331 ferens,
2311 2265 2557 2333 ferentis,
2586 2266 2866 2335 ferendus;
2892 2284 3009 2334 esu,
3034 2283 3193 2334 esus,
3224 2283 3436 2335 esurus,
3469 2268 3669 2331 edens,

2081 2356 2311 2411 edendas
2323 2399 2338 2422 ,
2356 2358 2435 2412 sic
2450 2367 2504 2412 et
2522 2373 2587 2411 ex
2612 2358 2690 2412 eis
2710 2359 3026 2430 composita.
3043 2356 3089 2411 A
3100 2374 3217 2411 sum
3232 2370 3446 2426 quoque
3459 2364 3671 2412 veteres

2082 2448 2424 2518 participium
2465 2447 2819 2519 proferebant
2858 2466 2980 2515 ens,
3010 2449 3153 2504 unde
3199 2446 3546 2518 componitur
3585 2461 3673 2516 po-

2084 2552 2227 2609 tens,
2257 2557 2383 2597 nam
2423 2542 2639 2598 futurus
2674 2542 2850 2615 magis
2873 2558 2905 2597 a
2937 2542 3008 2613 ﬁo
3033 2542 3201 2598 verbo
3238 2541 3450 2597 videtur
3484 2535 3670 2605 nasci,

2086 2634 2237 2704 cujus
2259 2635 2590 2704 praeteritum
2618 2643 2701 2691 est
2723 2635 2917 2705 factus,
2951 2643 3008 2691 et
3029 2648 3268 2706 praesens
3299 2633 3431 2704 ﬁens
3454 2648 3474 2688 :
3494 2638 3673 2704 pateat

2085 2732 2269 2781 tamen
2295 2740 2326 2781 a
2354 2726 2433 2797 fui
2458 2727 2621 2782 etiam
2644 2742 2763 2782 esse
2785 2726 3108 2802 egistimari.
3135 2723 3322 2792 Facio,
3347 2724 3515 2797 factu,
3536 2735 3675 2795 pras-

2078 2819 2307 2887 _teritum
2329 2819 2501 2889 factus
2525 2817 2709 2884 habet,
2732 2822 2787 2873 et
2813 2816 3054 2873 futurum
3079 2816 3340 2881 facturus,
3372 2823 3427 2871 et
3448 2813 3672 2884 faciens,

2087 2924 2346 2983 praesens.
2370 2908 2547 2963 Findo
2572 2924 2784 2981 quoque
2810 2906 3036 2979 ﬁndens,
3066 2909 3246 2978 fissus,
3272 2907 3494 2977 ﬁssurus
3523 2904 3670 2960 facit.

2089 3002 2159 3058 Et
2186 3002 2463 3057 sciendum
2482 3003 2625 3072 quod
2658 3000 2978 3058 si~dellciant
2999 3001 3209 3073 supina,
3234 2995 3492 3056 deﬁciunt
3509 2998 3675 3054 etiam

2088 3095 2375 3167 participia
2423 3102 2531 3148 tam
2581 3092 2749 3149 futuri
2800 3093 3058 3165 temporis
3104 3092 3158 3147 in
3211 3108 3299 3149 rus
3344 3091 3675 3156 desinentia,

2095 3202 2255 3258 quam
2284 3187 2567 3259 prmteriti,
2587 3202 2707 3258 quae
2736 3201 2803 3242 ex
2834 3186 2967 3258 ipsis
2991 3194 3322 3241 nascuntur:
3348 3184 3493 3256 quod
3523 3184 3676 3238 inve-

413 3274 580 3340 άίεηε,
610 3278 790 3347 quiens
809 3315 823 3341 ν
847 3274 1045 3346 Ροίίεηδ
1064 3316 1078 3339 9
1102 3274 1406 3344 insignitius.
1436 3272 1561 3328 H330
1593 3284 1774 3330 tamen
1800 3275 1990 3331 eadem
2019 3247 2066 3313 ϐ
2097 3284 2184 3338 nis
2211 3281 2265 3337 in
2284 3247 2539 3337 cmnibus
2567 3247 2898 3337 nieditativis
2926 3288 2980 3336 et
3019 3247 3451 3346 inchoativis,-in
3484 3274 3681 3348 quibus

412 3366 721 3436 participia,
752 3380 872 3436 Quae
907 3382 937 3419 a
984 3365 1162 3420 verbis
1191 3366 1243 3420 in
1279 3381 1337 3418 eo
1379 3365 1749 3422 desinentibus
1784 3376 1997 3438 quarta!

416 3457 805 3528 conjugationis
836 3465 1150 3521 nascuntur,
1174 3457 1422 3511 anomale
1448 3471 1547 3525 per
1568 3456 1813 3527 obliquos
1835 3472 1997 3513 casus

416 3562 513 3617 pro
538 3547 584 3601 ie
606 3563 669 3600 eu
694 3546 997 3601 habuerunt
1024 3564 1038 3600 :
1069 3547 1187 3603 iens
1207 3587 1221 3611 ,
1250 3549 1454 3614 euntis;
1478 3550 1668 3618 quiens
1686 3591 1699 3615 ,
1723 3553 1997 3621 queuntis;

418 3649 472 3692 et
488 3654 553 3694 ex
576 3640 655 3693 eis
669 3640 987 3709 composita,
1007 3639 1356 3709 utprodiens,
1369 3642 1691 3714 prodeuntis,
1712 3646 1996 3713 nequiens,

421 3730 747 3802 nequeuntis.
778 3729 968 3783 Futuri
996 3745 1127 3785 vero
1156 3732 1416 3801 temporis
1450 3734 1767 3804 participia,
1804 3736 1849 3790 si
1890 3736 2000 3791 sint

422 3837 452 3876 a
478 3819 658 3874 verbis
687 3820 879 3881 activis
912 3819 994 3873 vel
1023 3820 1232 3877 neutris
1252 3862 1268 3889 ,
1295 3821 1381 3877 vel
1405 3821 1830 3892 deponentibus,
1864 3824 2001 3881 ﬁunt

422 3910 492 3965 ab
518 3918 762 3966 extremo
795 3911 1148 3982 supinorum,
1181 3912 1362 3968 addita
1389 3930 1478 3968 rus
1501 3930 1520 3969 :
1545 3924 1727 3969 amatu
1752 3956 1767 3979 ,
1797 3926 2002 3971 amatu-

425 4017 549 4064 rus;
570 4000 751 4067 doctu,
779 4000 1061 4068 docturus;
1090 4001 1254 4072 lectu,
1275 4003 1537 4073 lecturus;
1565 4004 1774 4074 auditu,
1797 4007 2004 4062 auditu-

427 4108 548 4157 rus;
574 4099 741 4158 statu,
772 4102 1042 4160 staturus;
1075 4109 1259 4162 cursu,
1287 4112 1573 4162 cursurus;
1603 4094 1788 4152 molitu
1810 4138 1826 4164 ,
1854 4097 2005 4155 moli-

429 4188 576 4236 turus
593 4197 612 4247 ;
647 4182 868 4249 valitu,
897 4184 1170 4239 vertiturus
1213 4184 1397 4258 [Forte
1425 4188 1640 4256 verritu,
1670 4187 1998 4262 verriturus].

429 4269 477 4326 Α
500 4273 773 4327 communi
801 4289 1015 4344 quoque
1043 4275 1229 4341 verbo,
1258 4276 1401 4347 quod
1444 4277 1502 4331 in
1545 4276 1730 4333 futuro
1761 4286 2003 4350 tempore

432 4363 537 4418 duo
558 4362 717 4418 habet
735 4365 1042 4436 participia,
1071 4382 1235 4421 unum
1262 4367 1475 4437 quidem
1501 4368 1758 4438 activum,
1785 4388 1894 4436 rus,
1929 4369 2007 4426 al-

435 4461 610 4509 terum
636 4469 764 4509 vero
794 4456 1066 4523 passivum
1099 4457 1154 4510 in
1180 4455 1278 4511 dus
1296 4498 1311 4523 ,
1342 4457 1468 4511 illud
1493 4459 1638 4529 quod
1667 4460 1721 4514 in
1750 4476 1840 4515 rus
1865 4460 2007 4516 desi-

435 4546 514 4599 nit
554 4546 845 4601 secundum
892 4547 1202 4616 prasdictam
1241 4548 1303 4602 ﬁt
1340 4549 1578 4619 regulam
1624 4568 1639 4603 :
1692 4552 2003 4618 criminatu,

436 4638 837 4703 criminaturus;
866 4637 993 4692 illud
1017 4628 1196 4693 autem
1226 4638 1367 4711 quod
1397 4639 1452 4693 in
1479 4622 1602 4708 dus,
1636 4643 1834 4711 passivi
1860 4643 2005 4697 futu-

438 4742 556 4783 rum
586 4729 847 4797 sequitur.
877 4727 1099 4783 Passi"
1130 4742 1261 4783 vero
1293 4728 1535 4797 ejusdem
1583 4733 1843 4800 tempais
1882 4744 2010 4801 par-

439 4819 618 4887 ticipia
649 4819 787 4875 fiunt
813 4835 844 4874 a
874 4821 1149 4889 praeterito
1188 4820 1456 4890 participii
1486 4823 1769 4891 praesentis
1813 4830 2015 4893 tempo-

440 4912 550 4976 ris,
597 4911 663 4966 tis
709 4910 855 4967 ﬁnali
900 4910 955 4965 in
990 4912 1087 4966 dus
1137 4926 1437 4967 wnversa:
1471 4926 1695 4978 amans,
1749 4914 2010 4980 amantis,

442 5008 732 5072 amandus;
756 5008 978 5075 docens,
1001 5008 1263 5073 docentis,
1288 5009 1585 5076 docendus;
1609 5010 1812 5082 legens,
1840 5011 2019 5083 legen—

444 5099 537 5163 tis,
562 5098 841 5170 tegendus;
866 5087 1113 5166 audiens,
1158 5101 1449 5169 audientis,
1484 5103 1812 5171 audiendus;
1836 5114 2016 5161 trans-

447 5191 583 5255 iens,
618 5188 965 5256 transeuntis,
998 5195 1381 5259 transeundas;
1419 5196 1751 5264 praeteriens,
1797 5205 2020 5267 praster-

449 5283 628 5340 euntis
647 5323 663 5349 ,
689 5285 1097 5355 prwtcreundus.
1141 5286 1406 5341 Praeteriti
1434 5287 1577 5341 enim
1614 5288 1869 5357 temporis
1901 5303 2022 5358 par-

453 5376 654 5448 ticipia,
681 5391 800 5447 quae
823 5378 880 5433 in
904 5386 1010 5442 tus,
1036 5378 1121 5432 vel
1144 5393 1233 5432 sus
1250 5418 1265 5444 ,
1288 5378 1370 5433 vel
1396 5392 1517 5444 rcus,
1560 5378 1831 5444 desinunt,
1874 5380 2020 5435 simi-

452 5466 577 5523 liter
603 5485 634 5523 a
660 5470 852 5541 supino
879 5477 1124 5527 extremo
1153 5470 1307 5536 ﬁunt,
1337 5470 1520 5527 addita
1547 5487 1575 5525 s
1597 5478 1653 5526 et
1677 5479 1926 5541 correpta
1963 5488 2018 5526 ιι.

455 5558 760 5614 Nascuntur
785 5569 964 5615 autem
994 5575 1026 5615 a
1066 5561 1246 5615 verbis
1266 5560 1517 5631 passivis,
1546 5560 1600 5614 et
1625 5561 2021 5627 communibus,

456 5662 511 5708 et
547 5652 951 5723 depellentibus,
992 5658 1046 5706 et
1086 5651 1575 5723 neutro-passivis,
1609 5659 1663 5707 et
1704 5652 2023 5722 quibusdam

460 5744 703 5812 neutris:
736 5760 764 5798 a
791 5744 1038 5813 passivis,
1068 5750 1127 5797 ut
1155 5753 1357 5810 amatu,
1388 5754 1627 5810 amatus;
1652 5744 1855 5799 domitu
1881 5784 1896 5810 ,
1926 5744 2023 5797 do-

460 5836 649 5903 mitus;
677 5833 857 5903 doctu,
886 5833 1102 5903 doctus;
1134 5832 1332 5899 deleta,
1364 5830 1597 5901 deletus;
1624 5847 1802 5891 mersa
1824 5872 1840 5901 ,
1879 5847 2024 5891 mer-

2098 3373 2353 3429 deﬂciunt
2388 3372 2576 3442 supina
2608 3371 2712 3425 duo
2739 3379 3015 3435 extrema;
3049 3369 3247 3439 quibus
3269 3365 3680 3431 deﬁcientibus,

2098 3486 2261 3542 supra
2294 3469 2557 3524 dictorum
2586 3483 2797 3538 quoque
2827 3476 3131 3538 temporum
3165 3462 3423 3519 deficiunt
3460 3458 3683 3533 partici-

2097 3560 2186 3629 pia
2206 3599 2222 3625 ,
2254 3568 2314 3612 ut
2351 3559 2619 3628 parturio,
2648 3557 2851 3623 esurio,
2887 3555 3162 3620 horresco,
3190 3551 3389 3608 calesco
3410 3567 3430 3618 ;
3454 3548 3598 3620 quod
3630 3556 3685 3603 et

2099 3648 2417 3722 plerumque
2459 3649 2513 3702 in
2551 3647 2761 3702 neutris
2798 3645 2979 3701 verbis
3021 3644 3271 3701 secundae
3290 3638 3685 3712 coniugationis

2100 3741 2184 3797 vel
2210 3740 2383 3795 tertiae
2414 3738 2469 3793 in
2498 3755 2564 3793 uo
2588 3736 2990 3804 desinentibus,
3026 3742 3087 3791 ut
3108 3746 3253 3807 tepeo
3271 3774 3287 3802 ,
3318 3749 3439 3806 egeo
3459 3773 3473 3796 ,
3502 3728 3646 3785 coleo
3665 3768 3682 3795 ,

2104 3834 2294 3905 ferveo,
2322 3841 2525 3902 stupeo,
2553 3829 2711 3895 lateo,
2738 3829 2965 3895 candeo,
2993 3828 3152 3895 niteo,
3176 3836 3360 3892 aestuo,
3390 3823 3499 3878 luo.
3530 3820 3685 3877 luve-

2104 3924 2329 3977 niuntur
2359 3930 2538 3975 tamen
2566 3919 2842 3973 rarissime
2881 3920 2936 3977 in
2965 3912 3283 3987 quibusdam
3313 3909 3686 3985 hujuscemodi

2107 4012 2320 4083 supina,
2347 4009 2428 4065 vel
2461 4008 2627 4063 futuri
2659 4008 2920 4078 temporis
2942 4006 3249 4077 participia,
3272 4010 3333 4059 ut
3353 4002 3529 4067 doleo,
3560 3998 3689 4054 doti-

2107 4112 2256 4158 turus
2282 4118 2300 4169 ;
2327 4116 2511 4167 careo,
2539 4100 2832 4163 cariturus,
2856 4113 2959 4161 nec
2984 4110 3090 4152 non
3118 4102 3173 4152 et
3202 4094 3306 4151 alia
3340 4094 3506 4150 multa
3541 4091 3689 4147 invev

2106 4193 2329 4252 niuntur
2354 4190 2677 4247 deficientia.
2718 4188 2776 4244 In
2810 4186 2929 4244 aliis
2959 4203 3172 4260 quoque
3208 4182 3690 4261 signiﬁcationibus

2107 4285 2193 4340 vel
2229 4282 2515 4356 generibus
2555 4282 2844 4337 verborum
2866 4320 2881 4347 ,
2935 4286 3044 4334 tam
3090 4279 3280 4351 supina
3310 4291 3472 4350 quam
3502 4289 3571 4331 ex
3604 4274 3686 4331 eis

2107 4374 2415 4441 nascentia,
2448 4380 2509 4427 ut
2536 4387 2729 4444 urgeo,
2778 4387 2910 4443 spuo
2933 4410 2949 4437 ,
2992 4376 3201 4437 metuo,
3238 4371 3424 4434 timeo,
3462 4365 3686 4432 medior,

2109 4465 2344 4536 ambigo,
2384 4464 2600 4531 scindo,
2636 4477 2819 4535 uergo,
2866 4477 3038 4527 arceo,
3089 4459 3305 4527 mando,
3354 4456 3685 4514 mandis:et

2112 4571 2433 4628 quocunque
2470 4563 2712 4625 tempore
2751 4553 3014 4609 defectiva
3056 4556 3181 4606 sunt
3208 4550 3406 4615 verba,
3433 4548 3690 4603 deﬁciunt

2114 4626 2276 4702 etiam
2300 4626 2604 4715 participia.
2636 4640 2826 4696 Fertur
2848 4656 3062 4711 quoque
3090 4646 3144 4694 et
3164 4655 3339 4693 vescor
3360 4637 3692 4708 prasteritum
3756 4626 3775 4715 γ’

2116 4714 2329 4808 tempus
2357 4753 2463 4791 non
2492 4730 2705 4799 habent,
2732 4751 2831 4789 nec
2859 4733 3100 4803 ejusdem
3120 4732 3376 4802 temporis
3389 4730 3692 4801 participia.
3751 4714 3759 4733 ’

2121 4828 2263 4899 (Ἰατρὶ
2306 4843 2411 4882 non
2442 4826 2606 4881 habet
2634 4840 2873 4895 praesens
2915 4833 2969 4879 et
3011 4823 3285 4887 futurum,
3334 4835 3434 4876 nec
3477 4820 3698 4892 partici—

2122 4922 2291 4992 pium,
2320 4918 2413 4974 sed
2440 4927 2648 4972 tantum
2678 4915 2938 4987 praateriti
2967 4914 3252 4983 temporis,
3284 4921 3498 4981 coeptus.
3528 4909 3694 4967 Simi-

2123 5010 2269 5077 liter,
2300 5009 2407 5075 odi,
2439 5010 2573 5073 novi,
2608 5023 2761 5074 osus,
2792 5021 2856 5061 ex
2885 5022 2991 5077 quo
3017 5020 3233 5077 perosus
3262 5011 3317 5059 et
3350 5016 3539 5058 exosus
3560 5043 3576 5070 ,
3607 5019 3699 5058 no-

2124 5112 2228 5169 tus,
2256 5110 2309 5158 et
2332 5103 2565 5167 memini,
2588 5102 2868 5155 meminens
2888 5140 2904 5166 ,
2927 5099 3052 5170 quia
3080 5097 3292 5151 memini
3329 5104 3438 5151 tam
3466 5110 3701 5166 praesen—

2124 5196 2196 5250 tis
2221 5210 2382 5265 quam
2407 5192 2667 5264 praeteriti
2700 5192 2805 5247 vim
2836 5190 3018 5257 habet,
3046 5188 3315 5260 quomodo
3339 5188 3447 5254 odi,
3483 5194 3543 5243 ut
3575 5195 3698 5241 ante

2120 5285 2234 5357 jam
2261 5286 2530 5340 diximus:
2566 5298 2749 5348 nosco,
2781 5297 2995 5336 noscens
3020 5279 3171 5335 facit.
3204 5278 3468 5335 Similiter
3498 5278 3702 5347 imper-

2124 5374 2331 5431 sonalia
2361 5374 2618 5429 deﬁciunt
2643 5373 2695 5426 in
2725 5372 2930 5441 supinis
2954 5380 3010 5426 et
3040 5370 3341 5442 participiis
3365 5385 3484 5441 quae
3509 5385 3576 5426 ex
3615 5384 3705 5424 su-

2125 5466 2266 5537 pinis
2287 5466 2605 5527 nascuntur,
2628 5472 2687 5517 ut
2717 5464 2887 5533 piget,
2914 5461 3104 5532 pudet,
3141 5462 3328 5528 taedet,
3365 5462 3573 5532 panitet
3593 5500 3609 5526 ,
3640 5458 3706 5513 li-

2126 5564 2269 5628 quet,
2298 5555 2439 5620 licet,
2464 5553 2619 5617 libet,
2644 5562 2876 5623 oportet;
2903 5552 2999 5608 sed
3040 5551 3394 5623 compositum
3425 5559 3703 5621 pertaesum

2127 5644 2417 5710 invenitur,
2443 5652 2497 5699 et
2524 5644 2807 5714 pumileas,
2836 5644 2979 5699 unde
3011 5643 3312 5712 pwnitentia
3328 5658 3349 5708 ;
3372 5650 3427 5698 et
3460 5640 3621 5696 libens
3651 5651 3708 5696 et

2129 5739 2321 5802 licens,
2362 5737 2506 5792 unde
2543 5736 2750 5790 licentia
2774 5775 2788 5803 ,
2826 5734 3019 5790 licitas.
3049 5733 3446 5804 Sciendumque
3475 5730 3617 5802 quod
3659 5732 3703 5785 si

2132 5829 2429 5909 composita
2457 5827 2565 5893 siut
2593 5828 2792 5901 verba,
2829 5828 2899 5889 ah
2938 5828 3021 5889 eis
3059 5825 3359 5909 composita
3394 5825 3711 5895 deriveiuur
