4100 6324
404 413 507 470 ωε

1057 417 1080 444 ~.
1173 397 1942 463 "EXCERP'HO’DE’ARTE
1979 392 2430 454 GRAMMATICA
2455 389 2828 449 'PRISCIA'N-l.
2926 405 2930 410 ‘

3529 387 3634 444 666

400 516 1104 598 equidem,~quoqu,~euim,
1146 535 1288 582 nam,
1316 531 1538 586 namque
1582 527 1761 586 porro,
1813 525 1968 581 porro
1991 510 2049 570 Α
2071 514 2127 563 et
2151 506 2435 569 ablativus,
2453 503 2597 575 longi
2624 511 2768 567 sunt,
2797 509 2853 556 et
2881 515 3070 558 omnes
3122 515 3282 558 casus
3312 499 3554 572 plurales.
3579 502 3635 558 in

404 626 618 680 autem,
649 620 717 667 et-
767 610 882 666 fere
923 623 1253 680 quacunque
1301 604 1705 676 coniunctiones
1735 608 1972 656 ornatus

405 704 673 763 causavel
701 702 880 766 metri,
904 700 1045 755 nulla
1075 698 1478 770 significationis
1517 692 1856 756 necessitate,
1875 705 1973 761 po-

406 805 641 854 nuntur:
668 796 770 849 hoc
791 792 1009 847 nomine
1037 796 1410 860 nuncupantur
1435 800 1642 850 omnes,
1672 793 1851 837 tamen
1891 781 1973 836 bat

406 892 549 958 inter
569 888 701 943 alias
727 884 932 957 species
961 883 1324 947 inveniuntur,
1352 888 1413 936 ut
1451 880 1497 934 si
1528 878 1703 932 dicam
1727 893 1740 929 :
1771 873 1972 928 zEneas

405 996 522 1035 vero
546 979 730 1048 et-pius
749 986 798 1030 et
825 975 974 1046 fortis
988 975 1103 1044 fuit,
1135 973 1452 1043 completiva
1471 979 1574 1036 est,-
1604 968 1731 1039 quia
1777 966 1830 1022 si
1869 964 1970 1021 tol-

407 1070 548 1124 latur
570 1084 714 1133 vero,
729 1064 1049 1138 signiﬁcatio
1071 1065 1282 1135 integra
1301 1069 1504 1117 manet.

807 1197 812 1200 '
887 1177 970 1235 "De
997 1177 1464 1249 propositionibus.

425 1295 431 1376 ζ
475 1295 884 1372 Praapositiones
932 1302 1110 1348 autem
1160 1290 1446 1348 accusativi
1492 1303 1649 1344 casus
1692 1295 1819 1344 sunt
1869 1285 1971 1350 has,

407 1390 496 1458 ad,
525 1381 684 1464 apud,
722 1397 864 1453 ante,
885 1387 1154 1462 aduersus,
1186 1384 1277 1456 cis,
1303 1384 1458 1448 citra,
1485 1397 1626 1452 erga,
1656 1368 1858 1443 contra,
1886 1394 1975 1431 ea:-

406 1467 509 1553 tra,
535 1462 687 1546 inter,
714 1482 878 1545 intra,
899 1461 1059 1547 infra,
1077 1461 1254 1552 juxta,
1279 1492 1391 1550 per,
1419 1491 1594 1546 prope,
1631 1481 1858 1543 propter,
1889 1470 1972 1537 ob,

403 1590 556 1642 pone,
579 1571 1032 1640 secundum,post,
1057 1578 1224 1632 trans,
1252 1565 1414 1630 ultra,
1439 1573 1646 1635 prtrter,
1676 1554 1858 1632 supra,
1888 1577 1977 1614 us-

403 1680 520 1732 que,
552 1679 724 1732 penes,
745 1674 971 1715 numero
999 1657 1186 1730 viginti
1209 1665 1349 1711 octo.
1378 1654 1606 1710 Ablativi
1631 1667 1759 1707 vero
1789 1643 1888 1715 hac,
1921 1668 1972 1716 a,

405 1754 488 1818 ab,
518 1753 633 1817 abs,
656 1769 705 1817 e,
735 1767 820 1816 ex,
847 1750 927 1813 de,
948 1758 1064 1819 pro,
1086 1765 1216 1818 pra},
1250 1763 1387 1812 cum,
1435 1745 1588 1810 clam,
1637 1761 1833 1809 coram,
1884 1759 1978 1813 pa-

404 1840 532 1906 Iam,
558 1841 693 1906 sine,
722 1840 933 1910 absque,
962 1846 1128 1902 tenus,
1153 1850 1374 1890 numero
1392 1834 1714 1905 quindecim.
1762 1832 1867 1887 Sed
1889 1847 1978 1885 ac-

404 1933 656 2006 cusative:
685 1931 788 2006 hoc
814 1930 970 1985 modo
995 1930 1049 1984 in
1082 1928 1411 2002 temporibus
1437 1925 1762 1998 syllabarum
1790 1924 1978 1994 digno-

405 2027 658 2085 scuntur;
685 2005 756 2073 ad
782 2019 961 2092 brevis
981 2027 1092 2084 est;
1117 2017 1360 2072 adversus
1407 2016 1608 2085 primas
1649 2006 1784 2068 duas
1833 2012 1978 2083 posi-

408 2116 550 2171 tione
573 2115 760 2184 longas
793 2113 976 2177 habet,
1001 2111 1242 2165 ultimam
1290 2109 1537 2174 brevem;
1598 2108 1757 2179 apud,
1811 2107 1980 2178 ambae

406 2203 627 2270 breves;
661 2213 780 2257 ante
816 2203 1049 2274 primam
1094 2201 1351 2267 syllabam
1400 2199 1667 2268 positione
1712 2198 1978 2268 producit,

409 2308 640 2363 sequens
672 2283 852 2347 brevis
879 2301 991 2356 est;
1018 2293 1090 2345 cis
1117 2291 1328 2360 longa;
1355 2291 1508 2354 citra,
1562 2288 1610 2340 ci
1653 2287 1849 2348 brevis,
1899 2294 1982 2339 ινα

409 2382 596 2458 longa;
631 2399 810 2462 supra,
849 2399 912 2435 su
947 2381 1145 2450 brevis,
1194 2397 1289 2450 pra
1339 2379 1522 2450 longa;
1569 2379 1782 2442 circum,
1833 2375 1984 2447 prior

405 2457 670 2548 positione
698 2473 874 2546 longa,
923 2473 1190 2542 posterior
1240 2470 1416 2526 brevis
1465 2477 1577 2534 est;
1625 2467 1784 2532 circa,
1837 2484 1982 2538 erga,

410 2573 608 2630 contra,
641 2573 808 2628 extra,
840 2564 1002 2628 intra,
1031 2562 1193 2633 infra,
1215 2561 1393 2631 juxta,
1421 2576 1572 2630 pone,
1603 2572 1789 2612 omnes
1826 2556 1986 2628 sylla-

408 2653 504 2708 bas
528 2654 713 2725 longas
741 2653 969 2719 habent;
996 2653 1129 2710 inter
1152 2653 1380 2722 primam
1426 2649 1690 2725 positione
1719 2646 1981 2717 producit,

411 2723 642 2798 secunda
662 2743 842 2797 brevis
871 2750 986 2807 est;
1012 2758 1105 2812 per
1123 2741 1335 2805 brevis;
1367 2756 1524 2811 prope
1551 2723 1722 2794 amba:
1759 2739 1982 2803 breves;

409 2845 636 2907 propter,
667 2834 815 2906 prior
835 2834 1012 2902 longa,
1042 2832 1276 2889 secunda
1309 2822 1514 2902 brevis;
1545 2829 1606 2884 ob
1622 2829 1990 2908 brevis;.pr(e-

414 2928 863 2998 ter,priorlonga,
901 2942 1131 2997 sequens
1164 2925 1374 3001 brevis;
1415 2940 1595 2994 usque,
1631 2923 1778 2993 prior
1807 2921 1988 2992 longa,

412 3019 676 3089 posterior
687 3018 893 3084 brevis;
917 3034 1069 3089 penes
1085 3018 1255 3072 ambae
1277 3017 1486 3076 breves.
1521 3012 1753 3068 Ablativi
1779 3026 1990 3082 quoque

410 3114 817 3186 pnepositiones
831 3113 964 3168 [ium
979 3113 1150 3179 haa,a,
1178 3111 1264 3175 ab,
1295 3111 1408 3177 abs,
1439 3125 1578 3175 cum,
1611 3125 1809 3168 coram.
1833 3107 1988 3175 ctam,

414 3205 496 3272 de,
513 3223 559 3270 e,
577 3205 1284 3278 ex,pro,prw,palam,sine,
1311 3206 1518 3274 absque,
1545 3214 1725 3270 tenus;
1749 3203 1843 3258 sed
1859 3220 1912 3269 α,
1937 3210 1991 3256 et

416 3297 525 3358 abs,
545 3297 822 3362 etde,ete,
839 3306 894 3352 et
913 3312 996 3361 ex,
1035 3305 1230 3372 etpraz,
1267 3312 1480 3365 semper
1512 3295 1681 3366 longae
1702 3302 1847 3358 sunt,
1879 3293 1991 3352 sive

415 3383 518 3464 sint
536 3385 586 3438 in
600 3387 930 3458 appositione
949 3401 1043 3441 seu
1057 3386 1109 3441 in
1124 3386 1530 3457 compositione,
1543 3394 1764 3454 excepto
1777 3384 1918 3454 quod
1929 3382 1994 3437 de

415 3473 466 3528 in
482 3475 866 3544 compositione
880 3473 1063 3528 dehinc
1076 3473 1390 3544 corripitur;
1425 3476 1488 3528 ab
1505 3515 1519 3539 ,
1545 3481 1747 3540 etcum,
1776 3481 1832 3530 et
1857 3473 1993 3530 clam

415 3580 628 3633 semper
640 3555 852 3630 breves,
867 3565 1174 3634 nisipositio
1190 3567 1462 3642 sequentis
1485 3581 1577 3622 eas
1603 3567 1770 3637 partis
1798 3567 1996 3637 produ-

417 3665 534 3734 cat;
552 3673 644 3725 pro
659 3656 942 3725 aliquando
953 3660 1240 3730 corripitur
1251 3659 1304 3715 in
1319 3660 1723 3732 compositione,
1753 3660 1994 3732 aliquan-

417 3749 485 3824 do
509 3747 1175 3824 prodtlciturtcorripitur,
1214 3757 1273 3802 ut
1297 3765 1540 3818 proavus,
1578 3767 1846 3819 pronepos,
1870 3797 1871 3800 η
1900 3749 1993 3806 sed

419 3837 522 3890 hoc
547 3835 763 3906 quidam
793 3837 858 3890 ab
907 3836 1159 3892 adverbio
1201 3838 1384 3908 procul
1424 3839 1774 3908 compositum
1801 3837 1996 3894 conﬁr-

420 3935 589 4004 mant,
623 3927 764 3981 unde
791 3936 844 3982 et
870 3929 1157 3998 corripitur
1187 3937 1242 3984 et
1265 3929 1722 3986 omniasimiliter
1741 3946 1834 4000 pro
1876 3944 1996 3985 cor-

421 4009 990 4092 reptamhabentiamt
1006 4020 1267 4094 profatur,
1293 4029 1580 4090 protervus,
1611 4029 1715 4075 etc.
1741 4020 1843 4074 Alii
1865 4035 1996 4076 vero

423 4110 492 4164 'ad
523 4109 876 4186 imitationem
893 4109 1239 4188 Graecorum,
1265 4112 1405 4181 apud
1430 4126 1563 4184 quos
1585 4127 1679 4181 pro
1707 4111 1996 4182 corripitur

422 4195 751 4276 praepositio,
777 4209 990 4278 nostros
1014 4217 1227 4272 quoque
1266 4201 1318 4256 in
1374 4202 1728 4274 quorumdam
1774 4217 1992 4274 compo-

425 4289 616 4362 Sitione
646 4283 969 4376 hocfecisse
991 4292 1193 4350 dicunt.
1231 4292 1441 4374 Coram,
1472 4301 1528 4348 et
1572 4292 1770 4364 palam,
1794 4302 1847 4348 et
1877 4294 1994 4350 abs-

425 4397 533 4464 que,
552 4367 764 4466 primas
789 4367 1020 4462 syllabas
1041 4383 1228 4455 longas
1247 4367 1311 4438 let
1343 4383 1673 4454 posteriores
1693 4385 1886 4452 breves
1906 4385 1997 4439 ha-

426 4461 581 4537 bent;
605 4465 715 4525 sine
735 4459 790 4526 et
810 4459 981 4538 tenus,
1010 4469 1206 4530 ambas.
1227 4475 1438 4544 breves.
1473 4473 1580 4531 Sed
1611 4474 1735 4531 licet
1758 4477 1826 4539 de
1862 4480 2010 4532 tem-'

428 4561 645 4632 poribus
670 4563 1104 4642 prapositionum
1117 4562 1262 4618 satis
1290 4563 1492 4618 dictum
1508 4579 1627 4620 esse
1650 4551 1992 4631 arbitremur,

427 4653 558 4711 libet
582 4664 780 4722 tamen,
826 4656 1116 4726 quia‘usus
1161 4672 1285 4712 raro
1331 4673 1518 4712 eorum
1563 4660 1700 4730 apud
1750 4669 1997 4716 auctores

429 4743 666 4815 perfecte
691 4746 1030 4813 describitur,
1061 4744 1489 4837 manifeStiorem
1535 4747 1601 4802 de
1646 4747 1786 4817 ipsis
1821 4747 1998 4804 facere

430 4843 752 4893 sermonem.
898 4841 1054 4868 ’ίτ³”’
1157 4862 1159 4864 -
1249 4839 1254 4846 ⁴
1472 4844 1504 4854 π
1561 4845 1564 4852 -
1631 4835 1668 4856 μ
1754 4845 1756 4848 .

699 4941 893 4958 ..ς’-ιη

431 5035 450 5066 ’.
483 5033 506 5066 .’
533 5037 568 5062 ι·
624 5014 702 5070 De
726 5015 1063 5086 productione
1089 5032 1181 5070 seu
1204 5008 1524 5086 correptione
1560 5009 1795 5069 casuum.
1843 5023 1876 5030 "
1920 5026 1942 5036 ν’

461 5227 466 5240 τ
489 5139 558 5209 Ἰιι
580 5141 759 5232 prima
782 5139 1542 5236 declinationenominativus,
1567 5165 1621 5212 et
1643 5139 2002 5231 accusativus,

435 5247 488 5326 et
505 5247 793 5330 vocativus
811 5241 1102 5320 Singularis
1125 5251 1315 5316 breves
1335 5257 1476 5304 sunt.
1502 5247 1806 5313 Genitivus,
1862 5248 2002 5307 dati-

436 5353 555 5423 vus,
583 5325 847 5423 ablativus
867 5340 1011 5422 longi
1035 5347 1177 5407 sunt,
1207 5348 1263 5395 et
1283 5354 1468 5396 omnes
1497 5339 1554 5394 iu
1572 5338 1764 5408 plurali
1784 5353 2008 5396 numero

598 5419 750 5514 sunt,
775 5419 879 5503 nisi
902 5419 1186 5506 genitivus,
1211 5431 1421 5500 dativus
1449 5437 1504 5486 et
1532 5429 1832 5496 ablativus,
1865 5430 1910 5484 si
1947 5426 2005 5485 in

437 5513 531 5590 bas
559 5534 781 5602 exeunt,
801 5525 1633 5597 propterdill‘erentiambreves
1659 5531 1805 5580 sunt.
1834 5522 1892 5578 In
1920 5538 2006 5579 se-

439 5619 612 5686 cunda
627 5617 1373 5688 declinationenominativus
1405 5615 1712 5687 singularis,
1729 5623 1824 5687 ret.
1842 5629 2005 5672 voca-

443 5709 601 5783 tivus,
637 5717 692 5765 et
717 5712 1054 5776 accusativus
1069 5711 1433 5768 brevessunt.
1461 5707 1765 5772 .Genitivus,
1795 5707 2008 5764 dativus

478 5869 480 5871 g
512 5812 536 5840 α
577 5787 766 5868 Locus
782 5811 1086 5872 corruptus.

2070 596 2366 653 masculino
2389 602 2445 649 et
2476 593 2734 648 feminino
2763 606 2960 661 genere
2985 591 3127 661 longi
3159 599 3305 657 sunt,
3335 592 3439 646 nisi
3483 593 3635 661 geni-

2072 691 2232 745 tivus.
2253 689 2310 744 ln
2333 695 2522 744 neutro
2554 699 2751 756 genere
2799 683 3181 746 nominativus,
3224 682 3559 738 accusativus
3583 690 3640 740 et

2071 781 2346 837 vocativus
2370 777 2688 849 singulares,
2717 775 2939 838 breves;
2978 772 3204 827 aliivtres
3241 772 3405 842 longi,
3431 779 3485 828 et
3538 787 3638 827 ca:-

2073 875 2170 930 teri
2193 887 2380 928 omnes
2405 871 2458 926 in
2478 868 2672 940 plurali
2693 881 2916 922 numero
2934 866 3159 929 hreves,-
3188 864 3291 918 nisi
3333 864 3544 918 dativus
3587 872 3644 919 et

2071 962 2352 1017 ablativus.
2375 959 2432 1013 ln
2467 958 2624 1014 tertia
2644 955 2999 1012 declinatione
3028 953 3390 1009 nominativus
3407 962 3464 1008 et
3484 968 3644 1008 voca-

2073 1055 2212 1109 tivus
2254 1052 2537 1121 aliquando
2573 1051 2782 1112 breves,
2842 1047 3129 1117 aliquando
3167 1045 3337 1115 longi;
3379 1045 3646 1117 genitivus

2073 1161 2287 1216 semper
2311 1145 2489 1200 brevis
2518 1151 2621 1208 est,
2652 1151 2708 1198 et
2729 1141 2992 1196 ablativus
3018 1139 3120 1194 nisi
3147 1139 3202 1194 in
3231 1140 3251 1192 i
3267 1155 3288 1204 ;
3325 1146 3380 1194 et
3421 1153 3644 1194 accusa-

2075 1239 2237 1303 tivus,
2263 1237 2476 1291 dativus
2509 1234 2794 1306 singularis
2815 1233 3004 1304 longus
3031 1241 3134 1288 est.
3185 1231 3446 1298 Plurales,
3475 1231 3650 1288 nomi-

2075 1328 2304 1390 nativus,
2323 1325 2658 1381 accusativus
2684 1332 2738 1379 et
2769 1324 3047 1379 vocativus
3075 1324 3240 1394 longi,
3270 1324 3324 1378 in
3353 1321 3650 1379 masculino

2074 1429 2130 1476 et
2154 1419 2410 1476 feminino
2439 1434 2653 1490 genere,
2685 1419 2896 1474 dativus
2919 1427 2975 1473 et
2999 1419 3264 1474 ablativus
3298 1417 3513 1474 breves.
3542 1417 3651 1473 No-

2076 1509 2364 1584 minativus
2384 1517 2437 1585 et
2461 1510 2792 1564 accusativus
2815 1517 2867 1563 et
2892 1508 3167 1564 vocativus
3198 1501 3432 1579 plurales
3449 1509 3500 1564 in
3517 1523 3651 1563 neu-

1982 1641 1986 1650 ι
2077 1612 2162 1658 tro
2197 1616 2394 1671 genere
2423 1602 2612 1656 breves
2637 1609 2782 1656 sunt.
2836 1598 2894 1653 ln
2915 1608 3107 1669 quarta
3150 1599 3507 1654 declinatione
3551 1616 3651 1656 no-

2078 1695 2369 1750 minativus
2396 1702 2449 1748 et
2477 1692 2756 1748 vocativus
2785 1692 3105 1763 singulares,
3135 1700 3192 1746 et
3218 1693 3555 1747 accusativus
3593 1692 3650 1747 in

2079 1785 2376 1841 masculino
2394 1792 2449 1839 et
2465 1782 2726 1839 feminino
2747 1797 2944 1853 genere
2969 1783 3159 1838 breves
3179 1789 3319 1838 sunt.
3351 1781 3650 1848 Genitivus,

2003 1859 2052 1919 Β
2079 1877 2289 1932 dativus
2307 1885 2362 1930 et
2383 1874 2647 1931 ablativus
2666 1873 2806 1945 longi
2830 1881 2972 1928 sunt.
3005 1872 3244 1928 Plurales
3266 1871 3652 1936 nominativus,

2081 1968 2438 2033 accusativus,
2465 1965 2742 2022 vocativus
2770 1965 2909 2034 longi
2935 1973 3078 2028 sunt,
3109 1963 3391 2032 genitivus,
3420 1961 3653 2027 dativus,

2081 2062 2345 2117 ablativus
2365 2062 2576 2116 breves.
2608 2058 2666 2113 In
2686 2058 2913 2120 neutris,
2963 2055 3344 2118 nominativus,
3394 2054 3657 2109 accusati-

2080 2169 2202 2218 vus,
2223 2152 2496 2207 vocativus
2533 2151 2725 2205 breves
2747 2156 2888 2212 sunt,
2936 2148 3026 2202 alii
3056 2157 3165 2206 tres
3213 2145 3357 2216 longi
3405 2154 3546 2200 sunt.
3597 2144 3658 2200 In

2080 2245 2271 2316 plurali
2301 2258 2524 2299 numero
2554 2256 2741 2297 omnes
2772 2242 2980 2295 breves.
3009 2239 3067 2294 In
3088 2239 3274 2308 quinta
3304 2238 3659 2293 declinatione

2084 2337 2378 2406 singulares
2405 2349 2590 2390 omnes
2616 2331 2945 2405 longigsunt,
2986 2329 3088 2384 nisi
3132 2329 3488 2384 accusativus.
3540 2327 3659 2382 Plu-

2084 2431 2244 2496 rales,
2271 2427 2652 2492 nominativus,
2695 2423 3054 2489 accusativus,
3101 2429 3156 2478 et
3203 2418 3482 2477 vocativus
3510 2417 3656 2490 longi

2085 2529 2240 2588 sunt;
2269 2520 2358 2576 alii
2386 2527 2496 2574 tres
2519 2520 2729 2574 breves.

2361 2660 2436 2714 De
2470 2659 2517 2713 vi
2557 2676 2619 2713 ac
2651 2657 2797 2730 varia
2829 2661 3078 2728 potestate
3109 2659 3411 2710 metrorum.

2160 2795 2303 2851 Sane
2332 2794 2458 2864 quia
2489 2793 2545 2847 in
2573 2791 2848 2863 superiore
2872 2787 3052 2844 libello
3076 2788 3141 2844 de
3163 2792 3429 2858 potestate
3458 2761 3661 2839 liitera-

2089 2903 2208 2943 rum
2237 2894 2292 2942 et
2317 2885 2643 2957 syllabarum
2671 2891 2833 2954 atque
2858 2880 3024 2936 variis
3051 2879 3290 2934 omnium
3318 2877 3554 2949 partium
3576 2889 3663 2930 so-

2088 2970 2322 3044 nisfnec
2340 2990 2445 3030 non
2467 2983 2522 3029 et
2550 2974 2746 3045 pedum
2776 2971 2993 3043 regulis,
3022 2977 3282 3039 quantum
3323 2968 3391 3022 ad
3432 2966 3662 3037 primam

2090 3067 2477 3125 institutionem
2537 3063 2772 3119 metricae
2833 3061 2965 3116 artis
3003 3059 3245 3116 suilicere
3293 3056 3519 3121 credidi,
3566 3069 3664 3125 pro

2093 3159 2349 3232 qualitate
2401 3157 2620 3228 ingenii,
2669 3155 2803 3211 satis
2827 3169 2915 3209 me
2950 3153 3070 3218 tibi,
3125 3150 3452 3213 dulcissime,
3497 3162 3664 3218 expo-

2017 3223 2062 3289 δ
2094 3223 2268 3306 suisse
2284 3223 2493 3304 aestimo
2517 3265 2530 3301 :
2560 3252 2806 3317 superest
2817 3253 2876 3299 ut
2890 3243 3058 3314 ipsius
3070 3241 3228 3297 metri
3243 3241 3348 3296 vim
3362 3246 3417 3293 et
3431 3237 3667 3294 subtilis-

2094 3345 2288 3398 simam
2316 3341 2656 3412 positionem,
2687 3347 2849 3408 atque
2872 3337 2942 3393 ob
2965 3351 3123 3405 quam
3153 3348 3395 3399 causam,
3447 3329 3668 3401 quibus-

2094 3448 2198 3504 que
2229 3431 2536 3487 auctoribus
2565 3431 2840 3485 inventum
2871 3427 2957 3483 vel
2981 3427 3284 3482 institutum
3305 3424 3397 3489 sit,
3421 3429 3477 3476 et
3495 3437 3527 3475 a
3549 3419 3670 3491 qui-

2094 3527 2194 3582 bus
2215 3530 2480 3578 mutatum
2507 3521 2593 3576 vel
2619 3521 2885 3575 variatum
2907 3518 3230 3588 reperiatur,
3261 3524 3420 3587 prout
3441 3513 3664 3582 possim,

2094 3615 2150 3671 in
2172 3615 2276 3668 hoc
2301 3612 2464 3668 etiam
2486 3611 2730 3680 sequenti
2760 3609 2941 3665 libello
2988 3606 3267 3677 explicem.
3322 3603 3671 3670 Primumque

2093 3703 2386 3761 notandum
2407 3699 2551 3772 quod
2577 3700 2714 3755 sicut
2738 3715 2768 3753 a
2797 3695 3166 3754 disertissimis
3202 3702 3258 3748 et
3305 3685 3672 3746 veracissimis

2094 3795 2441 3852 historiarum
2466 3792 2856 3848 scrutatoribus
2888 3788 3216 3859 exquisitum
3262 3792 3365 3851 est,
3398 3781 3671 3852 antiquio-

2095 3901 2209 3942 rem
2251 3885 2392 3955 apud
2437 3883 2691 3939 Hebraaos
2719 3897 2876 3952 quam
2905 3881 3047 3951 apud
3087 3877 3314 3952 gentiles
3343 3875 3510 3931 fuisse
3552 3888 3675 3929 car-

2094 3978 2298 4032 minum
2326 3990 2544 4042 curam;
2575 3989 2700 4029 nam
2729 3973 2938 4044 Moyses
2956 3972 3047 4041 qui
3085 3971 3257 4026 Exodi
3307 3977 3362 4024 et
3409 3969 3672 4022 Deutero-

2097 4069 2259 4126 nomii
2287 4068 2496 4125 cantica
2521 4083 2586 4122 ex
2613 4073 2819 4122 ametro
2853 4063 3024 4136 (sicut
3041 4061 3303 4130 Iosephus
3333 4067 3389 4115 et
3416 4058 3674 4129 Origenes

2094 4161 2366 4234 scribunt)
2395 4159 2716 4231 composuit,
2748 4159 2817 4213 ab
2848 4155 3098 4212 omnibus
3127 4167 3264 4224 quos
3309 4150 3484 4207 Graeci
3533 4148 3671 4203 anti-

2095 4256 2382 4328 quissimos
2433 4260 2647 4325 putant,
2703 4251 2884 4308 senior
2924 4246 3341 4320 deprehenditur
3382 4258 3397 4298 :
3440 4242 3672 4298 Homero

2095 4332 2300 4406 scilicet
2324 4356 2380 4404 et
2401 4345 2653 4412 Hesiodo,
2681 4344 3024 4416 Troianoque
3050 4341 3212 4406 bello,
3237 4354 3301 4394 ao
3356 4337 3524 4393 multo
3579 4350 3673 4391 su-

2094 4442 2282 4512 perius
2319 4438 2566 4503 Hercule,
2596 4437 2815 4503 Musaeo,
2858 4435 3010 4500 Lino,
3055 4431 3305 4496 Chirone,
3351 4429 3501 4493 Zeto,
3553 4424 3678 4480 Am-

2021 4571 2072 4635 D
2096 4533 2312 4601 phione,
2340 4529 2559 4594 Perseo,
2578 4527 2812 4598 Orpheo,
2835 4525 3078 4591 Castore,
3093 4523 3327 4588 Polluce,
3346 4518 3674 4589 Esculapio,

2099 4626 2316 4689 Libero,
2345 4623 2627 4686 Mercurio,
2670 4619 2936 4691 Apolline,
2963 4626 3018 4672 et
3042 4615 3256 4673 caeteris
3281 4614 3384 4669 diis
3413 4611 3673 4683 gentium,

2101 4716 2377 4785 sacrisque
2421 4713 2505 4769 vel
2549 4711 2779 4775 vatibus,
2825 4711 2994 4780 ipsius
3033 4721 3246 4775 quoque
3290 4703 3438 4758 Jovis
3488 4699 3677 4772 gestis,

2101 4817 2261 4875 quem
2282 4803 2491 4859 Graecia
2513 4803 2566 4856 in
2598 4815 2723 4856 arce
2745 4798 3042 4855 divinitatis
3063 4794 3362 4851 collOcavi-t.
3397 4791 3680 4862 Siquidem

2103 4903 2157 4950 et
2175 4893 2292 4958 Job,
2325 4907 2484 4962 quem
2514 4891 2668 4946 multi
2698 4889 2865 4961 Moysi
2897 4889 3181 4958 adaequant
3209 4881 3560 4953 temporibus,
3581 4880 3678 4935 iis-
3737 4879 3751 4892 ⁸

2105 4987 2225 5043 dem
2253 4999 2414 5055 supra
2442 4982 2756 5039 memoratis
2782 4980 3139 5051 scriptoribus
3163 4975 3508 5037 testantibus,
3531 4979 3678 5028 totus

2103 5092 2170 5134 ex
2201 5083 2411 5132 ametro
2435 5089 2594 5129 versu
2624 5073 2855 5144 dactylo,
2881 5070 3240 5142 Spondaeoque
3267 5065 3543 5129 decurrit;
3583 5062 3679 5118 sed

2105 5170 2170 5224 de
2194 5168 2284 5223 bis
2299 5166 2508 5238 plenius
2536 5167 2589 5221 in
2613 5165 2982 5236 sequentibus,
3015 5177 3140 5217 cum
3167 5160 3233 5215 de
3251 5156 3544 5229 speciebus
3561 5166 3678 5208 me-

2105 5267 2312 5314 trorum
2330 5257 2730 5328 scripserimus,
2768 5254 3024 5310 dicemus.
3083 5247 3446 5320 Tranquillius
3496 5244 3680 5316 igitur,

2106 5356 2329 5405 vetusta:
2380 5349 2611 5418 scriptor
2635 5345 2894 5408 historiae,
2930 5345 3010 5399 sic
3037 5341 3106 5398 de
3129 5341 3302 5412 poetis
3327 5337 3603 5411 gentilium
3629 5342 3685 5391 et

2110 5439 2176 5494 de
2225 5437 2565 5508 poematibus
2619 5433 2823 5490 refert:
2852 5445 2878 5474 α
2921 5431 3090 5488 «Cum
3135 5431 3369 5502 primum
3413 5425 3685 5491 homines,

2111 5537 2270 5589 exuta
2292 5530 2525 5594 feritate,
2549 5529 2813 5583 rationem
2832 5525 2955 5582 vita:
2966 5526 3167 5581 habere
3188 5523 3495 5593 cmpissent,
3519 5532 3688 5587 seque

2111 5638 2176 5680 ac
2199 5623 2327 5678 deos
2349 5637 2472 5678 suos
2493 5631 2651 5676 nosse
2695 5621 2897 5676 cultum
2948 5619 3215 5675 modicum
3267 5632 3330 5671 ac
3379 5625 3685 5697 sermonem

2112 5714 2494 5781 necessarium,
2525 5713 2966 5769 convenientibus
3008 5711 3109 5768 sibi
3140 5709 3418 5777 utriusque
3445 5701 3689 5774 magniﬁ-
