4100 6324
454 396 557 453 sor

1085 396 1148 451 Β.
1187 392 1441 452 RABANI
1478 388 1697 451 MAURI
1733 388 2019 449 ARCH'IEP

2114 384 2405 450 IOGUNT.
2444 386 2739 448 OMU!
2773 386 2955 458 PARS
2987 390 3074 447 III.
3130 388 3142 401 ”

450 519 680 577 centiam
709 524 764 574 et
793 516 1105 589 reiigionem
1132 518 1353 573 deorum
1400 528 1621 573 suorum
1670 514 2012 587 cxcogitave-
2043 513 2097 577 Α
2118 509 2221 566 Alii
2247 524 2278 565 a
2294 509 2421 566 vino
2441 509 2840 566 arbitrabantur
2858 519 3142 580 propterea
3168 511 3314 581 quod
3332 513 3463 571 cum
3482 522 3603 587 ηιμ
3618 519 3702 574 di.

449 622 597 671 runt.
626 612 794 685 Igitur
817 612 1017 682 templa
1043 611 1148 667 illis
1174 610 1421 667 domibus
1469 607 1800 680 pulchriora,
1852 616 1908 664 et
1959 602 2028 663 sl-

451 704 689 761 mulacra
709 703 1024 773 corporibus
1060 702 1318 771 ampliora
1360 699 1652 756 faciebant.
1689 699 1766 754 Ita
1815 697 2028 767 eloquio

448 794 611 849 etiam
642 794 797 863 quasi
826 793 1130 864 augustiore
1158 791 1504 847 honorandos
1531 795 1875 860 putaverunt,
1901 785 2028 842 ian-

450 884 651 953 desque
679 896 867 937 eorum
893 891 947 935 et
974 882 1152 936 verbis
1177 880 1562 937 illustrioribus
1600 888 1657 937 et
1696 879 2027 949 jocundiori—

448 977 549 1031 bus
574 975 814 1029 numeris
850 972 1174 1030 extulerunt.
1212 973 1270 1028 Id
1294 989 1482 1043 genus,
1504 974 1636 1045 quia
1678 971 1850 1029 forma
1896 988 2027 1044 qua-

449 1067 571 1121 dam
592 1064 836 1132 edicitur,
865 1081 983 1135 qua:
1005 1074 1189 1136 poetes
1211 1064 1453 1138 [poesis]
1483 1066 1696 1130 dicitur,
1725 1080 1913 1135 poema
1936 1081 2029 1121 vo-

449 1157 672 1213 citatum
699 1164 800 1222 est,
827 1154 1047 1227 ejusque
1091 1156 1306 1211 ﬁctores
1334 1164 1533 1226 poetre.
1554 1176 1574 1208 ι
1604 1157 1820 1211 Poetica
1847 1157 2028 1225 itaquel

450 1256 533 1302 est
558 1246 697 1302 ﬁctae
716 1258 927 1302 veraeve
956 1246 1299 1311 narrationis,
1325 1248 1639 1318 congruenti
1660 1246 1914 1318 rhythmo
1962 1260 2026 1301 ac

448 1338 585 1409 pede
610 1338 909 1407 composita
931 1377 946 1404 ,
970 1338 1194 1393 metrica
1224 1346 1516 1403 structura,
1543 1338 1611 1392 ad
1634 1338 1917 1392 utilitatem
1937 1352 2033 1393 vo-

448 1427 813 1498 luptatemque
833 1430 1232 1483 accommodata
1251 1443 1265 1482 :
1284 1427 1509 1483 Metrum
1533 1428 1655 1483 ideo
1672 1436 1884 1493 vocata,
1900 1428 2026 1497 quia

448 1518 610 1573 certis
636 1518 831 1588 pedum
866 1519 1134 1573 mensuris
1162 1534 1226 1573 ac
1253 1519 1441 1589 spatiis
1490 1518 1827 1573 terminatur.
1882 1518 2028 1574 Men-

449 1624 574 1663 sura
606 1610 748 1663 enim
777 1608 962 1665 Griece
991 1598 1169 1686 μὲτρον
1199 1611 1420 1681 dicitur.
1453 1610 1596 1682 Ergo
1621 1624 1762 1665 unus
1791 1626 1886 1680 pes
1914 1626 2026 1667 me-

447 1707 589 1754 trum
612 1715 717 1754 non
753 1706 859 1766 est,
888 1714 989 1755 nec
1015 1716 1154 1755 unus
1179 1706 1237 1754 et
1267 1701 1400 1755 semi
1439 1716 1555 1769 pes,
1609 1701 1731 1771 quia
1789 1709 2022 1756 metrum

446 1790 675 1860 pedibus
695 1791 1009 1856 coniicitur;
1035 1806 1132 1845 nec
1160 1790 1346 1861 utique
1372 1789 1535 1860 pedes
1556 1794 1781 1861 possunt
1805 1790 1910 1847 dici
1933 1791 2023 1847 ubi

2127 602 2434 670 ctitabatur,
2458 617 2489 658 a
2508 616 2615 673 quo
2642 611 2866 674 trygetos
2891 604 3156 674 hodieque
3172 604 3442 661 vindemia
3454 619 3557 676 est,
3571 611 3700 680 quia

2126 694 2401 750 liberalius
2451 695 2590 765 apud
2615 693 2826 749 Atticos
2850 694 2940 748 die
2967 693 3295 751 festoLiberi
3316 696 3495 753 Patris
3515 701 3700 758 vinum

2126 786 2437 840 cantoribus
2461 784 2709 851 dabatur,
2740 783 2893 853 cuius
2911 786 2987 839 rei
3025 787 3179 841 testis
3200 794 3283 842 est
3313 787 3571 844 Lucilius.
3600 790 3704 847 Co-
3786 820 3795 831 -

2128 875 2326 931 mtedia
2355 880 2438 930 est
2464 876 2690 947 privata:
2714 876 2995 946 civilisque
3033 877 3265 932 fortuna:
3290 879 3409 933 sine
3463 882 3704 951 periculo

2125 970 2249 1022 vita:
2268 967 2688 1036 comprehensio.
2719 966 2992 1022 Commdia
3038 968 3178 1029 dicta
3225 972 3328 1026 ἀπὸ
3370 978 3470 1028 τῶν
3497 983 3697 1045 κωμῶν.

2128 1057 2304 1112 Comm
2332 1059 2477 1112 enim
2524 1057 2862 1127 appellantur
2905 1059 3051 1129 pagi,
3099 1059 3280 1125 idest,
3333 1065 3704 1119 conventicula

2128 1149 2473 1203 rusticorum.
2520 1147 2704 1218 Itaque
2757 1149 3011 1219 juventus
3057 1149 3257 1216 Attica,
3302 1162 3361 1206 ut
3394 1154 3469 1207 ait
3507 1153 3701 1222 Varro,

2126 1239 2332 1295 circum
2354 1239 2501 1294 vicos
2528 1239 2606 1296 ire
2635 1239 2790 1295 solita
2831 1239 2997 1295 fuerit
3041 1248 3095 1297 et
3132 1249 3369 1312 quaestus
3413 1244 3495 1300 sui
3540 1262 3703 1303 causa

2127 1329 2230 1385 hoc
2248 1345 2413 1403 genus
2441 1330 2695 1386 carminis
2733 1332 3150 1402 pronuntiabat;
3175 1343 3268 1387 aut
3303 1343 3452 1389 certe
3498 1352 3527 1390 a
3565 1337 3705 1393 ludis

2125 1422 2462 1479 vicinalibus.
2490 1421 2623 1477 Nam
2644 1432 2993 1494 posteaquam
3022 1442 3089 1479 ex
3116 1426 3257 1496 agris
3281 1427 3523 1485 Athenas
3553 1445 3702 1484 com-

2125 1513 2411 1583 migratqu
2431 1520 2534 1577 est,
2565 1523 2621 1568 et
2648 1513 2823 1569 lliladi
2849 1512 2927 1586 [hi
2953 1514 3087 1587 ludi]
3122 1515 3350 1573 instituti
3375 1504 3521 1585 sunt,
3564 1522 3705 1576 sicut

2126 1605 2311 1660 Romae
2329 1605 2684 1678 Compitalici,
2707 1607 2774 1661 ad
2802 1608 3104 1664 canendum
3134 1611 3420 1677 prodibant
3454 1614 3592 1669 etab
3615 1631 3705 1670 ur-

2125 1695 2265 1749 bana
2300 1696 2518 1751 comica:
2569 1697 2704 1753 odte.
2770 1697 2899 1753 Item
2960 1699 3224 1757 commdia
3288 1702 3428 1758 dicta
3484 1714 3565 1760 est
3620 1707 3706 1763 vel

2126 1788 2268 1857 quod
2320 1788 2374 1843 in
2412 1803 2475 1843 ea
2529 1788 2848 1855 viculorum,
2880 1789 2932 1844 id
2983 1798 3066 1845 est
3110 1792 3391 1848 humilium
3430 1795 3702 1866 domuum,

448 1897 717 1952 nusquam
740 1882 848 1936 duo
874 1891 1019 1937 sunt.
1062 1881 1228 1953 Igitur
1276 1892 1506 1938 metrum
1556 1880 1677 1952 plus
1721 1891 1805 1939 est
1859 1901 2017 1954 quam
2048 1876 2094 1936 B
2122 1878 2350 1935 fortunae
2369 1879 2911 1951 comprehendantur,
2934 1896 3039 1937 non
3069 1890 3127 1941 ut
3155 1884 3209 1939 in
3232 1886 3494 1953 tragmdia
3534 1890 3707 1959 publi-

443 1985 584 2028 unus
609 1987 722 2041 pes.
753 1966 926 2028 Distat
949 1974 1157 2042 poetica
1185 1989 1216 2028 a
1240 1981 1485 2043 poemate
1505 1982 1559 2029 et
1580 1974 1730 2044 poesi
1747 1974 1888 2044 quod
1909 1993 2031 2047 poe-

444 2069 550 2124 tica
574 2084 664 2124 ars
697 2068 809 2140 ipsa
836 2068 1168 2140 intelligitur,
1199 2084 1381 2138 poema
1405 2077 1583 2124 autem
1609 2060 1734 2140 pars
1755 2071 1952 2139 operis,
1970 2078 2029 2126 ut

443 2160 733 2231 tragmdia;
758 2162 946 2232 poesis,
979 2162 1215 2217 intextus
1245 2169 1298 2216 et
1319 2177 1515 2233 corpus
1538 2164 1702 2219 totius
1728 2158 1908 2235 operis
1944 2165 2026 2220 ef-

444 2251 594 2318 fecti,
618 2260 677 2307 ut
702 2251 847 2320 Ilias,
873 2246 1131 2325 Odyssea,
1163 2252 1368 2309 A‘Jneis.

509 2361 795 2418 Poematos
823 2378 1017 2436 genera
1045 2371 1171 2418 sunt
1202 2364 1308 2417 tria
1334 2382 1348 2417 :
1380 2372 1474 2418 aut
1502 2364 1645 2420 enim
1676 2367 1907 2422 activum
1941 2366 2026 2422 vel

440 2452 790 2520 imitativum,
818 2457 960 2524 quod
986 2453 1161 2520 Graeci
1190 2455 1517 2510 dramaticon
1571 2456 1655 2512 vel
1694 2460 2023 2527 mimelicon;

442 2552 535 2597 aut
557 2545 918 2599 enarrativum
934 2545 1017 2599 vel
1039 2546 1451 2613 enuntiativum,
1480 2550 1622 2618 quod
1643 2548 1814 2604 Graeci
1842 2568 2024 2622 exege-

439 2640 578 2693 ticon
602 2638 686 2695 vel
706 2639 1064 2710 apangeltieon
1089 2640 1300 2707 dicunt;
1328 2648 1424 2696 aut
1453 2658 1739 2698 commune
1770 2644 1855 2698 vel
1894 2646 2026 2700 mix-

437 2735 552 2781 tum
603 2729 748 2798 quod
794 2728 967 2786 Graeci
996 2731 1178 2789 kasnon
1214 2732 1295 2787 vel
1326 2735 1517 2789 micion
1538 2734 1821 2804 appellant.
1890 2738 2024 2792 Dra-

441 2819 676 2874 matieon
706 2818 790 2874 vel
817 2820 1071 2887 activum,
1112 2822 1166 2876 in
1210 2838 1315 2893 quo
1371 2839 1612 2894 personm
1663 2823 1789 2879 solre
1835 2834 2018 2897 agunt,

439 2907 557 2963 sine
590 2908 750 2966 ullius
782 2917 953 2981 poeta:
994 2911 1425 2980 interlocutione,
1472 2922 1533 2968 ut
1560 2930 1617 2970 se
1666 2914 1865 2971 habent
1908 2923 2025 2971 tra-

441 2996 575 3067 gica:
597 3006 651 3052 et
678 2996 907 3054 eomicae'
946 2999 1168 3069 fabulae;
1220 3018 1326 3075 quo
1371 3020 1566 3075 genere
1619 3005 1879 3076 scriptum
1939 3016 2025 3062 est

326 3102 333 3107 ·
438 3088 609 3157 prima
634 3088 937 3154 Bucolicon,
962 3100 1015 3145 et
1053 3108 1115 3146 ea
1158 3093 1310 3164 cujus
1354 3094 1565 3150 initium
1608 3103 1691 3151 est
1733 3111 1747 3150 :
1794 3096 1908 3163 Quo
1949 3106 2020 3167 te,

441 3175 612 3244 Marri,
629 3181 800 3250 pedes.
828 3182 1151 3253 Exegeticon
1171 3184 1255 3241 vel
1277 3188 1642 3243 enarrativum
1669 3195 1753 3243 est
1802 3188 1855 3242 in
1910 3204 2018 3260 quo

437 3280 595 3341 poeta
625 3272 737 3343 ipse
758 3272 994 3345 loquitur
1013 3277 1128 3332 sine
1144 3277 1302 3335 ullius
1321 3296 1564 3350 persona:
1586 3281 2016 3352 interlocutione,

438 3369 499 3416 ut
523 3378 582 3417 se
604 3364 805 3439 habent
823 3375 932 3422 tres
955 3366 1201 3440 Georgiei
1230 3369 1372 3437 libri,
1392 3372 1638 3442 etprima
1668 3389 1793 3444 pars
1817 3377 2015 3444 quarti.

437 3451 573 3511 Item
598 3455 830 3514 Lucretii
853 3463 1093 3517 carmina
1119 3472 1175 3519 et
1198 3472 1390 3532 caetera
1425 3466 1509 3523 his
1537 3467 1753 3546 similia.
1808 3468 2018 3525 Koenon

435 3546 521 3602 vel
537 3564 819 3613 commune
838 3560 939 3621 est,
967 3554 1020 3608 in
1042 3569 1148 3623 quo
1176 3564 1335 3627 poeta
1362 3557 1475 3626 ipse
1504 3556 1761 3631 loquitur,
1812 3569 1861 3614 ct
1891 3558 2020 3630 per-

440 3653 584 3695 some
639 3642 924 3712 loquentes
974 3646 1407 3713 introducantur,
1451 3658 1511 3704 ut
1554 3651 1753 3721 scripta
1794 3651 1915 3709 llias
1960 3663 2015 3715 et

437 3729 671 3810 Odyssea
697 3741 805 3788 tota
835 3734 1074 3801 Homeri,
1098 3747 1153 3793 et
1173 3738 1363 3795 Λευεὶς
1388 3741 1616 3812 Virgilii,
1637 3752 1691 3797 et
1719 3753 1912 3800 cetera
1930 3745 2016 3803 his

436 3819 650 3875 similia.
704 3820 991 3879 Dramatici
1013 3826 1095 3881 vel
1124 3828 1282 3882 activi
1331 3831 1594 3900 poematis
1642 3835 1846 3903 species
1892 3845 2018 3895 sunt

435 3920 666 3980 quatuor
682 3913 821 3983 apud
849 3913 1091 3985 Graecos;
1122 3920 1349 3990 tragica,
1375 3922 1605 3989 comica,
1632 3926 1885 3996 satyrica,
1911 3927 2013 3983 mi-

390 4026 393 4031 ·
436 4001 604 4068 mica;
632 4002 863 4075 hazapud
894 4006 1166 4064 Romanos
1180 4021 1443 4067 vocantur
1472 4024 1812 4085 praetextata,
1842 4020 2016 4074 taber-

436 4092 605 4157 naria,
635 4094 883 4161 atellana,
915 4099 1172 4171 planipes.
1198 4101 1363 4172 Igitur
1394 4104 1445 4158 in
1479 4107 1679 4177 tragica
1701 4106 2011 4166 Grazcorum

436 4189 518 4236 est
547 4183 777 4240 hernica:
804 4186 1029 4243 fortunae
1059 4192 1111 4243 in
1141 4193 1380 4247 adversis
1412 4197 1840 4266 comprehensio.
1875 4201 2011 4257 Tra-

436 4273 633 4360 goedia,
658 4284 716 4327 ut
736 4276 951 4345 quidam
976 4278 1182 4344 volunt,
1212 4296 1241 4333 a
1264 4293 1412 4353 trago
1450 4294 1505 4339 et
1553 4288 1669 4354 ode,
1721 4289 1859 4344 dicta
1908 4301 2009 4360 est,

435 4359 577 4429 quod
604 4360 1057 4427 oiimauctoribus
1083 4369 1300 4441 tragicis
1326 4383 1523 4445 trugos,
1556 4376 1609 4430 id
1655 4386 1758 4444 est,
1807 4380 2006 4447 hircus,

434 4451 714 4519 praemium
748 4464 951 4537 cantus
1005 4460 1419 4529 proponebatur,
1469 4467 1590 4536 quia
1638 4466 1909 4525 liberalius
1957 4472 2012 4537 in

436 4539 521 4593 die
543 4538 681 4596 fe‘slo
706 4534 774 4598 ob
803 4545 903 4600 hoc
926 4546 1095 4615 ipsum
1118 4534 1511 4616 immolabatur.
1545 4560 1690 4629 quia,
1736 4570 1795 4615 ut
1840 4534 2010 4619 Varro

433 4630 524 4695 ait,
557 4630 849 4703 depascunt
878 4638 1059 4695 vitem.
1087 4640 1150 4695 Et
1173 4641 1423 4703 Horatius
1446 4648 1497 4704 in
1528 4644 1657 4705 Arte
1673 4654 1917 4721 poetica:

559 4748 784 4828 Earinine
806 4753 889 4825 qui
914 4755 1096 4828 tragiro
1131 4756 1271 4828 vilem
1300 4764 1501 4828 certavit
1522 4762 1585 4811 ob
1610 4763 1820 4828 hircum,

558 4809 666 4860 Mox
695 4809 839 4863 etiam
866 4809 1089 4876 agrestes
1113 4826 1299 4880 satyros
1328 4809 1544 4874 nudavit.
1563 4809 1592 4874 ⁷.
1611 4809 1696 4876 -Ϊί

378 4868 385 4879 .
436 4909 577 4983 Virg.
607 4868 939 4991 iuGeorg.i1
975 4937 988 4972 :

552 5028 819 5143 ἕὲδίῗὲἓξη
843 5036 907 5085 ob
930 5037 1118 5102 culpam
1141 5038 1333 5093 Baccho
1353 5052 1501 5107 caper
1519 5043 1744 5095 omnibus
1777 5049 1876 5097 aris

429 5191 535 5246 Alii
570 5204 749 5250 autem
777 5207 963 5266 putant
985 5218 1015 5257 a
1036 5203 1184 5271 fwce,
1213 5221 1373 5276 quam
1420 5205 1732 5266 Grmcorum
1787 5212 2005 5281 quidam

429 5294 577 5353 tryga
608 5288 893 5356 appellant,
920 5295 1235 5361 tragoediam
1285 5298 1638 5365 nominatam,
1684 5317 1780 5371 per
1831 5312 2005 5358 muta-

430 5374 627 5430 tionem
649 5376 969 5445 litterarum,
996 5400 1028 5451 y
1057 5385 1109 5441 in
1136 5403 1171 5440 α
1201 5402 1381 5442 versa:
1410 5391 1550 5460 quod
1590 5391 1736 5457 olim,
1769 5394 2003 5451 nondum

429 5467 673 5534 personis
698 5484 729 5525 a
754 5464 1017 5542 Thespide
1048 5478 1289 5545 repertis,
1323 5479 1457 5534 tales
1485 5479 1688 5537 fabulas
1735 5493 1998 5553 peruncta

428 5568 523 5610 ora
544 5554 764 5614 fascibus
778 5562 1069 5633 agitabant,
1088 5576 1144 5620 ut
1159 5583 1347 5624 rursus
1359 5580 1439 5633 est
1457 5570 1706 5631 lloratius
1722 5575 1873 5630 testis
1890 5575 1994 5630 sic:

550 5688 774 5753 Ignotum
794 5694 989 5752 tragicae
1007 5706 1166 5751 genus
1192 5698 1436 5749 invenisse
1460 5714 1711 5753 camena

596 5755 754 5815 icitur,
780 5764 829 5802 et
854 5755 1076 5826 plaustris
1103 5760 1293 5826 vexisse
1314 5774 1530 5826 poemata
1569 5766 1784 5826 l'hespis,

547 5815 665 5879 Qua
686 5815 921 5869 canerent
940 5829 1242 5891 agerentque
1266 5815 1430 5874 iniecti
1452 5823 1648 5879 lucibus
1668 5815 1771 5883 ora;

2133 1984 2316 2027 carum
2345 1971 2749 2042 regiarumque;
2780 1972 2862 2026 vel
2875 1972 2975 2028 ἀπὸ
2986 1981 3074 2031 ταῦ
3089 1976 3279 2041 κώμου,
3296 1976 3347 2031 id
3362 1985 3444 2033 est
3456 1993 3487 2032 a
3498 1993 3707 2035 comes-

2130 2060 2359 2125 satione,
2386 2061 2512 2132 quia
2537 2060 2664 2116 olim
2692 2062 2747 2123 in
2777 2060 3039 2130 ejusmodi
3069 2062 3266 2120 fabulis
3298 2069 3592 2125 amantium
3615 2071 3707 2143 ju-

2130 2162 2322 2209 venum
2348 2167 2516 2207 coma:
2541 2152 2891 2208 canebantur.
2941 2154 3110 2225 Igitur
3149 2158 3412 2215 commdia
3446 2174 3475 2212 a
3505 2170 3711 2232 tragus-

2127 2243 2216 2299 dia
2235 2242 2433 2311 dill'ert,
2461 2245 2603 2313 quod
2633 2246 2685 2300 in
2728 2245 2991 2317 tragmdia
3043 2247 3459 2304 introducuntur
3487 2251 3700 2317 heroes,

2127 2334 2310 2397 duces,
2344 2349 2528 2406 reges;
2568 2334 2622 2388 in
2648 2335 2931 2400 commdia,
2962 2336 3189 2391 humiles
3234 2346 3394 2407 atque
3436 2341 3700 2411 privata:

2126 2423 2183 2477 in
2204 2424 2291 2478 illa
2317 2424 2511 2490 luctus,
2530 2426 2742 2491 exsilia,
2759 2427 2961 2493 caedes;
2986 2428 3041 2482 in
3065 2428 3166 2483 hac
3187 2444 3422 2496 amores,
3436 2432 3703 2503 virginum

2126 2524 2344 2586 raptus;
2375 2518 2496 2572 dein
2521 2520 2663 2588 quod
2689 2519 2741 2573 in
2775 2518 2862 2573 illa
2891 2518 3206 2591 frequenter
3231 2531 3286 2577 et
3327 2538 3464 2592 pene
3493 2540 3706 2595 semper

2123 2607 2260 2663 laetis
2284 2608 2446 2665 rebus
2478 2610 2658 2667 exitus
2682 2611 2889 2677 tristes,
2913 2620 2968 2667 et
3007 2613 3324 2697 hiberorum
3370 2614 3506 2687 (sic)
3540 2616 3707 2672 fortu-

2125 2715 2427 2770 narumque
2452 2701 2695 2771 priorum
2722 2701 2776 2756 in
2796 2701 2953 2772 pejus
2974 2706 3220 2760 mutatio.
3263 2706 3439 2774 Quare
3467 2706 3569 2763 hac
3610 2724 3705 2764 va-

2125 2790 2206 2845 ria
2233 2788 2552 2847 dillinitione'
2588 2790 2833 2861 discretae
2878 2800 3005 2847 sunt
3055 2794 3198 2862 apud
3251 2793 3467 2850 Graecos
3494 2813 3508 2849 :
3534 2797 3703 2851 altera

2074 2926 2083 2933 .
2124 2882 2265 2936 enim
2313 2880 2625 2939 ἀκινδένοσπι
2672 2881 3026 2956 [initiatione],
3077 2886 3247 2940 altera
3291 2890 3448 2958 τὶχυς
3484 2887 3703 2961 [τύχης]

2122 2977 2444 3047 «cpiarum,
2471 2974 2626 3030 dicta:
2670 2983 2812 3030 sunt.
2860 2976 3103 3031 Tristitia
3149 2992 3381 3048 namque
3427 2980 3705 3049 tragmdias

2122 3066 2427 3135 proprium,
2454 3066 2683 3141 ideoque
2720 3067 3022 3138 Euripides,
3055 3077 3273 3139 petente
3291 3070 3554 3129 Archelao
3576 3087 3703 3143 rege

2126 3164 2182 3212 ut
2206 3157 2273 3212 de
2305 3173 2365 3214 se
2394 3160 2710 3233 tragmdiam
2761 3163 3043 3230 scriberet,
3094 3165 3300 3231 abnuit,
3341 3181 3407 3222 ac
3450 3177 3702 3236 precatus

2046 3227 2092 3289 θ
2122 3263 2205 3309 est
2231 3269 2299 3309 ne
2323 3227 2594 3310 accideret
2613 3228 2877 3312 Archelao
2920 3227 3120 3327 aliquid
3179 3227 3472 3330 tragoediae,
3525 3272 3703 3319 osten-

2121 3345 2252 3401 dens
2279 3346 2413 3405 nihil
2447 3347 2591 3403 aliud
2630 3363 2751 3404 esse
2778 3350 3093 3420 tragmdiam
3142 3366 3304 3420 quam
3356 3353 3699 3411 miseriarum

2118 3439 2672 3510 comprehensionem.
2697 3440 2876 3501 Poetae
2926 3441 3086 3510 primi
3134 3442 3349 3507 comici,
3397 3441 3696 3510 Sussurim,

2117 3529 2300 3586 Bullus
2318 3541 2376 3587 et
2394 3531 2611 3603 Magnes
2634 3551 2647 3586 :
2673 3533 2726 3588 bi
2752 3534 2948 3589 veteris
2969 3533 3529 3605 discipliuejocularia
3547 3550 3697 3603 quaa-

2119 3622 2242 3684 dam
2268 3623 2446 3681 minus
2465 3625 2600 3679 scite
2622 3640 2688 3680 ac
2708 3633 2916 3680 vetuste
2961 3625 3399 3695 pronuntiabant.
3451 3625 3693 3682 Secunda

2117 3721 2273 3781 aetate
2300 3712 2518 3769 fuerunt
2541 3715 2951 3786 Aristophanes,
2983 3716 3201 3787 Eupolis
3224 3725 3280 3775 et
3306 3716 3581 3781 Horatius,
3596 3717 3690 3787 qui

2114 3816 2171 3863 et
2194 3808 2495 3878 principum
2517 3808 2648 3864 vitia
2696 3810 2943 3866 resectati
2989 3808 3282 3881 [insecuti]
3319 3810 3694 3869 aeervissimas

2114 3900 2410 3955 commdias
2427 3909 2861 3970 composuerunt.
2902 3899 3082 3965 Tertia
3107 3906 3239 3956 aetas
3265 3898 3366 3955 fuit
3391 3900 3691 3965 Menandri.

2114 3993 2253 4053 Phili
2281 4002 2335 4050 et
2364 3994 2712 4060 Philemwis,
2733 3996 2827 4064 qui
2856 4008 3071 4053 omnem
3096 3995 3445 4051 acervitatem
3486 4008 3687 4051 comos-

2115 4086 2215 4143 diaz
2245 4087 2644 4157 mitigaverunt,
2673 4097 2835 4156 atque
2858 4096 3173 4158 argumenta
3198 4086 3511 4157 multiplicia
3536 4086 3687 4143 Grae-

2115 4177 2193 4231 cis
2215 4179 2491 4233 erroribus
2524 4179 2694 4234 secuti
2732 4186 2857 4236 sunt
2889 4198 2903 4233 :
2935 4180 3004 4236 ab
3056 4180 3143 4235 his
3193 4178 3420 4234 Romani
3480 4176 3690 4233 fabulas

2114 4267 2523 4333 transtulerunt,
2555 4279 2611 4324 et
2659 4278 2872 4326 constat
2927 4271 3069 4340 apud
3117 4271 3236 4326 illos
3274 4271 3450 4340 primo
3498 4270 3689 4326 Latino

2113 4376 2363 4419 sermone
2382 4361 2702 4419 commdiam
2727 4362 2972 4419 Lihmum
2993 4361 3359 4427 Andronicum
3383 4361 3682 4431 scripsisse.

2114 4451 2252 4507 Sunt
2277 4453 2370 4522 qui
2392 4452 2582 4509 volunt
2600 4453 3045 4523 Epicharmurnin
3060 4453 3211 4509 Choo
3235 4453 3408 4508 insula
3434 4452 3688 4509 exsulan-

2034 4596 2089 4659 Β
2114 4550 2220 4597 tem
2245 4544 2475 4623 primum
2507 4544 2613 4600 hoc
2646 4561 2861 4600 carmen
2885 4544 3274 4615 frequentatae,
3302 4554 3358 4601 et
3388 4546 3469 4605 sic
3487 4561 3519 4601 ι
3538 4545 3688 4601 Chao

2120 4634 2434 4659 --_.M.1:.....
2468 4635 2566 4659 ,πλε
2626 4636 2782 4659 .--ω
2813 4637 2990 4659 ε.----.ι
3024 4637 3284 4659 “LA---
3316 4654 3418 4659 μ--
3442 4637 3683 4659 ﬂung-

2117 4634 2436 4691 commdiam
2464 4635 2589 4691 dici.
2614 4636 2787 4691 Antea
2800 4637 2994 4706 itaque
3019 4637 3288 4708 galeribus
3316 4654 3423 4692 non
3442 4637 3687 4708 personis

2111 4723 2419 4789 utebantur,
2443 4734 2501 4779 ut
2517 4726 2748 4794 qualitas
2772 4725 2971 4788 coloris
2994 4726 3246 4783 indicium
3269 4726 3470 4781 faceret
3490 4727 3683 4792 aetatis,

2111 4829 2233 4869 cum
2254 4823 2434 4869 essent
2456 4825 2546 4869 aut
2568 4816 2694 4879 albi,
2720 4823 2809 4869 aut
2834 4816 2993 4886 nigri,
3017 4825 3109 4870 aut
3133 4817 3251 4870 ruﬁ.
3286 4818 3537 4872 Personis
3559 4831 3686 4873 vero

2110 4905 2185 4957 uti
2214 4906 2418 4972 primus
2450 4905 2614 4974 coepit
2643 4904 2873 4960 Ruseius
2896 4905 3098 4973 Gallus,
3133 4908 3432 4977 praecipuus
3468 4907 3681 4974 histrio,

2107 4996 2248 5062 quod
2276 4995 2447 5050 oculis
2468 4996 2673 5051 eversis
2696 5004 2877 5061 erant,
2904 5013 3007 5052 nee
3041 4997 3177 5053 satis
3204 4998 3435 5053 decorus
3455 4998 3509 5052 in
3556 5014 3681 5069 per—

2098 5086 2247 5140 sonis
2268 5087 2562 5161 parasitum
2615 5089 3015 5160 pronuntiabat.
3081 5089 3272 5161 Satyra
3323 5090 3523 5145 dicitur
3563 5104 3682 5144 car-

2099 5192 2244 5244 men,
2277 5194 2377 5233 nec
2404 5179 2617 5248 quidem
2640 5181 2779 5251 apud
2816 5180 3088 5238 Romanos
3112 5182 3455 5247 maledicum,
3506 5190 3562 5237 et
3614 5181 3680 5236 ad

2101 5271 2363 5341 carpenda
2385 5260 2659 5326 hominum
2687 5271 2815 5326 vitia
2841 5273 3004 5327 arche
3030 5270 3227 5346 [acre]
3250 5272 3528 5329 commdize
3552 5272 3680 5326 cha-

2101 5370 2313 5415 ractere
2342 5362 2695 5431 compositum
2729 5379 2743 5416 :
2780 5363 2938 5433 quale
2967 5363 3296 5434 scripserunt
3320 5363 3577 5429 Lucilius,
3623 5373 3678 5417 et

2108 5450 2378 5517 Horatius,
2401 5460 2455 5507 et
2478 5450 2711 5517 Persius,
2739 5460 2794 5508 et
2818 5453 2945 5508 olim
2981 5453 3261 5522 Carmem;
3296 5454 3677 5527 ideoquequod

2106 5558 2171 5597 ex
2206 5545 2369 5599 variis
2423 5545 2754 5615 poematibus
2783 5547 3082 5611 constabat,
3137 5558 3317 5621 satyra
3360 5548 3675 5613 vocabatur,

2105 5633 2261 5715 quale
2289 5636 2619 5707 scripserunt
2647 5638 2909 5693 Pacuvius
2929 5649 2981 5694 et
3004 5640 3222 5696 Ennius.
3262 5639 3452 5710 Satyra
3496 5648 3678 5696 autem

2104 5724 2268 5792 dicta,
2301 5738 2360 5782 ut
2382 5726 2470 5782 alii
2495 5728 2700 5793 volunt,
2731 5729 2843 5784 sive
2874 5745 2904 5783 a
2933 5730 3144 5802 satyris,
3173 5731 3313 5802 quod
3343 5730 3594 5787 similiter
3617 5730 3673 5785 in

2102 5818 2208 5883 hoc
2231 5820 2467 5881 carmine
2489 5819 2728 5880 ridiculae
2748 5835 2835 5880 res
2857 5818 3227 5903 pudendaequc
3252 5821 3523 5894 dicuntur,
3552 5836 3676 5904 quae
