4100 6324
435 410 538 468 669
1251 412 1637 473 sxcnap'no
1675 414 1762 471 ne
1797 412 1985 472 aurs
2019 392 2469 474 amntium
2501 414 2855 474 mecum.
3569 426 3674 489 δτι

431 526 581 582 velut
604 539 637 580 a
667 525 862 598 satyris
882 526 1230 597 proferuntur
1263 536 1323 585 et
1349 530 1502 584 tiunt.
1550 530 1677 586 Sive
1702 538 1887 603 satyra
1922 530 2002 585 di-
2028 532 2081 595 Α
2103 536 2418 601 praetextata
2454 539 2699 599 amatur,
2734 534 2787 588 in
2838 532 3099 603 ejusmodi
3131 533 3327 594 fabulis
3357 548 3478 594 acta
3524 556 3671 603 com-

431 620 573 675 citur
599 634 632 672 a
656 617 828 684 lance,
849 634 969 689 qua:
995 620 1195 676 referta
1217 621 1385 677 variis
1407 621 1703 692 multisque
1746 623 2000 693 primitiis
2102 623 2525 693 prehendatur.
2571 622 2819 680 Secunda
2865 626 3070 693 species
3092 635 3176 681 est
3200 633 3521 697 togatarum,
3552 647 3672 701 qua

432 712 487 767 in
519 712 688 767 sacris
706 713 848 782 apud
870 713 1073 783 priscos
1100 713 1472 778 deferebatur;
1502 723 1557 770 et
1582 730 1615 769 ι
1642 715 1792 784 copia
1820 731 1885 770 ac
1910 732 1998 771 sa-
2102 713 2420 768 tabernariis
2455 714 2727 777 dicuntur,
2759 724 2814 768 et
2850 715 3150 769 humilitate
3192 730 3569 787 personarum,
3614 730 3671 781 et

431 803 650 858 turitate
677 803 759 857 rei
782 811 967 874 satyra
993 805 1302 869 vocabatur,
1328 804 1480 873 cuius
1511 806 1729 877 generis
1765 805 1999 861 lancina
2100 813 2536 875 argumentorum
2569 805 2921 860 similitudine
2941 807 3223 862 comoediis
3247 822 3422 878 pares.
3466 810 3527 865 la
3550 813 3671 882 qui-

427 901 484 948 et
510 892 762 966 Virgilius
789 895 842 950 in
883 894 1163 967 Georgicis
1202 897 1465 963 meminit,
1515 913 1635 953 cum
1683 899 1787 953 hoc
1839 899 1998 953 modo
2097 898 2328 952 bustum
2357 898 2701 969 magistratus
2744 910 2984 968 regesve,
3026 900 3123 954 sed
3151 901 3380 956 humiles
3422 904 3669 963 homines

427 984 601 1039 dicit:

576 1092 817 1146 Lancibus
836 1100 887 1146 et
910 1094 1081 1160 pondls
1101 1097 1331 1149 fumantia
1353 1098 1603 1152 reddimus
1625 1106 1763 1152 exta.

426 1175 493 1231 Et
520 1176 712 1231 idem:

575 1267 860 1332 Laneeaqne
879 1278 931 1321 et
953 1272 1053 1320 liba
1075 1271 1292 1323 feremus
1312 1287 1326 1335 ;

422 1372 534 1427 sive
559 1386 588 1426 a
614 1372 843 1443 quodam
871 1390 1066 1445 genere
1087 1372 1385 1431 farciminis
1432 1375 1688 1433 refertum
1736 1378 1989 1455 [referti]

420 1475 473 1518 et
494 1464 708 1535 polenta
734 1472 787 1520 et
810 1466 1010 1520 nucleis
1032 1467 1161 1536 pini,
1191 1474 1245 1521 et
1270 1483 1299 1521 a
1326 1468 1498 1523 mulso
1556 1472 1849 1541 conspersi.
1908 1472 1990 1527 Ad

418 1554 535 1612 haec
562 1557 650 1610 alii
682 1559 906 1623 addunt,
936 1567 990 1613 et
1016 1554 1080 1615 de
1108 1556 1249 1614 malo
1267 1561 1463 1629 punico
1492 1578 1677 1633 grana.
1738 1564 1843 1618 Alii
1888 1580 1985 1619 au-

419 1641 524 1703 tem
554 1650 751 1709 dictam
780 1659 1018 1720 putanta
1059 1651 1174 1720 lege
1221 1650 1431 1723 Satyra,
1487 1668 1605 1723 (pun
1646 1670 1752 1708 uno
1796 1664 1985 1727 rogatu

415 1739 581 1792 multa
613 1740 1035 1809 comprehendit,
1085 1740 1227 1811 quod
1258 1743 1462 1798 scilicet
1482 1751 1533 1797 et
1580 1747 1814 1816 satyrico
1858 1763 1982 1803 car-

414 1829 561 1882 mine
587 1829 753 1882 multa
782 1829 939 1883 simul
967 1838 1216 1899 poemata
1244 1834 1786 1903 comprehenduntur,
1828 1838 1980 1908 cujus

413 1927 607 1989 satyrae
632 1921 761 1990 legis
788 1921 1024 1977 Lucilius
1046 1926 1288 1979 meminit
1316 1927 1367 1979 in
1392 1926 1582 1995 primo,
1621 1943 1716 1999 per
1743 1939 1980 1999 satyram

412 2012 617 2065 aedilem
641 2010 863 2077 factum,
887 2013 977 2083 qui
1003 2014 1209 2086 legibus
1232 2016 1419 2070 solvat.
1453 2017 1652 2085 Quarta
1675 2021 1881 2089 species
1902 2027 1984 2076 est

413 2101 667 2163 dramatis
697 2103 837 2175 apud
864 2106 1100 2171 Grmcos,
1126 2120 1245 2175 qua:
1298 2107 1510 2162 mimica
1570 2108 1786 2175 dicitur,
1841 2111 1983 2179 quod

413 2210 591 2250 rerum
620 2196 974 2252 humanarum
1014 2198 1272 2253 imitatrix
1301 2200 1398 2264 sit;
1433 2208 1514 2254 est
1538 2208 1668 2272 ergo
1718 2204 1983 2258 sermonis

411 2287 697 2356 cujuslibet
754 2291 871 2345 sine
911 2293 1233 2357 reverentia,
1286 2292 1369 2347 vel
1432 2291 1695 2347 factorum
1748 2294 1981 2362 turpium

410 2395 533 2435 cum
565 2380 779 2437 lascivia
810 2383 1058 2449 imitatio,
1090 2384 1214 2454 quia
1245 2384 1488 2454 quaedam
1527 2384 1718 2440 fabulae
1765 2402 1795 2440 a
1841 2398 1974 2456 poe-

409 2469 478 2525 tis
499 2470 804 2527 Graecorum
832 2473 905 2527 ita
926 2476 1400 2553 componebantur,
1423 2485 1482 2531 ut
1504 2477 1779 2546 aptissime
1803 2478 1983 2532 essent

408 2561 575 2616 motui
603 2564 864 2633 corporis.
902 2564 1102 2621 Fabula
1146 2569 1289 2622 enim
1323 2578 1353 2622 a
1383 2567 1584 2623 Graecis
1620 2569 1816 2623 dicitur
1838 2573 1982 2646 παρὰ

406 2655 463 2710 τὸ
490 2653 634 2731 δρᾷν,
665 2656 718 2711 id
742 2662 846 2722 est,
878 2672 1058 2728 agere,
1094 2660 1239 2729 quod
1265 2673 1362 2729 per
1381 2667 1533 2715 actus
1555 2667 1609 2715 et
1658 2676 1755 2731 per
1803 2671 1980 2718 motus

408 2744 615 2815 aliquos
643 2750 815 2820 magis
837 2752 1228 2806 ostenderetur.
1257 2751 1390 2807 Nam
1419 2760 1472 2807 et
1500 2752 1585 2823 agi
1641 2751 1821 2808 fabula
1873 2770 1977 2808 non

405 2837 595 2893 referri
622 2834 690 2895 ab
726 2842 996 2897 actoribus
1018 2840 1230 2907 dicitur,
1261 2843 1355 2898 sed
1384 2828 1560 2898 tam8n
1589 2843 1643 2898 in
1669 2842 1873 2899 Latinis
1901 2843 1980 2899 fa-

402 2928 543 2989 bulis
562 2935 711 3005 plura
738 2942 864 2991 sunt
891 2937 1100 2992 cantica
1136 2952 1254 3007 quae
1280 2947 1566 2992 canuntur.
1597 2934 1827 3007 ideoque
1871 2934 1979 2993 ﬂo-

404 3022 571 3078 ratius
628 3030 885 3094 utraSque
930 3025 1026 3080 has
1075 3025 1493 3097 significationes
1568 3026 1975 3100 interpretatur,

404 3112 525 3168 cuin
556 3114 625 3169 ita
648 3115 714 3170 de
739 3108 913 3171 fabula
938 3116 1066 3172 dicit
1095 3136 1108 3171 :

527 3226 624 3277 Aut
658 3228 822 3290 agitur
845 3240 925 3278 res
944 3230 989 3277 in
1016 3229 1197 3292 scenis,
1225 3235 1309 3280 aut
1332 3234 1436 3280 acta
1456 3226 1693 3283 refertur.

481 3325 647 3398 lgilur
696 3326 867 3383 Latini
926 3329 1025 3385 has
1067 3336 1297 3400 quatuor
1346 3312 1505 3402 supra
1554 3332 1727 3388 dictas
1770 3312 1975 3403 species

402 3418 513 3513 suis
556 3420 786 3489 pr0priis
828 3421 1169 3513 appellavere,
1193 3424 1520 3489 nominibus,
1562 3426 1702 3483 sicut
1728 3427 1977 3495 superius
2072 3418 2551 3513 iggna‘;,,;ﬁ,,,,
2587 3418 2617 3511 ᾖ

393 3507 507 3579 jam
533 3510 1089 3576 commemoravimus,
1122 3508 1173 3566 id
1200 3519 1300 3576 est,
1335 3513 1591 3584 tragicam
1626 3515 1809 3570 dixere
1844 3531 1976 3586 prae-

401 3606 683 3663 textatam,
713 3600 1081 3670 comicamquc
1122 3603 1502 3670 tabernariam,
1524 3606 1812 3676 satyricum
1842 3621 1974 3676 quo-

400 3705 504 3762 que
549 3690 881 3756 attellanam,
906 3700 961 3746 et
988 3691 1256 3749 mimicam
1299 3694 1656 3765 planipedcm.
1701 3696 1805 3753 Sed
1835 3698 1974 3754 sicut

400 3780 618 3840 Graecas
651 3784 1051 3854 appellationes.
1081 3786 1213 3856 quid
1232 3786 1473 3842 valerent
1516 3788 1807 3843 secundum
1837 3790 1976 3845 anti-

401 3893 629 3947 quorum
679 3892 917 3943 sensum,
975 3878 1275 3935 edisserere
1317 3879 1652 3946 curavimus;
1698 3882 1777 3935 sic
1803 3883 1969 3937 etiam

400 3968 641 4032 Latinas,
684 3983 803 4038 qua;
842 3969 1011 4039 magis
1053 3977 1319 4025 nostrates
1357 3977 1501 4035 sunt,
1547 3986 1815 4041 exponere
1862 3988 1971 4029 non

400 4059 887 4133 praetermittamus.
964 4058 1258 4132 Tragtediae
1314 4061 1517 4117 scilicet
1567 4071 1622 4117 et
1696 4064 1972 4121 comoedia:

401 4150 553 4205 initio
567 4146 705 4221 apud
738 4150 958 4206 Latinos
983 4159 1173 4221 togata:
1196 4152 1532 4219 dicebantur,
1547 4155 1689 4223 quod
1714 4156 1971 4224 omniain

401 4241 610 4312 publico
662 4230 863 4298 honore
904 4240 1124 4297 confusa
1180 4240 1536 4297 cernebantur
1561 4284 1576 4309 ,
1623 4260 1741 4314 qua:
1778 4253 1972 4315 togata:

399 4343 582 4405 postea
614 4336 667 4390 in
704 4343 1045 4404 prmtextatas
1100 4345 1155 4389 et
1202 4334 1534 4389 tabernarias
1571 4336 1967 4391 dividebantur.

404 4421 615 4493 Togata:
645 4422 836 4478 fabulae
880 4425 1153 4489 dicuntur,
1195 4440 1312 4492 qua:
1354 4427 1566 4494 scriptae
1603 4435 1731 4480 sunt
1782 4442 1971 4481 secun-

402 4517 527 4571 dum
567 4515 700 4569 ritus
748 4522 801 4569 et
848 4513 1062 4567 habitus
1102 4512 1375 4568 hominum
1427 4522 1749 4585 togatorum,
1800 4517 1851 4571 id
1890 4522 1971 4571 est

402 4606 793 4661 Romanorum:
828 4613 947 4676 toga
976 4619 1202 4673 namque
1230 4604 1466 4659 Romana
1479 4613 1581 4671 est;
1600 4606 1737 4659 sicut
1757 4605 1971 4661 Graecas
1996 4596 2049 4657 Ι)

357 4757 363 4762 ,
400 4698 608 4754 fabulas
638 4700 703 4754 ab
727 4698 907 4753 habitu
937 4713 1085 4766 teque
1112 4696 1355 4766 palliatus
1390 4696 1557 4752 Varro
1583 4699 1657 4751 ait
1683 4700 1967 4754 nominari.

403 4792 509 4847 Sed
534 4801 586 4846 et
610 4791 711 4845 hoc
757 4788 1045 4844 notandum
1073 4787 1214 4858 quod
1246 4798 1412 4858 togas,
1444 4803 1566 4841 CIIII]
1594 4788 1664 4842 sit
1721 4788 1971 4858 generale

402 4898 615 4946 nomen,
643 4880 947 4950 specialiter
976 4888 1153 4932 tamen
1181 4893 1279 4948 pro
1312 4878 1627 4931 tabernariis
1654 4894 1760 4933 non
1812 4879 1971 4935 modo

400 4973 697 5030 communis
722 4988 874 5026 error
900 4979 1133 5042 usurpat,
1165 4971 1291 5039 quia
1315 4968 1459 5024 fauni
1489 4978 1696 5040 togatas
1716 4970 1968 5042 appellat,

401 5066 493 5120 sed
526 5074 579 5119 et
606 5072 795 5135 poetae,
821 5072 877 5118 ut
920 5061 1191 5129 Horatius,
1222 5062 1344 5134 quia
1372 5062 1485 5117 ait:
1582 5080 1587 5087 ·

502 5178 613 5227 ‘Vel
635 5180 717 5241 qui
750 5186 1014 5241 praetextas
1030 5214 1047 5241 ,
1084 5175 1161 5227 vel
1183 5180 1264 5239 qui
1288 5176 1504 5225 docuere
1529 5181 1737 5237 togatas.

472 5263 796 5351 'l‘ogatarum
835 5280 1135 5337 fabularum
1168 5280 1377 5351 species
1404 5288 1483 5335 tot
1525 5279 1638 5333 fere
1682 5286 1807 5333 sunt
1844 5286 1974 5348 quot

399 5380 455 5427 et
486 5373 845 5443 palliatarum.
878 5372 1011 5428 Nam
1044 5372 1231 5442 primae
1256 5371 1464 5441 species
1490 5377 1616 5425 sunt
1644 5377 1970 5441 togatarum,

401 5479 522 5535 quin
567 5474 896 5536 prtetextatae
948 5466 1216 5531 dicuntur,
1257 5465 1309 5519 in
1343 5464 1538 5533 quibus
1583 5463 1968 5533 imperatorum

400 5561 612 5629 negotia
637 5559 931 5631 agebantur
956 5566 1011 5615 et
1036 5558 1251 5627 publice
1269 5572 1423 5628 reges
1446 5555 1670 5611 Romani
1699 5555 1784 5609 vel
1810 5556 1973 5613 duces

402 5649 747 5719 inducuntur,
808 5665 1160 5723 personarum
1219 5649 1477 5720 dignitate
1520 5656 1576 5704 et
1620 5661 1971 5718 personarum

402 5747 733 5805 sublimitate
785 5746 1063 5820 tragtediis
1117 5743 1336 5800 similes.
1402 5742 1736 5797 Praetextatus
1788 5748 1971 5794 autem

405 5845 678 5917 dicuntur,
719 5844 844 5921 quia
887 5843 1001 5903 fere
1048 5852 1238 5921 regum
1273 5839 1359 5936 vel
1411 5837 1843 5912 magistratuum,
1879 5834 1972 5911 qui

2096 995 2155 1041 et
2202 988 2429 1058 privatas
2470 988 2663 1042 domus
2708 988 3138 1055 introducantur,
3191 1004 3315 1061 quae
3360 1006 3483 1046 cum
3538 992 3668 1053 olim

2094 1076 2290 1136 tabulis
2333 1086 2658 1151 tegerentur,
2708 1081 3031 1135 tabernaria
3073 1082 3427 1138 vocabantur.
3479 1083 3664 1141 Tertia

2093 1171 2303 1240 species
2334 1178 2420 1226 est
2460 1170 2765 1225 fabularum
2827 1171 3164 1236 Latinarum,
3200 1188 3319 1241 qua
3364 1184 3397 1228 a
3450 1174 3668 1233 civitate

2092 1262 2353 1316 Oscorum
2412 1262 2603 1325 Atella,
2635 1276 2669 1316 ι
2695 1277 2800 1330 qua
2844 1262 3079 1332 priurum
3126 1273 3338 1333 coeptae,
3390 1265 3667 1334 appellata

2091 1363 2215 1409 sum
2248 1354 2507 1421 atellanae,
2556 1355 2884 1425 argumentis
2934 1355 3197 1424 dictisque
3232 1355 3564 1426 iocularibus
3588 1358 3664 1413 si-

2090 1444 2246 1498 miles
2289 1444 2537 1515 satyricis
2581 1444 2776 1499 tabulis
2807 1442 3026 1500 Graecis.
3078 1443 3281 1510 Quarta
3329 1447 3533 1515 species
3580 1454 3665 1502 est

2087 1532 2402 1605 planipedis,
2461 1535 2550 1602 qui
2601 1533 2785 1589 Graece
2834 1534 3031 1589 dicitur
3081 1538 3263 1605 pip-oc;
3317 1536 3436 1591 ideo
3480 1545 3661 1593 autem

2087 1623 2278 1678 Latine
2302 1624 2540 1694 planipes
2572 1625 2765 1689 dictus,
2793 1624 2935 1705 (god
2974 1633 3187 1681 actores
3213 1625 3443 1694 pedibus
3468 1627 3660 1695 planis,

2086 1715 2139 1769 id
2177 1722 2259 1769 est
2299 1715 2474 1779 nudis,
2501 1714 2847 1784 proscenium
2887 1714 3213 1779 introirent;
3246 1730 3351 1769 non
3382 1723 3443 1770 ut
3471 1715 3661 1785 tragici

2084 1810 2314 1871 actores,
2340 1821 2465 1861 cum
2487 1807 2798 1873 cothurnis;
2822 1821 2997 1876 neque
3009 1815 3068 1860 ut
3095 1807 3441 1872 comici,cum
3465 1808 3661 1872 soccis;

2012 1893 2059 1952 Β
2085 1899 2199 1955 sive
2235 1900 2379 1969 quod
2417 1899 2545 1953 olim
2579 1915 2684 1954 non
2710 1900 2768 1953 in
2797 1909 3053 1969 suggesta
3083 1913 3279 1964 scenae,
3306 1899 3397 1954 sed
3429 1900 3482 1954 in
3501 1899 3663 1968 plano

2083 1992 2325 2049 orcistrae
2374 1991 2567 2062 positis
2628 1990 3000 2047 instrumentis
3055 1990 3286 2046 mimicis
3346 1990 3658 2045 actitahant.

2083 2084 2252 2154 Cujus
2314 2083 2619 2154 planipedis
2671 2092 2790 2139 acta
2836 2093 3139 2154 togatarum
3199 2084 3433 2153 scriptor
3478 2085 3551 2138 ita
3602 2084 3657 2137 in

2081 2178 2296 2235 aedilitia
2328 2177 2507 2232 fabula
2548 2178 2833 2233 meminit:
2863 2178 3035 2233 Datur
3086 2179 3143 2231 in
3182 2188 3257 2233 est
3304 2178 3539 2234 Scaurus
3570 2195 3661 2233 ea:-

2082 2271 2244 2327 sitttat
2272 2272 2542 2341 plum‘pes;
2592 2271 2638 2325 si
2683 2284 2818 2340 quas
2872 2278 3053 2325 tamen
3103 2280 3172 2325 ex
3231 2271 3407 2331 soccis
3450 2269 3659 2327 fabulas

2084 2362 2342 2427 iecerant,
2396 2362 2600 2433 palliati
2638 2360 3078 2431 pronuntiabant.
3142 2360 3343 2429 Togata
3366 2376 3399 2417 a
3427 2369 3661 2429 prietes-

2082 2464 2195 2511 tata
2230 2456 2487 2526 tragmdia
2538 2454 2736 2520 dill‘ert,
2772 2454 2914 2523 quod
2941 2454 2997 2508 in
3043 2451 3307 2523 tragmdia
3355 2453 3548 2509 heroes
3577 2452 3661 2509 in-

2082 2549 2456 2610 troducantur,
2486 2553 2546 2600 ut
2577 2544 2853 2600 Pacuvius
2896 2543 3191 2614 tragmdias
3231 2543 3537 2603 nominibus
3560 2544 3658 2598 he-

2082 2638 2249 2693 roicis
2284 2637 2518 2705 scripsit,
2549 2633 2815 2700 Orestem,
2845 2635 3092 2700 Chriseu,
3120 2643 3176 2691 et
3207 2634 3295 2690 bis
3348 2634 3561 2689 similia.
3597 2632 3657 2688 la

2078 2733 2393 2798 praetentam
2423 2734 2625 2791 autem,
2650 2740 2756 2794 qua
2782 2725 3149 2781 inscribuntur
3185 2725 3401 2781 nomina
3442 2724 3655 2790 Latina,

2080 2829 2142 2875 ut
2165 2820 2363 2875 Brutus
2383 2819 2467 2875 vel
2504 2819 2717 2874 Decius.
2745 2817 2879 2873 Item
2918 2817 3200 2875 Marcellus
3229 2817 3313 2873 vel
3349 2816 3656 2883 Africanus,

2080 2919 2136 2966 et
2166 2912 2252 2966 his
2289 2909 2503 2966 similia.
2537 2908 2737 2980 Togata
2767 2909 3070 2964 tabernaria
3096 2923 3125 2962 a
3154 2907 3418 2965 actuariis
3452 2906 3655 2973 diﬁbrt,

2080 3001 2227 3072 quod
2252 3000 2307 3055 in
2332 3000 2594 3056 comoedia
2628 2999 2804 3055 Graeci
2834 2999 2971 3053 ritus
3009 2998 3355 3062 inducuntur,
3386 3012 3656 3071 persultar-

2079 3106 2185 3163 que
2231 3096 2441 3163 gracaa,
2466 3100 2527 3147 ut
2562 3090 2789 3155 Laches,
2841 3088 3108 3155 Sostrata,
3160 3088 3315 3153 Geta,
3369 3089 3652 3159 Demipho;

2080 3185 2135 3240 in
2163 3183 2251 3238 illa
2280 3199 2407 3238 vero
2434 3182 2656 3238 Latinae.
2690 3180 2922 3253 Togatas
2965 3181 3300 3239 tabernariat
3330 3179 3384 3235 in
3437 3176 3655 3239 scenam

1910 3308 1919 3319 -
1998 3240 2047 3306 ο
2075 3274 2392 3339 dataverunt
2425 3274 2692 3344 praecipue
2719 3240 2845 3336 duo,
2889 3268 3178 3333 Aﬂ‘ranius,
3205 3280 3260 3325 et
3286 3269 3351 3326 G.
3370 3269 3651 3338 Quintius;

2075 3383 2199 3423 nam
2257 3366 2540 3421 Terentius
2592 3371 2648 3419 et
2716 3363 2916 3418 Caelius
2954 3362 3249 3419 comoedias
3300 3363 3651 3430 scripserunt.

2672 3454 2859 3511 Graeca
2897 3454 3129 3526 satyriea
3181 3452 3379 3518 diti‘ert,
3426 3454 3568 3522 quod
3597 3452 3655 3508 in

2075 3550 2305 3620 satyrica
2333 3548 2448 3602 fere
2479 3555 2779 3617 satyrorum
2808 3559 3052 3615 persona:
3094 3544 3445 3608 inducuntur,
3473 3550 3569 3598 aut
3604 3540 3656 3598 si

2074 3654 2194 3712 qua:
2220 3647 2348 3694 sunt
2383 3637 2624 3693 ridiculae
2662 3633 2867 3691 similes
2893 3635 3111 3705 satyris,
3143 3640 3202 3686 ut
3232 3632 3435 3695 Olicus,
3490 3630 3649 3687 Bosi-

2044 3755 2049 3761 η
2074 3720 2226 3785 ridis.
2272 3728 2331 3784 In
2366 3727 2614 3783 attellana
2646 3735 2827 3781 autem
2845 3740 2986 3780 escae
3014 3738 3277 3794 personae,
3302 3729 3365 3776 ut
3395 3720 3629 3779 Maccus.

2144 3819 2530 3890 Exegematici,
2560 3817 2613 3871 id
2638 3825 2742 3882 est,
2773 3814 3088 3880 enarrativi,
3133 3814 3397 3884 poematis
3443 3812 3654 3883 species

2074 3921 2199 3970 sunt
2242 3922 2374 3978 tres,
2414 3909 2730 3981 angeliticae,
2783 3908 3073 3971 historicas,
3117 3905 3468 3969 didascalicaa.
3536 3905 3649 3959 An-

2074 4004 2280 4075 gelitica
2312 4010 2411 4067 est,
2454 4016 2558 4071 qua
2601 3999 2880 4055 sententiae
2910 3996 3241 4059 scribuntur,
3284 4004 3339 4047 ut
3365 4002 3450 4048 est
3476 3992 3653 4049 Theo-

2072 4094 2249 4166 gnidis
2287 4093 2439 4156 liber,
2471 4100 2527 4146 et
2566 4090 2859 4149 Monastica
2906 4087 3115 4152 Albini,
3172 4102 3292 4157 quae
3336 4086 3545 4157 species
3592 4085 3648 4140 in

2075 4185 2323 4258 plurimis
2347 4182 2683 4253 poematibus
2728 4180 2957 4249 sparsim
2984 4178 3159 4248 posita
3192 4178 3475 4248 reperitur.
3515 4176 3648 4232 Item

2074 4278 2239 4335 cliria:
2262 4276 2434 4331 eidem
2472 4274 2817 4344 deputantur.
2863 4271 3128 4329 Historica
3157 4278 3262 4337 est,
3303 4286 3409 4341 qua
3459 4284 3647 4325 narra-

2074 4367 2236 4423 tionis
2271 4366 2594 4437 genealogiae
2637 4373 3050 4436 componuntur,
3091 4373 3152 4420 ut
3190 4372 3274 4419 est
3311 4371 3540 4419 metrum
3582 4363 3649 4419 de

2072 4461 2418 4528 generatione
2457 4458 2663 4523 mundi,
2693 4458 2903 4522 et‘situ,
2929 4466 2986 4511 et
3018 4456 3273 4527 qualitate
3313 4455 3647 4511 diversarum

2073 4551 2331 4621 gentium,
2364 4556 2418 4606 et
2449 4549 2585 4607 liber
2613 4547 2828 4613 Alcimi,
2862 4556 2919 4602 et
2945 4547 3039 4601 his.
3058 4547 3274 4603 similia.
3319 4544 3646 4600 Didascalica

2073 4655 2174 4712 est,
2200 4660 2303 4714 qua
2333 4643 2803 4712 comprehenditur
2840 4642 3172 4712 philosophia
3208 4640 3545 4711 Empedoclis
3594 4647 3645 4693 et

2073 4733 2327 4789 Lucretii.
2372 4732 2504 4789 item
2532 4732 2841 4801 astrologia,
2872 4739 2925 4783 et
2976 4731 3334 4799 phtenomeua
3384 4728 3536 4782 Arati
3592 4735 3648 4783 et

2075 4827 2368 4890 Ciceronis,
2400 4833 2458 4879 et
2505 4822 2699 4894 Georg.
2733 4821 2880 4892 Virg.
2908 4830 2963 4877 et
2987 4822 3073 4876 his
3095 4820 3289 4876 similia
3340 4819 3400 4875 C.

2145 4938 2296 4994 Caeni
2324 4937 2408 4991 vel
2436 4936 2740 4992 cottnnunis
2771 4912 3044 5005 poematos
3084 4932 3293 5002 species
3330 4936 3458 4987 sunt
3505 4931 3642 4986 duae.

2075 5030 2310 5099 Quarum
2350 5029 2499 5099 prior
2536 5027 2771 5090 hernica,
2799 5034 2860 5081 ut
2888 5034 2971 5081 est
3030 5023 3211 5079 lliadis
3242 5031 3298 5078 et
3361 5022 3639 5088 Eneidos;

2074 5122 2242 5176 altera
2305 5132 2389 5176 est
2427 5119 2618 5183 eliaca,
2674 5134 2794 5187 quae
2835 5125 2889 5173 et
2951 5117 3117 5188 lyrica
3174 5114 3391 5180 dicitur,
3452 5120 3515 5168 ut
3557 5120 3642 5169 est

2071 5214 2426 5271 Archilochus
2462 5212 2516 5268 et
2563 5211 2833 5266 Horatius.

2700 5330 3025 5380 ιΝειιηυΝτ

2114 5419 2358 5465 ϐῐ.088“>Ε
2405 5414 2745 5462 νεκεοιιωί
2790 5416 2850 5459 ΙΝ
2899 5410 3201 5459 υοΝηῐηκ
3244 5409 3571 5457 ιυιοιιιικ.

2147 5545 2289 5613 Quot
2328 5541 2671 5597 dillinitiones
2704 5547 2826 5595 sunt
2866 5538 3006 5609 apud
3048 5536 3460 5609 grammaticos?
3512 5534 3641 5589 Sex.

2076 5637 2255 5693 Prima
2303 5643 2385 5691 est
2428 5632 2790 5690 substantialis
2820 5650 2833 5687 :
2866 5646 3061 5687 nomen
3092 5640 3173 5686 est
3227 5643 3353 5701 pars
3387 5626 3647 5683 orationis

2078 5747 2199 5793 cun
2228 5745 2373 5787 casu.
2404 5726 2647 5783 Secunda
2667 5731 2750 5781 est
2772 5724 2911 5788 soni,
2944 5738 3136 5779 nomen
3163 5723 3364 5777 dictum
3385 5728 3465 5775 est
3491 5716 3644 5787 quasi

2078 5835 2352 5896 putamen.
2375 5821 2557 5895 Tertia
2580 5825 2662 5895 est
2685 5816 3003 5885 numeralis;
3030 5824 3214 5893 partes
3240 5810 3497 5881 orationis
3520 5813 3648 5877 sunt
