4100 6324
419 359 528 416 ετε

1055 380 1106 422 ιιι
1163 388 1185 404 ς
1207 354 1751 418 exoneratam;
1772 354 1961 412 ΑΜΕ
1993 352 2441 420 animum
2476 355 2876 430 miseram...

3542 357 3649 428 Q74

421 471 550 532 dicti
571 463 739 536 .sut'tt,
784 486 814 526 a
859 471 1088 540 quadam
1127 472 1348 534 civitate
1373 472 1756 538 Sabinorum,
1787 472 1840 538 id
1872 479 1981 536 est,
2006 471 2062 544 Α
2083 471 2372 541 septimum
2395 470 2636 528 obtineat
2664 470 2860 532 locum.
2897 468 3217 540 Monoptota,
3245 469 3300 525 id
3325 475 3411 541 est
3430 469 3523 546 qui
3540 485 3650 538 una
3735 496 3740 501 π

411 559 944 622 εειιτιοίῠιιε..ϐαηεειιί
973 563 1092 626 ideo
1117 562 1334 633 pluralis
1360 563 1570 624 numeri
1595 573 1697 629 est,
1722 562 1852 633 quia
1875 578 1985 618 non

416 662 608 728 potest.
627 653 730 708 ista
759 667 847 718 res
870 653 938 710 de
963 669 1066 708 una
1098 670 1156 716 re
1181 654 1320 720 ﬁeri,
1345 655 1441 711 sed
1467 656 1534 710 de
1561 654 1764 710 multis.
1819 653 1982 716 Simi-

424 747 547 802 liter
571 761 760 816 scopae,
781 803 786 810 τ
805 746 990 813 scalae,
1015 747 1302 817 quadrigae,
1325 755 1430 802 etc.
1472 745 1722 804 Kalendis:
1746 760 1765 799 :
1793 747 1850 803 in
1895 762 1985 804 ac-

423 838 674 893 censioue
735 839 920 908 prima:
969 838 1108 893 lunas
1172 838 1423 907 sacerdos
1480 837 1744 893 idolorum
1793 838 1984 893 iterata

415 943 551 995 voce
573 929 751 989 dicere
784 928 1004 996 solebat,
1033 929 1171 996 calo,
1197 928 1334 996 calo,
1367 931 1420 986 id
1447 939 1530 987 est
1553 946 1700 987 voco.
1727 929 1853 994 Inde
1871 927 1985 986 Ka-

421 1021 585 1078 lende:
624 1023 932 1084 vocationes
971 1022 1240 1078 dicuntur.
1281 1023 1564 1087 Nundince,
1599 1023 1702 1082 hoc
1729 1030 1847 1089 est,.
1873 1037 1986 1078 em-

419 1114 648 1184 ptiones.
679 1113 746 1171 .In
788 1113 1215 1175 solemnitatibus
1239 1115 1380 1170 enim
1423 1106 1806 1170 'mcriﬁciorum
1844 1128 1984 1170 mer-

418 1206 654 1262 catioues
701 1206 816 1261 ﬁeri
866 1206 1081 1272 solent,
1139 1205 1225 1260 vel
1274 1205 1430 1260 aliter
1468 1205 1740 1272 nundinae,
1796 1205 1849 1259 id
1903 1212 1986 1260 est

315 1313 318 1318 ‘
409 1311 606 1354 novem
641 1297 756 1353 dies
803 1297 870 1353 ab
911 1297 1090 1354 Idibus
1120 1304 1265 1352 retro
1309 1312 1480 1368 usque
1526 1297 1729 1356 Nonas.
1787 1295 1979 1363 Ferire,

415 1382 469 1436 id
513 1393 598 1440 est
633 1386 961 1451 vacationes,
987 1387 1142 1444 dictae
1161 1402 1192 1441 a
1215 1387 1398 1456 fando,
1439 1387 1564 1457 quia
1593 1387 1647 1442 in
1677 1388 1985 1452 conventio-

414 1472 572 1542 nibus
609 1476 818 1534 diversa
846 1476 1283 1548 pronuntiantur.
1313 1475 1616 1547 Quadrigae,
1646 1477 1700 1532 id
1730 1485 1813 1533 est
1830 1476 1981 1546 quasi

414 1565 744 1639 quadriiugae
775 1582 806 1622 a
850 1577 1080 1637 quatuor
1133 1567 1288 1637 equis
1338 1568 1696 1624 trahentibus.
1745 1569 1978 1638 Nuptiae,

410 1659 833 1726 matrimonium,
875 1675 983 1716 non
1023 1660 1127 1734 nisi
1165 1675 1262 1731 per
1292 1660 1396 1716 duo
1443 1658 1687 1716 eﬂicitur.
1743 1659 1858 1720 Pus
1885 1661 1982 1717 ali-

410 1749 624 1818 quando
649 1750 1046 1820 corruptionem
1077 1750 1372 1820 sanguinis,
1407 1749 1694 1820 aliquando
1731 1759 1979 1822 stagnum

2086 561 2458 619 terminatione
2479 576 2577 632 per
2595 576 2783 620 omnes
2804 575 2966 618 casus
3006 560 3316 630 funguntur,
3369 561 3509 630 sicut
3553 564 3654 634 n05

2083 654 2230 710 mina
2248 667 2594 710 numerorum
2619 662 2674 713 et
2699 654 3015 722 litterarum.
3031 653 3220 723 Aptata
3242 668 3370 710 vero
3399 643 3652 723 suntquae

2084 761 2194 801 non
2235 746 2433 802 habent
2487 746 2591 803 nisi
2641 760 2809 828 unum
2836 753 3132 813 casum,‘ut
3175 755 3374 817 sponte.
3417 733 3654 817 Diptota,

2083 835 2140 891 id
2157 845 2264 902 est,
2300 836 2428 897 bina
2474 836 2728 904 casualia,
2769 845 2836 892 ut.
2875 837 3088 908 pascha.
3136 834 3408 905 ,Triptota.
3445 833 3501 891 id
3547 845 3650 902 est,

2084 927 2225 982 trina
2250 928 2505 994 casualia,
2530 937 2591 984 ut
2614 944 2783 983 musa.
2803 926 3132 998 .Tetraptota;
3165 926 3220 982 id
3244 934 3328 983 est
3368 935 3651 996 quaterna,

2084 1024 2164 1082 ut,
2221 1019 2482 1088 magister.
2523 1016 2856 1090 Pentaptota,
2884 1018 2938 1073 id
2985 1025 3070 1073 est
3109 1017 3271 1087 quina
3320 1014 3555 1072 casualia
3595 1022 3656 1070 ut

2085 1108 2283 1164 doctus.
2318 1109 2632 1181 Hexaptota,
2663 1110 2717 1166 id
2745 1118 2828 1166 est
2855 1124 3007 1176 sena,
3032 1125 3162 1180 qua:
3187 1124 3284 1166 sex
3329 1108 3655 1186 mutationes

2081 1214 2305 1255 casuum
2341 1201 2572 1268 habent,
2597 1209 2660 1256 ut
2681 1218 2856 1258 unus..
2883 1199 3086 1273 Frugi,
3121 1202 3175 1258 id
3222 1209 3306 1258 est
3341 1191 3653 1278 abstinens,

2083 1291 2168 1364 vel
2199 1307 2412 1362 parcus,
2437 1292 2565 1362 quia
2597 1293 2772 1364 parcit
2796 1292 3058 1365 frugibus.
3087 1292 3281 1361 Nihili,
3326 1293 3378 1365 id
3419 1302 3501 1350 est
3534 1293 3655 1350 inu-

2085 1383 2225 1445 tilis,
2268 1383 2358 1452 qui
2401 1383 2537 1438 nihil
2562 1384 2722 1440 valet.
2782 1384 3057 1457 Nequam,
3088 1385 3143 1441 id
3169 1395 3252 1442 est
3304 1386 3533 1454 iniustus
3567 1383 3653 1441 vel

2083 1475 2316 1544 iniquus.
2343 1472 2475 1539 Fas,
2501 1475 2554 1529 id
2579 1484 2661 1530 est
2683 1475 2824 1545 quod
2852 1476 3071 1548 dignum
3093 1484 3175 1548 est
3212 1476 3334 1532 fari.
3373 1460 3578 1550 Nefas,
3600 1475 3656 1534 id

2082 1574 2166 1622 est
2188 1564 2330 1634 quod
2359 1563 2465 1619 dici
2497 1563 2765 1619 nefarium
2809 1573 2908 1623 est.
2963 1566 3181 1634 Numeri
3213 1565 3564 1633 declinantur,
3595 1565 3651 1634 id

2082 1665 2170 1715 est
2187 1655 2406 1716 nomina
2427 1671 2802 1712 numerorum.
2849 1657 3004 1713 Hune
3035 1643 3347 1724 laterem,“
3365 1666 3449 1722 est
3463 1671 3656 1714 omnes

2087 1764 2246 1804 casus
2279 1749 2421 1804 illius
2461 1749 2703 1805 nominis
2731 1750 3098 1819 inveniuntur,
3125 1739 3364 1821 exceptis
3390 1737 3655 1825 inomina-g

407 1853 583 1911 aqua},
630 1840 918 1911 aliquando
977 1850 1239 1912 tumorem
1290 1841 1345 1895 in
1391 1856 1637 1912 corpore,
1692 1833 2200 1913 aliquandoBtivo
2225 1850 2280 1896 et
2300 1837 2574 1900 vocativo.
2620 1840 2852 1908 Ditione,
2896 1839 2948 1896 id
2973 1848 3057 1896 est
3094 1847 3379 1910 potestate.
3437 1835 3650 1916 Sponte,

408 1931 705 2001 custodiam
748 1929 1034 2003 signiﬁcat.
1063 1932 1192 1989 Inde
1220 1932 1419 1989 dicitur
1436 1948 1651 2004 corpus,
1678 1942 1740 1988 ut
1761 1934 1982 2004 quidam

408 2019 611 2088 volunt,
672 2023 824 2091 quasi
861 2021 1040 2078 cordis
1093 2023 1356 2088 custodia,
1409 2024 1502 2078 sed
1554 2023 1744 2080 melius
1797 2033 1984 2084 estut

409 2125 600 2182 corpus
628 2111 753 2167 inde
779 2112 990 2168 dicatur
1026 2114 1150 2190 quia
1181 2115 1453 2186 corrumpi
1480 2123 1679 2184 potest.
1723 2115 1805 2169 Ad
1832 2132 1978 2170 men-

397 2217 607 2268 suram,
634 2201 687 2260 id
708 2210 792 2258 est
814 2204 868 2258 in
889 2204 1126 2274 liquidis.
1163 2202 1256 2260 Vel
1275 2201 1498 2274 pondus,
1525 2204 1579 2260 id
1606 2215 1690 2264 est
1716 2206 1768 2261 in
1791 2207 1978 2262 aridis.

409 2290 622 2358 Martia,
650 2294 701 2349 id
728 2302 812 2349 est
841 2295 1087 2360 aediﬁcia,
1145 2295 1210 2350 ad
1249 2296 1522 2350 munimen
1549 2295 1783 2352 civitatis
1815 2296 1976 2353 facta.
2007 2280 2016 2287 ’

405 2379 665 2448 Floralia,
693 2383 747 2437 id
766 2393 849 2439 est
875 2386 1013 2441 festa
1037 2384 1152 2466 dese
1175 2384 1370 2452 Florae,
1399 2401 1518 2460 qua:
1541 2387 1824 2444 fuitverno
1846 2399 1982 2444 tem-

404 2487 555 2544 pore,
583 2475 799 2544 quando
838 2473 1018 2532 Terrae
1055 2477 1422 2533 immolabant.
1474 2477 1807 2549 Saturnalia,
1843 2481 1980 2538 festa

407 2561 644 2619 Saturni.
692 2564 1027 2637 Compitalia,
1077 2569 1135 2630 id
1176 2578 1260 2624 est
1309 2570 1524 2628 Cereris
1555 2572 1718 2642 festa,
1761 2575 1907 2632 dicta
1947 2590 1981 2630 a

407 2652 672 2722 compitis,
712 2652 766 2708 id
809 2663 893 2710 est
938 2655 1125 2714 multis
1155 2658 1278 2739 viis.
1329 2659 1588 2731 Populus,
1626 2661 1682 2718 id
1706 2671 1793 2720 est
1835 2663 1980 2734 quod

404 2755 468 2798 ex
512 2758 618 2799 uno
669 2754 918 2802 constare
957 2763 1065 2820 non
1102 2758 1300 2819 potest.
1341 2748 1569 2819 Concio,
1599 2753 1652 2808 id
1675 2763 1756 2810 est
1783 2770 1979 2816 convo-

403 2833 567 2902 catio,
617 2835 702 2893 vel
764 2838 878 2909 ipse
923 2855 1131 2897 sermo;
1174 2841 1418 2911 Athenae,
1466 2852 1522 2900 et
1570 2853 1786 2915 caetera,
1847 2848 1978 2906 civi—

407 2929 544 2982 tates
571 2933 696 2982 snnt
737 2925 976 2986 Gracia.

1006 3042 1084 3098 De
1143 3046 1336 3117 ﬁgura.
1429 3090 1434 3094 ι

473 3152 668 3228 Figura
710 3165 794 3213 est
828 3159 1018 3215 tertias
1057 3161 1396 3230 quantitatis.
1431 3158 1647 3230 Potens,
1698 3162 1977 3220 derivatur
2003 3190 2051 3258 ρ

404 3248 616 3302 averbo
653 3265 884 3320 possum,
921 3250 1032 3306 sive
1061 3252 1234 3322 magis
1279 3253 1497 3310 nomine
1544 3256 1701 3325 potis,
1747 3264 1809 3311 ut
1860 3256 1980 3310 Pri-

404 3341 618 3396 scianus
647 3342 795 3397 dicit.
828 3341 1190 3409 Suburbanus;
1215 3346 1579 3400 suburbanum
1610 3355 1691 3402 est
1723 3348 1982 3418 quidquid

401 3432 705 3505 specialiter
745 3431 919 3502 adius
949 3433 1098 3489 urbis
1132 3436 1387 3503 pertinet.
1415 3435 1583 3490 Multi
1622 3421 1809 3492 dicunt
1854 3440 1983 3493 sub-

401 3529 666 3582 urbanum
711 3543 851 3594 esse,
900 3532 993 3600 qui
1032 3530 1131 3586 sub
1157 3529 1293 3587 urbe
1334 3530 1561 3598 habitat,
1604 3531 1657 3588 id
1698 3541 1782 3588 est
1828 3533 1982 3604 juxta

402 3634 616 3675 murum
647 3619 948 3680 forinsecus
981 3628 1130 3693 :vcl,
1164 3638 1223 3683 ut
1257 3631 1370 3696 alii,
1401 3633 1492 3700 qui
1530 3621 1718 3688 Subtus
1769 3633 1980 3703 urbem,

402 3706 460 3764 id
487 3719 566 3766 est
595 3709 835 3768 adiﬁciis
869 3716 1056 3770 subtus
1093 3725 1297 3772 terram
1343 3721 1667 3775 constructis
1715 3732 1978 3778 moratur.

401 3799 619 3871 Eﬂicax,
632 3803 683 3858 id
706 3814 791 3859 est
803 3814 1010 3871 acutus,
1026 3809 1178 3876 quasi
1193 3795 1479 3865 affectuum
1493 3811 1743 3880 capax.M
1752 3813 1980 3884 uniceps,

404 3890 457 3945 id
497 3901 581 3947 est
605 3908 825 3949 munera
866 3897 1102 3965 capiens.
1139 3897 1379 3970 Inepl'us,
1416 3903 1470 3956 id
1501 3912 1584 3959 est
1625 3905 1715 3973 qui
1758 3921 1865 3960 non
1899 3914 1985 3960 est

403 3989 576 4051 aptus.
608 3983 871 4051 Insulsus,
914 3988 1005 4055 qui
1037 4004 1144 4044 non
1180 4000 1261 4046 est
1309 3993 1506 4060 salsus,
1559 3994 1662 4049 hoc
1708 4004 1810 4061 est,
1853 3996 1985 4051 stul-

402 4080 506 4130 tus.
551 4073 918 4148 Pinnipotens,
948 4080 1002 4134 id
1042 4089 1124 4136 est
1170 4082 1366 4150 pennis
1404 4092 1613 4153 potens,
1667 4095 1727 4141 ut
1785 4085 1978 4157 aquila.

404 4159 781 4236 Nugigerulus,
809 4169 863 4223 id
887 4178 967 4224 est
985 4185 1215 4241 nequam
1231 4173 1482 4243 portitor.
1513 4175 1942 4248 Inea'pugnabilis
1959 4195 1981 4245 ;

403 4261 703 4330 pugnabilis
737 4263 889 4319 locus
910 4273 991 4320 est
1017 4266 1106 4335 qui
1142 4274 1320 4337 potest
1351 4269 1648 4341 expugnari
1677 4287 1692 4335 ;
1722 4285 1984 4340 expugna-

401 4349 539 4416 bilis,
588 4352 642 4407 id
681 4361 761 4410 est
799 4355 973 4412 valde
999 4358 1327 4428 pugnabilis;
1386 4361 1831 4433 inexpugnabilis,
1890 4362 1982 4434 qui

401 4439 548 4496 nullo
581 4445 740 4500 modo
766 4447 912 4502 Valet
936 4449 1250 4518 expugnari.
1281 4449 1398 4506 ‘Alii
1445 4451 1656 4518 dicunt,
1686 4453 1981 4524 pugnabilis

397 4539 458 4588 et
505 4537 861 4605 expugnabilis
888 4544 1068 4594 unum
1098 4549 1200 4607 est,
1229 4543 1370 4612 quod
1412 4545 1611 4613 probat
1669 4530 1976 4616 Pompeius.
1996 4546 2058 4614 ᾗ)

403 4617 633 4688 Prwtor,
688 4624 741 4677 id
794 4634 878 4680 est
917 4626 1101 4694 judex.
1157 4629 1707 4700 Senatusconsultum,
1768 4643 1979 4690 senatus

402 4713 670 4784 genitivus
699 4724 903 4784 quarta:
940 4719 1309 4777 declinationis
1347 4731 1467 4789 est;
1511 4724 1803 4779 consultum
1851 4740 1980 4782 vero

400 4804 798 4875 nominativus,
831 4808 884 4864 id
914 4818 998 4865 est
1042 4812 1344 4868 consilium.

1017 4945 1096 5000 De
1146 4947 1374 5003 casibus.

395 5103 398 5106 .
444 5047 579 5104 ,Sex
617 5049 999 5118 quidemsunt
1053 5070 1255 5111 casus:
1287 5058 1674 5127 nominativus,
1717 5075 1748 5116 a
1806 5062 1978 5118 nomi-

399 5139 606 5205 nando;
638 5142 922 5212 genitivus,
938 5161 969 5199 a
991 5148 1330 5217 generando;
1355 5150 1584 5219 dativus,
1602 5167 1635 5206 a
1655 5153 1861 5221 dando;
1889 5170 1978 5210 ac-

401 5231 690 5297 cusativus,
710 5232 779 5290 ab
793 5236 1126 5305 accusando;
1146 5241 1445 5307 vocativus,
1464 5258 1496 5297 a
1521 5243 1791 5310 vocando;
1831 5244 1980 5299 abla-

401 5319 563 5386 tivus,
578 5321 653 5378 ab
674 5321 966 5388 auferendo
985 5327 1193 5396 dictus;
1218 5344 1286 5384 ex
1312 5330 1505 5400 quibus
1525 5332 1628 5396 duo
1651 5325 1784 5387 recti
1814 5323 1980 5387 nomi-

397 5419 633 5480 nuntur;
663 5415 756 5469 sed
776 5415 878 5470 hoc
904 5425 1083 5474 tamen
1103 5434 1211 5478 non
1245 5418 1308 5474 ﬁt
1329 5423 1382 5474 in
1399 5423 1648 5477 omnibus
1670 5423 1980 5479 nominibus

398 5503 1072 5566 secundmdeclinationis
1112 5510 1428 5581 qualitatem
1473 5523 1568 5568 aut
1619 5515 1976 5584 quantitatem

395 5591 841 5666 signiﬁcantibus.
871 5600 1081 5672 Reliqui
1122 5616 1254 5659 vero
1281 5605 1507 5674 obliqui,
1549 5605 1601 5658 id
1631 5615 1736 5665 est,
1763 5607 1974 5662 retorti.

398 5683 617 5758 Insuper
661 5692 822 5746 etiam
855 5709 1022 5748 unum
1067 5694 1348 5773 Latinum,
1385 5696 1440 5750 id
1470 5697 1702 5766 estquia
1743 5712 1773 5751 a
1823 5697 1973 5753 Lati-

401 5778 482 5834 nis
511 5790 594 5838 est
617 5783 888 5854 inventus,
915 5789 1156 5845 nonnulli
1195 5789 1484 5862 septimum
1511 5790 1814 5859 nominant,
1844 5792 1972 5862 quia

2083 1931 2138 1991 id
2161 1939 2247 1992 est
2287 1932 2582 1994 voluntate.
2634 1928 2774 1985 Tabo
2801 1971 2818 1998 ,
2855 1929 2908 1986 id
2938 1938 3023 1986 est
3047 1938 3220 2001 peste.
3256 1930 3403 1996 Natu
3428 1970 3443 1996 ,
3474 1929 3533 2002 id
3565 1928 3651 2002 est

2081 2022 2388 2078 nativitate.
2430 2020 2658 2092 Ignarus
2688 2021 2841 2087 belli,
2871 2022 2923 2077 id
2963 2029 3048 2090 est
3090 2022 3181 2090 qui
3230 2036 3504 2094 nunquam
3540 2021 3654 2076 bel-

2080 2110 2197 2166 lum
2227 2119 2483 2181 expertus
2519 2119 2619 2168 est.
2659 2110 2883 2186 Securus
2913 2127 3174 2178 amorum,
3200 2111 3253 2165 id
3289 2121 3372 2166 est
3419 2095 3510 2182 qui
3559 2127 3654 2166 ne-v

2080 2205 2281 2276 minem
2314 2212 2476 2260 amat.
2511 2187 2765 2268 Inimicus
2791 2202 2976 2267 malis;
3006 2203 3203 2257 rectius
3231 2197 3448 2270 dicitur,
3477 2202 3656 2282 inimi-

2081 2314 2171 2352 cus
2214 2297 2341 2352 milli
2382 2305 2479 2363 est,
2529 2310 2692 2364 quam
2752 2295 2992 2350 inimicus
3039 2309 3185 2350 meus
3224 2304 3319 2349 est.
3377 2283 3652 2366 Congrum!

2077 2388 2312 2459 paribus,
2344 2387 2400 2444 id
2430 2395 2514 2442 est
2545 2374 2873 2442 conveniens
2914 2384 3450 2462 similibusaExosus
3493 2373 3646 2452 bella,

2078 2478 2327 2550 pressius
2349 2477 2550 2547 futura.
2582 2477 2717 2532 lllud
2744 2484 2826 2532 est
2851 2476 3098 2546 ﬁgurate,
3127 2469 3230 2556 hoc
3262 2467 3365 2539 est,
3398 2491 3504 2531 non
3523 2491 3650 2556 pro-

2077 2570 2217 2642 prie,
2248 2585 2372 2625 nam
2389 2569 2601 2641 quando
2629 2568 2768 2646 dico,
2783 2584 2972 2623 exosus
2997 2559 3150 2634 bella,
3179 2555 3426 2637 prwscius
3446 2567 3649 2644 futura,

2078 2661 2373 2734 genitivum
2407 2661 2726 2718 naturaliter
2753 2669 2952 2726 tenent,
2982 2661 3037 2716 id
3054 2667 3140 2716 est
3174 2661 3422 2740 prcescius
3451 2660 3653 2730 futuro.

2079 2769 2218 2820 rum;
2241 2752 2327 2809 vel
2353 2752 2512 2808 aliter
2537 2752 2766 2823 ﬁgurate
2788 2761 2893 2816 est,
2918 2751 3045 2821 quia
3075 2751 3230 2822 quasi
3259 2751 3378 2806 loco
3419 2750 3649 2820 partici-

2077 2844 2292 2915 piorum
2341 2850 2634 2915 ponuntur,
2659 2839 2753 2909 ut,
2793 2841 2972 2898 adiens
2997 2841 3082 2897 vel
3116 2842 3236 2896 odio
3263 2842 3456 2897 habens
3495 2841 3650 2908 bella.

2079 2937 2187 2994 Sed
2220 2953 2305 3003 ea,
2363 2937 2728 3003 subauditur,
2763 2945 2987 3009 tantum.
3019 2944 3145 2995 sunt
3192 2953 3311 3008 quae
3364 2953 3470 2995 non
3528 2945 3656 3002 sunt

2079 3039 2279 3102 aptata.
2310 3029 2368 3088 Si
2399 3047 2529 3088 vero
2552 3049 2581 3086 e
2604 3031 2862 3103 producta
2901 3032 3081 3099 fuerit,
3106 3049 3134 3088 ε
3152 3031 3353 3098 ὶὶιιειέι⁴
3377 3041 3505 3090 tunc
3528 3050 3654 3105 pro-

2080 3121 2311 3186 ducitur,
2360 3137 2483 3178 cum
2519 3121 2599 3186 ﬁt
2626 3138 2823 3183 nomen
2868 3123 3070 3194 quintae
3105 3123 3496 3182 declinationis.
3545 3117 3653 3182 Sed

2080 3213 2196 3292 haec
2225 3212 2409 3284 regula
2443 3213 2496 3279 d,
2528 3211 2569 3278 f,
2596 3229 2650 3284 g,
2677 3229 2734 3284 p,
2761 3214 2776 3267 i
2805 3210 2896 3284 [de
2920 3213 3178 3274 feminino
3205 3229 3400 3286 genere
3436 3223 3657 3292 putatur

2080 3289 2360 3378 inlelligij,
2406 3305 2530 3376 quia
2575 3308 2757 3361 omnia
2786 3307 3002 3368 nomina
3041 3307 3240 3377 quintae
3281 3289 3653 3383 declinationis

2081 3397 2328 3454 feminini
2379 3407 2504 3454 sunt
2548 3398 2760 3470 generis
2783 3438 2799 3465 ,
2846 3407 3070 3469 excepto
3114 3399 3264 3463 dies,
3293 3398 3434 3468 quod
3473 3406 3652 3476 tamen

2081 3498 2372 3560 utrumque
2414 3489 2722 3558 invenitur;
2752 3498 2807 3546 et
2850 3491 3124 3558 meridies,
3164 3491 3308 3562 quod
3335 3499 3658 3563 semperest

2083 3577 2733 3650 masculinum..Propter
2779 3581 3169 3651 differentiam,
3207 3582 3260 3642 id
3301 3592 3386 3638 est
3415 3621 3431 3650 ,
3475 3591 3535 3658 ut
3581 3582 3656 3650 sit

2083 3670 2382 3730 diﬁerentia
2416 3672 2720 3738 accusativo
2750 3672 2945 3746 plurali
2968 3674 3038 3734 ad
3060 3672 3451 3744 nominativum
3478 3681 3534 3731 et
3562 3689 3656 3742 vo-

2082 3767 2316 3823 cativum
2365 3767 2666 3838 pluralem,
2697 3768 2902 3837 quiasi
2931 3776 3075 3824 esset
3097 3766 3204 3824 illis
3237 3767 3462 3836 similis,
3497 3781 3654 3828 error

2083 3858 2371 3914 dubietatis
2397 3869 2733 3924 nasceretur,
2762 3858 2875 3914 sive
2901 3866 2963 3912 ut
2995 3857 3299 3914 diﬁ'erentia
3325 3858 3480 3913 ﬁeret
3509 3858 3652 3914 inter

2081 3952 2375 4008 ablativum
2400 3953 2678 4020 nominum
2707 3953 2932 4008 istorum
2969 3961 3025 4008 et
3050 3967 3235 4008 eorum
3265 3967 3384 4026 quae
3411 3953 3463 4006 in
3494 3967 3521 4006 e
3545 3959 3651 4010 ter-

2081 4044 2288 4100 minaut
2327 4044 2476 4101 illum
2511 4043 2827 4109 ablativum,
2863 4051 2922 4099 ut
2947 4043 3140 4110 abhoc
3162 4051 3327 4113 patre.
3385 4041 3519 4098 Nam
3557 4056 3654 4106 no-

2081 4138 2330 4212 minativi
2364 4137 2662 4209 singulares
2697 4135 2969 4211 terminati
2999 4137 3043 4190 is
3083 4133 3306 4204 syllaba,
3339 4132 3431 4204 qui
3465 4132 3654 4207 ablati-

2082 4247 2208 4290 vum
2238 4231 2564 4303 singularem
2591 4231 2648 4286 in
2677 4230 2695 4284 i
2722 4229 2948 4296 ﬁniunt,
2975 4226 3344 4302 accusativum
3388 4223 3652 4304 pluralem

2081 4327 2282 4384 rectius
2316 4341 2414 4397 per
2451 4328 2496 4382 is
2523 4343 2682 4398 quam
2705 4341 2802 4397 per
2826 4343 2878 4382 es
2901 4325 3236 4398 proferunt;
3260 4321 3347 4378 vel
3381 4320 3556 4382 aliter,
3597 4326 3656 4374 ut

2082 4419 2457 4488 hujuscemodi
2491 4419 2833 4488 accusativus
2869 4417 3224 4478 differentiam
3267 4414 3480 4489 faceret.
3513 4412 3656 4484 inter

2082 4507 2173 4563 illa
2198 4509 2417 4566 nomina
2457 4525 2576 4580 quae
2609 4509 2905 4580 genitivum
2935 4506 3201 4577 pluralem
3234 4504 3534 4574 numinum,
3561 4502 3653 4568 sed

2081 4599 2138 4660 in
2167 4616 2259 4654 um
2299 4601 2526 4666 faciunt.
2556 4601 2694 4670 Ergo
2723 4615 2842 4676 quae
2871 4599 3066 4671 inium
3092 4599 3313 4667 mittunt
3359 4596 3652 4672 genitivum

2077 4690 2362 4760 pluralem,
2393 4692 2584 4750 melius
2619 4676 3004 4762 accusativum
3033 4689 3298 4761 pluralem
3337 4689 3392 4744 in
3422 4689 3478 4750 is,
3522 4686 3626 4758 cile

2081 4790 2228 4836 runt.
2265 4781 2342 4834 Ab
2371 4783 2468 4840 hac
2487 4779 2811 4848 .domo._Nos
2838 4787 3020 4860 tamen
3037 4781 3304 4856 habemus
3331 4778 3384 4832 in
3413 4793 3512 4855 usu
3534 4767 3654 4848 tres

2083 4886 2261 4927 casus.
2296 4871 2453 4944 juxta
2517 4872 2832 4927 secundam,
2872 4869 3303 4938 declinationem,
3349 4867 3653 4944 ablativum

2082 4965 2407 5038 singularem
2432 5005 2448 5032 ,
2504 4966 2812 5037 genitivum,
2839 4973 2895 5026 et
2951 4963 3316 5030 accusativum
3371 4961 3652 5031 pluralem.

2083 5056 2161 5110 Ab
2201 5058 2298 5112 hoc
2317 5041 2748 5128 Ῑιιῃςνοέιυεετ,
2778 5058 2832 5112 in
2853 5055 3190 5129 longitudine
3225 5054 3483 5116 ducentos
3530 5068 3655 5131 qua.-

2084 5148 2330 5221 draginta
2362 5151 2548 5220 pedes,
2582 5150 2712 5205 etin
2734 5149 3071 5214 latitudinem
3098 5157 3313 5214 centum
3349 5148 3535 5219 viginti
3558 5146 3656 5204 ba-

2082 5243 2194 5300 bet.
2241 5243 2430 5302 Verum
2474 5243 2874 5302 meminerimus.
2918 5244 3120 5318 Verum,
3153 5257 3249 5312 pro
3293 5242 3382 5298 sed
3416 5242 3651 5311 ponitur.

2083 5333 2438 5404 Euphoniam,
2483 5335 2536 5390 id
2565 5342 2667 5398 est,
2696 5335 2891 5400 bonam
2917 5335 3284 5398 seueritatem.
3312 5332 3505 5410 .Quaut,
3527 5349 3656 5406 ana-

2081 5423 2295 5494 logiam,
2320 5425 2375 5482 id
2395 5433 2496 5492 est,
2513 5424 2850 5486 collationem
2871 5425 3147 5492 similium,
3173 5432 3234 5490 ut
3253 5425 3456 5502 doctus,
3478 5432 3652 5502 aptus,

2079 5516 2289 5582 humus,
2316 5517 2522 5572 domus.
2575 5516 2704 5585 Quae
2731 5517 2791 5572 ﬁt
2827 5526 2964 5574 octo.
2993 5517 3168 5582 modis
3211 5510 3307 5580 sexf
3344 5512 3656 5572 accidentiis

2077 5607 2328 5674 nominis,
2355 5609 2696 5665 extremitate
2718 5617 2772 5665 et
2797 5611 3359 5682 ratione‘temporum.
3399 5607 3457 5682 Si
3495 5604 3659 5677 igitur

2076 5698 2268 5763 horum
2294 5700 2471 5758 minus
2499 5699 2701 5771 aliquid
2733 5701 2896 5775 fuerit
2917 5703 3150 5767 nomini,
3183 5701 3248 5757 ad
3275 5700 3416 5770 quod
3444 5693 3658 5752 collatio

2076 5789 2272 5863 fuerit,
2296 5791 2404 5863 jam
2449 5808 2552 5852 non
2578 5792 2755 5866 ,stabit
2792 5793 3253 5866 ratioianalogian,
3299 5799 3358 5848 ut
3390 5799 3470 5860 est
3503 5789 3653 5860 («pars
