4100 6324
434 424 535 483 677
1246 422 1635 482 EXCERPTIO
1673 422 1764 481 DE
1797 419 1986 479 ARTE
2018 422 2480 486 GBAHMATICA
2518 430 2880 490 PBISCIANI.
3578 430 3689 499 628

504 539 816 611 Pyrrichius
853 553 972 593 cum
1006 537 1203 593 bachio
1225 561 1256 593 υ
1274 556 1415 593 υυο-
2041 541 2096 601 Α

2041 541 2096 601 Α
2188 539 2443 612 Dactylus
2478 559 2598 599 cum
2638 544 2851 615 dactylo
2882 569 2998 601 -w
3020 568 3134 602 -υυ

503 633 818 704 Pyrriehius
854 648 975 687 cum
1012 626 1536 699 antibachiowup

2130 628 2135 689 ζ
2181 629 2434 702 Dactylus
2462 649 2584 691 cum
2625 635 3014 704 amphibracbo
3044 650 3278 695 —'uuu-u

505 724 788 794 Spondeus
824 738 946 778 cum
986 721 1261 777 tribracho
1287 745 1488 779 --υυυ
1624 710 1627 717 <
1708 776 1717 787 ,
2179 719 2436 793 Dactylus
2475 740 2597 778 cum
2638 727 3007 796 amphimacro
3040 728 3273 787 -'uu-o-

507 815 788 886 Spondeus
824 829 948 869 cum
984 815 1221 870 molosso
1245 843 1410 867 --ε--ν

2179 813 2439 887 Dactylus
2477 835 2598 875 cum
2640 819 2831 877 bachio
2870 844 3097 878 -vuu--

505 906 788 975 Spondeus
826 920 951 960 cum
986 913 1244 975 anapesto
1274 936 1297 945 -
1314 935 1339 946 -
1363 927 1394 960 υ
1411 929 1479 959 υ-
2179 902 2437 978 Dactylus
2472 926 2594 964 eum
2633 911 2943 967 antibachio
2963 943 2991 954 -
3006 936 3038 970 υ
3054 936 3085 970 υ
3102 939 3194 971 --υ

505 996 783 1066 Spondeus
817 1010 944 1055 cum
982 995 1197 1068 dactylo
1224 1018 1398 1051 ---νυ

2176 993 2610 1065 Amphibracbus
2644 1015 2767 1055 cum
2806 1001 2977 1059 tribus
3009 1025 3164 1061 u-uu
3184 1028 3260 1068 νυ

502 1086 783 1157 Spondcus
818 1101 941 1142 eum
978 1084 1369 1155 amphibracho
1395 1106 1584 1145 --ν-υ

2174 1084 2608 1156 Amphihraehus
2644 1105 2769 1147 euut
2806 1091 3039 1151 uiolasse
3073 1117 3302 1150 u-u-n

500 1183 782 1253 Spondeus
820 1196 942 1236 cum
981 1180 1354 1250 amphimacro
1378 1200 1517 1234 ---υ
1536 1207 1558 1218 -

2176 1173 2612 1246 Amphihracbus
2650 1196 2770 1233 cum
2811 1191 3340 1252 anapestoa—uuu-
3427 1210 3435 1219 ·

501 1272 782 1342 Spondeus
820 1286 943 1327 cum
980 1270 1175 1327 bachio
1202 1292 1384 1325 --u--

2175 1265 2607 1335 A'mphibraehus
2640 1286 2763 1324 eum
2798 1272 3011 1344 dactylo
3042 1296 3075 1330 υ
3093 1306 3117 1316 -
3131 1298 3163 1331 υ
3179 1300 3244 1330 -υ
3261 1298 3292 1332 υ

500 1362 779 1432 Spondeus
812 1379 934 1417 cum
964 1362 1277 1417 antibachio
1296 1391 1323 1402 -
1346 1391 1372 1401 -
1396 1390 1423 1401 -
1442 1391 1469 1402 -
1486 1382 1521 1417 υ
2175 1357 2609 1439 Ampbihrachus
2645 1379 2768 1417 eum
2799 1366 3189 1435 amphibracho
3213 1391 3448 1425 υ-υυ-υ

499 1453 710 1509 Iambus
745 1469 868 1509 cum
911 1454 1181 1509 tribracho
1211 1475 1285 1507 υ-
1302 1475 1332 1507 υ
1351 1475 1428 1508 υυ
2175 1449 2611 1519 Ampbihracbus
2647 1470 2769 1508 cum
2809 1457 3181 1525 amphimacro
3213 1481 3412 1516 u-u-u
3430 1490 3457 1501 -

496 1545 713 1601 Iambus
748 1561 872 1601 cum
900 1545 1136 1601 molosso
1158 1567 1191 1600 υ
1217 1576 1246 1587 -
1269 1573 1366 1586 ---

2174 1541 2610 1610 Ampbibrachus
2644 1559 2766 1598 cum
2802 1544 2996 1601 bachio
3023 1569 3055 1602 υ
3073 1578 3099 1588 -
3118 1571 3148 1602 υ
3166 1571 3197 1603 υ
3212 1580 3273 1590 --

495 1639 713 1695 Iambus
747 1655 873 1703 eum
910 1636 1397 1710 anapestOu-w-
2175 1630 2605 1701 Amphibracbus
2639 1649 2762 1693 cum
2801 1636 3111 1699 antibachio
3148 1662 3359 1701 υ-υ--υ

495 1730 712 1788 Iambus
749 1747 873 1789 cum
910 1730 1123 1803 dactylo
1144 1751 1346 1789 ν--υυ

2173 1723 2588 1796 Amphimacrus
2621 1744 2744 1783 cum
2786 1731 2958 1785 tribus
2989 1764 3015 1773 -
3029 1755 3059 1787 υ
3074 1757 3145 1790 -υ
3160 1758 3191 1789 υ
3205 1759 3235 1792 υ

497 1823 713 1881 Iambus
750 1839 874 1879 cum
914 1822 1299 1901 amphibracho
1326 1840 1437 1876 u-u
1457 1843 1527 1876 -υ
2029 1892 2073 1901 ᾳ

2029 1892 2073 1901 ᾳ
2173 1814 2584 1884 Amphimacrus
2620 1830 2745 1871 cum
2778 1819 3013 1876 moiosso
3038 1844 3114 1876 -ν
3134 1852 3258 1865 ----

498 1915 710 1972 Iambus
747 1930 871 1977 cum
910 1892 1281 1984 amphimacro
1308 1935 1339 1968 υ
1355 1942 1383 1954 -
1399 1945 1425 1955 -
1438 1936 1471 1975 ν
1486 1943 1507 1954 -
2029 1892 2079 1954 Β

2029 1892 2079 1954 Β
2172 1905 2588 1975 Amphimacrus
2627 1922 2749 1963 cum
2785 1920 3047 1979 anapesto
3070 1934 3299 1969 -υ-υυ-

497 2008 709 2065 Iambus
750 2022 874 2067 cum
907 2005 1101 2068 bachio
1122 2028 1153 2061 υ
1172 2034 1199 2045 -
1214 2027 1315 2065 υ·-

2173 1999 2587 2068 Ampbimacrus
2620 2014 2743 2055 cum
2780 2000 2998 2074 dactylo
3023 2026 3163 2060 -υη
3183 2028 3260 2061 νυ

494 2096 710 2152 Iambus
739 2113 864 2152 cum
902 2097 1416 2152 antibachiOu-uu
2174 2089 2593 2159 Amphimacrus
2626 2106 2751 2146 cum
2789 2095 3204 2163 amphibrachio
3231 2119 3464 2155 -υ-υ-υ

497 2187 790 2243 Trach-acus
827 2202 951 2242 cum
990 2186 1267 2249 tribracbo
1302 2216 1328 2227 -
1341 2209 1373 2241 υ
1386 2209 1417 2242 υ
1434 2207 1509 2243 uo
2004 2214 2009 2221 -

2004 2214 2009 2221 ›
2172 2180 2586 2250 Amphimacrus
2622 2198 2745 2237 cum
2785 2186 3157 2255 amphimacm
3180 2213 3247 2244 -υ
3262 2219 3289 2230 -
3302 2220 3329 2232 -
3343 2213 3374 2245 υ
3388 2221 3415 2232 -

497 2278 789 2333 Trochaaus
827 2294 952 2333 eum
987 2276 1223 2333 molosso
1247 2308 1273 2319 -
1292 2300 1323 2333 υ
1343 2308 1369 2319 -
1389 2308 1416 2318 -
1432 2309 1458 2327 η
1648 2282 1653 2285 ’

1648 2282 1653 2285 ·
2174 2274 2591 2355 Ainphimacrus
2624 2290 2747 2331 cum
2782 2276 2978 2332 bachio
3002 2301 3065 2333 -υ
3086 2309 3113 2319 -
3129 2304 3161 2334 υ
3176 2311 3236 2322 --

499 2368 790 2425 Trochmus
826 2384 949 2429 cum
990 2377 1248 2439 anapesto
1270 2398 1295 2409 -
1313 2391 1345 2425 υ
1359 2394 1390 2427 ν
1404 2391 1434 2425 υ
1451 2400 1476 2411 -
2171 2364 2589 2434 Amphimacrus
2618 2381 2741 2421 cum
2776 2367 3088 2424 antibachio
3111 2390 3218 2425 -ν-
3231 2393 3338 2437 τον

497 2459 790 2517 Trochqu
825 2476 949 2519 cum
987 2459 1202 2532 dactylo
1228 2490 1254 2500 -
1273 2483 1304 2521 υ
1320 2490 1346 2499 -
1362 2482 1393 2517 υ
1407 2482 1439 2515 υ

2177 2457 2413 2513 Baebius
2448 2474 2572 2513 cum
2608 2461 2888 2516 tribracho
2907 2484 3044 2517 υ--υ
3058 2487 3089 2519 υ
3104 2487 3135 2520 υ

497 2551 789 2615 Trochaeus
826 2567 952 2609 eum
991 2550 1381 2623 amphibracho
1408 2581 1433 2599 .-
1446 2574 1477 2607 υ
1490 2573 1521 2607 υ
1534 2574 1603 2606 ην

1490 2573 1603 2607 νην
2176 2547 2414 2604 Baebius
2449 2564 2575 2604 cum
2610 2549 2847 2608 molosso
2872 2574 3096 2608 υ-υ---

498 2642 787 2701 Ττοειλεευε
825 2658 948 2707 cum
987 2642 1360 2714 amphimacro
1390 2674 1414 2689 —
1433 2664 1464 2699 υ
1486 2665 1591 2697 -υ-
2176 2639 2409 2694 Baebius
2444 2654 2569 2694 cum
2602 2652 2864 2713 anapesto
2892 2665 3116 2701 υ-υυ-

499 2734 788 2801 Τιόεὴξβυε
821 2750 945 2791 cum
982 2733 1178 2793 bachio
1211 2765 1236 2775 -
1251 2756 1280 2787 υ
1298 2756 1329 2788 υ
1346 2764 1372 2781 ς-
1388 2763 1416 2774 -

2174 2729 2407 2785 Baebius
2442 2746 2566 2786 eum
2603 2731 2819 2804 dactylo
2842 2756 2875 2789 υ
2889 2758 3074 2791 ---υν

498 2826 788 2891 Trocbatus
821 2842 944 2882 cum
983 2825 1293 2882 antibachio
1313 2847 1452 2880 -υ--
1469 2846 1501 2880 υ

2174 2820 2406 2878 Baebius
2437 2838 2560 2878 eum
2599 2825 2990 2894 amphibraeho
3015 2849 3049 2883 υ
3068 2851 3250 2887 --υου

454 2942 731 3013 Τνίενααοὶ
751 2958 870 3005 cum
894 2940 1179 3013 trisyllabil
1202 2940 1378 3012 positi,
1401 2940 1469 2997 64
1484 2939 1607 2997 inde
1632 2938 1968 3011 colliguntur.

1632 2938 1968 3011 colliguntur.
2173 2913 2407 3013 ἓθοζιξυε
2442 2932 2568 2971 cum
2604 2920 2977 3013 ampiiimacm
3000 2944 3228 2978 υ---υ.

2175 3006 2408 3063 Baebius
2444 3024 2565 3063 eum
2603 3011 2800 3066 bachio
2822 3034 3043 3067 νην--

2108 3145 2114 3150 .
2175 3097 2414 3155 Baebius
2451 3116 2574 3155 cum
2611 3104 3172 3160 antibacbioun-éu

2174 3189 2531 3249 Antihachius
2564 3209 2686 3248 cum
2728 3195 2899 3250 tribus
2936 3218 3180 3252 --υυυυ

2174 3280 2530 3340 Antibachius
2560 3301 2685 3340 cum
2723 3287 2959 3344 molosso
2985 3310 3166 3343 --υ--
3179 3319 3202 3329 -

2173 3375 2533 3433 Antibacbius
2570 3393 2694 3433 cum
2728 3381 3101 3451 ainphimacro
3121 3412 3145 3422 -
3158 3411 3185 3422 -
3199 3402 3232 3436 υ
3244 3407 3305 3439 ου
3320 3414 3344 3425 -

2174 3468 2532 3525 Antihaebius
2564 3486 2691 3526 cum
2730 3481 2989 3541 auapesto
3022 3495 3256 3531 --υυυ-

2171 3558 2528 3615 Antibachius
2564 3577 2687 3617 eum
2725 3564 2939 3634 dactylo
2964 3585 3056 3617 --υ
3072 3585 3144 3618 -υ
3160 3587 3191 3619 υ

2175 3647 2528 3709 Antibachlus
2563 3666 2687 3705 cum
2723 3653 3112 3722 amphibracho
3145 3676 3364 3710 --υυ-υ

2176 3738 2530 3795 Antibacbius
2563 3757 2687 3797 cum
2724 3742 2919 3800 bachio
2942 3774 2969 3785 -
2989 3767 3185 3813 -υυτη

499 3053 692 3109 Tribus
729 3066 855 3109 eum
889 3052 1169 3108 tribracho
1201 3073 1236 3107 υ
1257 3072 1466 3109 υυυνυ

499 3145 693 3200 Tribus
726 3158 850 3200 eum
888 3144 1130 3201 molosso
1162 3167 1407 3200 υυυ--η

498 3231 691 3288 Trihus
727 3248 850 3288 cum
891 3243 1151 3304 anapesto
1182 3255 1424 3291 υυυυυ-
2030 3241 2075 3305 C

499 3322 693 3377 Tribus
727 3337 850 3376 cum
888 3323 1100 3393 dactylo
1137 3344 1389 3379 νυν-νυ

498 3414 694 3469 Tribus
726 3427 851 3467 eum
890 3416 1280 3483 amphibracho
1311 3434 1549 3470 υυυυφυ

496 3506 697 3560 Tribus
732 3519 858 3559 eum
894 3505 1265 3574 amphimacro
1296 3527 1536 3561 νυν-νι-

499 3593 696 3649 Tribus
732 3608 856 3649 eum
892 3595 1088 3651 bachio
1119 3618 1152 3651 υ
1170 3619 1250 3651 νυ
1267 3618 1370 3651 0--

501 3687 700 3745 Tribus
735 3701 864 3743 cum
902 3687 1213 3743 antibachio
1247 3710 1486 3745 υυυ-ςυ

500 3779 764 3835 Molossus
799 3795 926 3835 eum
963 3782 1237 3838 tribracbo
1273 3804 1508 3838 --.—uuu

564 3833 569 3834 ί
682 3833 689 3834 ί
748 3833 757 3835 ⁷
813 3833 925 3835 W—
968 3833 1231 3838 m—mm'
1388 3833 1408 3838 ⁷
1436 3833 1455 3838 ⁷
1482 3833 1504 3838 ⁷
2176 3833 2532 3888 Antibachius
2570 3849 2693 3889 enim
2734 3837 3042 3893 antibachio
3067 3860 3287 3894 --νην

498 3869 765 3925 Molossus
800 3887 926 3927 cum
965 3873 1199 3929 molosso
1231 3901 1450 3916 ------
2096 3884 2116 3900 ε

500 3960 762 4017 Molossus
798 3977 924 4017 cum
962 3947 1221 4034 δωρεαί,
1253 3984 1466 4019 -..ην
2176 3945 2269 4000 Isti
2293 3960 2527 4015 namque
2566 3946 2761 4018 pedes,
2801 3948 2893 4015 qui
2938 3949 3025 4004 hic
3071 3956 3391 4018 sequuntur,
3432 3964 3555 4003 cum
3586 3965 3681 4003 su-

500 4052 762 4109 Μυιοεδιη
799 4070 923 4110 cum
957 4033 1170 4127 dactylo
1201 4078 1415 4113 ,,,,νυ
2106 4036 2290 4107 perius
2319 4035 2680 4090 dcnominatis
2704 4033 2977 4103 conjuncti
3006 4036 3214 4091 faciunt
3250 4046 3463 4095 centum
3496 4039 3683 4105 viginti

500 4143 764 4201 Molossus
800 4162 924 4203 cum
960 4125 1350 4217 amphibmcho
1368 4170 1588 4203 "ww
2108 4133 2381 4217 quatuor.
2413 4125 2741 4217 pyrrichius,
2777 4127 3066 4198 spondeus,
3102 4127 3343 4217 iambus,
3386 4128 3639 4184 trocbcus
3665 4169 3681 4195 ,

502 4233 764 4292 Molossus
796 4252 918 4292 cum
952 4239 1326 4307 amphimacro
1358 4263 1569 4306 τ--ηυ-

2104 4213 2434 4294 tribrachus,
2487 4214 2772 4281 molossus,
2810 4228 3101 4287 anapestus
3130 4259 3144 4283 ,
3174 4216 3438 4290 dactylus,
3473 4219 3682 4295 amphi-

502 4325 762 4383 Molossus
799 4344 926 4382 eum
962 4294 1156 4385 bachio
1192 4294 1405 4386 ---u;—
1516 4294 1521 4295 γ
2102 4303 2121 4357 Ῐ

2102 4302 2360 4369 brachus,
2398 4304 2819 4375 amphimacrus,
2861 4306 3118 4375 baehius,
3171 4309 3543 4376 antibachius;
3568 4294 3679 4365 ho-

499 4418 762 4475 ηοιοεευε
801 4436 926 4476 cum
961 4422 1275 4478 amibachio
1309 4446 1518 4482 ,ηηυ
1710 4438 1723 4449 .
2107 4409 2228 4448 rum
2256 4405 2383 4450 sunt
2405 4396 2711 4452 duodecim.
2756 4394 3048 4453 Duodecim
3081 4400 3243 4470 igitur
3269 4442 3284 4467 ,
3314 4409 3369 4457 et
3397 4402 3633 4458 sedecim
3662 4442 3677 4470 ,

499 4511 805 4582 Anapesms
842 4529 968 4569 cum
1007 4515 1182 4570 "ibus
1205 4537 1458 4573 W‘uw
2106 4494 2163 4540 et
2192 4487 2413 4556 triginta
2439 4487 2546 4542 duo
2573 4495 2734 4558 atque
2758 4488 3035 4560 sexaginta
3065 4498 3315 4563 quatuor,
3356 4508 3516 4565 supra
3544 4492 3681 4548 scri-

500 4601 803 4672 An'estus
836 4620 959 4658 cum
996 4604 1234 4660 molosso
1268 4626 1482 4662 νυ---η-
2035 4598 2119 4669 Dl

2066 4590 2259 4667 )ptam
2305 4599 2574 4639 summam
2622 4584 2972 4654 complebunt
3015 4604 3029 4640 :
3082 4587 3179 4653 12,
3216 4588 3303 4655 16,
3352 4587 3445 4655 32,
3481 4588 3570 4655 64,
3604 4586 3685 4642 i‘a-

500 4691 805 4762 Anapestus
844 4708 967 4749 cum
1002 4704 1261 4765 anapesto
1293 4717 1324 4752 υ
1336 4719 1368 4752 υ
1380 4727 1405 4738 -
1420 4719 1452 4751 υ
1465 4719 1498 4753 ν
1508 4724 1555 4739 --
2108 4677 2282 4731 ἀοικ-

502 4786 807 4855 Anapestus
843 4802 966 4842 cum
1005 4789 1219 4860 dactylo
1254 4813 1490 4847 wnuu
1656 4796 1663 4801 '
2184 4789 2339 4844 Mens
2363 4789 2651 4845 tenebrosa
2676 4798 2849 4845 tumet
2880 4790 3074 4847 mortis
3104 4788 3331 4846 obscura
3362 4789 3617 4845 tenebris.

502 4876 807 4946 Anapestus
840 4893 964 4932 cum
1002 4879 1392 4949 amphibracho
1424 4902 1659 4937 uu-v-u
2186 4878 2279 4934 Vir
2300 4879 2540 4946 humilis,
2562 4888 2807 4946 maestus,
2834 4880 3030 4936 coelum
3063 4879 3376 4937 conscendit
3402 4877 3472 4932 ab
3495 4879 3677 4937 humo.

501 4968 806 5038 Anapestus
842 4986 963 5025 cum
1002 4973 1374 5041 amphimacro
1406 4994 1634 5030 υυ--υ-
2180 4973 2352 5047 Cujus
2368 4988 2530 5031 ‘amor
2552 4984 2788 5043 maneat,
2813 4976 2967 5047 cujus
2990 4976 3045 5030 in
3076 4975 3236 5029 corde
3260 4988 3356 5043 per
3384 4987 3575 5027 aevum.

501 5058 803 5128 Anapestus
836 5077 960 5117 eum
998 5063 1193 5118 bachio
1228 5086 1464 5121 υυ-υ--υ
1848 5110 1851 5111 ν
2182 5064 2424 5122 Seientia
2454 5075 2554 5131 est,
2584 5084 2617 5123 o
2629 5067 2865 5136 juvenis,
2889 5067 2983 5121 tibi
3005 5067 3075 5121 sit
3103 5065 3381 5135 sapientia:
3403 5064 3582 5118 ardor.

503 5147 804 5220 Anapestus
835 5169 957 5209 cum
994 5156 1303 5213 antibachio
1336 5180 1370 5212 υ
1383 5179 1418 5214 υ
1433 5181 1573 5218 --αν
2183 5157 2384 5227 Sophia
2400 5158 2516 5213 laus
2530 5158 2695 5212 animi
2708 5166 2813 5221 est,
2828 5155 3397 5225 semper,homo,disce
3411 5152 3674 5223 sophiam.

502 5239 752 5312 Dactylus
789 5260 911 5300 cum
952 5246 1229 5304 tribracho
1261 5270 1517 5309 -υυνυυ
2181 5248 2279 5304 Est
2302 5250 2470 5304 decus
2488 5250 2589 5304 hoc
2619 5249 2809 5302 animae
2828 5247 3021 5313 virtus,
3055 5246 3160 5301 hoc
3188 5254 3243 5301 et
3268 5243 3468 5301 inditus
3488 5243 3642 5301 ordo.

504 5330 758 5405 Dactylus
795 5352 916 5395 cum
954 5340 1191 5398 molosso
1219 5364 1448 5400 συν-ι·-
2176 5340 2418 5396 Condite
2441 5355 2573 5411 gaza
2599 5340 2740 5409 polo,
2769 5354 2955 5395 saccos
2977 5346 3207 5394 vacuate
3236 5353 3492 5409 gazarum
3518 5355 3534 5393 :

505 5422 757 5500 Dactylus
791 5445 913 5488 cum
948 5443 1209 5506 ωψσῑο
1243 5455 1492 5495 woun-

2183 5430 2323 5487 Aula
2342 5438 2492 5488 tenet
2508 5429 2784 5487 Chl-istim!
2808 5430 3009 5488 Christi
3034 5433 3081 5488 si
3098 5432 3336 5502 pectoris
3358 5429 3498 5486 auls.

1527 5715 2570 5771 mo“—
