4100 6324
1066 632 1632 750 ΒΕΔΤῙ
1709 638 2020 751 ΒΔ]

2114 640 2448 754 AN!
2521 643 3134 758 MAURI

1206 866 1494 925 ABBATIS
1533 867 1920 927 FULDENSIS
1954 869 2045 927 ET
2085 871 2464 932 MOGUNTINI
2498 876 3013 939 ARCHIEPISCOPI

685 1044 1445 1163 EXPOSITIO
1532 1050 1679 1167 IN
1767 1053 2567 1224 PROVERBIA
2656 1062 3532 1259 SALOMONIS.

1707 1402 2006 1480 LIBER
2059 1405 2473 1485 PRIMUS.

1925 1578 2225 1598 —

978 1677 1205 1734 CAPUT
1240 1678 1529 1738 PRIMUM.

534 1806 812 1863 Parabola:
843 1809 1144 1867 Salomonis
1166 1813 1267 1882 ﬁlii
1291 1815 1461 1871 David
1491 1819 1625 1889 regis
1655 1820 1842 1876 Israel.
1875 1823 2040 1878 Para-

461 1899 817 1967 bolaeGrrece,
834 1901 1026 1957 Latine
1049 1905 1301 1960 dicuntur
1323 1909 1718 1967 similitudines.
1737 1913 1892 1980 Quod
1915 1917 2038 1972 huic

460 1987 597 2043 libro
617 1993 934 2048 vocabulum
957 1993 1208 2053 Salomon
1235 1999 1303 2054 ob
1324 2000 1376 2055 id
1403 2002 1676 2072 imposuit,
1697 2015 1756 2061 ut
1778 2008 2040 2066 sciremus

381 2101 383 2104 ·
460 2081 623 2138 altius
647 2093 703 2138 et
731 2101 836 2140 non
860 2087 1016 2157 juxta
1044 2089 1279 2146 litteram
1315 2091 1613 2165 intelligere
1641 2113 1760 2167 quae
1786 2100 1952 2155 dicit:
1983 2103 2036 2156 in

459 2187 568 2242 quo
601 2173 885 2230 Dominum
921 2179 1187 2248 significat
1223 2198 1320 2250 per
1349 2186 1632 2252 parabolas
1669 2190 1843 2246 turbis
1871 2191 2036 2248 fuisse
2123 2231 2131 2237 -

455 2261 795 2333 locuturum,
837 2268 976 2324 sicut
1003 2272 1167 2326 etiam
1197 2276 1414 2331 nomine
1453 2281 1673 2349 proprio
1715 2291 1771 2338 et
1810 2286 2037 2354 paciﬁco

455 2356 606 2425 regni
639 2358 722 2412 sui
752 2367 895 2414 statu
924 2376 1152 2432 regnum
1181 2363 1382 2420 Christi
1421 2377 1475 2423 et
1502 2370 1757 2428 Ecclesia:
1800 2389 2036 2443 perenne

453 2443 754 2513 denuntiat,
786 2449 853 2504 de
879 2466 986 2520 quo
1015 2454 1273 2523 scriptum
1303 2465 1423 2512 est:
1455 2458 1894 2532 Multiplicabitur
1918 2469 2035 2538 ejus

450 2533 744 2604 imperium,
776 2552 825 2594 et
854 2544 1000 2611 pacis
1029 2561 1132 2598 non
1162 2547 1258 2600 erit
1286 2548 1408 2617 ﬁnis
1435 2567 1592 2620 super
1620 2554 1832 2610 solium
1859 2533 2034 2614 David

451 2635 500 2679 et
525 2643 681 2698 super
711 2647 923 2701 regnum
953 2634 1064 2704 ejus
1093 2635 1228 2704 (Isa.
1257 2640 1335 2709 ιι)
1357 2681 1372 2706 ,
1404 2640 1542 2697 sicut
1570 2645 1750 2715 templi
1781 2657 2032 2705 constru-

449 2717 626 2773 ctione
658 2735 724 2775 ac
753 2721 1114 2790 dedicatione,
1144 2728 1554 2788 aedificationem
1595 2736 1902 2806 signiﬁcare
1929 2739 2032 2796 Ec-

452 2809 668 2877 clesiaa,
733 2828 853 2882 quae
912 2824 1152 2887 tempore
1203 2825 1613 2880 resurrectionis
1664 2826 1717 2881 in
1767 2838 2030 2888 aeternum

447 2902 786 2961 dedicabitur
814 2908 1069 2966 insinuat.
1103 2911 1258 2975 .Nam
1293 2923 1348 2970 et
1386 2915 1501 2986 ipse
1539 2917 1681 2974 filius
1715 2935 1834 2977 esse
1861 2924 2029 2980 David

445 3007 541 3048 rex
571 2995 831 3064 spiritalis
860 2999 1026 3055 Israel
1053 3002 1215 3056 etiam
1247 3007 1520 3062 turbarum
1552 3010 1881 3079 testimonio,
1905 3029 2024 3083 quae

441 3083 491 3136 ei
537 3085 588 3138 in
630 3087 1017 3161 Jerosolymam
1081 3097 1316 3152 venienti
1359 3115 1480 3155 cum
1511 3103 1813 3173 palmarum
1853 3110 2019 3164 ramis

414 3181 495 3227 -et
533 3173 779 3233 laudibus
807 3193 1187 3251 occurrerent,
1220 3188 1542 3251 declaratur.
1581 3193 1889 3252 Notandum
1919 3215 2017 3254 au-

443 3271 552 3355 tem
577 3267 717 3335 quod
742 3269 954 3342 vulgata
978 3276 1143 3332 editio
1165 3294 1262 3350 pro
1290 3277 1589 3351 Parabolis,
1609 3301 1729 3355 quae
1756 3287 2020 3346 l-lebraiee

439 3351 560 3408 Has
587 3355 720 3411 Loth
752 3371 1031 3429 vocantur,
1076 3365 1440 3438 Par/toemias,
1487 3374 1540 3428 id
1583 3351 1666 3431 est
1705 3377 2016 3449 Proverbia,

442 3445 601 3515 dicit;
633 3451 728 3506 sed
776 3469 874 3510 nec
922 3456 1097 3526 ipsum
1125 3475 1319 3516 nomen
1362 3464 1618 3522 abhorret
1645 3483 1676 3522 a
1704 3484 1855 3526 vero.
1887 3472 2019 3541 Quae

439 3537 583 3593 enim
612 3544 881 3611 parabolae
908 3557 1053 3604 recte
1080 3562 1479 3624 nuncupantur,
1512 3559 1637 3628 quia
1669 3569 1775 3616 tam
1801 3564 2014 3620 occulta

439 3639 605 3697 sunt,
655 3647 884 3703 possunt
931 3655 1039 3695 non
1089 3642 1379 3715 incongrue
1420 3649 1580 3702 etiam
1609 3655 1894 3720 proverbia
1921 3672 2016 3711 vo-

435 3723 549 3775 cari
570 3764 585 3788 ,
616 3726 740 3794 quia
772 3728 897 3783 talia
927 3740 1052 3786 sunt
1078 3750 1197 3803 qua:
1226 3736 1418 3792 merito
1445 3741 1640 3810 saepius
1685 3744 1739 3798 in
1781 3761 1874 3801 ore
1901 3748 2017 3803 col-

436 3807 770 3880 loquentium
809 3821 1014 3874 versari
1065 3837 1128 3878 ac
1180 3829 1438 3882 memoria
1485 3830 1720 3888 debeant
1767 3838 2011 3894 retineri.

435 3900 569 3957 Nam
603 3913 657 3960 et
683 3911 969 3977 proverbia
1001 3913 1318 3986 plerumque
1349 3927 1456 3974 tam
1483 3925 1712 3980 obscure
1738 3927 2008 3997 dicuntur,

432 4000 493 4046 ut
523 3996 717 4052 merito
740 3999 931 4056 eadem
961 4005 1168 4072 possint
1199 4009 1362 4064 etiam
1391 4012 1768 4080 parabolarum
1797 3996 2013 4075 nomine

433 4087 642 4153 notari,
674 4088 900 4148 Domino
928 4103 1239 4164 attestante,
1270 4101 1363 4170 qui
1393 4103 1503 4156 ait:
1536 4104 1668 4158 ch
1703 4107 1758 4162 in
1797 4125 2012 4179 prover-

433 4179 528 4234 biis
575 4182 778 4240 locutus
808 4205 924 4241 sum
969 4190 1128 4257 vobis,
1178 4196 1311 4248 venit
1358 4198 1488 4251 hora
1527 4217 1644 4254 cum
1679 4202 1794 4271 jam
1823 4220 1924 4258 non
1955 4204 2010 4259 in

428 4272 710 4339 proverbiis
739 4275 927 4346 loquar
952 4280 1091 4334 vobis
1111 4322 1125 4347 ,
1174 4283 1265 4336 sed
1311 4285 1489 4354 palam
1517 4288 1582 4343 de
1610 4288 1773 4346 Patre
1801 4311 2010 4350 annun-

429 4360 570 4412 tiabo
602 4363 738 4417 vobis
755 4363 934 4435 (Joan.
955 4369 1086 4441 xw).
1115 4370 1252 4438 Quid
1277 4383 1454 4431 autem
1476 4380 1722 4438 utilitatis
1739 4388 2009 4454 parabolae

433 4448 736 4507 Salomonis
773 4455 1092 4524 conferant,
1144 4460 1304 4518 Prov.
1353 4481 1406 4532 ι,
1453 4448 1828 4530 succremento
1867 4477 2006 4534 tituli

428 4549 761 4599 monstratur
788 4562 912 4602 cum
938 4550 1223 4609 subditur:

494 4655 578 4709 Ad
598 4658 861 4714 sciendum
883 4666 1194 4734 sapientiam
1218 4680 1270 4724 et
1289 4672 1640 4746 disciplinam.
1669 4679 2001 4753 Sapientiam

425 4754 608 4802 autem
636 4758 691 4804 et
719 4751 1054 4824 disciplinam
1085 4760 1228 4815 scire
1255 4772 1335 4818 est
1353 4805 1367 4831 ,
1408 4773 1676 4837 quomodo
1705 4751 1849 4832 recte
1880 4793 2000 4833 cre-

425 4838 576 4904 dere,
608 4843 943 4916 qualiterque
989 4850 1169 4908 vivere
1213 4865 1486 4926 oporteat,
1539 4879 1805 4936 quemque
1845 4885 1997 4925 vera-

426 4931 563 5015 citer
611 4934 878 4994 didicisse.
932 4942 1048 5008 Quo
1097 4945 1449 5023 intentionem
1499 4931 1676 5011 cordis
1726 4941 1994 5030 dirigere,

422 5022 550 5090 quid
585 5030 855 5092 operando
883 5047 1073 5103 gerere
1103 5022 1390 5095 conveniat
1415 5059 1594 5101 nosse.
1634 5047 1787 5114 Quod
1815 5062 1994 5108 autem

422 5111 662 5183 adjungit
688 5134 700 5169 :

492 5223 571 5323 Ad
600 5227 941 5323 intelligenda
982 5238 1132 5292 verba
1171 5243 1460 5312 sapientiae,
1511 5257 1558 5301 et
1605 5253 1994 5323 suscipiendam

419 5314 760 5373 eruditionem
787 5320 1055 5379 doctrinae.
1090 5327 1268 5385 Monet
1290 5349 1384 5387 eos
1409 5350 1543 5403 quos
1568 5314 1778 5407 imbuit,
1799 5353 1859 5398 ut
1884 5360 1992 5400 non

421 5402 594 5459 solum
624 5408 936 5479 sapientiam
965 5431 1124 5486 quam
1152 5425 1425 5494 semetipsi
1454 5442 1845 5501 perceperunt,
1877 5451 1994 5490 am-

418 5496 623 5569 plecti,
675 5510 730 5557 et
781 5506 1074 5578 disciplina:
1119 5513 1378 5571 virtutum
1421 5496 1581 5590 quam
1617 5496 1991 5596 cognoverunt
2018 5497 2073 5560 Β

417 5591 592 5646 sciant
624 5593 914 5666 inservire;
958 5603 1050 5656 sed
1081 5606 1242 5661 etiam
1273 5611 1450 5667 verbis
1476 5617 1840 5685 prudentium,
1874 5621 1991 5690 qui-

417 5681 519 5738 bus
545 5683 612 5738 ad
641 5688 960 5756 perfectiora
997 5695 1282 5772 proficiant
1310 5681 1543 5765 libenter
1560 5681 1911 5792 auscultare;
1931 5719 1990 5768 et

417 5774 518 5832 hoc
546 5777 770 5837 solerter
799 5781 1097 5857 intelligere
1124 5800 1331 5846 curent.

1983 5959 2016 5994 ὕ

2063 1695 2117 1754 Α
2209 1690 2484 1747 Justitiam
2511 1702 2559 1748 et
2587 1696 2850 1766 Judieium
2874 1709 2924 1755 et
2950 1702 3263 1772 (equitatem.
3303 1705 3518 1767 Iustitia
3547 1721 3630 1768 est
3651 1714 3708 1770 in

2139 1782 2237 1848 eis,
2261 1799 2379 1853 quae
2400 1786 2692 1842 secundum
2718 1789 2956 1860 regulam
2975 1793 3217 1850 veritatis
3242 1795 3378 1852 bene
3401 1817 3703 1870 operantur.

2138 1871 2405 1928 Judicium
2431 1875 2483 1929 in
2507 1875 2633 1942 illis,
2654 1894 2773 1948 qua:
2795 1889 2940 1936 recta
2961 1883 3284 1942 discretione
3306 1904 3427 1944 cum
3451 1894 3707 1961 proximis

2139 1965 2365 2035 agimus,
2395 1968 2620 2036 aequitas
2655 1969 2709 2024 in
2748 1986 2832 2037 eo,
2869 1989 2990 2028 eum
3027 1975 3236 2032 sincera
3274 1980 3568 2039 intentione
3598 1986 3707 2040 Deo

2139 2056 2236 2111 soli
2270 2057 2324 2111 in
2355 2058 2438 2114 his
2465 2074 2584 2128 quae
2608 2070 2756 2118 recte
2783 2065 3020 2135 gerimus
3053 2077 3108 2123 et
3135 2067 3459 2140 iudicamus,
3495 2074 3706 2145 placere

2139 2152 2526 2208 contendimus.

2211 2238 2277 2293 Ut
2323 2243 2488 2309 detur,
2512 2247 2742 2316 parvulis
2787 2252 3011 2318 astutia,
3057 2255 3370 2312 adolescenti
3406 2259 3621 2315 scientia
3656 2271 3706 2317 et

2136 2332 2446 2391 intellectus.
2496 2337 2752 2398 Parvulos
2788 2343 2918 2400 dicit
2959 2361 3052 2401 eos
3095 2349 3187 2416 qui
3229 2354 3706 2427 nupersapientia:

2138 2437 2320 2479 aurem
2357 2431 2761 2486 accommodare
2817 2444 3137 2514 eruperant,
3174 2439 3567 2496 adolescentem
3612 2445 3702 2514 qui

2134 2513 2465 2586 aliquantum
2496 2518 2609 2587 jam
2649 2521 2702 2575 in
2741 2521 2858 2591 ejus
2885 2512 3157 2581 auditiOne
3185 2528 3431 2598 profecit.
3484 2531 3549 2585 Et
3583 2512 3704 2588 ideo

2134 2607 2364 2666 fortasse
2391 2613 2644 2682 parvulos
2672 2614 2866 2684 plurali
2909 2633 3156 2686 numero,
3187 2620 3579 2678 adolescentem
3611 2640 3706 2695 ap-

2130 2699 2295 2768 pellat
2323 2702 2598 2772 singulari.
2636 2704 2771 2771 Quia
2801 2707 3040 2763 doctrina
3067 2711 3342 2779 sapientiae
3371 2728 3507 2783 quos
3531 2715 3706 2769 diver—

2134 2789 2210 2843 sis
2237 2790 2401 2845 animi
2432 2794 2682 2862 motibus,
2729 2797 2955 2853 diversis
2983 2800 3196 2854 vivendi
3225 2803 3467 2859 moribus
3493 2805 3704 2861 deditos

2132 2884 2388 2955 suscipit,
2436 2885 2491 2940 in
2533 2897 2694 2942 unam
2734 2890 2950 2946 virtutis
2985 2891 3368 2961 perfectionem
3410 2896 3703 2952 erudiendo

2129 2977 2377 3044 provehit
2403 3019 2417 3044 ,
2464 2980 2530 3035 de
2558 2981 2752 3050 quibus
2775 2983 2896 3054 jure
2921 2983 3118 3039 dicitur
3143 3003 3156 3039 :
3198 2985 3558 3044 Multitudinis
3587 3007 3701 3044 cre-

2049 3048 2100 3110 Β
2127 3066 2362 3122 dentium
2398 3079 2508 3124 erat
2547 3048 2638 3126 cor
2677 3081 2726 3126 et
2770 3048 2947 3126 anima
2985 3092 3112 3129 una.
3164 3074 3231 3130 Ut
3276 3078 3450 3144 detur,
3496 3080 3698 3150 inquit,

2124 3159 2355 3230 parvulis
2383 3163 2596 3218 astutia.
2634 3162 2760 3220 Htec
2784 3167 2982 3220 etenim
3007 3168 3232 3224 rudibus
3257 3179 3342 3224 est
3367 3179 3422 3226 et
3448 3171 3703 3241 insipien-

2129 3251 2269 3306 tibus
2291 3254 2617 3321 necessaria,
2639 3272 2736 3328 per
2756 3272 2918 3326 quam
2952 3259 3338 3329 sophismatum
3363 3264 3700 3332 dignoscere,

2124 3349 2181 3398 et
2205 3359 2398 3400 cavere
2423 3347 2715 3402 versutiam
2750 3350 2989 3416 possint,
3030 3366 3098 3406 ne
3134 3351 3392 3424 falsorum
3422 3354 3704 3412 fraudibus

2125 3446 2565 3506 argumentorum
2611 3437 2947 3494 abducantur
2992 3456 3022 3493 a
3068 3441 3414 3511 simplicitate
3441 3459 3584 3499 verae
3611 3461 3703 3501 sa-

2121 3527 2339 3598 pientiae
2357 3569 2371 3595 ,
2403 3546 2524 3599 qua:
2553 3531 2703 3586 ducit
2735 3531 2803 3585 ad
2829 3532 3012 3587 vitam.
3051 3534 3380 3591 Adolescenti
3408 3538 3624 3594 scientia
3647 3550 3702 3597 et

2121 3615 2432 3672 intellectus.
2462 3618 2599 3686 Quia
2626 3621 2718 3689 qui
2747 3621 3040 3690 prudenter
3067 3623 3301 3679 declinat
3331 3625 3482 3690 falsa,
3515 3624 3703 3686 conse-

2120 3717 2348 3777 quenter
2369 3712 2502 3766 scita
2527 3712 2772 3767 veritatis
2797 3714 3075 3783 percipiet.
3109 3715 3384 3775 Hactenus
3407 3722 3700 3790 praetitula—

2120 3797 2217 3853 tio.
2249 3799 2386 3855 l-linc
2404 3799 2518 3869 jam
2547 3802 2662 3872 ipse
2689 3811 2865 3860 textus
2890 3805 3269 3874 parabolarum
3298 3809 3504 3881 incipit.

2190 3888 2422 3946 Audiens
2472 3893 2678 3963 sapiens
2727 3895 3014 3965 sapientior
3058 3898 3174 3953 erit.
3235 3899 3372 3966 Quia
3420 3904 3697 3974 sapientiae

2120 3992 2332 4040 amator
2377 3988 2558 4042 extitit
2611 3987 2864 4044 Salomon
2890 4031 2904 4057 ,
2957 3991 3083 4060 quia
3129 3993 3342 4062 optione
3390 3996 3493 4050 sibi
3538 3998 3691 4064 data,

2118 4077 2439 4146 sapientiam
2472 4078 2627 4149 petiit
2656 4087 2710 4134 et
2738 4082 2945 4150 accepit
2967 4121 2983 4147 ,
3033 4081 3255 4152 pulchre
3291 4085 3500 4140 initium
3531 4103 3693 4158 para-

2113 4168 2362 4224 bolarum
2391 4187 2610 4228 suarum
2641 4189 2674 4228 a
2703 4175 2962 4244 sapientia
2993 4177 3176 4245 sumit.
3225 4177 3378 4244 Quod
3411 4189 3590 4239 autem
3617 4183 3694 4238 ait

2114 4261 2412 4333 sapientem
2441 4279 2564 4320 cum
2597 4266 2830 4322 audierit
2859 4269 3079 4323 verbum
3110 4270 3491 4339 sapientiorem
3518 4273 3690 4342 efﬁci,

2115 4355 2352 4411 ostendit
2397 4357 2667 4412 neminem
2716 4358 2770 4412 in
2818 4359 2921 4413 hac
2965 4361 3073 4414 vita
3120 4361 3195 4416 ita
3240 4363 3537 4434 sapientem
3575 4365 3693 4422 ﬁeri

2112 4459 2303 4515 posse,
2349 4446 2503 4518 cujus
2544 4448 2807 4517 sapientia
2837 4461 3070 4519 nequeat
3097 4453 3320 4523 augeri,
3372 4471 3690 4528 semperque

2115 4536 2284 4592 moris
2309 4552 2431 4594 esse
2458 4539 2780 4610 sapientium
2807 4581 2822 4607 ,
2873 4549 2934 4596 ut
2981 4541 3141 4598 dictis
3170 4543 3434 4613 majorum
3485 4555 3540 4602 et
3585 4548 3687 4603 ali-

2053 4626 2060 4632 ’
2113 4629 2329 4700 quando
2356 4631 2522 4686 etiam
2553 4633 2822 4689 minorum
2854 4621 3184 4702 auscultem,
3230 4644 3286 4691 et
3324 4638 3584 4709 quidquid
3631 4640 3687 4696 in

2112 4719 2219 4777 illis
2248 4723 2496 4780 utilitatis
2526 4726 2825 4793 audierint,
2874 4728 2940 4782 ad
2969 4743 3026 4783 se
3058 4729 3350 4797 replicent,
3397 4746 3602 4801 suoque
3630 4732 3687 4787 in

2111 4815 2274 4870 corde
2323 4818 2636 4872 recOudant.
2698 4816 2940 4888 Denique
2991 4819 3194 4874 audivit
3241 4820 3455 4890 sapiens
3507 4823 3687 4879 minor

2110 4905 2371 4974 majorem
2396 4948 2411 4973 ,
2460 4908 2647 4978 regina
2691 4905 2831 4963 Saba
2873 4908 3212 4965 Salomonem
3237 4951 3253 4977 ,
3309 4920 3364 4967 et
3389 4912 3686 4982 sapientior

2109 4997 2312 5064 rediit,
2360 4998 2566 5053 audivit
2606 4998 2781 5055 Moses
2821 5016 3066 5057 socerum
3090 5043 3104 5069 ,
3160 5003 3328 5059 multo
3371 5004 3682 5061 inferiorem

2108 5089 2422 5157 sublimior,
2482 5099 2537 5146 et
2587 5092 2879 5162 sapientior
2923 5095 3162 5149 redditus
3216 5102 3318 5150 est.
3383 5097 3682 5154 Audierunt

2107 5184 2352 5256 discipuli
2389 5186 2662 5242 Christum
2716 5196 2770 5242 et
2801 5189 3045 5260 spiritum
3083 5188 3370 5258 Sapientiae
3401 5191 3681 5262 percipere

2106 5288 2442 5332 meruerunt.
2493 5279 2713 5333 Audivit
2750 5279 3105 5347 Nicodemus,
3145 5281 3349 5336 audivit
3382 5280 3674 5348 Gamaliel,

2106 5368 2313 5424 audivit
2341 5371 2632 5440 discipulus
2661 5371 2799 5442 ejus,
2833 5382 2961 5427 tunc
2992 5372 3204 5439 Saulus,
3238 5389 3381 5430 nunc
3408 5371 3678 5444 apostolus

2101 5457 2319 5524 Paulus,
2347 5461 2616 5531 sapientes
2642 5463 2827 5532 utique
2851 5464 3044 5519 vebum
3070 5463 3366 5535 Evangelii,
3388 5475 3442 5519 et
3466 5465 3678 5535 sapien-

2103 5554 2272 5608 tiores
2302 5564 2426 5608 sunt
2454 5553 2602 5609 facti.
2654 5555 2756 5622 Qui
2785 5556 2946 5610 etiam
2975 5555 3174 5611 Paulus
3201 5571 3323 5612 cum
3343 5557 3426 5624 ‘ad
3457 5557 3674 5611 tertium

2099 5646 2299 5700 coelum
2330 5657 2514 5717 raptus
2546 5647 2786 5702 audisset
2813 5663 2909 5714 ea,
2941 5664 3058 5717 qua:
3086 5664 3192 5704 non
3211 5649 3344 5703 licet
3371 5647 3677 5704 hominibus

2096 5736 2266 5791 verba
2296 5737 2461 5807 loqui,
2487 5737 2833 5794 nihilominus
2861 5740 2926 5793 ad
2957 5747 3155 5794 terram
3184 5753 3430 5794 reversus
3455 5737 3633 5792 aiebat
3658 5755 3672 5792 :

2098 5827 2242 5895 Quia
2268 5845 2331 5884 ea:
2360 5839 2505 5899 parte
2533 5830 2883 5899 cognovimus,
2923 5838 2972 5885 et
3005 5846 3069 5885 ea:
3100 5837 3246 5900 parte
3280 5827 3669 5898 prophetatum,
