4100 6324
459 270 573 327 ’685

1043 240 1050 249 ’
1101 268 1160 323 ιι.
1202 242 1457 323 ιιΑιιΑΝι
1494 265 1716 323 mum
1750 264 2042 322 ARClllEP

2143 264 2424 322 locum.
2464 263 2748 323 OPERUM
2783 232 2962 323 Pass
2999 266 3085 322 ιιι.

3616 268 3722 325 σει

464 379 615 451 impii
653 364 1032 435 desiderabant
1067 377 1427 447 exstinguere.
1459 382 1520 430 ut
1557 375 1735 430 omnis
1776 374 2037 430 memoria
2066 380 2117 439 Α
2143 375 2443 447 Utrumque
2486 393 2615 448 ergo
2657 385 2775 433 rete
2818 378 3018 432 frustra
3061 374 3215 433 bonis
3244 387 3441 447 parant
3468 381 3718 449 reprobi,

390 476 397 481 ’
460 470 724 526 virtutum
771 477 826 524 et
870 468 1134 523 doctrina:
1173 467 1316 523 illius
1353 465 1652 532 tolleretur,
1702 466 1796 521 sed
1841 474 1896 520 et
1940 465 2041 521 hoc

454 560 640 631 ipsum
665 560 807 629 quod
832 574 1106 628 nunquam
1136 557 1259 612 talis
1284 558 1427 612 inter
1449 571 1547 612 eos
1566 555 1764 612 vixerit
1789 556 2041 612 oblivioni

458 653 709 707 daretur.

536 738 754 796 Omnem
790 742 1071 812 pretiosam
1107 741 1454 796 substantiam
1492 741 1825 809 reperiemus,
1857 739 2043 809 imple-

459 831 632 886 bimus
656 832 837 887 domos
865 842 1068 886 nostras
1095 831 1294 902 spoliis.
1334 831 1410 886 De
1438 830 1748 886 hominibus
1770 826 2042 898 dicebant,

464 937 602 997 quos
625 922 843 978 Christo
870 923 1149 978 adluerere
1187 922 1517 985 cernebant;
1566 921 1829 990 putabant
1861 921 2004 975 enim
2025 962 2043 987 ,

463 1014 587 1083 quia
619 1014 665 1068 si
693 1028 816 1068 eum
843 1013 1178 1076 occiderent,
1225 1026 1418 1066 omnes
1442 1009 1532 1079 qui
1561 1009 1941 1075 crediderant,
1978 1010 2046 1065 ab

462 1103 580 1173 ejus
605 1110 825 1175 possent
851 1115 1038 1156 amore
1067 1110 1124 1156 et
1151 1105 1464 1156 eonsectatu
1494 1111 1815 1163 secernere,
1851 1098 2045 1153 talibus

461 1194 763 1249 animarum
803 1176 988 1263 spoliis
1029 1206 1250 1246 suarum
1292 1187 1665 1244 conventicula
1705 1188 1914 1258 replere
1950 1188 2046 1243 do-

462 1299 692 1345 morum,
714 1282 800 1338 cui
828 1281 1003 1338 simile
1026 1290 1108 1337 est
1134 1281 1262 1337 illud
1285 1280 1578 1337 Dominicae
1601 1279 1894 1349 parabolae,
1911 1280 2039 1351 quia

461 1377 712 1432 veniente
749 1376 817 1431 ad
854 1389 914 1431 se
948 1375 1091 1447 regis
1130 1375 1242 1431 lilio
1269 1375 1558 1431 dixerunt:
1598 1372 1703 1428 llic
1732 1384 1806 1429 est
1835 1374 2001 1429 turres
2023 1388 2043 1427 :

462 1471 656 1534 renite,
713 1468 1015 1523 occidamus
1066 1485 1184 1522 eum
1211 1509 1225 1533 ,
1283 1476 1332 1523 et
1385 1477 1567 1522 nostra
1618 1466 1717 1521 erit
1767 1467 2047 1522 hwreditas

464 1561 678 1633 (Matth.
710 1558 847 1630 XXI).

533 1654 737 1709 Sortem
766 1654 911 1706 mitte
936 1652 1236 1717 nobiscum,
1280 1650 1606 1722 marsupium
1642 1665 1804 1704 unum
1838 1649 1905 1704 sit
1936 1666 2045 1704 om-

2142 468 2267 538 quia
2310 469 2411 522 etsi
2456 469 2688 523 suadent
2718 468 2935 538 iniqua,
2980 477 3308 538 superantur
3328 467 3599 537 iustorum
3616 487 3722 549 ,sa-

2140 559 2364 630 pientis,
2386 559 2489 614 etsi
2520 557 2759 613 inierunt
2786 558 3034 620 adversa,
3065 566 3486 614 contemnuntur
3511 561 3723 630 patieno

2143 648 2238 705 tia.
2288 647 2512 718 Insuper
2539 655 2595 702 et
2630 646 2729 717 ipsi
2765 653 3065 702 tentatores
3093 646 3207 700 suis
3240 661 3300 702 se
3324 646 3561 716 perdunt
3589 647 3725 706 insi-

2141 740 2269 803 diis,
2297 739 2439 794 unde
2468 746 2615 793 recte
2642 737 2890 793 subditur
2917 756 2931 792 :

2210 827 2422 899 Ipsique
2473 838 2656 882 contra
2704 828 3009 898 sanguinem
3058 844 3211 883 suum
3265 829 3620 895 insidiantur,
3673 843 3723 888 et

2142 918 2429 979 moliuntur
2454 917 2671 987 fraudes
2699 928 2881 972 contra
2909 918 3116 972 animus
3153 935 3298 973 suas.
3351 919 3552 976 Contra
3592 936 3722 977 san-

2143 1010 2360 1081 guinem
2384 1049 2401 1074 ,
2454 1017 2515 1063 ut
2564 1009 2843 1079 temporali
2895 1017 3073 1065 morte
3124 1010 3472 1079 plectantur;
3527 1022 3724 1071 contra

2142 1099 2356 1153 animas
2385 1106 2568 1153 autem
2609 1098 2777 1163 dicit,
2826 1105 2885 1151 ut
2924 1106 3127 1154 mtcrna
3167 1114 3383 1170 quoque
3423 1102 3727 1158 animarum

2142 1189 2446 1261 perditione
2471 1191 2813 1245 damnentur.
2848 1189 3001 1256 Quod
3024 1205 3150 1245 cum
3175 1190 3244 1246 ad
3270 1207 3462 1247 omnes
3483 1193 3576 1264 qui
3602 1209 3730 1248 san-

2142 1278 2290 1351 guini
2340 1279 2686 1344 insidiantur,
2736 1288 2792 1334 et
2838 1278 3027 1334 fraude
3084 1279 3189 1335 sibi
3243 1279 3528 1337 vivendum
3584 1285 3731 1339 testi-

2143 1381 2296 1427 mant
2321 1372 2622 1443 pertineat,
2661 1372 2972 1442 specialiter
3000 1381 3180 1429 tamen
3210 1372 3413 1431 Judteis
3437 1377 3726 1447 congruit,

2144 1463 2236 1532 qui
2284 1463 2487 1518 insonti
2536 1464 2770 1519 Domino
2795 1462 3095 1519 tendiculas
3122 1464 3554 1529 abseonderunt,
3584 1464 3729 1535 eius-

2144 1568 2251 1623 que
2276 1553 2567 1624 Apostolos
2599 1553 2858 1609 virtutum
2900 1555 3093 1624 pennis
3124 1554 3289 1611 fultos
3324 1556 3464 1611 dolis
3493 1558 3729 1614 circum-

2145 1643 2332 1699 venire
2360 1643 2699 1715 satagebant,
2730 1652 2921 1700 contra
2952 1660 3109 1700 suum
3140 1661 3375 1717 namque
3406 1648 3727 1718 sanguinem
3755 1710 3765 1720 _

462 1744 610 1799 nium
638 1751 892 1798 nostrum.
927 1740 1257 1811 Marsnpium
1286 1748 1370 1794 est
1397 1740 1650 1795 sacculus
1680 1754 2040 1804 nummorum,
2072 1732 2120 1792 B
2147 1748 2382 1802 suasque
2411 1734 2622 1789 animas
2651 1734 2912 1806 agebant,
2942 1734 3037 1805 qui
3065 1735 3339 1801 timentes,
3370 1752 3441 1792 ne
3469 1746 3731 1796 terrestre

460 1842 610 1904 patet
643 1840 824 1888 autem
854 1832 921 1887 de
966 1831 1292 1895 latronibus,
1322 1830 1447 1900 quia
1476 1838 1536 1884 ut
1562 1829 1748 1901 plures
1778 1829 2043 1885 scelerum

462 1924 642 1979 socios
670 1922 1024 1993 conquirant,
1058 1921 1492 1976 communionem
1523 1920 1603 1976 eis
1632 1908 1825 1991 prtedae
1843 1960 1858 1982 ,
1884 1935 2046 1989 quam

466 2022 777 2087 rapuerunt,
810 2012 1096 2084 spondent.
1132 2010 1238 2067 Sed
1267 2019 1321 2067 et
1345 2020 1723 2082 persecutores
1751 2011 1918 2066 nostri
1942 2011 2048 2065 Re-

465 2104 784 2175 demptoris,
817 2118 1188 2174 quoscumque
1227 2112 1451 2172 potuere
1495 2103 1598 2158 sibi
1642 2101 2043 2173 adjungebant;

354 2208 360 2213 ‘
450 2203 520 2252 -at
547 2210 682 2265 quos
706 2195 856 2250 illum
897 2193 1054 2265 sequi
1087 2194 1365 2259 videbant,
1396 2193 1497 2248 bos
1521 2192 1588 2249 de
1611 2192 1892 2265 Synagoga
1923 2207 2048 2263 pro-

454 2285 740 2356 pulsantes
764 2301 862 2341 sua
890 2285 1272 2340 communione
1300 2283 1608 2354 privabant.
1922 2299 1930 2307 ·

448 2366 457 2373 ’
531 2371 644 2427 Fili
674 2373 773 2440 mi,
808 2391 871 2428 ne
899 2372 1133 2429 ambules
1165 2388 1283 2426 cum
1311 2373 1408 2437 eis,
1439 2372 1653 2444 prohibe
1681 2372 1861 2442 pedem
1896 2382 2044 2426 tuum

461 2483 495 2521 a
520 2465 717 2522 semitis
746 2481 947 2519 eorum.
1004 2464 1264 2520 Prohibet
1295 2465 1580 2521 credentes
1603 2465 1819 2520 Christo
1852 2464 1917 2519 de
1951 2461 2045 2517 Ju-

461 2556 631 2622 dteis,
683 2558 1088 2614 communicare
1134 2558 1587 2630 persequentibus
1633 2556 1906 2613 Christum
1952 2553 2047 2611 Ju-

465 2648 616 2703 da‘is.
640 2647 880 2717 Denique
901 2662 1091 2703 omnes
1117 2647 1207 2716 qui
1232 2648 1527 2703 credebant
1556 2655 1711 2702 erant
1738 2646 1959 2718 pariter,
1989 2653 2045 2701 et

454 2737 655 2793 Petrus
686 2737 874 2792 iisdem
906 2736 1165 2808 loquitur.
1212 2734 1501 2792 Salvantini
1529 2754 1561 2792 a
1587 2737 1915 2807 generatione
1944 2736 2072 2790 ista‘

498 2844 622 2882 rara
629 2866 643 2881 .

498 2845 643 2882 rava.

459 2845 493 2899 ρ
532 2918 700 2974 Pedes
724 2919 863 2973 enim
891 2917 1102 2974 illorum
1127 2918 1198 2973 ad
1225 2917 1425 2973 malum
1452 2929 1691 2985 currunt,
1720 2929 1768 2975 et
1794 2920 2045 2990 festinant

462 3018 519 3063 ut
550 3008 823 3079 effundant
853 3010 1181 3079 sanguinem.
1228 3006 1346 3062 Non
1375 3007 1547 3064 solum
1576 3008 1645 3064 ad
1677 3008 1875 3063 malum
1901 3008 2047 3079 quod

2150 1838 2372 1894 regnum
2399 1824 2706 1894 perderent,
2732 1823 2855 1879 caeli
2882 1832 3143 1893 terraeque
3165 1824 3366 1894 Regem
3392 1826 3729 1893 occiderunt,

2147 1916 2274 1973 caeli
2304 1917 2451 1972 cives
2474 1918 2942 1987 persequebantur
2968 1916 3021 1971 in
3052 1926 3222 1982 terra,
3251 1918 3477 1990 ideoque
3503 1924 3729 1997 et.quod

2149 2014 2202 2069 in
2238 2014 2398 2069 terris
2425 2013 2713 2077 habebant,
2744 2021 2799 2069 et
2823 2013 2969 2085 quod
2999 2013 3056 2068 in
3083 2013 3239 2070 caelis
3263 2015 3549 2086 acquirere
3578 2027 3733 2087 pote-

2147 2112 2290 2170 rant,
2321 2118 2545 2176 regnum
2575 2103 2947 2173 perdiderunt.
2982 2101 3320 2159 Generaliter
3341 2114 3521 2160 autem
3547 2106 3734 2162 dicen—

2147 2195 2300 2260 dum,
2347 2193 2473 2265 quia
2519 2194 2844 2266 quicumque
2890 2193 3078 2249 oculos
3119 2193 3242 2250 ﬁdei
3288 2194 3453 2252 habet
3489 2206 3731 2268 apertos,

2147 2285 2463 2355 accepitque
2492 2299 2523 2338 a
2554 2285 2784 2341 Domino
2823 2299 3029 2355 pennas
3076 2292 3135 2339 ut
3178 2285 3481 2353 columbae,
3529 2287 3730 2358 quibus

2149 2385 2409 2433 aeternam
2448 2376 2591 2432 volet
2638 2374 2708 2431 ad
2752 2377 3036 2446 requiem,
3089 2374 3289 2432 frustra
3337 2376 3427 2432 tali
3478 2377 3733 2439 irretiant

2147 2466 2373 2540 laqueos
2412 2466 2561 2536 mali,
2605 2480 2776 2537 seque
2817 2466 2963 2537 ipsos
3000 2466 3181 2538 potius
3218 2467 3320 2523 hoc
3354 2469 3736 2538 praesumendo

2148 2558 2439 2633 perimunt.

2220 2644 2306 2701 Sic
2335 2646 2532 2701 sentiae
2561 2646 2729 2701 omnis
2772 2645 2919 2702 avari
2960 2645 3166 2700 animas
3211 2646 3589 2715 possidentium
3637 2660 3733 2701 ra-

2147 2740 2319 2810 piunt.
2355 2738 2586 2794 Semitas
2611 2738 2759 2795 avari
2794 2738 2924 2795 dicit
2951 2737 3179 2793 subtiles
3204 2737 3322 2808 ejus
3351 2738 3729 2809 cogitationes,

2148 2829 2344 2900 quibus
2379 2829 2596 2885 sedulus
2640 2829 2906 2900 inquirit,
2937 2827 3170 2899 qualiter
3199 2828 3458 2898 pecunias
3497 2838 3734 2900 augeat,

2152 2919 2393 2991 talesque
2421 2920 2628 2977 semitae
2658 2920 2874 2990 rapiunt
2896 2920 2963 2974 ad
2994 2920 3273 2974 interitum
3320 2920 3533 2997 animas
3551 2919 3731 2990 possi-

2150 3009 2411 3077 dentium,
2459 3010 2519 3066 id
2545 3017 2626 3066 est
2652 3025 2851 3071 eorum.
2869 3010 2960 3080 qui
2996 3010 3427 3081 possessionibus
3467 3011 3731 3082 pecunia-

454 3099 836 3170 temporaliter
865 3108 1175 3170 operentur,
1224 3101 1320 3157 sed
1354 3101 1519 3156 etiam
1565 3102 1632 3156 ad
1671 3101 1870 3156 malum
1903 3102 2045 3171 quod
2072 3086 2117 3149 Ο
2149 3116 2268 3156 rum
2300 3100 2441 3157 ultra
2482 3102 2747 3157 rationem
2783 3101 3120 3158 incumbunt.
3171 3095 3290 3157 Non
3332 3100 3503 3157 solum
3552 3116 3685 3173 ergo
3711 3140 3729 3168 ,

462 3198 726 3263 perpetuo
752 3188 968 3261 passuri
996 3199 1143 3256 sunt,
1174 3189 1327 3261 impii
1358 3199 1681 3262 properant,
1724 3190 1937 3262 quoties
1978 3190 2046 3246 ad

454 3280 787 3352 patrandum
818 3279 1191 3347 homicidium,
1225 3288 1281 3335 et
1309 3279 1455 3335 aliud
1483 3279 1611 3351 quid
1638 3279 1857 3335 sceleris
1884 3295 2047 3350 agen-

458 3372 594 3428 dum
624 3370 919 3427 festinant:
965 3386 1090 3426 nam
1133 3379 1396 3441 quantum
1435 3371 1683 3457 videntes
1730 3371 1797 3426 ad
1841 3371 2048 3457 facinus

454 3463 794 3534 implendum
827 3463 1119 3530 ducuntur,
1151 3472 1359 3518 tantum
1389 3451 1767 3518 non'videntes
1817 3451 1887 3519 ad
1918 3463 2048 3518 tole-

463 3553 690 3608 randam
727 3568 827 3625 pro
857 3553 1096 3609 facinore
1134 3567 1354 3631 plenam
1389 3552 1775 3624 propinquant.
1827 3553 1951 3608 llzcc
1980 3553 2047 3609 de

461 3644 871 3701 insidiatoribus
926 3644 1097 3700 nostri
1158 3642 1456 3698 Salvatoris
1502 3644 1685 3699 valent
1738 3644 2047 3715 specialiter

460 3736 724 3807 intelligi,
763 3750 999 3806 sequens
1024 3742 1204 3790 autem
1228 3734 1530 3790 versiculus
1560 3736 1627 3790 de
1658 3735 1904 3790 ﬁdelibus
1931 3734 2047 3807 ejus

458 3842 615 3898 teque
655 3842 950 3899 pravorum
993 3825 1256 3881 malitiam
1299 3826 1695 3882 sustinentibus
1722 3826 2047 3898 generaliter

457 3919 743 3977 inseritur.
1674 3986 1677 3989 ἢ

535 4009 762 4065 Frustra
785 4019 957 4065 autem
973 4009 1178 4080 jaeitur
1204 4016 1308 4063 rete
1331 4017 1452 4062 ante
1475 4007 1655 4062 oculos
1678 4017 2042 4079 pennatorum.

453 4101 689 4156 Frustra
721 4101 867 4155 enim
898 4100 1123 4169 laqueus
1153 4098 1547 4171 persecutionis
1580 4107 1674 4152 aut
1710 4098 1900 4159 mortis
1929 4106 2046 4153 ten-

452 4193 605 4246 ditur
639 4190 847 4254 electis,
887 4189 981 4259 qui
1015 4204 1224 4259 pennas
1262 4189 1463 4244 habent
1500 4187 1616 4259 spei
1651 4198 1707 4243 et
1739 4189 2042 4255 cbaritatis,

447 4289 892 4347 cat-terarumque
920 4277 1182 4332 virtutum
1215 4277 1410 4347 quibus
1444 4284 1500 4333 et
1534 4276 1777 4332 caelestia
1810 4277 1936 4332 dum
1968 4278 2046 4332 vi-

452 4378 592 4424 vunt
619 4369 953 4434 desiderent,
991 4376 1047 4422 et
1085 4369 1154 4423 ad
1196 4368 1297 4423 hoc
1325 4375 1448 4437 post
1476 4378 1704 4423 mortem
1735 4379 2043 4424 mereantur

2067 4420 2120 4480 D

2148 3190 2340 3261 inquit,
2371 3190 2427 3246 hi
2470 3191 2564 3262 qui
2601 3192 2672 3248 ob
2707 3192 3095 3264 pbilargyriam
3123 3192 3326 3263 rapinis
3367 3194 3733 3250 innocentium

2146 3289 2202 3336 et
2227 3281 2463 3337 caedibus
2510 3282 2814 3352 invigilant,
2857 3268 3028 3339 semet
3056 3284 3161 3339 hoc
3205 3291 3424 3355 agentes
3458 3284 3729 3354 perdunt;

2148 3386 2333 3427 verum
2358 3373 2550 3429 eodem
2577 3373 2798 3439 ordine,
2822 3375 3039 3430 tametsi
3078 3375 3301 3438 minore
3342 3383 3493 3429 reatu
3535 3390 3735 3430 omnes

2145 3463 2293 3518 avari
2317 3464 2697 3521 meditationes
2725 3480 2847 3535 quae
2867 3480 3058 3520 aurum
3098 3464 3211 3521 Deo
3236 3463 3551 3535 pnet‘ernnt,
3582 3466 3731 3519 hunc

2144 3553 2212 3608 ad
2243 3553 2520 3608 interitum
2549 3555 2788 3609 trahunt.
2817 3553 3012 3620 Aliter,
3036 3554 3116 3610 sic
3144 3555 3352 3609 semitae
3379 3554 3557 3610 omnis
3576 3554 3730 3609 avari

2144 3643 2352 3698 animas
2378 3643 2770 3714 possidentium
2813 3646 3049 3716 rapiunt,
3088 3644 3182 3699 tali
3228 3643 3354 3709 line,
3391 3651 3453 3699 ut
3474 3642 3733 3714 prmfatus

2145 3746 2284 3797 sum,
2313 3746 2509 3788 avarus
2532 3734 2760 3804 quisque
2790 3734 3032 3804 perimit,
3066 3742 3121 3788 et
3148 3734 3316 3789 nudat
3353 3749 3448 3789 eos
3485 3733 3576 3803 qui
3604 3747 3730 3803 pos-

2144 3823 2473 3879 sessionibus
2498 3824 2797 3890 abundant,
2821 3831 2881 3879 ut
2924 3824 3038 3894 ipse
3058 3824 3241 3894 potius
3266 3824 3369 3879 hoc
3392 3823 3600 3894 agendo
3635 3837 3732 3893 pe-

2144 3921 2281 3968 reat.
2313 3912 2585 3984 Pauperes
2629 3929 2865 3984 namque
2905 3929 3042 3985 quos
3084 3913 3161 3968 nil
3192 3913 3472 3984 possidere
3513 3911 3726 3975 cernit,

2143 4019 2242 4059 cur
2264 4003 2496 4070 occidat,
2520 4018 2627 4074 quo
2649 4003 2819 4074 spolia
2845 4020 2953 4059 non
2995 4003 3219 4059 invenit.
3244 4001 3361 4058 Huc
3400 4016 3571 4072 usque
3601 4016 3730 4071 per-

2145 4094 2448 4150 secutioues
2466 4109 2602 4165 quas
2622 4093 2790 4155 Judmi
2816 4094 3032 4151 Christo
3058 4095 3286 4151 intulere
3305 4095 3684 4152 describuntur
3706 4108 3722 4147 :

2144 4186 2250 4241 huc
2283 4184 2593 4240 referuntur
2619 4200 2683 4240 ea
2728 4201 2850 4256 quae
2892 4187 3006 4257 ipse
3032 4196 3154 4256 post
3186 4188 3492 4256 passionem
3518 4183 3727 4240 eisdem

2143 4276 2254 4331 suis
2277 4276 2714 4347 persecutoribus
2736 4291 2833 4348 per
2861 4276 3133 4346 apostolos
3162 4275 3420 4346 loquitur.

2216 4366 2486 4438 Sapientia
2537 4366 2667 4436 foris
2725 4367 3018 4437 prtedicat,
3066 4368 3122 4421 in
3168 4365 3356 4437 plateis
3408 4365 3500 4418 dat
3551 4378 3726 4423 vocem

444 4460 785 4532 pertingere.
835 4458 1052 4515 Habent
1097 4466 1153 4514 et
1197 4459 1390 4513 oculos
1436 4459 1652 4526 mentis,
1698 4474 1796 4529 per
1823 4476 1959 4530 quos
1987 4473 2042 4516 et
2072 4454 2120 4480 ν
2145 4476 2314 4524 suam,
2344 4459 2399 4513 in
2426 4458 2590 4530 capite
2615 4459 2886 4513 turbarum
2924 4457 3176 4513 clamitat.
3212 4456 3487 4527 Sapientia
3525 4454 3727 4526 quippe

456 4552 625 4619 mala,
656 4567 778 4623 quae
805 4552 874 4607 ab
902 4549 1081 4623 impiis
1111 4551 1408 4618 sustinent,
1436 4551 1589 4607 ocius
1620 4553 1945 4621 transitura,
1986 4561 2044 4609 et

456 4646 597 4702 bona
626 4660 746 4716 qua:
775 4645 1089 4700 sustinendo
1117 4652 1457 4712 meruerunt,
1489 4655 1755 4701 aeternum
1786 4661 2040 4703 mansura

454 4737 697 4794 videant.
752 4736 960 4805 Quibus
989 4734 1148 4792 simul
1178 4735 1350 4793 oculis
1382 4746 1437 4791 et
1470 4737 1823 4808 reproborum
1853 4748 2040 4808 super-

450 4829 598 4884 biam
638 4829 747 4885 cito
791 4827 1305 4893 consummandam,
1354 4836 1409 4883 et
1453 4834 1722 4883 tormenta
1759 4828 2037 4898 sequentia

450 4936 669 4991 semper
696 4933 953 4975 mansura
984 4920 1336 4991 prospiciunt.
1394 4919 1580 4974 Potest
1617 4928 1670 4974 et
1708 4919 1781 4974 ita
1820 4918 1990 4990 accipi
2019 4960 2033 4985 ,

447 5011 601 5080 quod
646 5017 762 5064 rete
799 5010 945 5064 dicat
983 5008 1340 5079 perniciosam
1387 5008 1651 5063 malorum
1695 5008 2032 5073 doctrinam,

446 5112 621 5167 quam
651 5096 717 5151 ab
743 5111 808 5152 eo
839 5096 957 5153 loco
985 5106 1312 5161 contexunt,
1343 5097 1432 5152 ubi
1464 5096 1578 5151 ait:
1613 5096 1670 5151 Si
1701 5107 1750 5153 te
1777 5108 2033 5152 tractave-

446 5189 557 5242 rint
583 5196 899 5257 peccatores,
920 5204 983 5243 ne
1003 5189 1326 5259 acquiescas,
1347 5187 1657 5258 frustraque
1677 5188 1783 5243 tale
1798 5188 2034 5260 jaciatur

450 5286 572 5334 rete
618 5286 744 5334 ante
787 5293 915 5343 eos,
964 5280 1056 5348 qui
1106 5278 1321 5334 mundis
1358 5278 1528 5334 oculis
1567 5279 1745 5335 cordis
1794 5294 2027 5349 superna

446 5370 902 5441 contemplemur,
952 5372 1043 5441 qui
1088 5372 1272 5428 dicere
1318 5372 1499 5428 norint
1543 5388 1667 5428 cum
1712 5370 2024 5443 Propheta:

448 5463 643 5517 Anima
667 5473 845 5518 nostra
870 5464 1001 5518 sicut
1030 5452 1209 5534 passer
1237 5474 1412 5535 erepta
1441 5475 1515 5519 est
1538 5466 1606 5519 de
1631 5464 1813 5536 laqueo
1843 5481 2029 5518 venan-

450 5555 582 5609 tium
613 5549 784 5627 (Psal.
810 5552 992 5626 cxxv).
1024 5554 1204 5609 Facile
1233 5556 1375 5610 enim
1406 5556 1647 5627 laqueos,
1679 5557 1767 5626 qui
1802 5557 1854 5611 in
1882 5564 2027 5611 terra

452 5638 766 5719 solidantur,
788 5652 959 5710 cavet,
985 5644 1076 5713 qui
1104 5648 1562 5704 conversationem
1588 5647 1749 5701 habet
1773 5647 1823 5701 in
1850 5646 2021 5701 eml's.

2141 4549 2261 4616 Dei,
2288 4548 2537 4605 Christus
2560 4558 2664 4615 est,
2697 4550 2788 4620 qm
2826 4551 2881 4606 in
2917 4550 3119 4605 mundo
3155 4556 3506 4613 conversatus
3535 4546 3729 4618 paucis

2141 4660 2252 4702 suae
2275 4645 2529 4718 mysteria
2570 4646 2867 4701 divinitatis
2890 4643 3166 4716 patefecit,
3199 4644 3437 4715 ipsisque
3466 4642 3728 4713 praecepit
3832 4725 3836 4729 ‘

2140 4751 2210 4792 ne
2248 4744 2374 4791 ante
2414 4734 2719 4806 passionem
2759 4742 2816 4789 et
2856 4737 3305 4791 resurrectionem
3355 4749 3541 4797 suam,
3592 4732 3724 4802 quia

2141 4826 2257 4898 ipse
2281 4834 2429 4882 esset
2452 4823 2609 4881 Iesus
2648 4824 2897 4881 Christus
2933 4826 3324 4897 praedicarent,
3367 4840 3437 4880 ne
3493 4823 3725 4894 gloriam

2141 4921 2259 4992 ejus
2305 4936 2467 4991 quam
2508 4920 2563 4976 in
2604 4929 2788 4976 monte
2834 4929 3252 4991 conspexerant,
3281 4919 3534 4988 cuiquam
3573 4916 3725 4972 dice-

2140 5020 2283 5077 rent,
2297 5010 2578 5082 magisque
2601 5017 2729 5064 tunc
2749 5025 2858 5066 suae
2880 5010 3175 5081 potentiam
3197 5007 3515 5079 maiestatis,
3536 5005 3722 5077 operi-

2138 5100 2240 5156 bus
2268 5117 2428 5171 quam
2462 5099 2645 5155 verbis
2670 5100 3006 5165 ostendebat,
3042 5100 3255 5171 impleta
3287 5098 3567 5171 prophetia
3596 5110 3722 5165 quas

2138 5191 2276 5246 dixit
2324 5209 2337 5244 :
2389 5188 2572 5262 Neque
2621 5190 2797 5245 audiet
2834 5189 3024 5261 aliquis
3074 5193 3129 5243 in
3172 5189 3357 5261 plateis
3405 5204 3577 5243 uocem
3601 5187 3723 5256 ejus

2139 5280 2497 5354 (Manium),
2528 5262 2585 5335 at
2605 5288 2726 5351 post
2771 5280 3223 5337 resurrectionem
3268 5278 3531 5350 sapientia
3584 5276 3719 5330 foris

2134 5374 2484 5445 pratdicabat.
2516 5373 2641 5443 quia
2680 5374 2847 5429 misso
2874 5374 3103 5443 desuper
3143 5371 3348 5442 Spiritu
3377 5387 3474 5443 per
3501 5376 3719 5439 aposto-

2134 5464 2215 5520 los
2251 5471 2436 5535 aperte
2472 5478 2531 5518 se
2582 5463 2753 5532 ipsam
2792 5463 2992 5519 mundo
3039 5462 3363 5519 declarabat.
3418 5460 3476 5517 ln
3522 5457 3720 5530 plateis

2134 5556 2295 5612 dabat
2321 5571 2504 5613 vocem
2530 5571 2683 5611 suam
2710 5556 2837 5627 quia
2864 5556 2919 5611 in
2939 5555 3222 5611 latitudine
3243 5554 3505 5625 plebiutn,
3539 5552 3717 5606 mani-

2134 5647 2270 5704 feste
2300 5645 2459 5718 qu‘am
2486 5654 2640 5703 antea
2691 5662 2892 5716 paucos
2937 5646 3195 5704 docuerat
3233 5645 3554 5717 replicabat,
3606 5642 3707 5697 im-
