4100 6324
357 340 463 399 685

1161 337 1522 397 EXPOSITIO
1557 336 1626 393 IN
1661 331 2056 393 PROVERBIA
2091 331 2498 391 SALOMONIS.
2535 365 2606 377 —
2639 336 2769 392 LIB.
2807 337 2849 392 l.

3507 340 3611 400 686

355 424 503 527 picto
529 458 698 512 verbo
723 455 868 524 quod
890 454 1095 511 eisdem
1124 451 1236 507 suis
1263 452 1602 522 praeconibus
1646 450 1724 504 ait
1755 466 1768 503 :
1803 446 1934 513 Quae
1959 445 2013 506 Α
2108 443 2424 515 Despexistis
2452 462 2601 500 omne
2623 446 2899 501 consilium
2924 464 3115 504 meum.
3163 450 3400 505 Dicentis
3429 469 3441 504 :
3485 449 3612 507 Ρω-

356 551 475 608 dico
495 546 635 603 vobis
653 542 966 608 intenebris,
994 542 1150 598 dicite
1175 544 1231 597 in
1254 543 1470 609 lumine,
1495 553 1542 598 et
1565 543 1702 613 quod
1723 542 1780 596 in
1809 557 1936 596 aure

356 640 580 704 auditis,
605 635 888 708 prmdicate
907 651 1064 705 super
1099 643 1232 688 tecta
1277 633 1491 706 (Matth.
1541 633 1616 703 ιι).
1657 633 1715 687 ln
1761 631 1936 703 capite

358 727 641 782 turbarum
655 723 986 790 clamitabat,
1009 723 1134 792 quia
1167 722 1332 777 etiam
1353 722 1685 792 principibus
1713 722 1804 792 qui
1833 720 1933 778 sibi

356 817 411 873 ei
431 814 781 887 prmvaluisse
800 819 861 867 ut
891 811 1299 882 crucifigeretur
1342 812 1683 878 videbantur,
1725 817 1934 867 reatum

357 905 635 964 homicidii
674 903 818 974 quod
863 911 1266 974 perpetrarant,
1311 903 1489 973 palam
1547 905 1836 959 reducebat
1865 904 1935 958 ad

357 998 698 1064 memoriam,
728 1012 926 1068 eosque
950 998 1016 1052 ad
1046 996 1318 1066 patientiae
1343 997 1640 1052 remedium
1677 997 1929 1052 vocabat.

433 1090 496 1144 In
521 1088 744 1160 foribus,
763 1089 958 1158 inquit,
972 1097 1244 1157 portarum
1267 1087 1408 1141 urbis
1426 1087 1622 1157 profert
1642 1088 1797 1142 verba
1813 1104 1929 1142 sua.

357 1179 498 1236 Urbs
511 1179 721 1235 Domini
735 1179 974 1235 Ecclesia
986 1187 1088 1244 est,
1105 1193 1169 1233 ex
1185 1185 1412 1249 utroque
1425 1177 1617 1250 populo
1628 1177 1933 1234 Judaeorum

356 1270 604 1327 videlicet
628 1280 683 1326 et
707 1271 959 1326 Gentium
987 1271 1245 1336 adunata,
1283 1269 1438 1340 cujus
1481 1279 1759 1341 portarum
1791 1270 1934 1328 fores

354 1374 483 1420 sunt
518 1364 784 1430 doctores,
821 1364 913 1434 qui
940 1364 1163 1420 verbum
1189 1364 1529 1434 praedicando
1571 1365 1850 1421 credentes
1876 1365 1933 1420 in

351 1470 474 1511 eam
504 1449 962 1510 introducunt.‘Et
999 1455 1054 1511 in
1080 1454 1285 1511 foribus
1315 1437 1592 1526 partarum
1628 1458 1744 1528 ejus
1767 1459 1932 1514 verba

352 1561 453 1602 sua
481 1545 743 1617 sapientia
763 1547 1092 1617 prolerebat,
1115 1561 1236 1602 cum
1257 1548 1308 1601 in
1336 1548 1592 1617 apostolis
1613 1548 1724 1603 suis
1746 1547 1930 1617 loque-

351 1637 532 1704 batur,
559 1651 590 1692 e
615 1638 810 1708 quibus
835 1653 973 1694 unus
998 1638 1175 1694 aiebat
1204 1655 1219 1690 :
1249 1639 1329 1692 An
1368 1639 1770 1709 experimentum
1791 1655 1932 1710 qure—

350 1728 470 1783 ritis
494 1731 628 1798 ejus,
651 1729 740 1800 qui
764 1730 819 1783 in
848 1745 929 1783 me
957 1729 1185 1802 loquitur
1206 1728 1488 1784 Christus?
1510 1729 1560 1802 (Ι
1567 1729 1594 1782 1
1624 1729 1747 1784 Cor.
1783 1728 1930 1801 xm.)

2034 536 2306 590 nitentiam
2328 538 2483 608 agite,
2511 540 2893 610 appropinquat
2932 541 3070 595 enim
3106 557 3322 613 regnum
3362 528 3610 598 caelorum

2033 627 2252 699 (Matth.
2281 629 2386 702 ιιι).

2102 717 2170 771 Et
2210 720 2586 789 increpationes
2632 737 2776 776 meas
2817 720 3134 793 neglexistis.
3173 723 3409 781 Dicentis
3450 745 3463 780 :
3515 726 3610 783 Vae

2032 808 2190 886 vobis,
2219 810 2403 864 scriba:
2433 821 2480 865 et
2505 809 2765 867 Pharistei
2786 813 3086 883 hypocritte,
3115 816 3239 886 quia
3276 816 3468 871 tulistis
3502 818 3611 872 cla-

2031 915 2140 952 uem
2165 879 2432 964 scientiaz;
2465 901 2566 970 ipsi
2591 918 2696 956 non
2720 879 2994 968 introistis,
3023 913 3072 957 et
3100 879 3186 958 eos
3211 906 3302 975 qui
3328 906 3611 960 introibant

2029 991 2364 1060 prohibuistis
2397 990 2547 1064 (Luc.
2595 993 2695 1063 χι).
2727 992 2792 1048 Et
2837 993 3182 1063 generaliter,
3205 997 3294 1066 qui
3321 1011 3424 1050 non
3450 997 3610 1051 credit

2023 1077 2140 1147 jam
2152 1079 2428 1148 judicatus
2452 1091 2526 1136 est
2553 1080 2735 1152 (Joan.
2769 1084 2872 1154 ιιι).

2061 1201 2066 1208 ι
2101 1169 2214 1240 Ego
2238 1189 2440 1242 quoque
2465 1173 2522 1228 in
2546 1175 2758 1229 interitu
2786 1186 2953 1231 oestro
2978 1177 3155 1233 ridebo
3180 1187 3227 1232 et
3257 1179 3606 1234 subsannabo.

2031 1260 2161 1315 Tale
2189 1270 2274 1316 est
2311 1263 2364 1317 in
2390 1263 2600 1334 psalmo
2642 1265 2710 1320 de
2752 1267 2974 1331 eisdem,
3006 1269 3097 1338 qui
3139 1269 3342 1324 habitat
3368 1271 3424 1325 in
3473 1270 3611 1326 caelis

2029 1349 2266 1406 irridebit
2305 1368 2414 1418 eos,
2443 1363 2491 1407 et
2527 1353 2781 1410 Dominus
2824 1357 3162 1412 subsannabit
3195 1375 3280 1413 eos
3321 1358 3493 1431 (Psal.
3524 1362 3608 1434 tt),

2030 1455 2138 1496 non
2167 1441 2297 1512 quia
2323 1443 2510 1499 buccis
2535 1445 2794 1502 Dominus
2819 1447 3060 1514 irrideat,
3083 1457 3177 1504 aut
3211 1465 3345 1507 naso
3383 1453 3612 1507 subsan-

2031 1539 2143 1596 net,
2171 1531 2264 1587 sed
2293 1547 2358 1587 ea
2386 1533 2468 1588 vis
2495 1532 2769 1607 designata
2791 1545 2876 1591 est
2907 1537 3000 1592 tali
3029 1540 3211 1602 verbo,
3261 1555 3423 1610 quam
3462 1542 3612 1597 dedit

2031 1621 2288 1690 apostolis
2316 1631 2376 1677 ut
2413 1626 2783 1693 praeviderent,
2812 1627 2888 1682 nil
2931 1645 3150 1698 prorsus
3187 1633 3379 1702 impios
3419 1643 3608 1691 contra

2031 1726 2155 1766 cum
2181 1727 2341 1782 supra
2361 1729 2524 1783 quam
2548 1715 2662 1785 ipse
2687 1717 3026 1786 permitteret
3052 1720 3261 1777 insidiis
3307 1737 3429 1778 esse
3459 1733 3612 1780 aetn-

352 1789 587 1876 Ροεειίηι
615 1789 766 1876 ’τάτεε
793 1789 1071 1892 ραι-[επιιῶ
1109 1822 1260 1876 ιιι-δίε
1290 1821 1455 1903 etiam
1499 1789 1782 1893 synagoga;
1818 1789 1932 1875 ma;
1961 1789 2005 1848 Β
2035 1819 2144 1903 ros,
2192 1805 2324 1874 quin
2365 1807 2551 1903 potius
2579 1808 2794 1864 illorum
2834 1820 3012 1881 empta
3051 1813 3233 1868 omnia
3273 1816 3608 1880 evacuanda,

349 1910 499 1981 iores
526 1911 770 1983 intelligi,
808 1913 864 1966 in
897 1912 1092 1982 quibus
1126 1914 1389 1983 sapientia
1437 1913 1766 1985 disputabat,
1806 1928 1940 1969 cum.

351 2001 520 2056 etiam
543 2000 880 2073 legisperitos
899 2003 1202 2059 Pharismus
1223 2013 1277 2059 et
1304 2006 1630 2075 sacerdotes,
1661 2022 1759 2077 per
1796 2021 1928 2076 apo-

351 2093 520 2148 stolos
565 2093 794 2165 loquens
841 2111 993 2150 suam
1041 2096 1328 2152 revocabat
1371 2099 1436 2152 ad
1458 2099 1719 2169 gratiam,
1758 2099 1832 2152 ita
1871 2105 1932 2152 ut

348 2183 686 2240 sicutLucas
723 2184 799 2238 ait
825 2202 838 2238 :
873 2184 1043 2238 Multa
1071 2187 1229 2240 etiam
1256 2187 1409 2240 turba
1435 2188 1764 2242 sacerdotum
1805 2188 1929 2241 obe-

347 2274 488 2328 diret
539 2274 683 2342 fidei.
718 2273 858 2342 Quid
898 2283 1078 2331 autem
1105 2276 1294 2331 eadem
1338 2277 1600 2347 sapientia
1629 2277 1931 2334 clamitaret

351 2361 599 2434 adjungit
626 2377 643 2418 :

425 2453 698 2527 Usquequo
754 2455 960 2527 parvuli
1011 2457 1231 2528 diligitis
1262 2457 1592 2528 infantiam?
1639 2458 1931 2530 Usquequo

348 2546 558 2615 parvuii
596 2562 755 2602 sensu
789 2547 988 2603 veteris
1022 2548 1366 2604 lnstrumcnti
1405 2553 1744 2608 ceremonias
1790 2569 1929 2609 novo

350 2634 685 2691 clarescente
733 2637 993 2708 diligitis?
1047 2638 1337 2710 Usquequo
1400 2641 1617 2715 Moysen
1673 2643 1926 2710 Christo,

349 2721 640 2794 Evangelio
667 2724 838 2796 legem
872 2726 1172 2796 praefertis?
1219 2729 1510 2800 Quousque
1559 2733 1776 2787 decreta
1811 2749 1930 2803 qua:

355 2813 581 2878 rudibus
605 2816 780 2870 adhuc
806 2817 1016 2886 populis
1037 2833 1135 2887 per
1161 2834 1377 2875 servum
1399 2822 1522 2877 data
1553 2831 1700 2889 sunt,
1723 2839 1931 2894 ιιι-ωρο-

351 2906 482 2962 uitis
506 2908 585 2963 eis
606 2924 724 2978 quae
749 2909 918 2965 Filius
946 2910 1062 2981 ipse
1082 2911 1305 2966 veniens
1328 2911 1570 2981 perfecto
1597 2927 1758 2968 sensu
1802 2929 1931 2969 con-

351 2999 512 3054 tulit?
535 2999 777 3067 Quandiu
807 3002 980 3072 inquit
1013 3003 1126 3057 bace
1153 3002 1345 3074 agitis?
1372 3002 1492 3058 Iam
1519 3004 1728 3060 vidistis
1771 3004 1928 3060 Chri-

350 3098 492 3144 stum
517 3090 571 3144 in
597 3106 781 3157 carne,
801 3091 914 3162 jam
937 3093 1195 3148 miracula
1223 3092 1509 3149 facientem
1547 3103 1602 3150 et
1623 3095 1923 3162 docentem,

352 3201 462 3240 non
489 3193 696 3241 tantum
723 3187 1024 3257 sprevistis,
1051 3189 1144 3245 sed
1167 3198 1222 3245 et
1237 3189 1531 3258 occidistis,
1552 3189 1740 3246 saltem
1769 3191 1928 3246 modo

354 3278 734 3332 resuscitatum
759 3295 788 3334 a
819 3281 1048 3335 mortuis
1071 3289 1125 3334 et
1143 3281 1519 3350 prmsidentem
1543 3269 1680 3337 caelo
1701 3281 1925 3352 diligite,

355 3377 411 3424 et
440 3370 676 3427 dimittet
705 3373 859 3428 vobis
880 3373 1055 3428 scelus
1079 3375 1223 3443 quod
1246 3374 1595 3429 commisistis

424 3458 494 3512 Et
521 3460 669 3513 stulti
703 3477 765 3514 ea
791 3477 908 3531 qua:
929 3462 1028 3515 sibi
1055 3473 1172 3516 sunt
1211 3464 1367 3517 noxia
1387 3466 1616 3533 cupient,
1652 3473 1700 3518 et
1725 3464 1929 3536 impru-

351 3548 530 3603 dentes
558 3549 774 3604 odibunt
800 3552 1092 3606 scientiam.
1141 3552 1560 3624 Prmponendum
1589 3563 1673 3609 est
1713 3569 1743 3608 a
1773 3569 1930 3624 supe-

352 3637 486 3692 riori
521 3652 818 3708 usquequo,
849 3639 904 3694 id
930 3650 1032 3706 est,
1077 3656 1354 3710 usquequo
1383 3644 1619 3712 cupient,
1651 3661 1930 3717 usquequo

349 3729 602 3794 odibunt,
633 3729 921 3798 capiebant
937 3738 1116 3785 autem
1140 3733 1365 3786 noxiaet
1384 3734 1607 3789 odibant
1624 3735 1925 3801 scientiam,

348 3819 445 3889 qui
477 3819 672 3875 littera:
691 3819 876 3892 legalis
900 3821 1238 3892 superﬁciem
1263 3823 1649 3892 sequebantur,
1677 3833 1733 3880 et
1749 3840 1931 3880 sacra-

352 3921 536 3969 menta
571 3913 866 3985 Evangelii,
898 3930 1018 3985 quae
1062 3915 1179 3985 ipsa
1220 3915 1400 3972 littera
1429 3917 1801 3990 signabantur,
1833 3935 1929 3976 ace

353 4005 533 4075 cipere
551 4005 939 4061 detmctabant.

425 4094 794 4153 Convertimini
824 4098 893 4152 ad
919 4100 1288 4154 correctionem
1314 4117 1503 4156 meam.
1534 4101 1808 4174 Corripuit
1832 4119 1930 4175 per

353 4189 718 4260 apostolorum
738 4205 836 4246 ora
861 4189 1094 4257 Judzeos,
1122 4193 1244 4263 quia
1269 4195 1490 4250 credere
1519 4196 1837 4264 noluissent,
1874 4206 1932 4254 et

354 4280 440 4336 vel
472 4288 599 4336 tunc
623 4295 719 4337 eos
735 4289 1022 4353 postquam
1055 4286 1416 4342 resurrexerit
1441 4295 1498 4343 et
1525 4290 1791 4356 ascendit,
1814 4304 1930 4346 mo-

356 4371 474 4425 nuit
511 4372 776 4427 converti.

2029 1897 2146 1967 ejus
2173 1911 2304 1952 vero
2328 1898 2555 1969 gloriam
2581 1909 2706 1971 post
2731 1903 3039 1972 passibnem
3068 1919 3168 1973 per
3207 1905 3394 1961 orbem
3433 1915 3606 1961 terra-

2029 2005 2150 2043 rum
2183 2005 2306 2046 esse
2335 1991 2662 2048 dilatandam
2698 2004 3119 2064 praenoscerent,
3163 1997 3388 2067 ideoque
3418 2013 3607 2069 super-

2029 2080 2172 2136 biam
2193 2096 2402 2148 eorum,
2423 2085 2586 2139 etiam
2609 2100 2735 2140 cum
2761 2086 2995 2142 maxime
3017 2087 3196 2143 valere
3215 2089 3605 2158 conspicerent,

2028 2185 2127 2240 pro
2157 2171 2326 2227 nihilo
2347 2181 2776 2230 contemnerent.

2099 2259 2233 2317 Cum
2271 2263 2410 2318 vobis
2455 2264 2593 2336 quod
2630 2265 2887 2321 timebatis
2935 2267 3218 2322 advenerit.
3255 2268 3608 2325 Confet‘cules

2029 2353 2097 2409 ad
2123 2355 2376 2420 invicem,
2403 2357 2450 2410 si
2477 2357 2786 2411 dimittimus
2808 2374 2928 2412 eum
2951 2360 3026 2413 sic
3043 2399 3058 2424 ,
3099 2376 3274 2414 omnes
3297 2361 3506 2414 credent
3553 2361 3641 2412 in’.

2029 2460 2170 2511 eum,
2207 2455 2256 2499 et
2293 2446 2494 2501 uenient
2519 2446 2744 2502 Romani
2779 2457 2829 2503 et
2857 2448 3038 2504 tollent
3067 2461 3301 2504 nostrum
3338 2449 3511 2503 locant
3559 2459 3609 2504 et

2029 2547 2229 2608 gentem
2257 2535 2440 2609 (Joan.
2471 2537 2570 2609 XI).

2101 2626 2235 2682 Cum
2262 2630 2476 2684 irruerit
2504 2632 2770 2700 repentina
2799 2631 3095 2698 calamitas,
3121 2643 3168 2688 et
3190 2635 3429 2688 interitus
3457 2636 3609 2703 quasi

2028 2727 2302 2789 tempestas
2351 2719 2631 2790 ingruerit.
2711 2720 3058 2777 Obsidionem
3113 2722 3607 2796 Hierosolymorum

2033 2808 2303 2862 subditam
2331 2817 2385 2864 et
2412 2810 2863 2881 expugnationem
2918 2813 3085 2867 totius
3125 2814 3440 2882 provincia),
3490 2831 3609 2885 qua:

2031 2914 2062 2954 a
2089 2899 2350 2955 Romanis
2373 2898 2516 2955 facta
2545 2908 2630 2955 est
2655 2901 2805 2967 dicit,
2837 2917 3001 2972 quam
3029 2911 3085 2958 et
3112 2904 3225 2974 ipse
3252 2904 3509 2960 Dominus
3554 2906 3606 2959 in

2029 2989 2321 3062 Evangelio
2340 2991 2530 3048 videns
2556 2991 2850 3059 civitatem,
2876 2992 3118 3065 ﬂensque
3137 3010 3298 3066 super
3322 3011 3441 3051 eam
3471 3012 3610 3067 pra:-

2031 3081 2186 3136 dixit.
2639 3083 2644 3090 ’
3011 3093 3017 3097 “

2103 3190 2333 3257 Quando
2369 3193 2561 3248 venerit
2593 3210 2754 3265 super
2795 3211 2882 3250 vos
2913 3195 3183 3251 tribulatio
3219 3205 3271 3251 et
3323 3198 3566 3268 angustia
3590 3240 3605 3262 ,

2030 3291 2152 3336 tunc
2177 3283 2490 3338 invocabunt
2527 3301 2609 3339 me
2633 3294 2684 3340 ct
2714 3301 2817 3340 non
2865 3286 3166 3341 exaudiam.
3204 3285 3319 3342 Non
3359 3287 3610 3358 leguntur

2027 3373 2198 3430 Judmi
2221 3375 2275 3430 in
2303 3375 2410 3430 ulla
2440 3376 2724 3432 obsidione
2747 3376 3029 3435 Dominum
3051 3377 3351 3443 invocasse,
3375 3380 3468 3434 sed
3491 3387 3608 3433 tan-

2029 3476 2142 3523 tum
2171 3467 2336 3541 armis
2361 3482 2480 3524 esse
2504 3467 2711 3532 conﬁsi,
2728 3468 2977 3538 quamvis
2996 3468 3382 3524 desolationem
3399 3470 3604 3539 patrita,

2030 3559 2349 3627 ruinamque
2392 3559 2574 3629 templi
2613 3559 2953 3614 amarissima
2984 3568 3162 3615 mente
3202 3563 3603 3631 conSpexerint.

2031 3644 2089 3702 Si
2117 3647 2208 3716 qui
2236 3655 2415 3701 tamen
2437 3655 2562 3702 tunc
2595 3662 2719 3702 eum
2749 3647 3100 3714 invocabant,
3127 3650 3252 3720 quia
3275 3650 3331 3703 bi
3359 3652 3450 3719 qui
3489 3651 3606 3705 cul-

2027 3753 2173 3808 pam,
2198 3753 2297 3808 pro
2331 3752 2434 3807 qua
2458 3747 2584 3793 sunt
2603 3738 2777 3806 puniti
2801 3739 3118 3812 intelligere,
3147 3747 3208 3794 ut
3232 3755 3358 3796 vere
3378 3741 3606 3811 poenite-

2029 3835 2170 3893 rent,
2201 3828 2475 3893 nolebant,
2515 3827 2718 3884 frustm
2764 3829 2832 3884 ad
2865 3845 2989 3884 eum
3032 3845 3192 3900 quem
3231 3839 3607 3902 contempsere

2029 3918 2356 3974 clamabant.
2390 3918 2543 3975 Unde
2568 3929 2713 3975 recte
2753 3921 3004 3976 dicuntur
3039 3922 3436 3979 tribulationem
3480 3941 3606 3979 cum

2030 4009 2275 4078 angustia
2311 4007 2480 4063 fuisse
2504 4008 2768 4079 perpessi.
2801 4006 3098 4064 Tribulatio
3126 4026 3357 4080 namque
3384 4020 3503 4066 erat
3549 4013 3606 4066 in

2027 4097 2108 4153 eis
2132 4098 2328 4168 quibus
2355 4097 2488 4153 foris
2509 4097 2965 4168 deprimebantur.
2984 4097 3245 4170 Angustia
3270 4101 3325 4154 in
3347 4114 3435 4167 eo,
3464 4101 3609 4171 quod

2029 4187 2174 4242 intus
2201 4203 2232 4241 a
2255 4188 2365 4243 Deo
2392 4187 2468 4242 nil
2487 4186 2872 4243 consolationis
2899 4187 3236 4246 invenerant.
3290 4189 3362 4244 At
3412 4201 3603 4246 contra

2027 4281 2202 4337 sancti
2262 4296 2382 4336 cum
2449 4279 2689 4335 exterius
2740 4279 3117 4350 opprimuntur
3182 4281 3450 4346 adversis,
3507 4298 3604 4354 spe

2026 4382 2172 4428 certa
2197 4372 2389 4428 salutis
2418 4371 2472 4427 in
2499 4371 2662 4426 corde
2704 4369 3017 4436 dilatantur,
3059 4371 3292 4429 scientes
3318 4387 3376 4428 se
3398 4373 3466 4428 ab
3509 4375 3603 4430 illo

425 4461 510 4517 En
556 4463 818 4533 proferant
863 4465 1002 4520 vobis
1050 4467 1290 4537 spiritum
1327 4483 1522 4536 meum,
1563 4475 1614 4523 et
1657 4470 1926 4524 ostendam
1951 4507 2004 4566 Β
2029 4465 2271 4521 exaudiri
2300 4464 2615 4566 clamantes,
2660 4461 2814 4563 cujus
2837 4477 2899 4566 se
2931 4462 3092 4566 verba
3132 4463 3371 4566 jubentis
3419 4466 3608 4566 audire

357 4553 508 4607 uerba
533 4569 670 4608 mea.
696 4554 754 4610 Si
784 4555 976 4622 adhuc,
1006 4556 1195 4626 inquit,
1219 4559 1460 4612 converti
1489 4559 1774 4630 negligitis,
1801 4575 1926 4631 pro-

355 4641 528 4697 feram
552 4644 704 4699 vobis
733 4645 1023 4701 vindictam
1046 4661 1205 4716 quam
1228 4648 1520 4713 meruistis,
1542 4657 1596 4704 et
1623 4650 1784 4705 verba
1807 4665 1927 4719 quae

357 4733 422 4788 de
454 4742 634 4789 vestra
655 4736 956 4804 perditione
982 4738 1205 4806 praedixi
1232 4739 1510 4793 ostendam
1535 4753 1658 4794 esse
1691 4741 1924 4795 veracia.

355 4823 616 4894 Spiritum
653 4828 850 4898 quippe
885 4843 1040 4884 suum
1074 4831 1365 4898 potentiam
1398 4830 1615 4885 ultionis
1662 4831 1926 4897 nominat,

356 4915 423 4970 de
449 4931 557 4986 quo
586 4917 796 4990 Moyses
820 4920 896 4974 ait
933 4938 946 4974 :
996 4919 1186 4975 Misisti
1213 4921 1454 4991 spiritum
1493 4932 1642 4976 tuum
1667 4931 1714 4977 et
1745 4939 1929 4994 coope-

354 5007 460 5060 ruit
480 5022 567 5061 eos
604 5024 768 5075 mare,
790 5010 918 5064 etin
943 5009 1080 5065 libro
1112 5010 1254 5065 beati
1282 5008 1385 5067 Job
1431 5010 1634 5066 dictum
1677 5020 1792 5078 est,
1819 5012 1925 5066 ini-

353 5113 492 5168 quos
514 5097 678 5156 ﬂante
702 5101 814 5158 Deo
835 5103 1058 5174 perisse,
1085 5113 1142 5159 et
1164 5103 1356 5174 spiritu
1382 5104 1475 5161 ira
1499 5102 1616 5174 ejus
1641 5119 1764 5162 esse
1799 5120 1928 5161 con-

353 5199 616 5261 sumptos.

429 5281 568 5348 Quia
621 5291 796 5341 vocavi
833 5295 883 5340 et
927 5288 1188 5342 renutstis.
1229 5287 1472 5346 Dicens:
1511 5285 1692 5346 Venite
1737 5290 1806 5344 ad
1847 5307 1928 5345 me

355 5385 534 5425 omnes
559 5375 646 5444 qui
666 5374 915 5430 laboratis
938 5387 986 5431 et
1007 5379 1209 5431 onerati
1227 5379 1366 5446 estis,
1387 5387 1437 5434 et
1461 5395 1556 5452 ego
1579 5379 1812 5451 reﬁciam
1842 5397 1925 5436 vos

356 5460 575 5533 (Matth.
595 5463 696 5534 xt).

402 5551 658 5609 .Extendi
691 5573 903 5612 manum
932 5575 1122 5625 meam,
1165 5569 1215 5626 ct
1244 5575 1346 5614 non
1375 5559 1473 5631 fuit
1519 5567 1612 5632 qui
1659 5563 1928 5633 aspiceret.

354 5641 540 5700 Primo
565 5645 704 5703 bene
737 5647 979 5705 faciendo
1022 5659 1079 5706 et
1124 5649 1364 5706 sanando
1413 5666 1601 5707 omnes
1647 5667 1932 5723 oppressos

354 5746 389 5789 a
422 5735 666 5808 Diabolo,
683 5740 1028 5813 postmodum
1053 5741 1109 5799 in
1147 5756 1306 5799 cruce
1333 5741 1605 5812 patiendo.

2033 4555 2413 4610 meminerunt.
2440 4551 2578 4608 Hinc
2597 4552 2794 4606 etenim
2837 4551 3103 4622 Propheta
3134 4553 3211 4607 ait
3237 4572 3250 4608 :
3285 4553 3416 4608 Cum
3463 4557 3608 4610 invo-

2032 4661 2207 4698 carem
2235 4653 2303 4708 te,
2326 4642 2585 4698 exaudisti
2609 4658 2711 4705 me,
2736 4640 2878 4696 Deus
2897 4642 3120 4710 justititz
3140 4659 3288 4708 mete,
3317 4645 3374 4696 in
3391 4644 3609 4698 tribula-

2033 4734 2260 4789 tionibus
2281 4733 2514 4786 dilatasti
2538 4749 2619 4786 me
2642 4729 2814 4802 (Psal.
2849 4732 2946 4802 tv).
2961 4730 3148 4787 Potest
3173 4741 3352 4788 autem
3371 4741 3480 4789 tota
3493 4734 3609 4790 haec

2034 4826 2302 4896 correptio
2335 4824 2613 4894 sapientiae
2637 4823 2704 4878 de
2731 4822 2997 4877 universis
3021 4823 3345 4894 generaliter
3365 4825 3608 4894 reprobis

2035 4919 2228 4987 accipi,
2256 4918 2380 4987 quia
2405 4917 2458 4970 in
2489 4917 2574 4971 die
2591 4913 2782 4983 judicii
2810 4914 3045 4970 clament
3077 4915 3146 4970 ad
3166 4913 3403 4984 judicem
3425 4915 3610 4971 distri-

2034 5015 2205 5074 ctum,
2235 5006 2432 5076 aperiri
2463 5005 2562 5062 sibi
2579 5004 2799 5074 januam
2823 5005 2973 5076 regni
2996 5005 3352 5076 postulantes,
3379 5023 3482 5063 nec
3501 5022 3610 5062 me-

2034 5108 2258 5155 reantur
2282 5095 2546 5162 exaudiri,
2575 5111 2698 5150 nam
2725 5103 2782 5150 et
2830 5096 2933 5153 hoc
2962 5096 3107 5166 quod
3135 5097 3394 5167 sequitur,

2103 5188 2264 5244 Mane
2286 5195 2594 5258 consurgent
2637 5195 2684 5240 et
2709 5202 2814 5240 non
2837 5185 3103 5244 inuenient
3135 5203 3238 5254 me,
3271 5187 3445 5257 ipsum
3475 5196 3607 5244 tem-

2030 5299 2133 5356 pus
2168 5282 2397 5338 extremi
2444 5279 2726 5346 examinis,
2757 5293 2864 5349 quo
2888 5277 2978 5333 alii
3028 5279 3084 5333 in
3127 5280 3291 5335 vitam
3318 5289 3599 5359 :etemam,

2032 5373 2125 5429 alii
2173 5374 2222 5458 in
2271 5371 2617 5442 opprobrium
2649 5377 2937 5438 resurgunt
2973 5366 3383 5439 sempiternum,
3420 5387 3606 5442 aperte

2031 5467 2292 5535 designat.

2106 5556 2184 5610 Eo
2208 5554 2345 5626 quod
2371 5569 2581 5609 exosum
2609 5544 2885 5607 habuerint
2905 5551 3254 5623 disciplinam,
3280 5563 3330 5608 et
3367 5554 3606 5609 timorem

2034 5647 2244 5702 Domini
2274 5662 2378 5700 non
2401 5644 2736 5714 susceperint.
2770 5642 2962 5698 Merito
2989 5641 3162 5698 salute
3181 5642 3482 5714 privantur,
3511 5643 3606 5713 qui

2034 5737 2355 5811 principium
2381 5733 2660 5808 sapientiae
2682 5734 2929 5792 timorem
2958 5733 3169 5791 Domini
3187 5741 3242 5791 et
3267 5733 3614 5806 disciplinam.
