4100 6324
519 311 621 369 681

1139 312 1200 366 B.
1241 311 1491 369 RABANI
1530 311 1748 369 MAURI
1784 309 2102 366 ARCHIEP.
2145 309 2453 367 MOGUNT.
2495 260 2781 366 OP’ERUM
2816 308 2994 365 PARS
3030 310 3114 366 lll.

3666 317 3770 373 638

515 436 625 481 non
657 429 815 477 modo
836 434 941 476 non
970 419 1192 486 habent,
1221 422 1314 477 sed
1344 430 1400 476 et
1424 422 1564 478 odiis
1602 422 1985 502 insequuntur,
2034 430 2089 477 at
2114 428 2165 486 Α
2191 432 2283 475 tua
2310 431 2365 476 ut
2395 439 2496 476 non
2521 438 2724 492 peccem
2747 423 2859 477 tibi.
2884 423 2977 477 Est
3006 424 3150 478 enim
3190 440 3536 497 summopere
3579 445 3776 487 curan-

512 513 706 573 nlutis
725 512 886 580 ﬁlius,
901 514 1133 591 iniquos,
1153 513 1349 583 inquit,
1371 514 1493 569 odio
1515 515 1674 589 imbui
1698 525 1746 569 et
1769 516 1931 586 legent
1946 525 2091 570 tuam

510 606 678 663 dilexi
706 604 878 679 (Psal.
918 606 1129 680 cxvtu).
2065 673 2068 677 ἢ

429 684 435 690 ’
582 697 863 755 Comcdent
882 698 1045 768 igitur
1064 699 1271 769 fructus
1292 700 1391 755 vite
1409 717 1541 756 suae.
1568 699 1723 756 Viam
1751 715 1938 757 eorum
1958 700 2092 757 dicit

509 789 578 844 de
607 803 713 859 qua
743 804 906 860 supra
930 789 1161 853 dixerat,
1186 790 1339 860 pedes
1372 791 1509 845 enim
1536 790 1747 845 illorum
1772 792 1842 845 ad
1887 791 2086 860 malum

509 890 748 937 currunt.
777 859 936 949 Quia,
955 881 1149 952 inquit,
1171 859 1289 937 vias
1311 897 1458 938 meas
1485 884 1691 954 ingredi
1716 859 2005 939 noluerunt
2028 891 2090 939 ut

507 977 776 1042 viverent,
798 976 1389 1047 recipient‘mercedem.
1403 976 1612 1030 viarum
1655 974 1898 1042 suarum,
1926 986 1987 1032 ut
2030 977 2085 1031 in

506 1077 769 1125 teteruum
793 1077 1048 1139 pereant;
1078 1075 1133 1122 at
1163 1074 1349 1122 contra
1379 1066 1446 1121 de
1486 1067 1572 1121 his
1604 1067 1696 1136 qui
1736 1067 1926 1123 timent
1975 1068 2084 1122 Do-

505 1159 736 1225 minum,
763 1159 855 1229 qui
886 1157 1166 1213 ambulant
1194 1157 1251 1211 in
1276 1157 1379 1212 viis
1409 1155 1823 1227 ejus,‘dicetur:
1854 1157 2082 1213 Labores

503 1251 773 1323 fructuum
799 1260 1009 1305 tuorum
1037 1248 1386 1316 manducabo,
1436 1249 1710 1304 beatuses
1753 1258 1803 1304 et
1843 1249 1969 1305 bene
1988 1249 2082 1304 tibi

498 1343 602 1398 erit
623 1340 794 1415 (Psal.
824 1340 1030 1414 cxxvtt)

562 1434 802 1506 .Suisque
825 1424 1059 1489 consiliis
1088 1435 1487 1490 saturabuntur.
1521 1435 1657 1503 Quia
1685 1451 1808 1492 meo
1830 1434 2076 1503 consilio,

497 1516 609 1595 quo
628 1525 747 1581 illos
768 1525 1369 1591 salvare'decreveram,
1384 1527 1732 1597 acquiescere
1757 1527 2074 1594 renuebant,

497 1618 885 1675 subtrahuntur
908 1618 1021 1673 suis
1043 1618 1239 1687 quibus
1266 1617 1520 1673 aiebant:
1550 1618 1944 1673 Abscondamus
1961 1629 2076 1673 ten-

2194 511 2321 566 dum
2346 528 2414 566 ne
2441 514 2596 568 nobis
2642 513 2743 568 hoc
2765 513 2918 583 juvta
2963 513 3275 583 parabolam
3321 517 3622 588 Evangelii,
3664 523 3777 577 dre-

2193 606 2373 662 monia
2400 606 2557 678 quasi
2582 620 2765 663 semen
2799 621 2958 663 secus
2989 607 3131 661 viam
3158 607 3364 678 jactum
3392 610 3643 669 volucres
3673 614 3775 670 tol-

2192 695 2324 751 lant.

2263 784 2330 841 Ut
2365 789 2572 856 audiat,
2596 788 2791 859 inquit,
2822 790 3132 860 sapientiam
3160 791 3307 845 auris
3347 801 3475 847 tute.
3505 791 3599 848 Ille
3625 795 3771 849 enim

2190 877 2507 948 sapientiam
2546 894 2680 935 aure
2703 895 2809 934 non
2838 880 3027 934 audire
3050 880 3343 949 probatur,
3364 883 3457 952 qui
3484 884 3647 939 verba
3674 885 3771 941 Dei

2187 971 2371 1025 auditu
2395 979 2602 1025 tantum
2627 971 2871 1039 corporis
2887 972 3209 1040 percipiens,
3226 975 3495 1041 memoria
3531 976 3773 1032 retinere

2186 1070 2242 1115 et
2314 1076 2476 1131 opere
2528 1060 2867 1125 dissimulat;
2920 1061 2964 1115 si
3010 1076 3140 1133 ergo
3213 1066 3467 1118 mandata
3517 1065 3611 1120 Dei
3658 1065 3771 1121 ﬁxo

2185 1167 2369 1209 amore
2392 1190 2411 1220 ,
2439 1152 2681 1226 discendi
2725 1161 2781 1207 et
2830 1152 3171 1209 custodiendi
3213 1155 3539 1226 susceperis,
3588 1157 3770 1226 primo

2183 1243 2505 1301 humilitatis
2531 1244 2673 1299 viam
2697 1251 2837 1309 tene,
2863 1243 2967 1300 hoc
2991 1251 3076 1300 est
3096 1245 3242 1300 enim
3260 1246 3407 1317 quod
3428 1247 3771 1320 subsequen-

2182 1343 2266 1389 ter
2286 1334 2500 1389 additur
2522 1352 2538 1388 :
2918 1342 2933 1357 ⁴
3432 1386 3439 1392 .

2196 1484 2206 1491 ,
2249 1423 2458 1479 Inclina
2490 1442 2581 1480 cor
2605 1416 2755 1480 tum!
2796 1427 2866 1480 ad
2910 1428 3243 1483 noscendam'
3275 1430 3630 1500 prudentiam.
3679 1430 3765 1487 ln-

2179 1512 2379 1570 clinare
2418 1516 2615 1586 quippe
2659 1526 2745 1572 est
2792 1530 2888 1571 cor
2936 1517 3004 1572 ad
3049 1519 3377 1575 noscendum
3415 1521 3763 1590 prudentiam

2178 1602 2482 1669 bumiliare,
2511 1614 2566 1660 et
2585 1606 2879 1660 emundare
2900 1621 3020 1672 cor,
3046 1622 3158 1677 quo
3183 1608 3404 1680 dignum
3430 1608 3522 1664 fiat
3545 1611 3613 1666 ad
3639 1626 3765 1681 per-

495 1711 701 1766 diculas
723 1720 906 1766 contra
934 1712 1187 1765 insontem
1217 1711 1417 1781 [rustra
1443 1711 1624 1783 (Prov.
1656 1712 1719 1782 ι).
1748 1713 1954 1780 Quibus
1975 1728 2068 1783 pro

2177 1696 2423 1767 cipienda
2452 1697 2710 1769 mysteria
2760 1698 3029 1764 veritatis,
3078 1699 3458 1756 undereadetn
3496 1702 3764 1772 sapientia

495 1797 778 1856 δηινειοιιο
825 1798 1090 1855 latronem
1126 1779 1227 1853 sibi
1276 1779 1568 1870 eligcb'am,
1607 1779 1936 1858 ιη’νίαέιίρει
1975 1779 2074 1858 ἦ..
2103 1779 2151 1841 Β
2180 1784 2329 1841 Patri
2355 1786 2581 1857 loquens
2599 1788 2677 1842 ait
2704 1804 2716 1841 :
2746 1788 3078 1843 Abscondisti
3124 1789 3235 1843 lucc
3274 1807 3306 1844 a
3342 1793 3665 1862 sapientibus
3694 1802 3763 1848 et

492 1898 708 1946 stentur
761 1905 793 1945 a
830 1890 1131 1946 latronibus
1171 1899 1225 1945 et
1264 1891 1404 1946 inter
1447 1892 1681 1948 latrones
1724 1893 2069 1962 damnentur,

493 1984 635 2054 quod
660 1985 828 2040 etiam
853 1984 920 2040 de
946 1983 1199 2039 onmibus
1226 1985 1376 2040 verbi
1420 1983 1516 2040 Dei
1567 1987 2030 2059 contemptoribus

491 2073 635 2128 sicut
655 2081 713 2129 et
736 2073 947 2128 exteris
965 2081 1144 2143 petest
1164 2074 1356 2144 accipi.

562 2162 778 2218 Eversio
799 2161 1140 2233 parvulorum
1186 2163 1460 2234 interﬁciet
1501 2182 1607 2221 eos.
1654 2166 1916 2224 Parvulos
1961 2184 2070 2225 non

487 2261 648 2309 :etate
701 2254 797 2309 sed
841 2269 1004 2310 sensu
1050 2254 1199 2320 dicit,
1236 2252 1453 2326 quibus
1480 2272 1641 2328 supra
1684 2257 1884 2314 dictum
1937 2265 2065 2316 est:

474 2342 769 2417 .Usquequo
793 2345 999 2417 parvuli
1027 2346 1244 2418 diligitis
1288 2348 1570 2417 infantiam
1592 2350 1617 2404 .9
1638 2350 1740 2418 Qui
1785 2368 1894 2407 non
1942 2368 2070 2422 par-

485 2436 618 2502 vuli,
647 2437 744 2492 sed
774 2434 1001 2506 perfecti
1032 2437 1281 2494 sensibus
1307 2434 1429 2494 esse
1451 2441 1771 2510 potuissent,
1802 2442 1846 2496 si
1896 2457 2001 2500 non
2037 2459 2068 2499 a

484 2528 713 2584 consilio
753 2529 1032 2598 sapientia:
1068 2529 1310 2585 auditum
1359 2540 1689 2587 averterent.
1732 2532 1849 2601 Quo
1890 2544 2068 2590 autem

483 2628 815 2684 averterant,
838 2634 905 2674 eo
930 2635 1052 2675 sese
1084 2618 1301 2675 aeternae
1330 2622 1490 2677 morti
1512 2622 1875 2678 destinabant.

546 2711 625 2765 Et
669 2711 990 2781 prosperitas
1009 2711 1289 2766 stultorum
1325 2713 1502 2783 perdet
1541 2713 1679 2769 illos.
1720 2715 1853 2770 Cum
1904 2715 2065 2772 nullis

482 2805 886 2861 retardantibus
909 2805 1156 2861 adversis
1182 2804 1511 2874 perfecerint
1551 2815 1699 2871 actu,
1727 2809 1868 2877 quod
1897 2809 2066 2863 medi-

481 2906 662 2953 tantes
689 2897 862 2962 aiunt,
890 2912 1095 2951 omnem
1118 2896 1399 2968 pretiosam
1445 2898 1796 2953 substantiam
1838 2900 2063 2969 reperie-

481 2987 801 3055 mus._ltem,
822 2986 1026 3042 aversio
1048 2987 1390 3057 paruulorum
1424 2987 1695 3057 interﬁciat
1721 3006 1829 3055 eos,
1860 3000 1908 3044 et
1942 3008 2064 3062 pro-

478 3077 700 3148 speritas
724 3076 1003 3131 stultorum
1027 3077 1203 3147 perdet
1249 3094 1357 3132 eos.
1393 3077 1529 3146 Quia
1577 3093 1719 3148 saepe
1764 3096 1986 3136 aversus
2029 3097 2059 3136 a

2171 1879 2535 1949 prudentibus,
2554 1888 2610 1933 et
2646 1879 2883 1934 revelain
2903 1895 2965 1934 ea
2990 1880 3226 1950 parvulis
3254 1880 3405 1952 (Luc.
3435 1882 3515 1954 κ),
3546 1883 3600 1938 id
3646 1892 3755 1950 est,

2172 1970 2500 2026 abscondisti
2526 1986 2558 2025 a
2584 1971 2831 2043 superbis
2854 1980 2912 2026 et
2943 1972 3188 2028 revelasti
3217 1974 3535 2031 humilibus.

2172 2084 2175 2087 ν
2242 2062 2301 2119 Si
2329 2065 2467 2119 enim
2496 2066 2809 2135 sapientiam
2844 2067 3161 2123 invocaveris
3206 2076 3254 2122 et
3291 2048 3764 2127 inclinareriseor

2170 2165 2316 2209 tuum
2363 2155 2677 2224 prudentiae.
2717 2156 2932 2211 Nullum
2977 2158 3230 2213 invocare
3254 2158 3366 2225 ,~id
3404 2170 3517 2227 est;
3556 2163 3611 2217 in
3660 2160 3761 2219 nos

2169 2244 2377 2299 orando
2406 2259 2618 2309 vocare,
2653 2245 2756 2299 nisi
2797 2245 2966 2300 Deum
3012 2246 3308 2313 debemus;
3340 2263 3465 2304 cum
3504 2265 3634 2322 ergo
3672 2266 3761 2307 sa-

2170 2333 2430 2404 pientiam
2459 2349 2579 2390 esse
2603 2335 2956 2390 invocandam
3008 2336 3186 2403 docet,
3210 2338 3446 2394 ostendit
3481 2354 3541 2396 se
3572 2342 3759 2411 procul

2170 2425 2333 2481 dubio
2357 2441 2463 2481 non
2514 2425 2811 2495 quamlibet
2858 2427 3180 2496 sapientiam
3206 2467 3222 2492 ,
3265 2428 3319 2483 id
3355 2437 3467 2495 est,
3505 2430 3758 2486 notitiam

2168 2531 2350 2581 rerum
2379 2516 2682 2572 cmlestium
2712 2518 2826 2571 sive
2858 2518 3214 2583 terrestrium,
3245 2519 3340 2574 sed
3368 2519 3542 2590 ipsam
3583 2520 3762 2575 Deita-

2170 2608 2239 2664 tis
2260 2609 2623 2680 cognitionem
2657 2608 2812 2663 nobis
2857 2616 2925 2662 ad
2963 2610 3295 2678 sequendam
3330 2624 3653 2680 proponere,
3697 2610 3758 2664 in

2170 2699 2327 2768 hujus
2367 2715 2601 2770 namque
2645 2699 2992 2770 perceptione
3044 2700 3321 2769 sapientiae
3346 2740 3360 2765 ,
3410 2716 3634 2757 summa:
3666 2711 3759 2757 est

2165 2792 2435 2861 perceptio
2479 2791 2865 2857 beatitudinis,
2910 2792 3025 2862 ipsa
3074 2799 3387 2858 attestante,
3431 2807 3551 2863 quae
3596 2792 3758 2850 Patri

2165 2897 2264 2952 pro
2287 2883 2442 2938 nobis
2468 2883 2775 2954 supplicans
2803 2884 2879 2938 ait
2903 2878 2916 2937 Ξ
2951 2883 3082 2940 ch
3102 2893 3179 2939 est
3201 2893 3375 2939 autem
3399 2886 3503 2940 vita
3527 2895 3749 2951 veterna,

2166 2983 2222 3026 ut
2250 2983 2561 3043 cognoscant
2586 2984 2635 3028 te
2667 2974 2837 3029 solum
2867 2984 2914 3029 et
2949 2990 3125 3030 verum
3173 2973 3341 3030 Deum
3373 2984 3421 3031 ct
3466 2992 3620 3047 quem
3650 2977 3755 3031 mi-

2165 3064 2280 3118 sisti
2299 3065 2483 3118 Jesum
2522 3063 2788 3120 Christum
2819 3066 3003 3139 (Joan.
3036 3065 3192 3137 xvtt).
3222 3065 3525 3124 Notandum
3565 3076 3753 3123 autem

481 3131 678 3222 timore
692 3164 1000 3221 conditoris
1027 3131 1267 3232 animus,
1286 3131 1502 3238 jam~de
1533 3168 1616 3224 ira
1653 3131 1894 3242 ejusdem
1930 3170 2062 3239 justi

2170 3156 2310 3225 quod
2346 3167 2402 3211 et
2427 3158 2744 3227 sapientiam
2776 3158 3063 3224 invocare,
3080 3160 3528 3233 et'nosmetipsos
3553 3160 3621 3216 ad
3645 3175 3750 3215 no-

478 3256 776 3314 eenditoris
802 3255 1027 3327 patitur,
1055 3266 1116 3311 ut
1142 3256 1196 3311 in
1225 3256 1315 3317 bis.
1331 3272 1452 3327 qua:
1477 3266 1668 3328 peccat
1692 3258 1768 3313 nil
1797 3261 2065 3315 sustinere

475 3348 727 3405 videatur
756 3348 1003 3416 adversi;
1034 3348 1134 3404 sed
1178 3354 1238 3402 ut
1283 3349 1476 3405 beatus
1499 3347 1601 3405 Job
1647 3350 1725 3406 ait
1754 3368 1766 3405 :
1798 3351 1972 3407 Ducat
2010 3354 2066 3406 in

479 3441 629 3496 bonis
671 3441 783 3496 dies
815 3455 959 3507 suos,
998 3449 1047 3494 et
1090 3440 1146 3494 in
1186 3449 1378 3511 puncto
1419 3441 1490 3496 ad
1521 3441 1730 3512 inferna
1782 3444 2064 3500 descendat

479 3535 625 3609 (Job.
653 3536 789 3610 ιιι).

513 3632 659 3700 γρηὶ
698 3644 874 3689 autem
918 3649 999 3689 me
1030 3634 1281 3701 audierit,
1330 3634 1525 3707 absque
1573 3645 1770 3691 terrore
1814 3639 2061 3708 quiescet.

474 3722 664 3779 Potest
693 3733 749 3780 et
770 3725 824 3778 in
847 3725 951 3780 hac
972 3725 1079 3779 vita
1113 3734 1167 3779 et
1197 3725 1250 3779 in
1283 3724 1461 3781 futura
1499 3727 1744 3798 intelligi,
1797 3729 1923 3797 quia
1970 3730 2063 3799 qui

479 3816 712 3872 Domino
728 3815 966 3888 perfecte
988 3817 1156 3872 servit
1180 3817 1339 3873 nullis
1367 3826 1603 3874 terretur
1639 3820 1903 3882 adversis,
1953 3821 2063 3876 imo

471 3907 677 3981 gaudet
697 3909 750 3965 in
778 3909 1038 3974 adversis,
1062 3921 1118 3964 et
1146 3910 1199 3963 in
1228 3909 1344 3980 ipsa
1361 3918 1536 3965 morte
1556 3910 1710 3980 quasi
1732 3911 1798 3966 de
1817 3910 2059 3982 ingressu

474 3999 604 4055 vita:
650 3999 905 4064 laetatur,
960 3998 1314 4069 quietumque
1366 4013 1582 4071 semper
1628 4015 1659 4054 a
1712 4001 2064 4071 supervacuis

479 4089 898 4159 cogitationibus
928 4104 993 4145 ac
1017 4089 1333 4144 tumultibus
1358 4088 1712 4144 tentationum
1739 4099 1945 4160 pectus,
1972 4089 2064 4161 ju-

477 4187 640 4234 vante
663 4180 834 4234 sancti
863 4178 1098 4249 Spiritus
1126 4179 1322 4248 gratia,
1350 4179 1507 4249 gerit.
1540 4176 1692 4245 Quod
1735 4180 1949 4249 requies
1977 4195 2062 4235 se-

474 4269 631 4338 ptimi
662 4269 769 4323 diei
806 4268 859 4322 in
891 4268 1009 4337 lege
1048 4266 1273 4336 mystice
1314 4267 1649 4337 designabat,
1691 4268 1787 4323 sed
1832 4276 1887 4323 et
1934 4284 2059 4326 cum

475 4358 758 4413 transierit
781 4373 813 4413 e
846 4356 1062 4420 saeculo,
1094 4371 1200 4411 non
1251 4357 1425 4412 solum
1456 4357 1666 4426 absque
1705 4358 1900 4414 timore
1944 4373 2061 4413 ma-

478 4445 680 4509 lorum,
708 4445 805 4499 sed
829 4453 885 4500 et
920 4446 974 4499 in
1007 4460 1204 4516 magno
1230 4445 1427 4515 gaudio
1450 4455 1681 4515 speratae
1710 4447 2060 4503 resurrectio-

476 4536 563 4590 nis
587 4536 855 4607 quiescet,
874 4546 939 4591 ut
965 4536 1206 4593 Lazarus
1232 4538 1288 4592 in
1310 4537 1430 4593 sinu
1453 4536 1748 4594 Abraham.

540 4625 619 4681 Et
641 4625 969 4682 abundantia
991 4628 1307 4699 perfruetur,
1335 4628 1595 4684 malorum
1622 4631 1809 4684 timore
1830 4627 2056 4687 sublato.

473 4718 634 4778 Nunc
668 4719 1001 4776 abundantis
1048 4719 1314 4776 bonorum
1369 4734 1594 4792 operum
1632 4721 1814 4777 ablato
1862 4721 2059 4777 timore

474 4811 642 4867 etiam
668 4811 971 4881 eorum-qui
997 4810 1255 4867 occidunt
1293 4825 1513 4883 corpus,
1558 4819 1688 4868 tunc
1729 4812 2058 4868 abundantia

368 4930 399 4971 ,ι
474 4900 794 4971 gaudiorum
819 4899 878 4955 in
903 4901 1128 4973 gremio.
1154 4901 1367 4969 Quanta
1403 4902 1550 4957 enim
1599 4902 1674 4957 ibi
1723 4903 2056 4957 abundantia

474 4991 744 5047 honorum
769 4992 1035 5060 omnium,
1064 4991 1156 5047 ubi
1184 4992 1354 5063 gloria
1378 5000 1481 5057 est,
1515 5006 1544 5045 a
1572 5007 1679 5062 quo
1723 5000 1851 5047 sunt
1875 4993 2081 5048 omnia!

474 5081 619 5137 bona
645 5079 773 5137 licet
799 5081 1028 5147 intueri,
1057 5081 1239 5137 ablato
1282 5095 1506 5150 prorsus
1551 5079 1747 5136 timore
1791 5080 2054 5147 omnium,

475 5185 599 5242 quae
625 5170 832 5243 aliquid
851 5171 1063 5227 adversi
1088 5170 1324 5225 ulterius
1351 5168 1598 5226 afferant.
1648 5184 1659 5193 °

1101 5301 1329 5358 CAPUT
1372 5302 1435 5357 ll.

550 5441 658 5497 Fili
694 5458 785 5506 mi,
836 5457 880 5494 st
925 5440 1211 5511 susceperis
1236 5456 1498 5495 sermones
1526 5456 1690 5507 meos,
1720 5450 1768 5496 ct
1803 5417 2057 5498 mandata

477 5534 951 5592 meaabsconderis
999 5550 1152 5605 penes
1191 5545 1258 5589 te.
1307 5535 1605 5591 Abscondit
1653 5536 1906 5592 mandata
1959 5537 2057 5592 Dei

480 5641 749 5698 penesse,
775 5626 868 5695 qui
890 5626 1005 5681 luce
1027 5626 1252 5682 audiens
1270 5626 1500 5683 sollicite
1523 5628 1577 5683 in
1605 5627 1771 5683 corde
1789 5628 2073 5695 recondit,‘

472 5722 632 5791 juxta
662 5718 808 5779 illum
835 5719 925 5788 qui
954 5719 1031 5775 ait
1059 5738 1071 5772 :
1106 5718 1173 5774 In
1211 5721 1367 5775 corde
1400 5737 1513 5777 meo
1560 5722 1810 5780 abscondi
1848 5723 2081 5797 eloquia.

2174 3248 2427 3303 scendam
2457 3249 2795 3318 prudentiam
2829 3266 2927 3305 cor
2968 3252 3231 3308 inclinare
3268 3253 3472 3316 suadet,
3509 3253 3634 3324 quia
3676 3252 3763 3309 ni-

2176 3338 2371 3392 mirum
2400 3352 2620 3394 necesse
2647 3349 2751 3406 est,
2782 3348 2919 3396 utet
2942 3341 3186 3417 divinum
3230 3345 3287 3399 in
3312 3344 3521 3399 cunctis
3543 3342 3760 3414 ﬂagite-

2167 3445 2290 3485 mus
2315 3430 2597 3496 auxilium,
2636 3441 2694 3487 et
2717 3432 2842 3503 ipsi,
2870 3432 3103 3489 Domino
3123 3434 3427 3507 adjuvante,
3454 3434 3597 3488 bona
3630 3448 3760 3504 qua:

2169 3522 2407 3579 valemus
2447 3538 2670 3593 agamus
2702 3542 2715 3579 :
2744 3539 2918 3595 neque
2950 3525 3095 3581 enim
3131 3526 3252 3581 sine
3294 3526 3412 3596 ipso
3457 3526 3759 3596 quidquam

2167 3612 2348 3677 facere
2375 3629 2683 3685 possumus,
2720 3630 2822 3671 nec
2860 3631 3077 3671 rursum
3100 3616 3222 3671 sine
3256 3625 3444 3673 nostro
3468 3617 3757 3673 conamine
3788 3668 3796 3674 .

2165 3706 2729 3779 quantulumcumque.
2744 3708 2941 3764 habere
2970 3708 3234 3776 valemus,
3255 3724 3355 3765 nos
3393 3711 3462 3766 ab
3490 3709 3608 3781 ipso
3635 3707 3751 3765 sal-

2164 3798 2369 3853 vandos
2396 3811 2516 3854 esse
2537 3800 2844 3854 credamus.
3302 3806 3305 3811 '
3762 3796 3777 3842 Ϊ

2132 3912 2137 3918 '
2202 3934 2207 3939 -
2239 3895 2297 3951 Si
2322 3897 2592 3966 quwsieris
2619 3914 2734 3951 eam
2776 3898 2933 3967 quasi
2955 3898 3253 3967 pecuniam,
3281 3906 3330 3952 et
3371 3898 3508 3951 sicut
3538 3895 3755 3949 thesau-

2165 4003 2250 4045 ros
2273 3986 2518 4056 e/foderis
2543 4004 2676 4042 eam.
2718 3986 2776 4042 Si
2808 3996 2957 4042 tanta
2985 4003 3117 4043 cura
3159 3987 3499 4057 sapientiam,
3542 3990 3767 4055 quanta-

2164 4078 2342 4152 cupidi
2380 4087 2647 4149 quaarunt-
2670 4079 2978 4149 pecuniam,
3010 4079 3096 4134 vel
3123 4086 3273 4134 certe
3305 4078 3351 4133 si
3378 4085 3488 4132 tam
3518 4074 3750 4132 sollicite

2164 4169 2446 4238 quaesieris
2502 4168 2845 4238 sapientiam,
2890 4168 3046 4243 quasi
3084 4168 3323 4225 infinitas
3346 4182 3466 4238 -per
3508 4166 3646 4220 hanc
3693 4172 3754 4219 et

2164 4260 2461 4316 ineffabiles
2480 4260 2694 4315 divitias
2721 4260 2799 4316 sis
2821 4259 3202 4330 aequisiturus,
3230 4256 3497 4328 percipies
3519 4253 3744 4327 prmmia

2163 4369 2283 4423 quae
2313 4353 2705 4422 subsequenter
2737 4361 3098 4422 exponuntur.
3150 4351 3250 4419 Qui
3297 4349 3749 4427 vero‘tbesauros

2165 4445 2371 4510 ell'odit,
2397 4446 2545 4515 ejicit
2575 4447 3047 4510 rudustcrrestre,
3072 4443 3202 4499 facit
3231 4443 3283 4498 in
3310 4442 3477 4498 altum
3508 4441 3742 4501 foveam,

2166 4537 2382 4592 sedulus
2405 4538 2607 4593 insistit
2630 4538 2823 4603 labori,
2845 4539 3017 4593 donec
3038 4538 3106 4592 ad
3134 4538 3418 4592 thesauros
3439 4550 3577 4606 quos
3598 4548 3746 4604 quat.

2168 4629 2240 4685 rit
2259 4630 2508 4701 attingat.
2540 4630 2608 4685 Et
2640 4630 2732 4699 qui
2769 4630 3052 4685 thesauros
3075 4628 3352 4699 sapientiae
3377 4626 3618 4682 invenire
3656 4624 3748 4680 de-

2166 4723 2389 4789 siderat,
2416 4724 2677 4793 quidquid
2697 4723 2799 4778 sibi
2821 4732 3094 4778 terrenum
3125 4723 3302 4777 inesse
3326 4716 3747 4790 deprehenderit

2164 4822 2444 4884 expurget,
2469 4813 2716 4869 carnales
2746 4813 3026 4869 illecesz
3046 4812 3349 4877 abscindat,
3378 4808 3578 4865 fossam
3605 4807 3658 4862 in
3685 4820 3747 4861 se

2165 4903 2485 4959 humilitatis
2504 4903 2686 4968 faciat,
2717 4919 2818 4960 nec
2846 4904 3089 4973 quiescat
3113 4903 3183 4958 ab
3202 4900 3410 4973 agendo
3426 4898 3746 4969 priusquam

2167 5007 2225 5048 se
2260 5008 2449 5048 venam
2473 4992 2718 5048 veritatis
2738 4992 3008 5047 invenisse
3029 4990 3377 5063 cognoverit.

2240 5086 2384 5141 Tunc
2413 5086 2667 5158 intelliges
2715 5088 2950 5142 timorem
3003 5086 3217 5141 Domini
3254 5095 3301 5139 et
3329 5081 3599 5138 scientiam
3646 5078 3747 5133 Dei

2166 5182 2411 5236 invenies.
2450 5180 2509 5247 Si
2557 5180 2787 5237 sollicito
2816 5181 2978 5235 corde
3020 5165 3320 5250 quaesieris,
3352 5173 3637 5245 pervenies
3675 5170 3746 5225 ad

2165 5272 2551 5343 experientiam
2577 5271 3062 5328 amabilis‘Domini
3097 5268 3329 5334 timoris,
3381 5265 3611 5336 qui‘non
3642 5262 3745 5316 ini-

2165 5363 2321 5427 tium,
2345 5377 2405 5417 se
2423 5363 2438 5415 l
2456 5362 2717 5433 perfectio
2736 5371 2819 5417 est
2841 5362 3118 5432 sapientia:
3136 5358 3394 5422 cmlestis,
3416 5357 3468 5411 iu
3492 5355 3595 5410 hac
3609 5352 3745 5407 dun-

2162 5461 2307 5509 taxat
2334 5454 2468 5518 vita,
2498 5454 2724 5523 ideoque
2766 5470 2871 5508 non
2901 5469 3023 5508 eum
3054 5450 3294 5523 perfecta
3338 5446 3556 5504 dilectio
3596 5443 3747 5498 foras

2161 5546 2355 5611 mittit,"
2375 5545 2467 5601 sed
2498 5544 2627 5601 facit
2661 5558 2980 5615 permanere
3010 5543 3065 5596 'm
3096 5541 3351 5597 szeculum
3399 5534 3601 5592 muli.
3634 5531 3744 5587 Sed

2160 5646 2215 5692 et
2247 5636 2530 5692 scientiam
2564 5636 2734 5707 ipsius
2754 5633 3056 5690 divinitatis
3076 5646 3204 5703 niue
3230 5635 3491 5703 perpetuo
3518 5625 3747 5681 beatum

2161 5726 2290 5781 facit
2320 5726 2581 5782 invenies.
