  <div class='ocr_page' id='page_1' title='image "/cluster/home/n/w/nwhite01/storage/ocr_20150623/111/hvd.32044009716333/352.png"; bbox 0 0 4100 6324; ppageno 0'>
   <div class='ocr_carea' id='block_1_1' title="bbox 304 392 408 451">
    <p class='ocr_par' dir='ltr' id='par_1_1' title="bbox 304 392 408 451">
     <span class='ocr_line' id='line_1_1' title="bbox 304 392 408 451; baseline 0.01 -1"><span class='ocrx_word' id='word_1_1' title='bbox 304 392 408 451; x_wconf 77' lang='lat'><strong><em>639</em></strong></span> 
     </span>
    </p>
   </div>
   <div class='ocr_carea' id='block_1_2' title="bbox 1120 375 2824 439">
    <p class='ocr_par' dir='ltr' id='par_1_2' title="bbox 1120 375 2824 439">
     <span class='ocr_line' id='line_1_2' title="bbox 1120 375 2824 439; baseline -0.004 0"><span class='ocrx_word' id='word_1_2' title='bbox 1120 381 1481 439; x_wconf 78' lang='lat' dir='ltr'><strong><em>EXPOSITIO</em></strong></span> <span class='ocrx_word' id='word_1_3' title='bbox 1521 379 1585 435; x_wconf 72' lang='grc' dir='ltr'><strong><em>ΙΝ</em></strong></span> <span class='ocrx_word' id='word_1_4' title='bbox 1623 376 2014 435; x_wconf 73' lang='lat' dir='ltr'><strong><em>PROVERBIA</em></strong></span> <span class='ocrx_word' id='word_1_5' title='bbox 2055 376 2462 435; x_wconf 71' lang='lat' dir='ltr'><strong><em>SALOMONIS.</em></strong></span> <span class='ocrx_word' id='word_1_6' title='bbox 2505 407 2575 417; x_wconf 92' lang='lat'>—</span> <span class='ocrx_word' id='word_1_7' title='bbox 2612 375 2740 431; x_wconf 83' lang='lat' dir='ltr'><strong><em>LIB.</em></strong></span> <span class='ocrx_word' id='word_1_8' title='bbox 2781 375 2824 432; x_wconf 85' lang='lat' dir='ltr'><strong><em>l.</em></strong></span> 
     </span>
    </p>
   </div>
   <div class='ocr_carea' id='block_1_3' title="bbox 3464 375 3571 436">
    <p class='ocr_par' dir='ltr' id='par_1_3' title="bbox 3464 375 3571 436">
     <span class='ocr_line' id='line_1_3' title="bbox 3464 375 3571 436; baseline 0 -2"><span class='ocrx_word' id='word_1_9' title='bbox 3464 375 3571 436; x_wconf 72' lang='lat'><strong><em>690</em></strong></span> 
     </span>
    </p>
   </div>
   <div class='ocr_carea' id='block_1_4' title="bbox 374 470 3575 572">
    <p class='ocr_par' dir='ltr' id='par_1_4' title="bbox 374 470 3575 572">
     <span class='ocr_line' id='line_1_4' title="bbox 374 470 3575 572; baseline -0.003 -13"><span class='ocrx_word' id='word_1_10' title='bbox 374 504 514 572; x_wconf 85' lang='lat' dir='ltr'><strong><em>Quia</em></strong></span> <span class='ocrx_word' id='word_1_11' title='bbox 544 501 804 557; x_wconf 79' lang='lat' dir='ltr'><strong><em>Dominus</em></strong></span> <span class='ocrx_word' id='word_1_12' title='bbox 832 496 921 552; x_wconf 86' lang='lat' dir='ltr'><strong><em>dat</em></strong></span> <span class='ocrx_word' id='word_1_13' title='bbox 951 498 1286 567; x_wconf 73' lang='lat' dir='ltr'><strong><em>sapientiam.</em></strong></span> <span class='ocrx_word' id='word_1_14' title='bbox 1321 494 1584 564; x_wconf 89' lang='lat' dir='ltr'><strong><em>Perspicit</em></strong></span> <span class='ocrx_word' id='word_1_15' title='bbox 1624 493 1711 548; x_wconf 90' lang='lat' dir='ltr'><strong><em>hic</em></strong></span> <span class='ocrx_word' id='word_1_16' title='bbox 1754 507 1880 547; x_wconf 89' lang='lat' dir='ltr'><strong><em>ver-</em></strong></span> <span class='ocrx_word' id='word_1_17' title='bbox 1911 491 1958 551; x_wconf 85' lang='lat' dir='ltr'><strong>A</strong></span> <span class='ocrx_word' id='word_1_18' title='bbox 1986 470 2159 546; x_wconf 81' lang='lat' dir='ltr'><strong><em>mollit</em></strong></span> <span class='ocrx_word' id='word_1_19' title='bbox 2182 507 2444 547; x_wconf 78' lang='lat' dir='ltr'><strong><em>sermones</em></strong></span> <span class='ocrx_word' id='word_1_20' title='bbox 2476 507 2616 547; x_wconf 86' lang='lat' dir='ltr'><strong><em>suos.</em></strong></span> <span class='ocrx_word' id='word_1_21' title='bbox 2643 477 2849 547; x_wconf 87' lang='lat' dir='ltr'><strong><em>Pendet</em></strong></span> <span class='ocrx_word' id='word_1_22' title='bbox 2876 489 2965 547; x_wconf 89' lang='lat' dir='ltr'><strong><em>hic</em></strong></span> <span class='ocrx_word' id='word_1_23' title='bbox 2984 498 2987 499; x_wconf 70' lang='lat'><strong><em>&#39;</em></strong></span> <span class='ocrx_word' id='word_1_24' title='bbox 3006 505 3194 547; x_wconf 90' lang='lat' dir='ltr'><strong><em>versus</em></strong></span> <span class='ocrx_word' id='word_1_25' title='bbox 3222 505 3253 546; x_wconf 89' lang='lat' dir='ltr'><strong><em>a</em></strong></span> <span class='ocrx_word' id='word_1_26' title='bbox 3280 492 3575 563; x_wconf 86' lang='lat' dir='ltr'><strong><em>superiori-</em></strong></span> 
     </span>
    </p>
   </div>
   <div class='ocr_carea' id='block_1_5' title="bbox 305 586 1886 661">
    <p class='ocr_par' dir='ltr' id='par_1_5' title="bbox 305 586 1886 661">
     <span class='ocr_line' id='line_1_5' title="bbox 305 586 1886 661; baseline -0.01 -8"><span class='ocrx_word' id='word_1_27' title='bbox 305 597 506 654; x_wconf 87' lang='lat' dir='ltr'><strong><em>sieulus</em></strong></span> <span class='ocrx_word' id='word_1_28' title='bbox 531 594 597 649; x_wconf 92' lang='lat' dir='ltr'><strong><em>ad</em></strong></span> <span class='ocrx_word' id='word_1_29' title='bbox 624 594 728 647; x_wconf 90' lang='lat' dir='ltr'><strong><em>hoc</em></strong></span> <span class='ocrx_word' id='word_1_30' title='bbox 755 590 900 661; x_wconf 90' lang='lat' dir='ltr'><strong><em>quod</em></strong></span> <span class='ocrx_word' id='word_1_31' title='bbox 927 603 1090 659; x_wconf 80' lang='lat' dir='ltr'><strong>supra</strong></span> <span class='ocrx_word' id='word_1_32' title='bbox 1144 588 1302 653; x_wconf 90' lang='lat' dir='ltr'><strong><em>dixit,</em></strong></span> <span class='ocrx_word' id='word_1_33' title='bbox 1330 588 1374 641; x_wconf 91' lang='lat' dir='ltr'><strong><em>si</em></strong></span> <span class='ocrx_word' id='word_1_34' title='bbox 1404 587 1540 640; x_wconf 87' lang='lat' dir='ltr'><strong><em>enim</em></strong></span> <span class='ocrx_word' id='word_1_35' title='bbox 1575 586 1886 656; x_wconf 73' lang='lat' dir='ltr'><strong><em>sapientiam</em></strong></span> 
     </span>
    </p>
   </div>
   <div class='ocr_carea' id='block_1_6' title="bbox 308 675 1905 754">
    <p class='ocr_par' dir='ltr' id='par_1_6' title="bbox 308 675 1905 754">
     <span class='ocr_line' id='line_1_6' title="bbox 308 675 1905 754; baseline -0.01 -8"><span class='ocrx_word' id='word_1_36' title='bbox 308 688 645 754; x_wconf 74' lang='lat' dir='ltr'><strong><em>invocaveris,</em></strong></span> <span class='ocrx_word' id='word_1_37' title='bbox 678 692 810 749; x_wconf 89' lang='lat' dir='ltr'><strong><em>etc.,</em></strong></span> <span class='ocrx_word' id='word_1_38' title='bbox 836 696 1009 751; x_wconf 86' lang='lat' dir='ltr'><strong><em>usque</em></strong></span> <span class='ocrx_word' id='word_1_39' title='bbox 1042 681 1165 736; x_wconf 90' lang='lat' dir='ltr'><strong><em>dum</em></strong></span> <span class='ocrx_word' id='word_1_40' title='bbox 1185 680 1283 745; x_wconf 88' lang='lat' dir='ltr'><strong><em>ait,</em></strong></span> <span class='ocrx_word' id='word_1_41' title='bbox 1313 688 1361 733; x_wconf 90' lang='lat' dir='ltr'><strong><em>et</em></strong></span> <span class='ocrx_word' id='word_1_42' title='bbox 1387 680 1657 732; x_wconf 76' lang='lat' dir='ltr'><strong><em>scientiam</em></strong></span> <span class='ocrx_word' id='word_1_43' title='bbox 1689 675 1782 731; x_wconf 89' lang='lat' dir='ltr'><strong><em>Dei</em></strong></span> <span class='ocrx_word' id='word_1_44' title='bbox 1806 678 1905 749; x_wconf 30' lang='lat' dir='ltr'><strong><em>in-.</em></strong></span> 
     </span>
    </p>
   </div>
   <div class='ocr_carea' id='block_1_7' title="bbox 309 769 1895 845">
    <p class='ocr_par' dir='ltr' id='par_1_7' title="bbox 309 769 1895 845">
     <span class='ocr_line' id='line_1_7' title="bbox 309 769 1895 845; baseline -0.01 -8"><span class='ocrx_word' id='word_1_45' title='bbox 309 783 502 838; x_wconf 67' lang='lat' dir='ltr'><strong><em>venies.</em></strong></span> <span class='ocrx_word' id='word_1_46' title='bbox 537 778 663 833; x_wconf 88' lang='lat' dir='ltr'><strong><em>Ideo</em></strong></span> <span class='ocrx_word' id='word_1_47' title='bbox 688 788 923 845; x_wconf 81' lang='lat' dir='ltr'><strong><em>namque</em></strong></span> <span class='ocrx_word' id='word_1_48' title='bbox 960 772 1242 843; x_wconf 75' lang='lat' dir='ltr'><strong><em>sapientia,</em></strong></span> <span class='ocrx_word' id='word_1_49' title='bbox 1274 770 1329 825; x_wconf 94' lang='lat' dir='ltr'><strong><em>id</em></strong></span> <span class='ocrx_word' id='word_1_50' title='bbox 1362 779 1485 835; x_wconf 93' lang='lat' dir='ltr'><strong><em>est,</em></strong></span> <span class='ocrx_word' id='word_1_51' title='bbox 1512 769 1772 824; x_wconf 87' lang='lat' dir='ltr'><strong><em>Dominus</em></strong></span> <span class='ocrx_word' id='word_1_52' title='bbox 1811 775 1895 822; x_wconf 88' lang='lat' dir='ltr'><strong><em>est</em></strong></span> 
     </span>
    </p>
   </div>
   <div class='ocr_carea' id='block_1_8' title="bbox 310 860 1896 937">
    <p class='ocr_par' dir='ltr' id='par_1_8' title="bbox 310 860 1896 937">
     <span class='ocr_line' id='line_1_8' title="bbox 310 860 1896 937; baseline -0.011 -7"><span class='ocrx_word' id='word_1_53' title='bbox 310 872 646 930; x_wconf 85' lang='lat' dir='ltr'><strong><em>invocandus</em></strong></span> <span class='ocrx_word' id='word_1_54' title='bbox 670 869 737 926; x_wconf 89' lang='lat' dir='ltr'><strong><em>ad</em></strong></span> <span class='ocrx_word' id='word_1_55' title='bbox 759 866 1132 937; x_wconf 87' lang='lat' dir='ltr'><strong><em>accipiendam</em></strong></span> <span class='ocrx_word' id='word_1_56' title='bbox 1162 863 1505 934; x_wconf 78' lang='lat' dir='ltr'><strong><em>sapientiam,</em></strong></span> <span class='ocrx_word' id='word_1_57' title='bbox 1533 861 1658 929; x_wconf 83' lang='lat' dir='ltr'><strong><em>quia</em></strong></span> <span class='ocrx_word' id='word_1_58' title='bbox 1688 860 1896 930; x_wconf 84' lang='lat' dir='ltr'><strong><em>sapien-</em></strong></span> 
     </span>
    </p>
   </div>
   <div class='ocr_carea' id='block_1_9' title="bbox 310 950 1895 1029">
    <p class='ocr_par' dir='ltr' id='par_1_9' title="bbox 310 950 1895 1029">
     <span class='ocr_line' id='line_1_9' title="bbox 310 950 1895 1029; baseline -0.01 -8"><span class='ocrx_word' id='word_1_59' title='bbox 310 969 386 1022; x_wconf 91' lang='lat' dir='ltr'><strong><em>tia</em></strong></span> <span class='ocrx_word' id='word_1_60' title='bbox 426 978 536 1018; x_wconf 85' lang='lat' dir='ltr'><strong><em>non</em></strong></span> <span class='ocrx_word' id='word_1_61' title='bbox 562 978 593 1016; x_wconf 93' lang='lat' dir='ltr'><strong><em>a</em></strong></span> <span class='ocrx_word' id='word_1_62' title='bbox 624 960 779 1015; x_wconf 89' lang='lat' dir='ltr'><strong><em>nobis</em></strong></span> <span class='ocrx_word' id='word_1_63' title='bbox 814 957 947 1029; x_wconf 87' lang='lat' dir='ltr'><strong><em>ipsis</em></strong></span> <span class='ocrx_word' id='word_1_64' title='bbox 988 954 1176 1010; x_wconf 84' lang='lat' dir='ltr'><strong><em>haberi</em></strong></span> <span class='ocrx_word' id='word_1_65' title='bbox 1212 959 1407 1023; x_wconf 89' lang='lat' dir='ltr'><strong><em>potest,</em></strong></span> <span class='ocrx_word' id='word_1_66' title='bbox 1458 950 1552 1006; x_wconf 88' lang='lat' dir='ltr'><strong><em>sed</em></strong></span> <span class='ocrx_word' id='word_1_67' title='bbox 1594 967 1622 1005; x_wconf 90' lang='lat' dir='ltr'><strong><em>a</em></strong></span> <span class='ocrx_word' id='word_1_68' title='bbox 1668 950 1895 1006; x_wconf 89' lang='lat' dir='ltr'><strong><em>Domino</em></strong></span> 
     </span>
    </p>
   </div>
   <div class='ocr_carea' id='block_1_10' title="bbox 313 1039 1891 1118">
    <p class='ocr_par' dir='ltr' id='par_1_10' title="bbox 313 1039 1891 1118">
     <span class='ocr_line' id='line_1_10' title="bbox 313 1039 1891 1118; baseline -0.012 -7"><span class='ocrx_word' id='word_1_69' title='bbox 313 1058 492 1111; x_wconf 87' lang='lat' dir='ltr'><strong><em>datur.</em></strong></span> <span class='ocrx_word' id='word_1_70' title='bbox 529 1053 734 1111; x_wconf 85' lang='lat' dir='ltr'><strong><em>Taceat</em></strong></span> <span class='ocrx_word' id='word_1_71' title='bbox 765 1047 1037 1118; x_wconf 78' lang='lat' dir='ltr'><strong><em>Pelagius,</em></strong></span> <span class='ocrx_word' id='word_1_72' title='bbox 1070 1044 1412 1113; x_wconf 90' lang='lat' dir='ltr'><strong><em>redarguitur</em></strong></span> <span class='ocrx_word' id='word_1_73' title='bbox 1434 1050 1491 1097; x_wconf 89' lang='lat' dir='ltr'><strong><em>et</em></strong></span> <span class='ocrx_word' id='word_1_74' title='bbox 1516 1040 1584 1094; x_wconf 88' lang='lat' dir='ltr'><strong><em>ab</em></strong></span> <span class='ocrx_word' id='word_1_75' title='bbox 1613 1039 1891 1109; x_wconf 79' lang='lat' dir='ltr'><strong><em>Apostolo,</em></strong></span> 
     </span>
    </p>
   </div>
   <div class='ocr_carea' id='block_1_11' title="bbox 312 1129 1892 1221">
    <p class='ocr_par' dir='ltr' id='par_1_11' title="bbox 312 1129 1892 1221">
     <span class='ocr_line' id='line_1_11' title="bbox 312 1129 1892 1221; baseline -0.012 -19"><span class='ocrx_word' id='word_1_76' title='bbox 312 1148 403 1217; x_wconf 91' lang='lat' dir='ltr'><strong><em>qui</em></strong></span> <span class='ocrx_word' id='word_1_77' title='bbox 433 1146 548 1221; x_wconf 83' lang='lat' dir='ltr'><strong><em>ait:</em></strong></span> <span class='ocrx_word' id='word_1_78' title='bbox 574 1141 714 1210; x_wconf 85' lang='lat' dir='ltr'><strong><em>Quid</em></strong></span> <span class='ocrx_word' id='word_1_79' title='bbox 742 1146 855 1195; x_wconf 84' lang='lat' dir='ltr'><strong><em>vero</em></strong></span> <span class='ocrx_word' id='word_1_80' title='bbox 892 1137 1050 1192; x_wconf 91' lang='lat' dir='ltr'><strong><em>habes</em></strong></span> <span class='ocrx_word' id='word_1_81' title='bbox 1069 1133 1208 1207; x_wconf 87' lang='lat' dir='ltr'><strong><em>quod</em></strong></span> <span class='ocrx_word' id='word_1_82' title='bbox 1242 1152 1345 1189; x_wconf 89' lang='lat' dir='ltr'><strong><em>non</em></strong></span> <span class='ocrx_word' id='word_1_83' title='bbox 1367 1131 1649 1204; x_wconf 83' lang='lat' dir='ltr'><strong><em>accepisti?</em></strong></span> <span class='ocrx_word' id='word_1_84' title='bbox 1679 1129 1731 1202; x_wconf 91' lang='lat' dir='ltr'><strong><em>(I</em></strong></span> <span class='ocrx_word' id='word_1_85' title='bbox 1767 1129 1892 1184; x_wconf 90' lang='lat' dir='ltr'><strong><em>Cor.</em></strong></span> 
     </span>
    </p>
   </div>
   <div class='ocr_carea' id='block_1_12' title="bbox 313 1222 1913 1312">
    <p class='ocr_par' dir='ltr' id='par_1_12' title="bbox 313 1222 1913 1312">
     <span class='ocr_line' id='line_1_12' title="bbox 313 1222 1913 1312; baseline -0.013 -18"><span class='ocrx_word' id='word_1_86' title='bbox 313 1239 414 1311; x_wconf 81' lang='lat' dir='ltr'><strong><em>tv.)</em></strong></span> <span class='ocrx_word' id='word_1_87' title='bbox 444 1237 511 1291; x_wconf 80' lang='lat' dir='ltr'><strong><em>Et</em></strong></span> <span class='ocrx_word' id='word_1_88' title='bbox 540 1232 814 1306; x_wconf 77' lang='lat' dir='ltr'><strong><em>apostolus</em></strong></span> <span class='ocrx_word' id='word_1_89' title='bbox 839 1229 1105 1285; x_wconf 86' lang='lat' dir='ltr'><strong><em>Jacobus:</em></strong></span> <span class='ocrx_word' id='word_1_90' title='bbox 1132 1225 1188 1281; x_wconf 91' lang='lat' dir='ltr'><strong><em>Si</em></strong></span> <span class='ocrx_word' id='word_1_91' title='bbox 1211 1225 1327 1297; x_wconf 83' lang='lat' dir='ltr'><strong><em>quis</em></strong></span> <span class='ocrx_word' id='word_1_92' title='bbox 1351 1232 1523 1277; x_wconf 91' lang='lat' dir='ltr'><strong><em>autem</em></strong></span> <span class='ocrx_word' id='word_1_93' title='bbox 1547 1232 1790 1312; x_wconf 70' lang='lat' dir='ltr'><strong><em>oestrum,</em></strong></span> <span class='ocrx_word' id='word_1_94' title='bbox 1817 1222 1913 1312; x_wconf 50' lang='lat' dir='ltr'><strong><em>in-_</em></strong></span> 
     </span>
    </p>
   </div>
   <div class='ocr_carea' id='block_1_13' title="bbox 313 1309 1911 1399">
    <p class='ocr_par' dir='ltr' id='par_1_13' title="bbox 313 1309 1911 1399">
     <span class='ocr_line' id='line_1_13' title="bbox 313 1309 1911 1399; baseline -0.015 -15"><span class='ocrx_word' id='word_1_95' title='bbox 313 1309 451 1399; x_wconf 86' lang='lat' dir='ltr'><strong><em>quit,</em></strong></span> <span class='ocrx_word' id='word_1_96' title='bbox 477 1325 672 1395; x_wconf 80' lang='lat' dir='ltr'><strong><em>indiget</em></strong></span> <span class='ocrx_word' id='word_1_97' title='bbox 700 1312 958 1391; x_wconf 79' lang='lat' dir='ltr'><strong><em>sapientia</em></strong></span> <span class='ocrx_word' id='word_1_98' title='bbox 980 1314 1206 1388; x_wconf 79' lang='lat' dir='ltr'><strong><em>postulet</em></strong></span> <span class='ocrx_word' id='word_1_99' title='bbox 1238 1332 1270 1368; x_wconf 89' lang='lat' dir='ltr'><strong><em>a</em></strong></span> <span class='ocrx_word' id='word_1_100' title='bbox 1299 1313 1520 1367; x_wconf 88' lang='lat' dir='ltr'><strong><em>Domino</em></strong></span> <span class='ocrx_word' id='word_1_101' title='bbox 1545 1310 1685 1382; x_wconf 86' lang='lat' dir='ltr'><strong><em>(Jac.</em></strong></span> <span class='ocrx_word' id='word_1_102' title='bbox 1714 1309 1774 1381; x_wconf 82' lang='grc' dir='ltr'><strong><em>ι).</em></strong></span> <span class='ocrx_word' id='word_1_103' title='bbox 1907 1309 1911 1383; x_wconf 54' lang='grc' dir='ltr'><strong>ς</strong></span> 
     </span>
    </p>
   </div>
   <div class='ocr_carea' id='block_1_14' title="bbox 385 1400 1900 1484">
    <p class='ocr_par' dir='ltr' id='par_1_14' title="bbox 385 1400 1900 1484">
     <span class='ocr_line' id='line_1_14' title="bbox 385 1400 1900 1484; baseline -0.013 -11"><span class='ocrx_word' id='word_1_104' title='bbox 385 1419 455 1473; x_wconf 86' lang='lat' dir='ltr'><strong><em>Et</em></strong></span> <span class='ocrx_word' id='word_1_105' title='bbox 484 1433 548 1472; x_wconf 82' lang='lat' dir='ltr'><strong><em>ea:</em></strong></span> <span class='ocrx_word' id='word_1_106' title='bbox 577 1432 663 1470; x_wconf 88' lang='lat' dir='ltr'><strong><em>ore</em></strong></span> <span class='ocrx_word' id='word_1_107' title='bbox 684 1414 799 1484; x_wconf 84' lang='lat' dir='ltr'><strong><em>ejus</em></strong></span> <span class='ocrx_word' id='word_1_108' title='bbox 825 1404 1046 1465; x_wconf 86' lang='lat' dir='ltr'><strong><em>scientia</em></strong></span> <span class='ocrx_word' id='word_1_109' title='bbox 1079 1416 1126 1461; x_wconf 87' lang='lat' dir='ltr'><strong><em>et</em></strong></span> <span class='ocrx_word' id='word_1_110' title='bbox 1149 1404 1447 1477; x_wconf 83' lang='lat' dir='ltr'><strong><em>prudentia.</em></strong></span> <span class='ocrx_word' id='word_1_111' title='bbox 1472 1402 1659 1457; x_wconf 84' lang='lat' dir='ltr'><strong><em>Potest</em></strong></span> <span class='ocrx_word' id='word_1_112' title='bbox 1701 1401 1754 1455; x_wconf 91' lang='lat' dir='ltr'><strong><em>in</em></strong></span> <span class='ocrx_word' id='word_1_113' title='bbox 1795 1400 1900 1455; x_wconf 80' lang='lat' dir='ltr'><strong><em>hoc</em></strong></span> 
     </span>
    </p>
   </div>
   <div class='ocr_carea' id='block_1_15' title="bbox 316 1490 1902 1575">
    <p class='ocr_par' dir='ltr' id='par_1_15' title="bbox 316 1490 1902 1575">
     <span class='ocr_line' id='line_1_15' title="bbox 316 1490 1902 1575; baseline -0.013 -11"><span class='ocrx_word' id='word_1_114' title='bbox 316 1506 584 1564; x_wconf 79' lang='lat' dir='ltr'><strong><em>versiculo</em></strong></span> <span class='ocrx_word' id='word_1_115' title='bbox 610 1506 726 1575; x_wconf 89' lang='lat' dir='ltr'><strong><em>ipsa</em></strong></span> <span class='ocrx_word' id='word_1_116' title='bbox 756 1497 1037 1557; x_wconf 77' lang='lat' dir='ltr'><strong><em>ineli‘abilis</em></strong></span> <span class='ocrx_word' id='word_1_117' title='bbox 1063 1505 1119 1552; x_wconf 90' lang='lat' dir='ltr'><strong><em>et</em></strong></span> <span class='ocrx_word' id='word_1_118' title='bbox 1151 1505 1443 1559; x_wconf 67' lang='lat' dir='ltr'><strong><em>comterna,</em></strong></span> <span class='ocrx_word' id='word_1_119' title='bbox 1491 1493 1598 1547; x_wconf 85' lang='lat' dir='ltr'><strong><em>Deo</em></strong></span> <span class='ocrx_word' id='word_1_120' title='bbox 1640 1490 1787 1546; x_wconf 90' lang='lat' dir='ltr'><strong><em>Patri</em></strong></span> <span class='ocrx_word' id='word_1_121' title='bbox 1814 1506 1902 1545; x_wconf 86' lang='lat' dir='ltr'><strong><em>sa-</em></strong></span> 
     </span>
    </p>
   </div>
   <div class='ocr_carea' id='block_1_16' title="bbox 314 1581 1899 1671">
    <p class='ocr_par' dir='ltr' id='par_1_16' title="bbox 314 1581 1899 1671">
     <span class='ocr_line' id='line_1_16' title="bbox 314 1581 1899 1671; baseline -0.013 -18"><span class='ocrx_word' id='word_1_122' title='bbox 314 1593 534 1671; x_wconf 68' lang='lat' dir='ltr'><strong><em>pientim</em></strong></span> <span class='ocrx_word' id='word_1_123' title='bbox 549 1594 806 1649; x_wconf 85' lang='lat' dir='ltr'><strong><em>nativitas</em></strong></span> <span class='ocrx_word' id='word_1_124' title='bbox 832 1588 1083 1659; x_wconf 82' lang='lat' dir='ltr'><strong><em>intelligi,</em></strong></span> <span class='ocrx_word' id='word_1_125' title='bbox 1112 1588 1177 1642; x_wconf 90' lang='lat' dir='ltr'><strong><em>de</em></strong></span> <span class='ocrx_word' id='word_1_126' title='bbox 1203 1601 1309 1655; x_wconf 90' lang='lat' dir='ltr'><strong><em>qua</em></strong></span> <span class='ocrx_word' id='word_1_127' title='bbox 1335 1583 1463 1639; x_wconf 84' lang='lat' dir='ltr'><strong><em>alibi</em></strong></span> <span class='ocrx_word' id='word_1_128' title='bbox 1490 1582 1621 1639; x_wconf 89' lang='lat' dir='ltr'><strong><em>dicit</em></strong></span> <span class='ocrx_word' id='word_1_129' title='bbox 1648 1581 1764 1651; x_wconf 89' lang='lat' dir='ltr'><strong><em>ipsa</em></strong></span> <span class='ocrx_word' id='word_1_130' title='bbox 1809 1595 1899 1634; x_wconf 83' lang='lat' dir='ltr'><strong><em>sa-</em></strong></span> 
     </span>
    </p>
   </div>
   <div class='ocr_carea' id='block_1_17' title="bbox 316 1671 1900 1762">
    <p class='ocr_par' dir='ltr' id='par_1_17' title="bbox 316 1671 1900 1762">
     <span class='ocr_line' id='line_1_17' title="bbox 316 1671 1900 1762; baseline -0.013 -17"><span class='ocrx_word' id='word_1_131' title='bbox 316 1689 559 1762; x_wconf 86' lang='lat' dir='ltr'><strong><em>pientia:</em></strong></span> <span class='ocrx_word' id='word_1_132' title='bbox 592 1685 704 1757; x_wconf 85' lang='lat' dir='ltr'><strong><em>Ego</em></strong></span> <span class='ocrx_word' id='word_1_133' title='bbox 756 1699 822 1738; x_wconf 73' lang='lat' dir='ltr'><strong><em>ex</em></strong></span> <span class='ocrx_word' id='word_1_134' title='bbox 871 1697 959 1735; x_wconf 88' lang='lat' dir='ltr'><strong><em>ore</em></strong></span> <span class='ocrx_word' id='word_1_135' title='bbox 1006 1676 1261 1739; x_wconf 81' lang='lat' dir='ltr'><strong><em>Altissimi</em></strong></span> <span class='ocrx_word' id='word_1_136' title='bbox 1307 1673 1509 1748; x_wconf 84' lang='lat' dir='ltr'><strong><em>prodivi</em></strong></span> <span class='ocrx_word' id='word_1_137' title='bbox 1555 1671 1900 1762; x_wconf 74' lang='lat' dir='ltr'><strong><em>primogenita</em></strong></span> 
     </span>
    </p>
   </div>
   <div class='ocr_carea' id='block_1_18' title="bbox 323 1759 1903 1852">
    <p class='ocr_par' dir='ltr' id='par_1_18' title="bbox 323 1759 1903 1852">
     <span class='ocr_line' id='line_1_18' title="bbox 323 1759 1903 1852; baseline -0.013 -20"><span class='ocrx_word' id='word_1_138' title='bbox 323 1759 523 1852; x_wconf 50' lang='lat' dir='ltr'><strong><em>(Eccle.</em></strong></span> <span class='ocrx_word' id='word_1_139' title='bbox 548 1773 647 1845; x_wconf 77' lang='lat' dir='ltr'><strong><em>tv).</em></strong></span> <span class='ocrx_word' id='word_1_140' title='bbox 674 1772 861 1827; x_wconf 81' lang='lat' dir='ltr'><strong><em>Potest</em></strong></span> <span class='ocrx_word' id='word_1_141' title='bbox 887 1783 951 1824; x_wconf 88' lang='lat' dir='ltr'><strong><em>os</em></strong></span> <span class='ocrx_word' id='word_1_142' title='bbox 991 1767 1206 1824; x_wconf 89' lang='lat' dir='ltr'><strong><em>Domini</em></strong></span> <span class='ocrx_word' id='word_1_143' title='bbox 1244 1765 1405 1820; x_wconf 86' lang='lat' dir='ltr'><strong><em>etiam</em></strong></span> <span class='ocrx_word' id='word_1_144' title='bbox 1451 1763 1503 1817; x_wconf 90' lang='lat' dir='ltr'><strong><em>in</em></strong></span> <span class='ocrx_word' id='word_1_145' title='bbox 1536 1762 1739 1817; x_wconf 80' lang='lat' dir='ltr'><strong><em>sanctis</em></strong></span> <span class='ocrx_word' id='word_1_146' title='bbox 1786 1759 1903 1852; x_wconf 80' lang='lat' dir='ltr'><strong><em>ejus</em></strong></span> 
     </span>
    </p>
   </div>
   <div class='ocr_carea' id='block_1_19' title="bbox 319 1843 1975 1939">
    <p class='ocr_par' dir='ltr' id='par_1_19' title="bbox 319 1843 1975 1939">
     <span class='ocr_line' id='line_1_19' title="bbox 319 1843 1975 1939; baseline -0.011 -18"><span class='ocrx_word' id='word_1_147' title='bbox 319 1843 516 1936; x_wconf 80' lang='lat' dir='ltr'><strong><em>accipi,</em></strong></span> <span class='ocrx_word' id='word_1_148' title='bbox 550 1843 691 1937; x_wconf 83' lang='lat' dir='ltr'><strong><em>unde</em></strong></span> <span class='ocrx_word' id='word_1_149' title='bbox 720 1860 827 1939; x_wconf 89' lang='lat' dir='ltr'><strong><em>dici</em></strong></span> <span class='ocrx_word' id='word_1_150' title='bbox 854 1860 991 1915; x_wconf 87' lang='lat' dir='ltr'><strong><em>solet</em></strong></span> <span class='ocrx_word' id='word_1_151' title='bbox 1012 1859 1066 1913; x_wconf 91' lang='lat' dir='ltr'><strong><em>in</em></strong></span> <span class='ocrx_word' id='word_1_152' title='bbox 1096 1855 1394 1928; x_wconf 82' lang='lat' dir='ltr'><strong><em>prophetis,</em></strong></span> <span class='ocrx_word' id='word_1_153' title='bbox 1419 1854 1544 1939; x_wconf 67' lang='lat' dir='ltr'><strong><em>quia</em></strong></span> <span class='ocrx_word' id='word_1_154' title='bbox 1589 1869 1652 1908; x_wconf 92' lang='lat' dir='ltr'><strong><em>os</em></strong></span> <span class='ocrx_word' id='word_1_155' title='bbox 1683 1851 1895 1907; x_wconf 89' lang='lat' dir='ltr'><strong><em>Domini</em></strong></span> <span class='ocrx_word' id='word_1_156' title='bbox 1933 1843 1975 1902; x_wconf 87' lang='grc' dir='ltr'><strong>Β</strong></span> 
     </span>
    </p>
   </div>
   <div class='ocr_carea' id='block_1_20' title="bbox 321 1930 1901 2031">
    <p class='ocr_par' dir='ltr' id='par_1_20' title="bbox 321 1930 1901 2031">
     <span class='ocr_line' id='line_1_20' title="bbox 321 1930 1901 2031; baseline -0.01 -15"><span class='ocrx_word' id='word_1_157' title='bbox 321 1930 565 2015; x_wconf 64' lang='grc' dir='ltr'><strong><em>ιοοιιίιιω</em></strong></span> <span class='ocrx_word' id='word_1_158' title='bbox 589 1932 691 2031; x_wconf 78' lang='lat' dir='ltr'><strong><em>est,</em></strong></span> <span class='ocrx_word' id='word_1_159' title='bbox 712 1936 767 2010; x_wconf 84' lang='lat' dir='ltr'><strong><em>et</em></strong></span> <span class='ocrx_word' id='word_1_160' title='bbox 795 1970 862 2010; x_wconf 84' lang='lat' dir='ltr'><strong><em>ex</em></strong></span> <span class='ocrx_word' id='word_1_161' title='bbox 888 1968 982 2009; x_wconf 91' lang='lat' dir='ltr'><strong><em>ore</em></strong></span> <span class='ocrx_word' id='word_1_162' title='bbox 1008 1949 1126 2031; x_wconf 83' lang='lat' dir='ltr'><strong><em>ejus</em></strong></span> <span class='ocrx_word' id='word_1_163' title='bbox 1149 1947 1377 2005; x_wconf 88' lang='lat' dir='ltr'><strong><em>scientia</em></strong></span> <span class='ocrx_word' id='word_1_164' title='bbox 1425 1930 1666 2001; x_wconf 56' lang='lat' dir='ltr'><strong><em>nascitur</em></strong></span> <span class='ocrx_word' id='word_1_165' title='bbox 1691 1954 1745 2001; x_wconf 90' lang='lat' dir='ltr'><strong><em>et</em></strong></span> <span class='ocrx_word' id='word_1_166' title='bbox 1770 1960 1901 2014; x_wconf 89' lang='lat' dir='ltr'><strong><em>pru-</em></strong></span> 
     </span>
    </p>
   </div>
   <div class='ocr_carea' id='block_1_21' title="bbox 321 2027 1901 2120">
    <p class='ocr_par' dir='ltr' id='par_1_21' title="bbox 321 2027 1901 2120">
     <span class='ocr_line' id='line_1_21' title="bbox 321 2027 1901 2120; baseline -0.011 -12"><span class='ocrx_word' id='word_1_167' title='bbox 321 2052 526 2115; x_wconf 85' lang='lat' dir='ltr'><strong><em>dentia,</em></strong></span> <span class='ocrx_word' id='word_1_168' title='bbox 551 2027 691 2120; x_wconf 22' lang='lat' dir='ltr'><strong><em>quia”</em></strong></span> <span class='ocrx_word' id='word_1_169' title='bbox 720 2046 825 2102; x_wconf 89' lang='lat' dir='ltr'><strong><em>nisi</em></strong></span> <span class='ocrx_word' id='word_1_170' title='bbox 862 2046 975 2116; x_wconf 90' lang='lat' dir='ltr'><strong><em>ipse</em></strong></span> <span class='ocrx_word' id='word_1_171' title='bbox 997 2027 1061 2100; x_wconf 89' lang='lat' dir='ltr'><strong><em>os</em></strong></span> <span class='ocrx_word' id='word_1_172' title='bbox 1103 2043 1398 2099; x_wconf 89' lang='lat' dir='ltr'><strong><em>humanum</em></strong></span> <span class='ocrx_word' id='word_1_173' title='bbox 1426 2038 1748 2103; x_wconf 78' lang='lat' dir='ltr'><strong><em>sanetiliret,</em></strong></span> <span class='ocrx_word' id='word_1_174' title='bbox 1797 2037 1901 2092; x_wconf 90' lang='lat' dir='ltr'><strong><em>nisi</em></strong></span> 
     </span>
    </p>
   </div>
   <div class='ocr_carea' id='block_1_22' title="bbox 322 2120 1905 2206">
    <p class='ocr_par' dir='ltr' id='par_1_22' title="bbox 322 2120 1905 2206">
     <span class='ocr_line' id='line_1_22' title="bbox 322 2120 1905 2206; baseline -0.011 -10"><span class='ocrx_word' id='word_1_175' title='bbox 322 2141 427 2196; x_wconf 87' lang='lat' dir='ltr'><strong><em>hoc</em></strong></span> <span class='ocrx_word' id='word_1_176' title='bbox 453 2153 608 2193; x_wconf 89' lang='lat' dir='ltr'><strong><em>suum</em></strong></span> <span class='ocrx_word' id='word_1_177' title='bbox 641 2120 755 2206; x_wconf 83' lang='lat' dir='ltr'><strong><em>ipse</em></strong></span> <span class='ocrx_word' id='word_1_178' title='bbox 793 2134 1077 2205; x_wconf 77' lang='lat' dir='ltr'><strong><em>dignanter</em></strong></span> <span class='ocrx_word' id='word_1_179' title='bbox 1099 2128 1314 2195; x_wconf 77' lang='lat' dir='ltr'><strong><em>eliiciat,</em></strong></span> <span class='ocrx_word' id='word_1_180' title='bbox 1337 2129 1633 2200; x_wconf 74' lang='lat' dir='ltr'><strong><em>perfectam</em></strong></span> <span class='ocrx_word' id='word_1_181' title='bbox 1654 2126 1801 2195; x_wconf 87' lang='lat' dir='ltr'><strong><em>loqui</em></strong></span> <span class='ocrx_word' id='word_1_182' title='bbox 1823 2140 1905 2180; x_wconf 91' lang='lat' dir='ltr'><strong><em>sa-</em></strong></span> 
     </span>
    </p>
   </div>
   <div class='ocr_carea' id='block_1_23' title="bbox 322 2223 1485 2303">
    <p class='ocr_par' dir='ltr' id='par_1_23' title="bbox 322 2223 1485 2303">
     <span class='ocr_line' id='line_1_23' title="bbox 322 2223 1485 2303; baseline -0.005 -20"><span class='ocrx_word' id='word_1_183' title='bbox 322 2229 582 2300; x_wconf 85' lang='lat' dir='ltr'><strong><em>pientiam</em></strong></span> <span class='ocrx_word' id='word_1_184' title='bbox 606 2227 911 2303; x_wconf 86' lang='lat' dir='ltr'><strong><em>nullatenus</em></strong></span> <span class='ocrx_word' id='word_1_185' title='bbox 936 2223 1095 2282; x_wconf 85' lang='lat' dir='ltr'><strong><em>valet.</em></strong></span> <span class='ocrx_word' id='word_1_186' title='bbox 1482 2272 1485 2277; x_wconf 89' lang='lat'><strong><em>.</em></strong></span> 
     </span>
    </p>
   </div>
   <div class='ocr_carea' id='block_1_24' title="bbox 398 2308 1905 2382">
    <p class='ocr_par' dir='ltr' id='par_1_24' title="bbox 398 2308 1905 2382">
     <span class='ocr_line' id='line_1_24' title="bbox 398 2308 1905 2382; baseline -0.011 -5"><span class='ocrx_word' id='word_1_187' title='bbox 398 2319 663 2377; x_wconf 88' lang='lat' dir='ltr'><strong><em>Custodiet</em></strong></span> <span class='ocrx_word' id='word_1_188' title='bbox 699 2325 957 2371; x_wconf 86' lang='lat' dir='ltr'><strong><em>rectorum</em></strong></span> <span class='ocrx_word' id='word_1_189' title='bbox 988 2312 1211 2370; x_wconf 82' lang='lat' dir='ltr'><strong><em>salutem</em></strong></span> <span class='ocrx_word' id='word_1_190' title='bbox 1258 2320 1308 2367; x_wconf 87' lang='lat' dir='ltr'><strong><em>et</em></strong></span> <span class='ocrx_word' id='word_1_191' title='bbox 1336 2318 1564 2382; x_wconf 85' lang='lat' dir='ltr'><strong><em>proteget</em></strong></span> <span class='ocrx_word' id='word_1_192' title='bbox 1613 2308 1905 2380; x_wconf 85' lang='lat' dir='ltr'><strong><em>gradientes</em></strong></span> 
     </span>
    </p>
   </div>
   <div class='ocr_carea' id='block_1_25' title="bbox 326 2394 1909 2485">
    <p class='ocr_par' dir='ltr' id='par_1_25' title="bbox 326 2394 1909 2485">
     <span class='ocr_line' id='line_1_25' title="bbox 326 2394 1909 2485; baseline -0.008 -16"><span class='ocrx_word' id='word_1_193' title='bbox 326 2413 648 2485; x_wconf 82' lang='lat' dir='ltr'><strong><em>simpliciter.</em></strong></span> <span class='ocrx_word' id='word_1_194' title='bbox 679 2394 932 2482; x_wconf 79' lang='lat' dir='ltr'><strong><em>Cognata:</em></strong></span> <span class='ocrx_word' id='word_1_195' title='bbox 968 2406 1073 2479; x_wconf 87' lang='lat' dir='ltr'><strong><em>sibi</em></strong></span> <span class='ocrx_word' id='word_1_196' title='bbox 1116 2411 1244 2461; x_wconf 90' lang='lat' dir='ltr'><strong><em>sunt</em></strong></span> <span class='ocrx_word' id='word_1_197' title='bbox 1280 2404 1512 2458; x_wconf 80' lang='lat' dir='ltr'><strong><em>virtutes</em></strong></span> <span class='ocrx_word' id='word_1_198' title='bbox 1547 2401 1814 2457; x_wconf 88' lang='lat' dir='ltr'><strong><em>rectitudo</em></strong></span> <span class='ocrx_word' id='word_1_199' title='bbox 1853 2408 1909 2457; x_wconf 86' lang='lat' dir='ltr'><strong><em>et</em></strong></span> 
     </span>
    </p>
   </div>
   <div class='ocr_carea' id='block_1_26' title="bbox 326 2495 1909 2577">
    <p class='ocr_par' dir='ltr' id='par_1_26' title="bbox 326 2495 1909 2577">
     <span class='ocr_line' id='line_1_26' title="bbox 326 2495 1909 2577; baseline -0.008 -15"><span class='ocrx_word' id='word_1_200' title='bbox 326 2504 665 2577; x_wconf 85' lang='lat' dir='ltr'><strong><em>simplicitas,</em></strong></span> <span class='ocrx_word' id='word_1_201' title='bbox 694 2516 869 2572; x_wconf 87' lang='lat' dir='ltr'><strong><em>neque</em></strong></span> <span class='ocrx_word' id='word_1_202' title='bbox 892 2500 962 2555; x_wconf 89' lang='lat' dir='ltr'><strong><em>ab</em></strong></span> <span class='ocrx_word' id='word_1_203' title='bbox 983 2498 1214 2553; x_wconf 80' lang='lat' dir='ltr'><strong><em>invicem</em></strong></span> <span class='ocrx_word' id='word_1_204' title='bbox 1240 2505 1446 2567; x_wconf 88' lang='lat' dir='ltr'><strong><em>queunt</em></strong></span> <span class='ocrx_word' id='word_1_205' title='bbox 1472 2496 1737 2566; x_wconf 88' lang='lat' dir='ltr'><strong><em>separari,</em></strong></span> <span class='ocrx_word' id='word_1_206' title='bbox 1767 2495 1909 2550; x_wconf 89' lang='lat' dir='ltr'><strong><em>unde</em></strong></span> 
     </span>
    </p>
   </div>
   <div class='ocr_carea' id='block_1_27' title="bbox 328 2584 1911 2667">
    <p class='ocr_par' dir='ltr' id='par_1_27' title="bbox 328 2584 1911 2667">
     <span class='ocr_line' id='line_1_27' title="bbox 328 2584 1911 2667; baseline -0.009 -13"><span class='ocrx_word' id='word_1_207' title='bbox 328 2607 388 2654; x_wconf 90' lang='lat' dir='ltr'><strong><em>et</em></strong></span> <span class='ocrx_word' id='word_1_208' title='bbox 408 2594 672 2667; x_wconf 86' lang='lat' dir='ltr'><strong><em>sapientia</em></strong></span> <span class='ocrx_word' id='word_1_209' title='bbox 692 2607 857 2647; x_wconf 89' lang='lat' dir='ltr'><strong><em>unam</em></strong></span> <span class='ocrx_word' id='word_1_210' title='bbox 877 2605 1064 2647; x_wconf 88' lang='lat' dir='ltr'><strong><em>earum</em></strong></span> <span class='ocrx_word' id='word_1_211' title='bbox 1093 2589 1212 2645; x_wconf 90' lang='lat' dir='ltr'><strong><em>sine</em></strong></span> <span class='ocrx_word' id='word_1_212' title='bbox 1247 2588 1414 2642; x_wconf 89' lang='lat' dir='ltr'><strong><em>altera</em></strong></span> <span class='ocrx_word' id='word_1_213' title='bbox 1444 2603 1550 2642; x_wconf 89' lang='lat' dir='ltr'><strong><em>non</em></strong></span> <span class='ocrx_word' id='word_1_214' title='bbox 1574 2584 1788 2656; x_wconf 63' lang='lat' dir='ltr'><strong><em>quierit,</em></strong></span> <span class='ocrx_word' id='word_1_215' title='bbox 1816 2585 1911 2640; x_wconf 88' lang='lat' dir='ltr'><strong><em>sed</em></strong></span> 
     </span>
    </p>
   </div>
   <div class='ocr_carea' id='block_1_28' title="bbox 332 2677 1914 2759">
    <p class='ocr_par' dir='ltr' id='par_1_28' title="bbox 332 2677 1914 2759">
     <span class='ocr_line' id='line_1_28' title="bbox 332 2677 1914 2759; baseline -0.009 -15"><span class='ocrx_word' id='word_1_216' title='bbox 332 2690 386 2744; x_wconf 94' lang='lat' dir='ltr'><strong><em>in</em></strong></span> <span class='ocrx_word' id='word_1_217' title='bbox 408 2688 818 2759; x_wconf 90' lang='lat' dir='ltr'><strong><em>quibuscunque</em></strong></span> <span class='ocrx_word' id='word_1_218' title='bbox 840 2681 1014 2736; x_wconf 73' lang='lat' dir='ltr'><strong><em>amba:</em></strong></span> <span class='ocrx_word' id='word_1_219' title='bbox 1062 2678 1408 2743; x_wconf 90' lang='lat' dir='ltr'><strong><em>conveniunt,</em></strong></span> <span class='ocrx_word' id='word_1_220' title='bbox 1445 2679 1545 2733; x_wconf 90' lang='lat' dir='ltr'><strong><em>hos</em></strong></span> <span class='ocrx_word' id='word_1_221' title='bbox 1573 2677 1810 2732; x_wconf 86' lang='lat' dir='ltr'><strong><em>custodit</em></strong></span> <span class='ocrx_word' id='word_1_222' title='bbox 1857 2684 1914 2731; x_wconf 89' lang='lat' dir='ltr'><strong><em>et</em></strong></span> 
     </span>
    </p>
   </div>
   <div class='ocr_carea' id='block_1_29' title="bbox 330 2767 1914 2849">
    <p class='ocr_par' dir='ltr' id='par_1_29' title="bbox 330 2767 1914 2849">
     <span class='ocr_line' id='line_1_29' title="bbox 330 2767 1914 2849; baseline -0.008 -17"><span class='ocrx_word' id='word_1_223' title='bbox 330 2776 582 2849; x_wconf 82' lang='lat' dir='ltr'><strong><em>protegit.</em></strong></span> <span class='ocrx_word' id='word_1_224' title='bbox 611 2773 854 2843; x_wconf 89' lang='lat' dir='ltr'><strong><em>Denique</em></strong></span> <span class='ocrx_word' id='word_1_225' title='bbox 883 2772 949 2827; x_wconf 91' lang='lat' dir='ltr'><strong><em>de</em></strong></span> <span class='ocrx_word' id='word_1_226' title='bbox 976 2771 1135 2825; x_wconf 88' lang='lat' dir='ltr'><strong><em>beato</em></strong></span> <span class='ocrx_word' id='word_1_227' title='bbox 1156 2767 1257 2823; x_wconf 81' lang='lat' dir='ltr'><strong><em>Job</em></strong></span> <span class='ocrx_word' id='word_1_228' title='bbox 1277 2768 1494 2833; x_wconf 90' lang='lat' dir='ltr'><strong><em>dicitur,</em></strong></span> <span class='ocrx_word' id='word_1_229' title='bbox 1524 2768 1648 2837; x_wconf 87' lang='lat' dir='ltr'><strong><em>quia</em></strong></span> <span class='ocrx_word' id='word_1_230' title='bbox 1677 2775 1801 2837; x_wconf 18' lang='lat' dir='ltr'><strong><em>erat,</em></strong></span> <span class='ocrx_word' id='word_1_231' title='bbox 1836 2767 1914 2821; x_wconf 87' lang='lat' dir='ltr'><strong><em>vir</em></strong></span> 
     </span>
    </p>
   </div>
   <div class='ocr_carea' id='block_1_30' title="bbox 331 2855 1913 2937">
    <p class='ocr_par' dir='ltr' id='par_1_30' title="bbox 331 2855 1913 2937">
     <span class='ocr_line' id='line_1_30' title="bbox 331 2855 1913 2937; baseline -0.008 -16"><span class='ocrx_word' id='word_1_232' title='bbox 331 2867 421 2922; x_wconf 87' lang='lat' dir='ltr'><strong><em>ille</em></strong></span> <span class='ocrx_word' id='word_1_233' title='bbox 448 2865 667 2937; x_wconf 74' lang='lat' dir='ltr'><strong><em>simplex</em></strong></span> <span class='ocrx_word' id='word_1_234' title='bbox 703 2873 750 2919; x_wconf 91' lang='lat' dir='ltr'><strong><em>et</em></strong></span> <span class='ocrx_word' id='word_1_235' title='bbox 777 2873 946 2917; x_wconf 87' lang='lat' dir='ltr'><strong><em>rectus</em></strong></span> <span class='ocrx_word' id='word_1_236' title='bbox 971 2861 1112 2934; x_wconf 86' lang='lat' dir='ltr'><strong><em>(Job.</em></strong></span> <span class='ocrx_word' id='word_1_237' title='bbox 1154 2859 1218 2932; x_wconf 82' lang='grc' dir='ltr'><strong><em>ι),</em></strong></span> <span class='ocrx_word' id='word_1_238' title='bbox 1250 2858 1479 2930; x_wconf 82' lang='lat' dir='ltr'><strong><em>simplex</em></strong></span> <span class='ocrx_word' id='word_1_239' title='bbox 1517 2855 1769 2912; x_wconf 74' lang='lat' dir='ltr'><strong><em>videlicet</em></strong></span> <span class='ocrx_word' id='word_1_240' title='bbox 1815 2870 1913 2926; x_wconf 90' lang='lat' dir='ltr'><strong><em>per</em></strong></span> 
     </span>
    </p>
   </div>
   <div class='ocr_carea' id='block_1_31' title="bbox 334 2947 1993 3020">
    <p class='ocr_par' dir='ltr' id='par_1_31' title="bbox 334 2947 1993 3020">
     <span class='ocr_line' id='line_1_31' title="bbox 334 2947 1993 3020; baseline -0.008 -6"><span class='ocrx_word' id='word_1_241' title='bbox 334 2958 700 3014; x_wconf 84' lang='lat' dir='ltr'><strong><em>innocentiam</em></strong></span> <span class='ocrx_word' id='word_1_242' title='bbox 760 2953 1228 3017; x_wconf 87' lang='lat' dir='ltr'><strong><em>mansuetudinis,</em></strong></span> <span class='ocrx_word' id='word_1_243' title='bbox 1279 2959 1459 3006; x_wconf 90' lang='lat' dir='ltr'><strong><em>rectus</em></strong></span> <span class='ocrx_word' id='word_1_244' title='bbox 1505 2965 1603 3020; x_wconf 90' lang='lat' dir='ltr'><strong><em>per</em></strong></span> <span class='ocrx_word' id='word_1_245' title='bbox 1647 2947 1915 3004; x_wconf 90' lang='lat' dir='ltr'><strong><em>cautelam</em></strong></span> <span class='ocrx_word' id='word_1_246' title='bbox 1990 2956 1993 2957; x_wconf 71' lang='lat'><strong><em>&#39;</em></strong></span> 
     </span>
    </p>
   </div>
   <div class='ocr_carea' id='block_1_32' title="bbox 336 3034 1935 3117">
    <p class='ocr_par' dir='ltr' id='par_1_32' title="bbox 336 3034 1935 3117">
     <span class='ocr_line' id='line_1_32' title="bbox 336 3034 1935 3117; baseline -0.006 -12"><span class='ocrx_word' id='word_1_247' title='bbox 336 3049 696 3106; x_wconf 87' lang='lat' dir='ltr'><strong><em>discretionis.</em></strong></span> <span class='ocrx_word' id='word_1_248' title='bbox 730 3046 968 3117; x_wconf 82' lang='lat' dir='ltr'><strong><em>Simplex</em></strong></span> <span class='ocrx_word' id='word_1_249' title='bbox 997 3045 1121 3116; x_wconf 90' lang='lat' dir='ltr'><strong><em>quia</em></strong></span> <span class='ocrx_word' id='word_1_250' title='bbox 1150 3036 1356 3099; x_wconf 86' lang='lat' dir='ltr'><strong><em>nullum</em></strong></span> <span class='ocrx_word' id='word_1_251' title='bbox 1393 3043 1611 3107; x_wconf 66' lang='lat' dir='ltr'><strong><em>laedere,</em></strong></span> <span class='ocrx_word' id='word_1_252' title='bbox 1643 3043 1749 3097; x_wconf 90' lang='lat' dir='ltr'><strong><em>imo</em></strong></span> <span class='ocrx_word' id='word_1_253' title='bbox 1778 3034 1935 3097; x_wconf 50' lang='lat' dir='ltr'><strong><em>cun-4</em></strong></span> 
     </span>
    </p>
   </div>
   <div class='ocr_carea' id='block_1_33' title="bbox 334 3122 1918 3211">
    <p class='ocr_par' dir='ltr' id='par_1_33' title="bbox 334 3122 1918 3211">
     <span class='ocr_line' id='line_1_33' title="bbox 334 3122 1918 3211; baseline -0.008 -16"><span class='ocrx_word' id='word_1_254' title='bbox 334 3140 440 3195; x_wconf 85' lang='lat' dir='ltr'><strong><em>ctis</em></strong></span> <span class='ocrx_word' id='word_1_255' title='bbox 460 3139 717 3211; x_wconf 88' lang='lat' dir='ltr'><strong><em>prodesse</em></strong></span> <span class='ocrx_word' id='word_1_256' title='bbox 744 3136 1110 3192; x_wconf 85' lang='lat' dir='ltr'><strong><em>desiderabat.</em></strong></span> <span class='ocrx_word' id='word_1_257' title='bbox 1161 3134 1364 3190; x_wconf 75' lang='lat' dir='ltr'><strong><em>Rectus</em></strong></span> <span class='ocrx_word' id='word_1_258' title='bbox 1412 3122 1641 3204; x_wconf 10' lang='lat' dir='ltr'><strong><em>quiaqse</em></strong></span> <span class='ocrx_word' id='word_1_259' title='bbox 1680 3147 1711 3185; x_wconf 91' lang='lat' dir='ltr'><strong><em>a</em></strong></span> <span class='ocrx_word' id='word_1_260' title='bbox 1767 3129 1918 3185; x_wconf 86' lang='lat' dir='ltr'><strong><em>nullo</em></strong></span> 
     </span>
    </p>
   </div>
   <div class='ocr_carea' id='block_1_34' title="bbox 337 3229 1005 3303">
    <p class='ocr_par' dir='ltr' id='par_1_34' title="bbox 337 3229 1005 3303">
     <span class='ocr_line' id='line_1_34' title="bbox 337 3229 1005 3303; baseline -0.007 -15"><span class='ocrx_word' id='word_1_261' title='bbox 337 3232 611 3303; x_wconf 85' lang='lat' dir='ltr'><strong><em>corrumpi</em></strong></span> <span class='ocrx_word' id='word_1_262' title='bbox 639 3229 1005 3303; x_wconf 81' lang='lat' dir='ltr'><strong><em>permittebat.</em></strong></span> 
     </span>
    </p>
   </div>
   <div class='ocr_carea' id='block_1_35' title="bbox 410 3321 1919 3395">
    <p class='ocr_par' dir='ltr' id='par_1_35' title="bbox 410 3321 1919 3395">
     <span class='ocr_line' id='line_1_35' title="bbox 410 3321 1919 3395; baseline -0.007 -14"><span class='ocrx_word' id='word_1_263' title='bbox 410 3324 634 3381; x_wconf 80' lang='lat' dir='ltr'><strong><em>Servans</em></strong></span> <span class='ocrx_word' id='word_1_264' title='bbox 660 3325 870 3380; x_wconf 80' lang='lat' dir='ltr'><strong><em>semitas</em></strong></span> <span class='ocrx_word' id='word_1_265' title='bbox 890 3321 1109 3392; x_wconf 81' lang='lat' dir='ltr'><strong><em>justitia:</em></strong></span> <span class='ocrx_word' id='word_1_266' title='bbox 1140 3329 1187 3375; x_wconf 90' lang='lat' dir='ltr'><strong><em>et</em></strong></span> <span class='ocrx_word' id='word_1_267' title='bbox 1234 3321 1347 3395; x_wconf 72' lang='lat' dir='ltr'><strong><em>uias</em></strong></span> <span class='ocrx_word' id='word_1_268' title='bbox 1389 3328 1692 3374; x_wconf 86' lang='lat' dir='ltr'><strong><em>sanctorum</em></strong></span> <span class='ocrx_word' id='word_1_269' title='bbox 1738 3326 1919 3371; x_wconf 87' lang='lat' dir='ltr'><strong><em>custo-</em></strong></span> 
     </span>
    </p>
   </div>
   <div class='ocr_carea' id='block_1_36' title="bbox 339 3407 1925 3483">
    <p class='ocr_par' dir='ltr' id='par_1_36' title="bbox 339 3407 1925 3483">
     <span class='ocr_line' id='line_1_36' title="bbox 339 3407 1925 3483; baseline -0.006 -12"><span class='ocrx_word' id='word_1_270' title='bbox 339 3417 509 3472; x_wconf 74' lang='lat' dir='ltr'><strong><em>diens.</em></strong></span> <span class='ocrx_word' id='word_1_271' title='bbox 535 3417 664 3473; x_wconf 82' lang='lat' dir='ltr'><strong><em>Vias</em></strong></span> <span class='ocrx_word' id='word_1_272' title='bbox 684 3426 991 3470; x_wconf 89' lang='lat' dir='ltr'><strong><em>sanctorum</em></strong></span> <span class='ocrx_word' id='word_1_273' title='bbox 1017 3412 1290 3483; x_wconf 80' lang='lat' dir='ltr'><strong><em>generalia</em></strong></span> <span class='ocrx_word' id='word_1_274' title='bbox 1319 3411 1415 3465; x_wconf 90' lang='lat' dir='ltr'><strong><em>Dei</em></strong></span> <span class='ocrx_word' id='word_1_275' title='bbox 1454 3411 1728 3475; x_wconf 87' lang='lat' dir='ltr'><strong><em>mandata,</em></strong></span> <span class='ocrx_word' id='word_1_276' title='bbox 1758 3407 1925 3465; x_wconf 91' lang='lat' dir='ltr'><strong><em>semi-</em></strong></span> 
     </span>
    </p>
   </div>
   <div class='ocr_carea' id='block_1_37' title="bbox 339 3493 1925 3579">
    <p class='ocr_par' dir='ltr' id='par_1_37' title="bbox 339 3493 1925 3579">
     <span class='ocr_line' id='line_1_37' title="bbox 339 3493 1925 3579; baseline -0.004 -19"><span class='ocrx_word' id='word_1_277' title='bbox 339 3514 425 3562; x_wconf 85' lang='lat' dir='ltr'><strong><em>tas</em></strong></span> <span class='ocrx_word' id='word_1_278' title='bbox 442 3506 667 3576; x_wconf 73' lang='lat' dir='ltr'><strong><em>justitia:</em></strong></span> <span class='ocrx_word' id='word_1_279' title='bbox 689 3493 923 3579; x_wconf 81' lang='lat' dir='ltr'><strong><em>arctiora</em></strong></span> <span class='ocrx_word' id='word_1_280' title='bbox 949 3504 1073 3557; x_wconf 71' lang='lat' dir='ltr'><strong><em>vitae</em></strong></span> <span class='ocrx_word' id='word_1_281' title='bbox 1100 3502 1336 3556; x_wconf 59' lang='lat' dir='ltr'><strong><em>caelestis</em></strong></span> <span class='ocrx_word' id='word_1_282' title='bbox 1365 3500 1633 3565; x_wconf 88' lang='lat' dir='ltr'><strong><em>instituta,</em></strong></span> <span class='ocrx_word' id='word_1_283' title='bbox 1662 3516 1783 3570; x_wconf 68' lang='lat' dir='ltr'><strong><em>qua:</em></strong></span> <span class='ocrx_word' id='word_1_284' title='bbox 1802 3514 1925 3570; x_wconf 87' lang='lat' dir='ltr'><strong><em>per-</em></strong></span> 
     </span>
    </p>
   </div>
   <div class='ocr_carea' id='block_1_38' title="bbox 339 3589 1926 3657">
    <p class='ocr_par' dir='ltr' id='par_1_38' title="bbox 339 3589 1926 3657">
     <span class='ocr_line' id='line_1_38' title="bbox 339 3589 1926 3657; baseline -0.004 -9"><span class='ocrx_word' id='word_1_285' title='bbox 339 3593 498 3650; x_wconf 79' lang='lat' dir='ltr'><strong><em>fectis</em></strong></span> <span class='ocrx_word' id='word_1_286' title='bbox 529 3592 703 3647; x_wconf 92' lang='lat' dir='ltr'><strong><em>solum</em></strong></span> <span class='ocrx_word' id='word_1_287' title='bbox 730 3590 1068 3647; x_wconf 87' lang='lat' dir='ltr'><strong><em>acccssibilia</em></strong></span> <span class='ocrx_word' id='word_1_288' title='bbox 1098 3594 1259 3656; x_wconf 75' lang='lat' dir='ltr'><strong><em>sunt,‘</em></strong></span> <span class='ocrx_word' id='word_1_289' title='bbox 1287 3590 1497 3645; x_wconf 91' lang='lat' dir='ltr'><strong><em>dicunt.</em></strong></span> <span class='ocrx_word' id='word_1_290' title='bbox 1532 3589 1802 3657; x_wconf 77' lang='lat' dir='ltr'><strong><em>Uti-asque</em></strong></span> <span class='ocrx_word' id='word_1_291' title='bbox 1829 3603 1926 3641; x_wconf 86' lang='lat' dir='ltr'><strong><em>au-</em></strong></span> 
     </span>
    </p>
   </div>
   <div class='ocr_carea' id='block_1_39' title="bbox 344 3682 1927 3755">
    <p class='ocr_par' dir='ltr' id='par_1_39' title="bbox 344 3682 1927 3755">
     <span class='ocr_line' id='line_1_39' title="bbox 344 3682 1927 3755; baseline -0.003 -15"><span class='ocrx_word' id='word_1_292' title='bbox 344 3688 455 3741; x_wconf 90' lang='lat' dir='ltr'><strong><em>teln</em></strong></span> <span class='ocrx_word' id='word_1_293' title='bbox 510 3684 772 3755; x_wconf 88' lang='lat' dir='ltr'><strong><em>sapientia</em></strong></span> <span class='ocrx_word' id='word_1_294' title='bbox 828 3691 1028 3747; x_wconf 88' lang='lat' dir='ltr'><strong><em>servat,</em></strong></span> <span class='ocrx_word' id='word_1_295' title='bbox 1083 3691 1143 3737; x_wconf 92' lang='lat' dir='ltr'><strong><em>ut</em></strong></span> <span class='ocrx_word' id='word_1_296' title='bbox 1190 3682 1246 3736; x_wconf 93' lang='lat' dir='ltr'><strong><em>in</em></strong></span> <span class='ocrx_word' id='word_1_297' title='bbox 1291 3684 1613 3752; x_wconf 81' lang='lat' dir='ltr'><strong><em>quocunque</em></strong></span> <span class='ocrx_word' id='word_1_298' title='bbox 1665 3682 1927 3735; x_wconf 89' lang='lat' dir='ltr'><strong><em>virtutum</em></strong></span> 
     </span>
    </p>
   </div>
   <div class='ocr_carea' id='block_1_40' title="bbox 341 3773 1294 3849">
    <p class='ocr_par' dir='ltr' id='par_1_40' title="bbox 341 3773 1294 3849">
     <span class='ocr_line' id='line_1_40' title="bbox 341 3773 1294 3849; baseline -0.002 -19"><span class='ocrx_word' id='word_1_299' title='bbox 341 3776 515 3849; x_wconf 84' lang='lat' dir='ltr'><strong><em>gradu</em></strong></span> <span class='ocrx_word' id='word_1_300' title='bbox 547 3782 724 3829; x_wconf 91' lang='lat' dir='ltr'><strong><em>rectos</em></strong></span> <span class='ocrx_word' id='word_1_301' title='bbox 738 3775 890 3844; x_wconf 90' lang='lat' dir='ltr'><strong><em>juvet</em></strong></span> <span class='ocrx_word' id='word_1_302' title='bbox 918 3789 983 3829; x_wconf 91' lang='lat' dir='ltr'><strong><em>ac</em></strong></span> <span class='ocrx_word' id='word_1_303' title='bbox 1003 3773 1294 3844; x_wconf 83' lang='lat' dir='ltr'><strong><em>simplices.</em></strong></span> 
     </span>
    </p>
   </div>
   <div class='ocr_carea' id='block_1_41' title="bbox 417 3863 1928 3935">
    <p class='ocr_par' dir='ltr' id='par_1_41' title="bbox 417 3863 1928 3935">
     <span class='ocr_line' id='line_1_41' title="bbox 417 3863 1928 3935; baseline -0.003 -15"><span class='ocrx_word' id='word_1_304' title='bbox 417 3864 707 3921; x_wconf 84' lang='lat' dir='ltr'><strong><em>Consilium</em></strong></span> <span class='ocrx_word' id='word_1_305' title='bbox 734 3864 986 3920; x_wconf 84' lang='lat' dir='ltr'><strong><em>custodiet</em></strong></span> <span class='ocrx_word' id='word_1_306' title='bbox 1018 3874 1066 3918; x_wconf 89' lang='lat' dir='ltr'><strong><em>te</em></strong></span> <span class='ocrx_word' id='word_1_307' title='bbox 1111 3873 1158 3918; x_wconf 91' lang='lat' dir='ltr'><strong><em>et</em></strong></span> <span class='ocrx_word' id='word_1_308' title='bbox 1187 3863 1471 3935; x_wconf 87' lang='lat' dir='ltr'><strong><em>prudentia</em></strong></span> <span class='ocrx_word' id='word_1_309' title='bbox 1504 3863 1725 3918; x_wconf 86' lang='lat' dir='ltr'><strong><em>servabit</em></strong></span> <span class='ocrx_word' id='word_1_310' title='bbox 1756 3872 1828 3929; x_wconf 84' lang='lat' dir='ltr'><strong><em>te,</em></strong></span> <span class='ocrx_word' id='word_1_311' title='bbox 1873 3871 1928 3916; x_wconf 88' lang='lat' dir='ltr'><strong><em>ut</em></strong></span> 
     </span>
    </p>
   </div>
   <div class='ocr_carea' id='block_1_42' title="bbox 343 3956 1926 4030">
    <p class='ocr_par' dir='ltr' id='par_1_42' title="bbox 343 3956 1926 4030">
     <span class='ocr_line' id='line_1_42' title="bbox 343 3956 1926 4030; baseline -0.006 -12"><span class='ocrx_word' id='word_1_312' title='bbox 343 3964 551 4018; x_wconf 86' lang='lat' dir='ltr'><strong><em>cruoris</em></strong></span> <span class='ocrx_word' id='word_1_313' title='bbox 572 3961 637 4015; x_wconf 87' lang='lat' dir='ltr'><strong><em>de</em></strong></span> <span class='ocrx_word' id='word_1_314' title='bbox 673 3960 758 4014; x_wconf 82' lang='lat' dir='ltr'><strong><em>via</em></strong></span> <span class='ocrx_word' id='word_1_315' title='bbox 798 3958 941 4017; x_wconf 88' lang='lat' dir='ltr'><strong><em>mala</em></strong></span> <span class='ocrx_word' id='word_1_316' title='bbox 969 3959 1033 4013; x_wconf 90' lang='lat' dir='ltr'><strong><em>ab</em></strong></span> <span class='ocrx_word' id='word_1_317' title='bbox 1062 3959 1269 4013; x_wconf 86' lang='lat' dir='ltr'><strong><em>homine</em></strong></span> <span class='ocrx_word' id='word_1_318' title='bbox 1299 3959 1388 4030; x_wconf 87' lang='lat' dir='ltr'><strong><em>qui</em></strong></span> <span class='ocrx_word' id='word_1_319' title='bbox 1410 3973 1651 4029; x_wconf 88' lang='lat' dir='ltr'><strong><em>perversa</em></strong></span> <span class='ocrx_word' id='word_1_320' title='bbox 1676 3956 1926 4027; x_wconf 89' lang='lat' dir='ltr'><strong><em>loquitur.</em></strong></span> 
     </span>
    </p>
   </div>
   <div class='ocr_carea' id='block_1_43' title="bbox 345 4047 1931 4122">
    <p class='ocr_par' dir='ltr' id='par_1_43' title="bbox 345 4047 1931 4122">
     <span class='ocr_line' id='line_1_43' title="bbox 345 4047 1931 4122; baseline -0.004 -13"><span class='ocrx_word' id='word_1_321' title='bbox 345 4054 502 4109; x_wconf 76' lang='lat' dir='ltr'><strong><em>Viam</em></strong></span> <span class='ocrx_word' id='word_1_322' title='bbox 546 4052 766 4118; x_wconf 89' lang='lat' dir='ltr'><strong><em>malam,</em></strong></span> <span class='ocrx_word' id='word_1_323' title='bbox 801 4067 965 4122; x_wconf 82' lang='lat' dir='ltr'><strong><em>Opera</em></strong></span> <span class='ocrx_word' id='word_1_324' title='bbox 992 4051 1201 4120; x_wconf 84' lang='lat' dir='ltr'><strong><em>iniqua,</em></strong></span> <span class='ocrx_word' id='word_1_325' title='bbox 1233 4050 1507 4105; x_wconf 79' lang='lat' dir='ltr'><strong><em>hominem</em></strong></span> <span class='ocrx_word' id='word_1_326' title='bbox 1554 4062 1810 4119; x_wconf 87' lang='lat' dir='ltr'><strong><em>perversa</em></strong></span> <span class='ocrx_word' id='word_1_327' title='bbox 1853 4047 1931 4103; x_wconf 89' lang='lat' dir='ltr'><strong><em>lo-</em></strong></span> 
     </span>
    </p>
   </div>
   <div class='ocr_carea' id='block_1_44' title="bbox 346 4138 1933 4217">
    <p class='ocr_par' dir='ltr' id='par_1_44' title="bbox 346 4138 1933 4217">
     <span class='ocr_line' id='line_1_44' title="bbox 346 4138 1933 4217; baseline -0.003 -19"><span class='ocrx_word' id='word_1_328' title='bbox 346 4151 625 4217; x_wconf 87' lang='lat' dir='ltr'><strong><em>quentem,</em></strong></span> <span class='ocrx_word' id='word_1_329' title='bbox 670 4143 922 4198; x_wconf 89' lang='lat' dir='ltr'><strong><em>doctores</em></strong></span> <span class='ocrx_word' id='word_1_330' title='bbox 960 4138 1332 4211; x_wconf 56' lang='lat' dir='ltr'><strong><em>dicit&#39;iniqua:</em></strong></span> <span class='ocrx_word' id='word_1_331' title='bbox 1377 4140 1727 4211; x_wconf 88' lang='lat' dir='ltr'><strong><em>operationis.</em></strong></span> <span class='ocrx_word' id='word_1_332' title='bbox 1777 4138 1933 4194; x_wconf 81' lang='lat' dir='ltr'><strong><em>Viam</em></strong></span> 
     </span>
    </p>
   </div>
   <div class='ocr_carea' id='block_1_45' title="bbox 351 4230 1931 4306">
    <p class='ocr_par' dir='ltr' id='par_1_45' title="bbox 351 4230 1931 4306">
     <span class='ocr_line' id='line_1_45' title="bbox 351 4230 1931 4306; baseline -0.004 -16"><span class='ocrx_word' id='word_1_333' title='bbox 351 4234 548 4290; x_wconf 88' lang='lat' dir='ltr'><strong><em>malam</em></strong></span> <span class='ocrx_word' id='word_1_334' title='bbox 578 4234 817 4306; x_wconf 86' lang='lat' dir='ltr'><strong><em>iniquam</em></strong></span> <span class='ocrx_word' id='word_1_335' title='bbox 866 4240 1066 4288; x_wconf 89' lang='lat' dir='ltr'><strong><em>vocant</em></strong></span> <span class='ocrx_word' id='word_1_336' title='bbox 1101 4233 1194 4302; x_wconf 90' lang='lat' dir='ltr'><strong><em>qui</em></strong></span> <span class='ocrx_word' id='word_1_337' title='bbox 1221 4230 1445 4296; x_wconf 75' lang='lat' dir='ltr'><strong><em>dicunt,</em></strong></span> <span class='ocrx_word' id='word_1_338' title='bbox 1472 4231 1588 4285; x_wconf 82' lang='lat' dir='ltr'><strong><em>veni</em></strong></span> <span class='ocrx_word' id='word_1_339' title='bbox 1641 4230 1931 4295; x_wconf 85' lang='lat' dir='ltr'><strong><em>nobiscum,</em></strong></span> 
     </span>
    </p>
   </div>
   <div class='ocr_carea' id='block_1_46' title="bbox 348 4311 1934 4394">
    <p class='ocr_par' dir='ltr' id='par_1_46' title="bbox 348 4311 1934 4394">
     <span class='ocr_line' id='line_1_46' title="bbox 348 4311 1934 4394; baseline -0.004 -15"><span class='ocrx_word' id='word_1_340' title='bbox 348 4325 658 4379; x_wconf 86' lang='lat' dir='ltr'><strong><em>insidiemur</em></strong></span> <span class='ocrx_word' id='word_1_341' title='bbox 696 4311 1275 4394; x_wconf 36' lang='lat' dir='ltr'><strong><em>sanguinihperversa</em></strong></span> <span class='ocrx_word' id='word_1_342' title='bbox 1324 4321 1632 4392; x_wconf 85' lang='lat' dir='ltr'><strong><em>loquentem</em></strong></span> <span class='ocrx_word' id='word_1_343' title='bbox 1672 4336 1794 4377; x_wconf 87' lang='lat' dir='ltr'><strong><em>cum</em></strong></span> <span class='ocrx_word' id='word_1_344' title='bbox 1840 4318 1934 4391; x_wconf 89' lang='lat' dir='ltr'><strong><em>qui</em></strong></span> 
     </span>
    </p>
   </div>
   <div class='ocr_carea' id='block_1_47' title="bbox 352 4409 1331 4482">
    <p class='ocr_par' dir='ltr' id='par_1_47' title="bbox 352 4409 1331 4482">
     <span class='ocr_line' id='line_1_47' title="bbox 352 4409 1331 4482; baseline -0.004 -13"><span class='ocrx_word' id='word_1_345' title='bbox 352 4409 514 4482; x_wconf 76' lang='lat' dir='ltr'><strong><em>hujus</em></strong></span> <span class='ocrx_word' id='word_1_346' title='bbox 535 4421 725 4468; x_wconf 86' lang='lat' dir='ltr'><strong><em>auctor</em></strong></span> <span class='ocrx_word' id='word_1_347' title='bbox 750 4420 833 4467; x_wconf 89' lang='lat' dir='ltr'><strong><em>est</em></strong></span> <span class='ocrx_word' id='word_1_348' title='bbox 864 4413 1154 4467; x_wconf 90' lang='lat' dir='ltr'><strong><em>suasionis.</em></strong></span> <span class='ocrx_word' id='word_1_349' title='bbox 1328 4476 1331 4477; x_wconf 19' lang='grc' dir='ltr'><em>ν</em></span> 
     </span>
    </p>
   </div>
   <div class='ocr_carea' id='block_1_48' title="bbox 425 4501 1934 4575">
    <p class='ocr_par' dir='ltr' id='par_1_48' title="bbox 425 4501 1934 4575">
     <span class='ocr_line' id='line_1_48' title="bbox 425 4501 1934 4575; baseline -0.003 -17"><span class='ocrx_word' id='word_1_350' title='bbox 425 4504 529 4570; x_wconf 84' lang='lat' dir='ltr'><strong><em>Qui</em></strong></span> <span class='ocrx_word' id='word_1_351' title='bbox 554 4504 847 4575; x_wconf 87' lang='lat' dir='ltr'><strong><em>relinquunt</em></strong></span> <span class='ocrx_word' id='word_1_352' title='bbox 872 4506 971 4558; x_wconf 86' lang='lat' dir='ltr'><strong><em>iter</em></strong></span> <span class='ocrx_word' id='word_1_353' title='bbox 1001 4514 1196 4558; x_wconf 85' lang='lat' dir='ltr'><strong><em>rectum</em></strong></span> <span class='ocrx_word' id='word_1_354' title='bbox 1221 4513 1268 4557; x_wconf 88' lang='lat' dir='ltr'><strong><em>et</em></strong></span> <span class='ocrx_word' id='word_1_355' title='bbox 1300 4501 1567 4559; x_wconf 87' lang='lat' dir='ltr'><strong><em>ambulant</em></strong></span> <span class='ocrx_word' id='word_1_356' title='bbox 1594 4519 1688 4573; x_wconf 88' lang='lat' dir='ltr'><strong><em>per</em></strong></span> <span class='ocrx_word' id='word_1_357' title='bbox 1715 4502 1823 4557; x_wconf 84' lang='lat' dir='ltr'><strong><em>vias</em></strong></span> <span class='ocrx_word' id='word_1_358' title='bbox 1860 4510 1934 4554; x_wconf 84' lang='lat' dir='ltr'><strong><em>te—</em></strong></span> 
     </span>
    </p>
   </div>
   <div class='ocr_carea' id='block_1_49' title="bbox 1943 3212 1991 3274">
    <p class='ocr_par' dir='ltr' id='par_1_49' title="bbox 1943 3212 1991 3274">
     <span class='ocr_line' id='line_1_49' title="bbox 1943 3212 1991 3274; baseline 0 0"><span class='ocrx_word' id='word_1_359' title='bbox 1943 3212 1991 3274; x_wconf 85' lang='lat' dir='ltr'><strong>C</strong></span> 
     </span>
    </p>
   </div>
   <div class='ocr_carea' id='block_1_50' title="bbox 1992 581 3576 654">
    <p class='ocr_par' dir='ltr' id='par_1_50' title="bbox 1992 581 3576 654">
     <span class='ocr_line' id='line_1_50' title="bbox 1992 581 3576 654; baseline 0 -15"><span class='ocrx_word' id='word_1_360' title='bbox 1992 584 2093 639; x_wconf 89' lang='lat' dir='ltr'><strong><em>bus</em></strong></span> <span class='ocrx_word' id='word_1_361' title='bbox 2122 584 2211 639; x_wconf 90' lang='lat' dir='ltr'><strong><em>ubi</em></strong></span> <span class='ocrx_word' id='word_1_362' title='bbox 2244 583 2449 639; x_wconf 89' lang='lat' dir='ltr'><strong><em>dictum</em></strong></span> <span class='ocrx_word' id='word_1_363' title='bbox 2477 582 2686 648; x_wconf 80' lang='lat' dir='ltr'><strong><em>fuerat,</em></strong></span> <span class='ocrx_word' id='word_1_364' title='bbox 2714 583 2993 654; x_wconf 87' lang='lat' dir='ltr'><strong><em>prudentia</em></strong></span> <span class='ocrx_word' id='word_1_365' title='bbox 3028 581 3250 638; x_wconf 60' lang='lat' dir='ltr'><strong><em>servabit</em></strong></span> <span class='ocrx_word' id='word_1_366' title='bbox 3283 592 3351 639; x_wconf 90' lang='lat' dir='ltr'><strong><em>te.</em></strong></span> <span class='ocrx_word' id='word_1_367' title='bbox 3394 583 3461 639; x_wconf 86' lang='lat' dir='ltr'><strong><em>Et</em></strong></span> <span class='ocrx_word' id='word_1_368' title='bbox 3490 593 3576 640; x_wconf 85' lang='lat' dir='ltr'><strong><em>est</em></strong></span> 
     </span>
    </p>
   </div>
   <div class='ocr_carea' id='block_1_51' title="bbox 1992 673 3577 732">
    <p class='ocr_par' dir='ltr' id='par_1_51' title="bbox 1992 673 3577 732">
     <span class='ocr_line' id='line_1_51' title="bbox 1992 673 3577 732; baseline -0.001 0"><span class='ocrx_word' id='word_1_369' title='bbox 1992 691 2185 732; x_wconf 89' lang='lat' dir='ltr'><strong><em>sensus</em></strong></span> <span class='ocrx_word' id='word_1_370' title='bbox 2215 694 2227 729; x_wconf 91' lang='lat'>:</span> <span class='ocrx_word' id='word_1_371' title='bbox 2260 675 2550 731; x_wconf 89' lang='lat' dir='ltr'><strong><em>Prudentia</em></strong></span> <span class='ocrx_word' id='word_1_372' title='bbox 2581 675 2821 730; x_wconf 87' lang='lat' dir='ltr'><strong><em>servabit</em></strong></span> <span class='ocrx_word' id='word_1_373' title='bbox 2856 682 2908 728; x_wconf 92' lang='lat' dir='ltr'><strong><em>te</em></strong></span> <span class='ocrx_word' id='word_1_374' title='bbox 2942 682 3001 728; x_wconf 92' lang='lat' dir='ltr'><strong><em>ut</em></strong></span> <span class='ocrx_word' id='word_1_375' title='bbox 3042 674 3253 729; x_wconf 88' lang='lat' dir='ltr'><strong><em>eruaris</em></strong></span> <span class='ocrx_word' id='word_1_376' title='bbox 3281 690 3311 728; x_wconf 91' lang='lat' dir='ltr'><strong><em>a</em></strong></span> <span class='ocrx_word' id='word_1_377' title='bbox 3349 673 3577 730; x_wconf 85' lang='lat' dir='ltr'><strong><em>muliere</em></strong></span> 
     </span>
    </p>
   </div>
   <div class='ocr_carea' id='block_1_52' title="bbox 1994 763 3576 837">
    <p class='ocr_par' dir='ltr' id='par_1_52' title="bbox 1994 763 3576 837">
     <span class='ocr_line' id='line_1_52' title="bbox 1994 763 3576 837; baseline -0.002 -17"><span class='ocrx_word' id='word_1_378' title='bbox 1994 767 2167 822; x_wconf 91' lang='lat' dir='ltr'><strong><em>aliena</em></strong></span> <span class='ocrx_word' id='word_1_379' title='bbox 2190 809 2206 834; x_wconf 94' lang='lat'><strong><em>,</em></strong></span> <span class='ocrx_word' id='word_1_380' title='bbox 2251 767 2379 837; x_wconf 85' lang='lat' dir='ltr'><strong><em>quia</em></strong></span> <span class='ocrx_word' id='word_1_381' title='bbox 2416 781 2547 837; x_wconf 80' lang='lat' dir='ltr'><strong><em>ergo</em></strong></span> <span class='ocrx_word' id='word_1_382' title='bbox 2582 767 2732 837; x_wconf 91' lang='lat' dir='ltr'><strong><em>prius</em></strong></span> <span class='ocrx_word' id='word_1_383' title='bbox 2774 765 3028 820; x_wconf 89' lang='lat' dir='ltr'><strong><em>Salomon</em></strong></span> <span class='ocrx_word' id='word_1_384' title='bbox 3067 763 3371 821; x_wconf 86' lang='lat' dir='ltr'><strong><em>auditorem</em></strong></span> <span class='ocrx_word' id='word_1_385' title='bbox 3421 780 3576 820; x_wconf 88' lang='lat' dir='ltr'><strong><em>suum</em></strong></span> 
     </span>
    </p>
   </div>
   <div class='ocr_carea' id='block_1_53' title="bbox 1994 850 3579 927">
    <p class='ocr_par' dir='ltr' id='par_1_53' title="bbox 1994 850 3579 927">
     <span class='ocr_line' id='line_1_53' title="bbox 1994 850 3579 927; baseline -0.002 -16"><span class='ocrx_word' id='word_1_386' title='bbox 1994 850 2153 927; x_wconf 82' lang='lat' dir='ltr'><strong><em>quem</em></strong></span> <span class='ocrx_word' id='word_1_387' title='bbox 2180 856 2502 927; x_wconf 86' lang='lat' dir='ltr'><strong><em>sapientiam</em></strong></span> <span class='ocrx_word' id='word_1_388' title='bbox 2529 857 2721 912; x_wconf 89' lang='lat' dir='ltr'><strong><em>docere</em></strong></span> <span class='ocrx_word' id='word_1_389' title='bbox 2742 856 2959 926; x_wconf 86' lang='lat' dir='ltr'><strong><em>satagit,</em></strong></span> <span class='ocrx_word' id='word_1_390' title='bbox 2986 853 3284 919; x_wconf 86' lang='lat' dir='ltr'><strong><em>admonuit,</em></strong></span> <span class='ocrx_word' id='word_1_391' title='bbox 3314 868 3382 909; x_wconf 91' lang='lat' dir='ltr'><strong><em>ne</em></strong></span> <span class='ocrx_word' id='word_1_392' title='bbox 3411 853 3579 908; x_wconf 81' lang='lat' dir='ltr'><strong><em>latro-</em></strong></span> 
     </span>
    </p>
   </div>
   <div class='ocr_carea' id='block_1_54' title="bbox 1996 942 3583 1020">
    <p class='ocr_par' dir='ltr' id='par_1_54' title="bbox 1996 942 3583 1020">
     <span class='ocr_line' id='line_1_54' title="bbox 1996 942 3583 1020; baseline -0.003 -17"><span class='ocrx_word' id='word_1_393' title='bbox 1996 948 2153 1004; x_wconf 84' lang='lat' dir='ltr'><strong><em>nibus</em></strong></span> <span class='ocrx_word' id='word_1_394' title='bbox 2174 949 2508 1020; x_wconf 86' lang='lat' dir='ltr'><strong><em>jungeretur,</em></strong></span> <span class='ocrx_word' id='word_1_395' title='bbox 2536 962 2605 1003; x_wconf 91' lang='lat' dir='ltr'><strong><em>ne</em></strong></span> <span class='ocrx_word' id='word_1_396' title='bbox 2633 946 2677 1002; x_wconf 92' lang='lat' dir='ltr'><strong><em>si</em></strong></span> <span class='ocrx_word' id='word_1_397' title='bbox 2707 945 2915 1001; x_wconf 87' lang='lat' dir='ltr'><strong><em>videret</em></strong></span> <span class='ocrx_word' id='word_1_398' title='bbox 2935 944 3131 1010; x_wconf 82' lang='lat' dir='ltr'><strong><em>furem,</em></strong></span> <span class='ocrx_word' id='word_1_399' title='bbox 3154 942 3317 999; x_wconf 87' lang='lat' dir='ltr'><strong><em>simul</em></strong></span> <span class='ocrx_word' id='word_1_400' title='bbox 3339 951 3583 999; x_wconf 86' lang='lat' dir='ltr'><strong><em>curreret</em></strong></span> 
     </span>
    </p>
   </div>
   <div class='ocr_carea' id='block_1_55' title="bbox 1995 1038 3589 1115">
    <p class='ocr_par' dir='ltr' id='par_1_55' title="bbox 1995 1038 3589 1115">
     <span class='ocr_line' id='line_1_55' title="bbox 1995 1038 3589 1115; baseline -0.003 -18"><span class='ocrx_word' id='word_1_401' title='bbox 1995 1059 2117 1098; x_wconf 82' lang='lat' dir='ltr'><strong><em>cum</em></strong></span> <span class='ocrx_word' id='word_1_402' title='bbox 2145 1059 2231 1108; x_wconf 91' lang='lat' dir='ltr'><strong><em>eo,</em></strong></span> <span class='ocrx_word' id='word_1_403' title='bbox 2256 1042 2350 1097; x_wconf 88' lang='lat' dir='ltr'><strong><em>sed</em></strong></span> <span class='ocrx_word' id='word_1_404' title='bbox 2379 1049 2524 1097; x_wconf 90' lang='lat' dir='ltr'><strong><em>recte</em></strong></span> <span class='ocrx_word' id='word_1_405' title='bbox 2552 1055 2615 1095; x_wconf 92' lang='lat' dir='ltr'><strong><em>ac</em></strong></span> <span class='ocrx_word' id='word_1_406' title='bbox 2635 1040 2952 1109; x_wconf 86' lang='lat' dir='ltr'><strong><em>simpliciter</em></strong></span> <span class='ocrx_word' id='word_1_407' title='bbox 2975 1038 3280 1104; x_wconf 87' lang='lat' dir='ltr'><strong><em>incederet;</em></strong></span> <span class='ocrx_word' id='word_1_408' title='bbox 3308 1053 3455 1093; x_wconf 85' lang='lat' dir='ltr'><strong><em>nunc</em></strong></span> <span class='ocrx_word' id='word_1_409' title='bbox 3489 1038 3589 1115; x_wconf 16' lang='lat' dir='ltr'><strong><em>ad—A</em></strong></span> 
     </span>
    </p>
   </div>
   <div class='ocr_carea' id='block_1_56' title="bbox 1998 1127 3584 1202">
    <p class='ocr_par' dir='ltr' id='par_1_56' title="bbox 1998 1127 3584 1202">
     <span class='ocr_line' id='line_1_56' title="bbox 1998 1127 3584 1202; baseline -0.004 -13"><span class='ocrx_word' id='word_1_410' title='bbox 1998 1141 2181 1189; x_wconf 90' lang='lat' dir='ltr'><strong><em>monet</em></strong></span> <span class='ocrx_word' id='word_1_411' title='bbox 2206 1148 2274 1187; x_wconf 92' lang='lat' dir='ltr'><strong><em>ne</em></strong></span> <span class='ocrx_word' id='word_1_412' title='bbox 2312 1146 2433 1186; x_wconf 90' lang='lat' dir='ltr'><strong><em>cum</em></strong></span> <span class='ocrx_word' id='word_1_413' title='bbox 2472 1129 2733 1187; x_wconf 88' lang='lat' dir='ltr'><strong><em>adulteris</em></strong></span> <span class='ocrx_word' id='word_1_414' title='bbox 2758 1130 3063 1202; x_wconf 89' lang='lat' dir='ltr'><strong><em>portionem</em></strong></span> <span class='ocrx_word' id='word_1_415' title='bbox 3101 1144 3254 1185; x_wconf 90' lang='lat' dir='ltr'><strong><em>suam</em></strong></span> <span class='ocrx_word' id='word_1_416' title='bbox 3289 1137 3476 1199; x_wconf 86' lang='lat' dir='ltr'><strong><em>ponat,</em></strong></span> <span class='ocrx_word' id='word_1_417' title='bbox 3515 1127 3584 1183; x_wconf 81' lang='lat' dir='ltr'><strong><em>de</em></strong></span> 
     </span>
    </p>
   </div>
   <div class='ocr_carea' id='block_1_57' title="bbox 1998 1218 3584 1295">
    <p class='ocr_par' dir='ltr' id='par_1_57' title="bbox 1998 1218 3584 1295">
     <span class='ocr_line' id='line_1_57' title="bbox 1998 1218 3584 1295; baseline -0.003 -19"><span class='ocrx_word' id='word_1_418' title='bbox 1998 1225 2193 1295; x_wconf 86' lang='lat' dir='ltr'><strong><em>quibus</em></strong></span> <span class='ocrx_word' id='word_1_419' title='bbox 2223 1231 2275 1277; x_wconf 88' lang='lat' dir='ltr'><strong><em>et</em></strong></span> <span class='ocrx_word' id='word_1_420' title='bbox 2304 1223 2408 1277; x_wconf 87' lang='lat' dir='ltr'><strong><em>hoc</em></strong></span> <span class='ocrx_word' id='word_1_421' title='bbox 2432 1223 2577 1292; x_wconf 91' lang='lat' dir='ltr'><strong><em>quod</em></strong></span> <span class='ocrx_word' id='word_1_422' title='bbox 2607 1237 2770 1290; x_wconf 88' lang='lat' dir='ltr'><strong><em>supra</em></strong></span> <span class='ocrx_word' id='word_1_423' title='bbox 2808 1220 3037 1285; x_wconf 88' lang='lat' dir='ltr'><strong><em>dicitur,</em></strong></span> <span class='ocrx_word' id='word_1_424' title='bbox 3082 1229 3136 1275; x_wconf 91' lang='lat' dir='ltr'><strong><em>ut</em></strong></span> <span class='ocrx_word' id='word_1_425' title='bbox 3170 1220 3376 1275; x_wconf 83' lang='lat' dir='ltr'><strong><em>cruoris</em></strong></span> <span class='ocrx_word' id='word_1_426' title='bbox 3407 1218 3471 1273; x_wconf 85' lang='lat' dir='ltr'><strong><em>de</em></strong></span> <span class='ocrx_word' id='word_1_427' title='bbox 3502 1218 3584 1274; x_wconf 75' lang='lat' dir='ltr'><strong><em>vin</em></strong></span> 
     </span>
    </p>
   </div>
   <div class='ocr_carea' id='block_1_58' title="bbox 1999 1310 3584 1384">
    <p class='ocr_par' dir='ltr' id='par_1_58' title="bbox 1999 1310 3584 1384">
     <span class='ocr_line' id='line_1_58' title="bbox 1999 1310 3584 1384; baseline -0.002 -16"><span class='ocrx_word' id='word_1_428' title='bbox 1999 1313 2141 1368; x_wconf 78' lang='lat' dir='ltr'><strong><em>male</em></strong></span> <span class='ocrx_word' id='word_1_429' title='bbox 2163 1313 2228 1367; x_wconf 85' lang='lat' dir='ltr'><strong><em>ab</em></strong></span> <span class='ocrx_word' id='word_1_430' title='bbox 2253 1314 2461 1366; x_wconf 78' lang='lat' dir='ltr'><strong><em>homine</em></strong></span> <span class='ocrx_word' id='word_1_431' title='bbox 2488 1314 2578 1383; x_wconf 90' lang='lat' dir='ltr'><strong><em>qui</em></strong></span> <span class='ocrx_word' id='word_1_432' title='bbox 2602 1329 2841 1383; x_wconf 85' lang='lat' dir='ltr'><strong><em>perversa</em></strong></span> <span class='ocrx_word' id='word_1_433' title='bbox 2865 1312 3128 1384; x_wconf 85' lang='lat' dir='ltr'><strong><em>loquitur,</em></strong></span> <span class='ocrx_word' id='word_1_434' title='bbox 3159 1318 3341 1382; x_wconf 85' lang='lat' dir='ltr'><strong><em>potest</em></strong></span> <span class='ocrx_word' id='word_1_435' title='bbox 3371 1310 3584 1380; x_wconf 83' lang='lat' dir='ltr'><strong><em>specia-</em></strong></span> 
     </span>
    </p>
   </div>
   <div class='ocr_carea' id='block_1_59' title="bbox 2000 1400 3585 1473">
    <p class='ocr_par' dir='ltr' id='par_1_59' title="bbox 2000 1400 3585 1473">
     <span class='ocr_line' id='line_1_59' title="bbox 2000 1400 3585 1473; baseline -0.001 -17"><span class='ocrx_word' id='word_1_436' title='bbox 2000 1402 2123 1456; x_wconf 90' lang='lat' dir='ltr'><strong><em>liter</em></strong></span> <span class='ocrx_word' id='word_1_437' title='bbox 2150 1402 2392 1473; x_wconf 89' lang='lat' dir='ltr'><strong><em>intelligi.</em></strong></span> <span class='ocrx_word' id='word_1_438' title='bbox 2425 1401 2555 1469; x_wconf 68' lang='lat' dir='ltr'><strong><em>Quae</em></strong></span> <span class='ocrx_word' id='word_1_439' title='bbox 2578 1401 2722 1456; x_wconf 90' lang='lat' dir='ltr'><strong><em>enim</em></strong></span> <span class='ocrx_word' id='word_1_440' title='bbox 2746 1402 3051 1470; x_wconf 87' lang='lat' dir='ltr'><strong><em>perversior</em></strong></span> <span class='ocrx_word' id='word_1_441' title='bbox 3077 1401 3297 1466; x_wconf 90' lang='lat' dir='ltr'><strong><em>locutio,</em></strong></span> <span class='ocrx_word' id='word_1_442' title='bbox 3324 1415 3486 1471; x_wconf 90' lang='lat' dir='ltr'><strong><em>quam</em></strong></span> <span class='ocrx_word' id='word_1_443' title='bbox 3515 1400 3585 1455; x_wconf 90' lang='lat' dir='ltr'><strong><em>ad</em></strong></span> 
     </span>
    </p>
   </div>
   <div class='ocr_carea' id='block_1_60' title="bbox 2001 1487 3587 1562">
    <p class='ocr_par' dir='ltr' id='par_1_60' title="bbox 2001 1487 3587 1562">
     <span class='ocr_line' id='line_1_60' title="bbox 2001 1487 3587 1562; baseline -0.004 -14"><span class='ocrx_word' id='word_1_444' title='bbox 2001 1503 2184 1562; x_wconf 77' lang='lat' dir='ltr'><strong><em>stupra</em></strong></span> <span class='ocrx_word' id='word_1_445' title='bbox 2212 1491 2447 1557; x_wconf 84' lang='lat' dir='ltr'><strong><em>suaderi,</em></strong></span> <span class='ocrx_word' id='word_1_446' title='bbox 2472 1487 2614 1561; x_wconf 73' lang='lat' dir='ltr'><strong><em>qdod</em></strong></span> <span class='ocrx_word' id='word_1_447' title='bbox 2635 1491 2928 1560; x_wconf 86' lang='lat' dir='ltr'><strong><em>capitulum</em></strong></span> <span class='ocrx_word' id='word_1_448' title='bbox 2951 1491 3137 1562; x_wconf 88' lang='lat' dir='ltr'><strong><em>incipit</em></strong></span> <span class='ocrx_word' id='word_1_449' title='bbox 3158 1506 3186 1545; x_wconf 88' lang='lat' dir='ltr'><strong><em>a</em></strong></span> <span class='ocrx_word' id='word_1_450' title='bbox 3212 1491 3332 1547; x_wconf 91' lang='lat' dir='ltr'><strong><em>loco</em></strong></span> <span class='ocrx_word' id='word_1_451' title='bbox 3360 1490 3452 1545; x_wconf 82' lang='lat' dir='ltr'><strong><em>ubi</em></strong></span> <span class='ocrx_word' id='word_1_452' title='bbox 3474 1490 3552 1544; x_wconf 87' lang='lat' dir='ltr'><strong><em>ait</em></strong></span> <span class='ocrx_word' id='word_1_453' title='bbox 3569 1506 3587 1541; x_wconf 90' lang='lat'><strong>:</strong></span> 
     </span>
    </p>
   </div>
   <div class='ocr_carea' id='block_1_61' title="bbox 2003 1581 3589 1653">
    <p class='ocr_par' dir='ltr' id='par_1_61' title="bbox 2003 1581 3589 1653">
     <span class='ocr_line' id='line_1_61' title="bbox 2003 1581 3589 1653; baseline -0.002 -14"><span class='ocrx_word' id='word_1_454' title='bbox 2003 1584 2112 1639; x_wconf 81' lang='lat' dir='ltr'><strong><em>Fili</em></strong></span> <span class='ocrx_word' id='word_1_455' title='bbox 2137 1584 2230 1649; x_wconf 89' lang='lat' dir='ltr'><strong><em>mi,</em></strong></span> <span class='ocrx_word' id='word_1_456' title='bbox 2257 1585 2301 1640; x_wconf 89' lang='lat' dir='ltr'><strong><em>si</em></strong></span> <span class='ocrx_word' id='word_1_457' title='bbox 2324 1583 2610 1653; x_wconf 85' lang='lat' dir='ltr'><strong><em>susceperis</em></strong></span> <span class='ocrx_word' id='word_1_458' title='bbox 2638 1599 2898 1637; x_wconf 84' lang='lat' dir='ltr'><strong><em>sermones</em></strong></span> <span class='ocrx_word' id='word_1_459' title='bbox 2924 1598 3084 1649; x_wconf 91' lang='lat' dir='ltr'><strong><em>meos,</em></strong></span> <span class='ocrx_word' id='word_1_460' title='bbox 3113 1591 3163 1638; x_wconf 88' lang='lat' dir='ltr'><strong><em>et</em></strong></span> <span class='ocrx_word' id='word_1_461' title='bbox 3191 1581 3444 1638; x_wconf 75' lang='lat' dir='ltr'><strong><em>inundata</em></strong></span> <span class='ocrx_word' id='word_1_462' title='bbox 3473 1597 3589 1636; x_wconf 82' lang='lat' dir='ltr'><strong><em>mea</em></strong></span> 
     </span>
    </p>
   </div>
   <div class='ocr_carea' id='block_1_62' title="bbox 2002 1671 3591 1745">
    <p class='ocr_par' dir='ltr' id='par_1_62' title="bbox 2002 1671 3591 1745">
     <span class='ocr_line' id='line_1_62' title="bbox 2002 1671 3591 1745; baseline -0.002 -15"><span class='ocrx_word' id='word_1_463' title='bbox 2002 1675 2336 1730; x_wconf 83' lang='lat' dir='ltr'><strong><em>absconderis</em></strong></span> <span class='ocrx_word' id='word_1_464' title='bbox 2378 1691 2530 1745; x_wconf 88' lang='lat' dir='ltr'><strong><em>penes</em></strong></span> <span class='ocrx_word' id='word_1_465' title='bbox 2579 1684 2647 1728; x_wconf 91' lang='lat' dir='ltr'><strong><em>te.</em></strong></span> <span class='ocrx_word' id='word_1_466' title='bbox 2691 1673 2879 1729; x_wconf 88' lang='lat' dir='ltr'><strong><em>Potest</em></strong></span> <span class='ocrx_word' id='word_1_467' title='bbox 2929 1683 3110 1730; x_wconf 88' lang='lat' dir='ltr'><strong><em>autem</em></strong></span> <span class='ocrx_word' id='word_1_468' title='bbox 3156 1690 3257 1745; x_wconf 88' lang='lat' dir='ltr'><strong><em>per</em></strong></span> <span class='ocrx_word' id='word_1_469' title='bbox 3304 1671 3591 1729; x_wconf 81' lang='lat' dir='ltr'><strong><em>mulierem</em></strong></span> 
     </span>
    </p>
   </div>
   <div class='ocr_carea' id='block_1_63' title="bbox 2001 1764 3591 1846">
    <p class='ocr_par' dir='ltr' id='par_1_63' title="bbox 2001 1764 3591 1846">
     <span class='ocr_line' id='line_1_63' title="bbox 2001 1764 3591 1846; baseline -0.003 -21"><span class='ocrx_word' id='word_1_470' title='bbox 2001 1777 2315 1846; x_wconf 74' lang='lat' dir='ltr'><strong><em>extraneum</em></strong></span> <span class='ocrx_word' id='word_1_471' title='bbox 2355 1767 2737 1823; x_wconf 79' lang='lat' dir='ltr'><strong><em>lnereticorum</em></strong></span> <span class='ocrx_word' id='word_1_472' title='bbox 2789 1768 3027 1838; x_wconf 86' lang='lat' dir='ltr'><strong><em>pravitas</em></strong></span> <span class='ocrx_word' id='word_1_473' title='bbox 3064 1765 3290 1839; x_wconf 80' lang='lat' dir='ltr'><strong><em>intelligi</em></strong></span> <span class='ocrx_word' id='word_1_474' title='bbox 3318 1782 3348 1821; x_wconf 88' lang='lat' dir='ltr'><strong><em>a</em></strong></span> <span class='ocrx_word' id='word_1_475' title='bbox 3385 1764 3591 1821; x_wconf 84' lang='lat' dir='ltr'><strong><em>Christi</em></strong></span> 
     </span>
    </p>
   </div>
   <div class='ocr_carea' id='block_1_64' title="bbox 2003 1857 3597 1931">
    <p class='ocr_par' dir='ltr' id='par_1_64' title="bbox 2003 1857 3597 1931">
     <span class='ocr_line' id='line_1_64' title="bbox 2003 1857 3597 1931; baseline -0.004 -15"><span class='ocrx_word' id='word_1_476' title='bbox 2003 1870 2057 1916; x_wconf 92' lang='lat' dir='ltr'><strong><em>et</em></strong></span> <span class='ocrx_word' id='word_1_477' title='bbox 2086 1862 2339 1916; x_wconf 76' lang='lat' dir='ltr'><strong><em>Ecclesia:</em></strong></span> <span class='ocrx_word' id='word_1_478' title='bbox 2365 1860 2626 1917; x_wconf 88' lang='lat' dir='ltr'><strong><em>membris</em></strong></span> <span class='ocrx_word' id='word_1_479' title='bbox 2661 1859 2867 1926; x_wconf 88' lang='lat' dir='ltr'><strong><em>aliena,</em></strong></span> <span class='ocrx_word' id='word_1_480' title='bbox 2896 1874 3016 1931; x_wconf 84' lang='lat' dir='ltr'><strong><em>quae</em></strong></span> <span class='ocrx_word' id='word_1_481' title='bbox 3058 1857 3285 1915; x_wconf 89' lang='lat' dir='ltr'><strong><em>mollitie</em></strong></span> <span class='ocrx_word' id='word_1_482' title='bbox 3318 1857 3597 1913; x_wconf 78' lang='lat' dir='ltr'><strong><em>disertim-</em></strong></span> 
     </span>
    </p>
   </div>
   <div class='ocr_carea' id='block_1_65' title="bbox 2004 1951 3596 2027">
    <p class='ocr_par' dir='ltr' id='par_1_65' title="bbox 2004 1951 3596 2027">
     <span class='ocr_line' id='line_1_65' title="bbox 2004 1951 3596 2027; baseline -0.004 -16"><span class='ocrx_word' id='word_1_483' title='bbox 2004 1956 2144 2012; x_wconf 92' lang='lat' dir='ltr'><strong><em>dinis</em></strong></span> <span class='ocrx_word' id='word_1_484' title='bbox 2172 1956 2445 2027; x_wconf 64' lang='lat' dir='ltr'><strong><em>etlinguaz</em></strong></span> <span class='ocrx_word' id='word_1_485' title='bbox 2465 1954 2845 2011; x_wconf 88' lang='lat' dir='ltr'><strong><em>blandimentis</em></strong></span> <span class='ocrx_word' id='word_1_486' title='bbox 2870 1953 3032 2010; x_wconf 89' lang='lat' dir='ltr'><strong><em>corda</em></strong></span> <span class='ocrx_word' id='word_1_487' title='bbox 3062 1951 3312 2023; x_wconf 86' lang='lat' dir='ltr'><strong><em>decipere</em></strong></span> <span class='ocrx_word' id='word_1_488' title='bbox 3337 1951 3596 2006; x_wconf 85' lang='lat' dir='ltr'><strong><em>innocen-</em></strong></span> 
     </span>
    </p>
   </div>
   <div class='ocr_carea' id='block_1_66' title="bbox 2006 2042 3593 2117">
    <p class='ocr_par' dir='ltr' id='par_1_66' title="bbox 2006 2042 3593 2117">
     <span class='ocr_line' id='line_1_66' title="bbox 2006 2042 3593 2117; baseline -0.004 -16"><span class='ocrx_word' id='word_1_489' title='bbox 2006 2046 2138 2102; x_wconf 88' lang='lat' dir='ltr'><strong><em>tium</em></strong></span> <span class='ocrx_word' id='word_1_490' title='bbox 2180 2046 2336 2101; x_wconf 90' lang='lat' dir='ltr'><strong><em>solet.</em></strong></span> <span class='ocrx_word' id='word_1_491' title='bbox 2381 2044 2534 2102; x_wconf 84' lang='lat' dir='ltr'><strong><em>Unde</em></strong></span> <span class='ocrx_word' id='word_1_492' title='bbox 2578 2044 2864 2100; x_wconf 90' lang='lat' dir='ltr'><strong><em>Psalmista</em></strong></span> <span class='ocrx_word' id='word_1_493' title='bbox 2910 2062 2925 2098; x_wconf 91' lang='lat'><strong>:</strong></span> <span class='ocrx_word' id='word_1_494' title='bbox 2978 2042 3283 2117; x_wconf 81' lang='lat' dir='ltr'><strong><em>Mollierunt</em></strong></span> <span class='ocrx_word' id='word_1_495' title='bbox 3328 2057 3593 2097; x_wconf 83' lang='lat' dir='ltr'><strong><em>sermones</em></strong></span> 
     </span>
    </p>
   </div>
   <div class='ocr_carea' id='block_1_67' title="bbox 2006 2131 3529 2207">
    <p class='ocr_par' dir='ltr' id='par_1_67' title="bbox 2006 2131 3529 2207">
     <span class='ocr_line' id='line_1_67' title="bbox 2006 2131 3529 2207; baseline -0.007 -16"><span class='ocrx_word' id='word_1_496' title='bbox 2006 2153 2130 2192; x_wconf 88' lang='lat' dir='ltr'><strong><em>suos</em></strong></span> <span class='ocrx_word' id='word_1_497' title='bbox 2158 2153 2314 2207; x_wconf 85' lang='lat' dir='ltr'><strong><em>super</em></strong></span> <span class='ocrx_word' id='word_1_498' title='bbox 2337 2136 2529 2203; x_wconf 85' lang='lat' dir='ltr'><strong><em>oleum,</em></strong></span> <span class='ocrx_word' id='word_1_499' title='bbox 2553 2146 2598 2190; x_wconf 90' lang='lat' dir='ltr'><strong><em>et</em></strong></span> <span class='ocrx_word' id='word_1_500' title='bbox 2628 2136 2727 2206; x_wconf 83' lang='lat' dir='ltr'><strong><em>ipsi</em></strong></span> <span class='ocrx_word' id='word_1_501' title='bbox 2752 2144 2874 2190; x_wconf 88' lang='lat' dir='ltr'><strong><em>sunt</em></strong></span> <span class='ocrx_word' id='word_1_502' title='bbox 2895 2134 3082 2205; x_wconf 87' lang='lat' dir='ltr'><strong><em>jacula</em></strong></span> <span class='ocrx_word' id='word_1_503' title='bbox 3112 2132 3284 2206; x_wconf 85' lang='lat' dir='ltr'><strong><em>(Psal.</em></strong></span> <span class='ocrx_word' id='word_1_504' title='bbox 3314 2131 3449 2203; x_wconf 77' lang='lat' dir='ltr'><strong><em>Liv).</em></strong></span> <span class='ocrx_word' id='word_1_505' title='bbox 3525 2177 3529 2181; x_wconf 89' lang='lat'><strong><em>.</em></strong></span> 
     </span>
    </p>
   </div>
   <div class='ocr_carea' id='block_1_68' title="bbox 2076 2223 3617 2296">
    <p class='ocr_par' dir='ltr' id='par_1_68' title="bbox 2076 2223 3617 2296">
     <span class='ocr_line' id='line_1_68' title="bbox 2076 2223 3617 2296; baseline -0.003 -14"><span class='ocrx_word' id='word_1_506' title='bbox 2076 2227 2146 2284; x_wconf 88' lang='lat' dir='ltr'><strong><em>Et</em></strong></span> <span class='ocrx_word' id='word_1_507' title='bbox 2176 2225 2379 2296; x_wconf 85' lang='lat' dir='ltr'><strong><em>reliquit</em></strong></span> <span class='ocrx_word' id='word_1_508' title='bbox 2407 2226 2590 2280; x_wconf 88' lang='lat' dir='ltr'><strong><em>ducem</em></strong></span> <span class='ocrx_word' id='word_1_509' title='bbox 2610 2224 2900 2295; x_wconf 83' lang='lat' dir='ltr'><strong><em>pubertatis</em></strong></span> <span class='ocrx_word' id='word_1_510' title='bbox 2929 2241 3040 2278; x_wconf 74' lang='lat' dir='ltr'><strong><em>sua:</em></strong></span> <span class='ocrx_word' id='word_1_511' title='bbox 3069 2233 3117 2279; x_wconf 90' lang='lat' dir='ltr'><strong><em>ct</em></strong></span> <span class='ocrx_word' id='word_1_512' title='bbox 3150 2225 3290 2294; x_wconf 87' lang='lat' dir='ltr'><strong><em>pacti</em></strong></span> <span class='ocrx_word' id='word_1_513' title='bbox 3322 2225 3407 2278; x_wconf 88' lang='lat' dir='ltr'><strong><em>sui</em></strong></span> <span class='ocrx_word' id='word_1_514' title='bbox 3433 2223 3617 2279; x_wconf 75' lang='lat' dir='ltr'><strong><em>oblita&#39;</em></strong></span> 
     </span>
    </p>
   </div>
   <div class='ocr_carea' id='block_1_69' title="bbox 2007 2310 3627 2385">
    <p class='ocr_par' dir='ltr' id='par_1_69' title="bbox 2007 2310 3627 2385">
     <span class='ocr_line' id='line_1_69' title="bbox 2007 2310 3627 2385; baseline -0.001 -15"><span class='ocrx_word' id='word_1_515' title='bbox 2007 2325 2101 2371; x_wconf 88' lang='lat' dir='ltr'><strong><em>est.</em></strong></span> <span class='ocrx_word' id='word_1_516' title='bbox 2142 2314 2299 2370; x_wconf 87' lang='lat' dir='ltr'><strong><em>Patet</em></strong></span> <span class='ocrx_word' id='word_1_517' title='bbox 2329 2315 2395 2369; x_wconf 84' lang='lat' dir='ltr'><strong><em>de</em></strong></span> <span class='ocrx_word' id='word_1_518' title='bbox 2430 2314 2703 2379; x_wconf 87' lang='lat' dir='ltr'><strong><em>adultera,</em></strong></span> <span class='ocrx_word' id='word_1_519' title='bbox 2742 2315 2869 2385; x_wconf 88' lang='lat' dir='ltr'><strong><em>quia</em></strong></span> <span class='ocrx_word' id='word_1_520' title='bbox 2908 2315 3082 2369; x_wconf 88' lang='lat' dir='ltr'><strong><em>virum</em></strong></span> <span class='ocrx_word' id='word_1_521' title='bbox 3110 2314 3344 2385; x_wconf 89' lang='lat' dir='ltr'><strong><em>primum</em></strong></span> <span class='ocrx_word' id='word_1_522' title='bbox 3381 2310 3627 2385; x_wconf 58' lang='lat' dir='ltr'><strong><em>reliquit.</em></strong></span> 
     </span>
    </p>
   </div>
   <div class='ocr_carea' id='block_1_70' title="bbox 2008 2406 3613 2478">
    <p class='ocr_par' dir='ltr' id='par_1_70' title="bbox 2008 2406 3613 2478">
     <span class='ocr_line' id='line_1_70' title="bbox 2008 2406 3613 2478; baseline -0.001 -15"><span class='ocrx_word' id='word_1_523' title='bbox 2008 2419 2061 2463; x_wconf 90' lang='lat' dir='ltr'><strong><em>ct</em></strong></span> <span class='ocrx_word' id='word_1_524' title='bbox 2087 2409 2228 2478; x_wconf 89' lang='lat' dir='ltr'><strong><em>pacti</em></strong></span> <span class='ocrx_word' id='word_1_525' title='bbox 2251 2407 2348 2463; x_wconf 89' lang='lat' dir='ltr'><strong><em>Dei</em></strong></span> <span class='ocrx_word' id='word_1_526' title='bbox 2378 2407 2731 2472; x_wconf 76' lang='lat' dir='ltr'><strong><em>obliviscitur,</em></strong></span> <span class='ocrx_word' id='word_1_527' title='bbox 2758 2406 2875 2478; x_wconf 87' lang='lat' dir='ltr'><strong><em>ejus</em></strong></span> <span class='ocrx_word' id='word_1_528' title='bbox 2894 2406 3144 2461; x_wconf 86' lang='lat' dir='ltr'><strong><em>nimirum</em></strong></span> <span class='ocrx_word' id='word_1_529' title='bbox 3165 2407 3311 2478; x_wconf 91' lang='lat' dir='ltr'><strong><em>quod</em></strong></span> <span class='ocrx_word' id='word_1_530' title='bbox 3331 2422 3454 2462; x_wconf 89' lang='lat' dir='ltr'><strong><em>cum</em></strong></span> <span class='ocrx_word' id='word_1_531' title='bbox 3478 2407 3613 2462; x_wconf 78' lang='lat' dir='ltr'><strong><em>vim</em></strong></span> 
     </span>
    </p>
   </div>
   <div class='ocr_carea' id='block_1_71' title="bbox 2011 2486 3598 2572">
    <p class='ocr_par' dir='ltr' id='par_1_71' title="bbox 2011 2486 3598 2572">
     <span class='ocr_line' id='line_1_71' title="bbox 2011 2486 3598 2572; baseline 0.001 -18"><span class='ocrx_word' id='word_1_532' title='bbox 2011 2486 2392 2565; x_wconf 48' lang='lat' dir='ltr'><strong><em>suoﬂhmino</em></strong></span> <span class='ocrx_word' id='word_1_533' title='bbox 2423 2508 2585 2565; x_wconf 79' lang='lat' dir='ltr'><strong><em>teste,</em></strong></span> <span class='ocrx_word' id='word_1_534' title='bbox 2611 2508 2851 2569; x_wconf 86' lang='lat' dir='ltr'><strong><em>tempore</em></strong></span> <span class='ocrx_word' id='word_1_535' title='bbox 2878 2500 3183 2569; x_wconf 88' lang='lat' dir='ltr'><strong><em>nuptiarum</em></strong></span> <span class='ocrx_word' id='word_1_536' title='bbox 3219 2500 3439 2572; x_wconf 85' lang='lat' dir='ltr'><strong><em>pepigit,</em></strong></span> <span class='ocrx_word' id='word_1_537' title='bbox 3470 2501 3598 2570; x_wconf 83' lang='lat' dir='ltr'><strong><em>quia</em></strong></span> 
     </span>
    </p>
   </div>
   <div class='ocr_carea' id='block_1_72' title="bbox 2011 2589 3613 2647">
    <p class='ocr_par' dir='ltr' id='par_1_72' title="bbox 2011 2589 3613 2647">
     <span class='ocr_line' id='line_1_72' title="bbox 2011 2589 3613 2647; baseline 0.002 -4"><span class='ocrx_word' id='word_1_538' title='bbox 2011 2589 2171 2644; x_wconf 84' lang='lat' dir='ltr'><strong><em>ﬁdem</em></strong></span> <span class='ocrx_word' id='word_1_539' title='bbox 2198 2589 2299 2645; x_wconf 87' lang='lat' dir='ltr'><strong><em>sibi</em></strong></span> <span class='ocrx_word' id='word_1_540' title='bbox 2321 2589 2585 2644; x_wconf 77' lang='lat' dir='ltr'><strong><em>castitatis</em></strong></span> <span class='ocrx_word' id='word_1_541' title='bbox 2607 2589 2927 2644; x_wconf 77' lang='lat' dir='ltr'><strong><em>alterutrum</em></strong></span> <span class='ocrx_word' id='word_1_542' title='bbox 2950 2598 3250 2645; x_wconf 84' lang='lat' dir='ltr'><strong><em>servarent.</em></strong></span> <span class='ocrx_word' id='word_1_543' title='bbox 3278 2591 3435 2646; x_wconf 88' lang='lat' dir='ltr'><strong><em>Patet</em></strong></span> <span class='ocrx_word' id='word_1_544' title='bbox 3453 2598 3509 2646; x_wconf 91' lang='lat' dir='ltr'><strong><em>et</em></strong></span> <span class='ocrx_word' id='word_1_545' title='bbox 3532 2589 3613 2647; x_wconf 61' lang='lat' dir='ltr'><strong><em>de.</em></strong></span> 
     </span>
    </p>
   </div>
   <div class='ocr_carea' id='block_1_73' title="bbox 2013 2680 3613 2752">
    <p class='ocr_par' dir='ltr' id='par_1_73' title="bbox 2013 2680 3613 2752">
     <span class='ocr_line' id='line_1_73' title="bbox 2013 2680 3613 2752; baseline 0.003 -18"><span class='ocrx_word' id='word_1_546' title='bbox 2013 2691 2193 2735; x_wconf 89' lang='lat' dir='ltr'><strong><em>mente</em></strong></span> <span class='ocrx_word' id='word_1_547' title='bbox 2218 2681 2639 2750; x_wconf 61' lang='lat' dir='ltr'><strong><em>haeretica,quia</em></strong></span> <span class='ocrx_word' id='word_1_548' title='bbox 2668 2680 2888 2750; x_wconf 86' lang='lat' dir='ltr'><strong><em>reliquit</em></strong></span> <span class='ocrx_word' id='word_1_549' title='bbox 2914 2681 3215 2747; x_wconf 87' lang='lat' dir='ltr'><strong><em>doctorem,</em></strong></span> <span class='ocrx_word' id='word_1_550' title='bbox 3241 2698 3273 2737; x_wconf 91' lang='lat' dir='ltr'><strong><em>a</em></strong></span> <span class='ocrx_word' id='word_1_551' title='bbox 3301 2698 3410 2752; x_wconf 91' lang='lat' dir='ltr'><strong><em>quo</em></strong></span> <span class='ocrx_word' id='word_1_552' title='bbox 3438 2682 3613 2740; x_wconf 70' lang='lat' dir='ltr'><strong><em>ﬁdem</em></strong></span> 
     </span>
    </p>
   </div>
   <div class='ocr_carea' id='block_1_74' title="bbox 2013 2770 3611 2842">
    <p class='ocr_par' dir='ltr' id='par_1_74' title="bbox 2013 2770 3611 2842">
     <span class='ocr_line' id='line_1_74' title="bbox 2013 2770 3611 2842; baseline 0.003 -17"><span class='ocrx_word' id='word_1_553' title='bbox 2013 2770 2271 2826; x_wconf 71' lang='lat' dir='ltr'><strong><em>Ecclesia:</em></strong></span> <span class='ocrx_word' id='word_1_554' title='bbox 2311 2771 2599 2838; x_wconf 87' lang='lat' dir='ltr'><strong><em>didicerat,</em></strong></span> <span class='ocrx_word' id='word_1_555' title='bbox 2632 2779 2687 2827; x_wconf 89' lang='lat' dir='ltr'><strong><em>et</em></strong></span> <span class='ocrx_word' id='word_1_556' title='bbox 2715 2772 2879 2826; x_wconf 88' lang='lat' dir='ltr'><strong><em>oblita</em></strong></span> <span class='ocrx_word' id='word_1_557' title='bbox 2914 2782 2999 2827; x_wconf 90' lang='lat' dir='ltr'><strong><em>est</em></strong></span> <span class='ocrx_word' id='word_1_558' title='bbox 3026 2773 3171 2842; x_wconf 89' lang='lat' dir='ltr'><strong><em>pacti</em></strong></span> <span class='ocrx_word' id='word_1_559' title='bbox 3213 2774 3308 2828; x_wconf 85' lang='lat' dir='ltr'><strong><em>Dei</em></strong></span> <span class='ocrx_word' id='word_1_560' title='bbox 3345 2774 3463 2840; x_wconf 90' lang='lat' dir='ltr'><strong><em>sui,</em></strong></span> <span class='ocrx_word' id='word_1_561' title='bbox 3497 2773 3611 2830; x_wconf 78' lang='lat' dir='ltr'><strong><em>hoc.</em></strong></span> 
     </span>
    </p>
   </div>
   <div class='ocr_carea' id='block_1_75' title="bbox 2014 2862 3615 2935">
    <p class='ocr_par' dir='ltr' id='par_1_75' title="bbox 2014 2862 3615 2935">
     <span class='ocr_line' id='line_1_75' title="bbox 2014 2862 3615 2935; baseline 0.001 -17"><span class='ocrx_word' id='word_1_562' title='bbox 2014 2871 2117 2929; x_wconf 89' lang='lat' dir='ltr'><strong><em>est,</em></strong></span> <span class='ocrx_word' id='word_1_563' title='bbox 2150 2862 2271 2919; x_wconf 79' lang='lat' dir='ltr'><strong><em>fidei</em></strong></span> <span class='ocrx_word' id='word_1_564' title='bbox 2306 2864 2475 2932; x_wconf 88' lang='lat' dir='ltr'><strong><em>ipsius</em></strong></span> <span class='ocrx_word' id='word_1_565' title='bbox 2500 2862 2811 2929; x_wconf 79' lang='lat' dir='ltr'><strong><em>dominicae,</em></strong></span> <span class='ocrx_word' id='word_1_566' title='bbox 2843 2880 2964 2933; x_wconf 79' lang='lat' dir='ltr'><strong><em>quae</em></strong></span> <span class='ocrx_word' id='word_1_567' title='bbox 2989 2865 3043 2920; x_wconf 88' lang='lat' dir='ltr'><strong><em>in</em></strong></span> <span class='ocrx_word' id='word_1_568' title='bbox 3077 2864 3331 2935; x_wconf 79' lang='lat' dir='ltr'><strong><em>Symbolo</em></strong></span> <span class='ocrx_word' id='word_1_569' title='bbox 3358 2866 3615 2921; x_wconf 66' lang='lat' dir='ltr'><strong><em>contine».</em></strong></span> 
     </span>
    </p>
   </div>
   <div class='ocr_carea' id='block_1_76' title="bbox 2017 2941 3615 3028">
    <p class='ocr_par' dir='ltr' id='par_1_76' title="bbox 2017 2941 3615 3028">
     <span class='ocr_line' id='line_1_76' title="bbox 2017 2941 3615 3028; baseline 0.003 -18"><span class='ocrx_word' id='word_1_570' title='bbox 2017 2964 2129 3020; x_wconf 78' lang='lat' dir='ltr'><strong><em>tur,</em></strong></span> <span class='ocrx_word' id='word_1_571' title='bbox 2162 2971 2323 3025; x_wconf 83' lang='lat' dir='ltr'><strong><em>quam</em></strong></span> <span class='ocrx_word' id='word_1_572' title='bbox 2363 2971 2421 3009; x_wconf 80' lang='lat' dir='ltr'><strong><em>se</em></strong></span> <span class='ocrx_word' id='word_1_573' title='bbox 2460 2955 2547 3011; x_wconf 88' lang='lat' dir='ltr'><strong><em>die</em></strong></span> <span class='ocrx_word' id='word_1_574' title='bbox 2582 2941 2923 3026; x_wconf 84' lang='lat' dir='ltr'><strong><em>baptismatis</em></strong></span> <span class='ocrx_word' id='word_1_575' title='bbox 2961 2965 3300 3012; x_wconf 85' lang='lat' dir='ltr'><strong><em>servaturam</em></strong></span> <span class='ocrx_word' id='word_1_576' title='bbox 3332 2972 3455 3017; x_wconf 82' lang='lat' dir='ltr'><strong><em>esse</em></strong></span> <span class='ocrx_word' id='word_1_577' title='bbox 3477 2972 3615 3028; x_wconf 66' lang='lat' dir='ltr'><strong><em>prcr-</em></strong></span> 
     </span>
    </p>
   </div>
   <div class='ocr_carea' id='block_1_77' title="bbox 2017 3048 2613 3109">
    <p class='ocr_par' dir='ltr' id='par_1_77' title="bbox 2017 3048 2613 3109">
     <span class='ocr_line' id='line_1_77' title="bbox 2017 3048 2613 3109; baseline -0.01 -6"><span class='ocrx_word' id='word_1_578' title='bbox 2017 3048 2260 3103; x_wconf 84' lang='lat' dir='ltr'><strong><em>miscrat.</em></strong></span> <span class='ocrx_word' id='word_1_579' title='bbox 2610 3106 2613 3109; x_wconf 15' lang='grc' dir='ltr'>δ</span> 
     </span>
    </p>
   </div>
   <div class='ocr_carea' id='block_1_78' title="bbox 2090 3138 3621 3211">
    <p class='ocr_par' dir='ltr' id='par_1_78' title="bbox 2090 3138 3621 3211">
     <span class='ocr_line' id='line_1_78' title="bbox 2090 3138 3621 3211; baseline 0.001 -18"><span class='ocrx_word' id='word_1_580' title='bbox 2090 3138 2359 3194; x_wconf 85' lang='lat' dir='ltr'><strong><em>Inclinata</em></strong></span> <span class='ocrx_word' id='word_1_581' title='bbox 2382 3149 2458 3193; x_wconf 81' lang='lat' dir='ltr'><strong><em>est</em></strong></span> <span class='ocrx_word' id='word_1_582' title='bbox 2482 3138 2618 3193; x_wconf 85' lang='lat' dir='ltr'><strong><em>enim</em></strong></span> <span class='ocrx_word' id='word_1_583' title='bbox 2645 3139 2714 3192; x_wconf 88' lang='lat' dir='ltr'><strong><em>ad</em></strong></span> <span class='ocrx_word' id='word_1_584' title='bbox 2739 3148 2957 3195; x_wconf 87' lang='lat' dir='ltr'><strong><em>mortem</em></strong></span> <span class='ocrx_word' id='word_1_585' title='bbox 2982 3139 3169 3194; x_wconf 87' lang='lat' dir='ltr'><strong><em>domus</em></strong></span> <span class='ocrx_word' id='word_1_586' title='bbox 3192 3139 3307 3211; x_wconf 81' lang='lat' dir='ltr'><strong><em>ejus</em></strong></span> <span class='ocrx_word' id='word_1_587' title='bbox 3335 3148 3385 3195; x_wconf 85' lang='lat' dir='ltr'><strong><em>et</em></strong></span> <span class='ocrx_word' id='word_1_588' title='bbox 3412 3139 3482 3194; x_wconf 80' lang='lat' dir='ltr'><strong><em>ad</em></strong></span> <span class='ocrx_word' id='word_1_589' title='bbox 3502 3139 3621 3195; x_wconf 53' lang='grc' dir='ltr'><strong><em>ἕνα*</em></strong></span> 
     </span>
    </p>
   </div>
   <div class='ocr_carea' id='block_1_79' title="bbox 2022 3229 3612 3300">
    <p class='ocr_par' dir='ltr' id='par_1_79' title="bbox 2022 3229 3612 3300">
     <span class='ocr_line' id='line_1_79' title="bbox 2022 3229 3612 3300; baseline 0.001 -17"><span class='ocrx_word' id='word_1_590' title='bbox 2022 3230 2133 3300; x_wconf 87' lang='lat' dir='ltr'><strong><em>pios</em></strong></span> <span class='ocrx_word' id='word_1_591' title='bbox 2166 3230 2361 3285; x_wconf 77' lang='lat' dir='ltr'><strong><em>semita:</em></strong></span> <span class='ocrx_word' id='word_1_592' title='bbox 2396 3230 2577 3300; x_wconf 86' lang='lat' dir='ltr'><strong><em>ipsius.</em></strong></span> <span class='ocrx_word' id='word_1_593' title='bbox 2620 3229 2807 3287; x_wconf 88' lang='lat' dir='ltr'><strong><em>Omnis</em></strong></span> <span class='ocrx_word' id='word_1_594' title='bbox 2850 3230 3192 3286; x_wconf 87' lang='lat' dir='ltr'><strong><em>conversatio</em></strong></span> <span class='ocrx_word' id='word_1_595' title='bbox 3231 3229 3492 3286; x_wconf 66' lang='lat' dir='ltr'><strong><em>adulterae</em></strong></span> <span class='ocrx_word' id='word_1_596' title='bbox 3538 3230 3612 3285; x_wconf 85' lang='lat' dir='ltr'><strong><em>ad</em></strong></span> 
     </span>
    </p>
   </div>
   <div class='ocr_carea' id='block_1_80' title="bbox 2024 3320 3611 3392">
    <p class='ocr_par' dir='ltr' id='par_1_80' title="bbox 2024 3320 3611 3392">
     <span class='ocr_line' id='line_1_80' title="bbox 2024 3320 3611 3392; baseline 0.002 -18"><span class='ocrx_word' id='word_1_597' title='bbox 2024 3321 2303 3376; x_wconf 88' lang='lat' dir='ltr'><strong><em>interitum</em></strong></span> <span class='ocrx_word' id='word_1_598' title='bbox 2332 3322 2509 3386; x_wconf 91' lang='lat' dir='ltr'><strong><em>ducit,</em></strong></span> <span class='ocrx_word' id='word_1_599' title='bbox 2539 3330 2595 3377; x_wconf 90' lang='lat' dir='ltr'><strong><em>et</em></strong></span> <span class='ocrx_word' id='word_1_600' title='bbox 2621 3322 2866 3392; x_wconf 89' lang='lat' dir='ltr'><strong><em>quamvis</em></strong></span> <span class='ocrx_word' id='word_1_601' title='bbox 2899 3320 3094 3376; x_wconf 90' lang='lat' dir='ltr'><strong><em>blanda</em></strong></span> <span class='ocrx_word' id='word_1_602' title='bbox 3123 3321 3336 3377; x_wconf 87' lang='lat' dir='ltr'><strong><em>videtur</em></strong></span> <span class='ocrx_word' id='word_1_603' title='bbox 3358 3335 3424 3377; x_wconf 89' lang='lat' dir='ltr'><strong><em>ac</em></strong></span> <span class='ocrx_word' id='word_1_604' title='bbox 3450 3335 3611 3377; x_wconf 68' lang='lat' dir='ltr'><strong><em>man—</em></strong></span> 
     </span>
    </p>
   </div>
   <div class='ocr_carea' id='block_1_81' title="bbox 2023 3411 3611 3481">
    <p class='ocr_par' dir='ltr' id='par_1_81' title="bbox 2023 3411 3611 3481">
     <span class='ocr_line' id='line_1_81' title="bbox 2023 3411 3611 3481; baseline -0.001 -15"><span class='ocrx_word' id='word_1_605' title='bbox 2023 3421 2197 3477; x_wconf 84' lang='lat' dir='ltr'><strong><em>sueta,</em></strong></span> <span class='ocrx_word' id='word_1_606' title='bbox 2227 3429 2331 3466; x_wconf 90' lang='lat' dir='ltr'><strong><em>non</em></strong></span> <span class='ocrx_word' id='word_1_607' title='bbox 2362 3412 2624 3467; x_wconf 88' lang='lat' dir='ltr'><strong><em>minorem</em></strong></span> <span class='ocrx_word' id='word_1_608' title='bbox 2655 3413 2853 3469; x_wconf 89' lang='lat' dir='ltr'><strong><em>sentiet</em></strong></span> <span class='ocrx_word' id='word_1_609' title='bbox 2878 3412 2933 3466; x_wconf 90' lang='lat' dir='ltr'><strong><em>in</em></strong></span> <span class='ocrx_word' id='word_1_610' title='bbox 2961 3411 3066 3467; x_wconf 86' lang='lat' dir='ltr'><strong><em>line</em></strong></span> <span class='ocrx_word' id='word_1_611' title='bbox 3094 3411 3383 3467; x_wconf 88' lang='lat' dir='ltr'><strong><em>vindictam</em></strong></span> <span class='ocrx_word' id='word_1_612' title='bbox 3401 3451 3418 3479; x_wconf 93' lang='lat'><strong><em>,</em></strong></span> <span class='ocrx_word' id='word_1_613' title='bbox 3447 3426 3611 3481; x_wconf 88' lang='lat' dir='ltr'><strong><em>quam</em></strong></span> 
     </span>
    </p>
   </div>
   <div class='ocr_carea' id='block_1_82' title="bbox 2024 3499 3615 3570">
    <p class='ocr_par' dir='ltr' id='par_1_82' title="bbox 2024 3499 3615 3570">
     <span class='ocr_line' id='line_1_82' title="bbox 2024 3499 3615 3570; baseline 0.002 -19"><span class='ocrx_word' id='word_1_614' title='bbox 2024 3501 2114 3570; x_wconf 89' lang='lat' dir='ltr'><strong><em>qui</em></strong></span> <span class='ocrx_word' id='word_1_615' title='bbox 2143 3500 2515 3555; x_wconf 74' lang='lat' dir='ltr'><strong><em>latrocinando</em></strong></span> <span class='ocrx_word' id='word_1_616' title='bbox 2539 3509 2737 3569; x_wconf 73' lang='lat' dir='ltr'><strong><em>aperta:</em></strong></span> <span class='ocrx_word' id='word_1_617' title='bbox 2759 3501 3022 3570; x_wconf 90' lang='lat' dir='ltr'><strong><em>impietati</em></strong></span> <span class='ocrx_word' id='word_1_618' title='bbox 3052 3501 3401 3557; x_wconf 80' lang='lat' dir='ltr'><strong><em>famulantur.</em></strong></span> <span class='ocrx_word' id='word_1_619' title='bbox 3425 3499 3615 3556; x_wconf 87' lang='lat' dir='ltr'><strong><em>Potest</em></strong></span> 
     </span>
    </p>
   </div>
   <div class='ocr_carea' id='block_1_83' title="bbox 2026 3590 3614 3665">
    <p class='ocr_par' dir='ltr' id='par_1_83' title="bbox 2026 3590 3614 3665">
     <span class='ocr_line' id='line_1_83' title="bbox 2026 3590 3614 3665; baseline 0.001 -18"><span class='ocrx_word' id='word_1_620' title='bbox 2026 3596 2218 3647; x_wconf 86' lang='lat' dir='ltr'><strong><em>domus</em></strong></span> <span class='ocrx_word' id='word_1_621' title='bbox 2256 3592 2515 3647; x_wconf 63' lang='lat' dir='ltr'><strong><em>adulterae</em></strong></span> <span class='ocrx_word' id='word_1_622' title='bbox 2573 3593 2688 3662; x_wconf 88' lang='lat' dir='ltr'><strong><em>ipsa</em></strong></span> <span class='ocrx_word' id='word_1_623' title='bbox 2735 3590 2854 3662; x_wconf 89' lang='lat' dir='ltr'><strong><em>ejus</em></strong></span> <span class='ocrx_word' id='word_1_624' title='bbox 2889 3608 3019 3648; x_wconf 90' lang='lat' dir='ltr'><strong><em>caro</em></strong></span> <span class='ocrx_word' id='word_1_625' title='bbox 3055 3594 3115 3649; x_wconf 87' lang='lat' dir='ltr'><strong><em>in</em></strong></span> <span class='ocrx_word' id='word_1_626' title='bbox 3148 3610 3253 3665; x_wconf 89' lang='lat' dir='ltr'><strong><em>qua</em></strong></span> <span class='ocrx_word' id='word_1_627' title='bbox 3294 3594 3614 3664; x_wconf 86' lang='lat' dir='ltr'><strong><em>turpitudini</em></strong></span> 
     </span>
    </p>
   </div>
   <div class='ocr_carea' id='block_1_84' title="bbox 2026 3680 3615 3753">
    <p class='ocr_par' dir='ltr' id='par_1_84' title="bbox 2026 3680 3615 3753">
     <span class='ocr_line' id='line_1_84' title="bbox 2026 3680 3615 3753; baseline 0.004 -20"><span class='ocrx_word' id='word_1_628' title='bbox 2026 3696 2089 3734; x_wconf 91' lang='lat' dir='ltr'><strong><em>ac</em></strong></span> <span class='ocrx_word' id='word_1_629' title='bbox 2115 3680 2341 3735; x_wconf 81' lang='lat' dir='ltr'><strong><em>luxuria:</em></strong></span> <span class='ocrx_word' id='word_1_630' title='bbox 2370 3682 2736 3737; x_wconf 86' lang='lat' dir='ltr'><strong><em>substernitur</em></strong></span> <span class='ocrx_word' id='word_1_631' title='bbox 2754 3721 2768 3747; x_wconf 92' lang='lat'><strong><em>,</em></strong></span> <span class='ocrx_word' id='word_1_632' title='bbox 2796 3683 3001 3753; x_wconf 87' lang='lat' dir='ltr'><strong><em>accipi,</em></strong></span> <span class='ocrx_word' id='word_1_633' title='bbox 3027 3699 3147 3753; x_wconf 75' lang='lat' dir='ltr'><strong><em>qua:</em></strong></span> <span class='ocrx_word' id='word_1_634' title='bbox 3168 3683 3447 3740; x_wconf 89' lang='lat' dir='ltr'><strong><em>novissimi</em></strong></span> <span class='ocrx_word' id='word_1_635' title='bbox 3476 3692 3615 3740; x_wconf 90' lang='lat' dir='ltr'><strong><em>tem-</em></strong></span> 
     </span>
    </p>
   </div>
   <div class='ocr_carea' id='block_1_85' title="bbox 2027 3764 3617 3850">
    <p class='ocr_par' dir='ltr' id='par_1_85' title="bbox 2027 3764 3617 3850">
     <span class='ocr_line' id='line_1_85' title="bbox 2027 3764 3617 3850; baseline 0.004 -23"><span class='ocrx_word' id='word_1_636' title='bbox 2027 3764 2158 3843; x_wconf 75' lang='lat' dir='ltr'><strong><em>pore</em></strong></span> <span class='ocrx_word' id='word_1_637' title='bbox 2189 3772 2379 3844; x_wconf 86' lang='lat' dir='ltr'><strong><em>judicii</em></strong></span> <span class='ocrx_word' id='word_1_638' title='bbox 2422 3790 2531 3829; x_wconf 91' lang='lat' dir='ltr'><strong><em>non</em></strong></span> <span class='ocrx_word' id='word_1_639' title='bbox 2567 3776 2633 3831; x_wconf 90' lang='lat' dir='ltr'><strong><em>ad</em></strong></span> <span class='ocrx_word' id='word_1_640' title='bbox 2669 3775 2869 3842; x_wconf 86' lang='lat' dir='ltr'><strong><em>vitam,</em></strong></span> <span class='ocrx_word' id='word_1_641' title='bbox 2901 3778 2995 3833; x_wconf 90' lang='lat' dir='ltr'><strong><em>sed</em></strong></span> <span class='ocrx_word' id='word_1_642' title='bbox 3021 3786 3339 3849; x_wconf 84' lang='lat' dir='ltr'><strong><em>perpetuam</em></strong></span> <span class='ocrx_word' id='word_1_643' title='bbox 3367 3789 3617 3850; x_wconf 85' lang='lat' dir='ltr'><strong><em>resurget</em></strong></span> 
     </span>
    </p>
   </div>
   <div class='ocr_carea' id='block_1_86' title="bbox 2028 3864 3625 3941">
    <p class='ocr_par' dir='ltr' id='par_1_86' title="bbox 2028 3864 3625 3941">
     <span class='ocr_line' id='line_1_86' title="bbox 2028 3864 3625 3941; baseline 0.006 -22"><span class='ocrx_word' id='word_1_644' title='bbox 2028 3866 2095 3919; x_wconf 89' lang='lat' dir='ltr'><strong><em>ad</em></strong></span> <span class='ocrx_word' id='word_1_645' title='bbox 2129 3873 2377 3919; x_wconf 87' lang='lat' dir='ltr'><strong><em>mortem.</em></strong></span> <span class='ocrx_word' id='word_1_646' title='bbox 2420 3864 2529 3920; x_wconf 89' lang='lat' dir='ltr'><strong><em>Sed</em></strong></span> <span class='ocrx_word' id='word_1_647' title='bbox 2559 3875 2617 3922; x_wconf 92' lang='lat' dir='ltr'><strong><em>et</em></strong></span> <span class='ocrx_word' id='word_1_648' title='bbox 2652 3867 3031 3924; x_wconf 85' lang='lat' dir='ltr'><strong><em>haereticorum</em></strong></span> <span class='ocrx_word' id='word_1_649' title='bbox 3059 3866 3253 3925; x_wconf 85' lang='lat' dir='ltr'><strong><em>domus</em></strong></span> <span class='ocrx_word' id='word_1_650' title='bbox 3287 3869 3416 3940; x_wconf 90' lang='lat' dir='ltr'><strong><em>quia</em></strong></span> <span class='ocrx_word' id='word_1_651' title='bbox 3452 3885 3625 3941; x_wconf 86' lang='lat' dir='ltr'><strong><em>super.</em></strong></span> 
     </span>
    </p>
   </div>
   <div class='ocr_carea' id='block_1_87' title="bbox 2031 3961 3623 4036">
    <p class='ocr_par' dir='ltr' id='par_1_87' title="bbox 2031 3961 3623 4036">
     <span class='ocr_line' id='line_1_87' title="bbox 2031 3961 3623 4036; baseline 0.002 -20"><span class='ocrx_word' id='word_1_652' title='bbox 2031 3974 2252 4016; x_wconf 81' lang='lat' dir='ltr'><strong><em>arenam</em></strong></span> <span class='ocrx_word' id='word_1_653' title='bbox 2280 3961 2633 4028; x_wconf 87' lang='lat' dir='ltr'><strong><em>construitur,</em></strong></span> <span class='ocrx_word' id='word_1_654' title='bbox 2662 3963 2830 4019; x_wconf 89' lang='lat' dir='ltr'><strong><em>etiam</em></strong></span> <span class='ocrx_word' id='word_1_655' title='bbox 2854 3978 2976 4018; x_wconf 91' lang='lat' dir='ltr'><strong><em>cum</em></strong></span> <span class='ocrx_word' id='word_1_656' title='bbox 3003 3970 3151 4019; x_wconf 88' lang='lat' dir='ltr'><strong><em>stare</em></strong></span> <span class='ocrx_word' id='word_1_657' title='bbox 3173 3964 3417 4029; x_wconf 61' lang='lat' dir='ltr'><strong><em>videtur,</em></strong></span> <span class='ocrx_word' id='word_1_658' title='bbox 3445 3965 3623 4036; x_wconf 79' lang='lat' dir='ltr'><strong><em>vergit</em></strong></span> 
     </span>
    </p>
   </div>
   <div class='ocr_carea' id='block_1_88' title="bbox 2032 4049 3625 4125">
    <p class='ocr_par' dir='ltr' id='par_1_88' title="bbox 2032 4049 3625 4125">
     <span class='ocr_line' id='line_1_88' title="bbox 2032 4049 3625 4125; baseline 0.003 -22"><span class='ocrx_word' id='word_1_659' title='bbox 2032 4049 2087 4103; x_wconf 92' lang='lat' dir='ltr'><strong><em>in</em></strong></span> <span class='ocrx_word' id='word_1_660' title='bbox 2117 4065 2327 4115; x_wconf 82' lang='lat' dir='ltr'><strong><em>casum,</em></strong></span> <span class='ocrx_word' id='word_1_661' title='bbox 2360 4050 2578 4125; x_wconf 89' lang='lat' dir='ltr'><strong><em>suisque</em></strong></span> <span class='ocrx_word' id='word_1_662' title='bbox 2600 4052 2893 4107; x_wconf 84' lang='lat' dir='ltr'><strong><em>crementis</em></strong></span> <span class='ocrx_word' id='word_1_663' title='bbox 2919 4053 3074 4123; x_wconf 87' lang='lat' dir='ltr'><strong><em>quasi</em></strong></span> <span class='ocrx_word' id='word_1_664' title='bbox 3102 4052 3430 4123; x_wconf 81' lang='lat' dir='ltr'><strong><em>quihusdam</em></strong></span> <span class='ocrx_word' id='word_1_665' title='bbox 3455 4054 3625 4110; x_wconf 39' lang='lat' dir='ltr'><strong><em>semis</em></strong></span> 
     </span>
    </p>
   </div>
   <div class='ocr_carea' id='block_1_89' title="bbox 2036 4141 3627 4215">
    <p class='ocr_par' dir='ltr' id='par_1_89' title="bbox 2036 4141 3627 4215">
     <span class='ocr_line' id='line_1_89' title="bbox 2036 4141 3627 4215; baseline 0.004 -20"><span class='ocrx_word' id='word_1_666' title='bbox 2036 4142 2103 4197; x_wconf 90' lang='lat' dir='ltr'><strong><em>tis</em></strong></span> <span class='ocrx_word' id='word_1_667' title='bbox 2128 4143 2195 4196; x_wconf 88' lang='lat' dir='ltr'><strong><em>ad</em></strong></span> <span class='ocrx_word' id='word_1_668' title='bbox 2224 4141 2511 4212; x_wconf 88' lang='lat' dir='ltr'><strong><em>impiorum</em></strong></span> <span class='ocrx_word' id='word_1_669' title='bbox 2542 4143 2839 4210; x_wconf 87' lang='lat' dir='ltr'><strong><em>consortia,</em></strong></span> <span class='ocrx_word' id='word_1_670' title='bbox 2868 4143 2925 4199; x_wconf 91' lang='lat' dir='ltr'><strong><em>id</em></strong></span> <span class='ocrx_word' id='word_1_671' title='bbox 2949 4151 3054 4211; x_wconf 90' lang='lat' dir='ltr'><strong><em>est,</em></strong></span> <span class='ocrx_word' id='word_1_672' title='bbox 3088 4144 3157 4200; x_wconf 89' lang='lat' dir='ltr'><strong><em>ad</em></strong></span> <span class='ocrx_word' id='word_1_673' title='bbox 3185 4142 3473 4215; x_wconf 84' lang='lat' dir='ltr'><strong><em>spirituum</em></strong></span> <span class='ocrx_word' id='word_1_674' title='bbox 3501 4152 3627 4201; x_wconf 28' lang='lat' dir='ltr'><strong><em>ten-1</em></strong></span> 
     </span>
    </p>
   </div>
   <div class='ocr_carea' id='block_1_90' title="bbox 2035 4232 2819 4305">
    <p class='ocr_par' dir='ltr' id='par_1_90' title="bbox 2035 4232 2819 4305">
     <span class='ocr_line' id='line_1_90' title="bbox 2035 4232 2819 4305; baseline 0.003 -18"><span class='ocrx_word' id='word_1_675' title='bbox 2035 4232 2112 4287; x_wconf 89' lang='lat' dir='ltr'><strong><em>dit</em></strong></span> <span class='ocrx_word' id='word_1_676' title='bbox 2140 4240 2407 4287; x_wconf 89' lang='lat' dir='ltr'><strong><em>tormenta</em></strong></span> <span class='ocrx_word' id='word_1_677' title='bbox 2438 4233 2819 4305; x_wconf 85' lang='lat' dir='ltr'><strong><em>malignorum.</em></strong></span> 
     </span>
    </p>
   </div>
   <div class='ocr_carea' id='block_1_91' title="bbox 2105 4326 3629 4399">
    <p class='ocr_par' dir='ltr' id='par_1_91' title="bbox 2105 4326 3629 4399">
     <span class='ocr_line' id='line_1_91' title="bbox 2105 4326 3629 4399; baseline 0.002 -19"><span class='ocrx_word' id='word_1_678' title='bbox 2105 4326 2299 4382; x_wconf 86' lang='lat' dir='ltr'><strong><em>Omnes</em></strong></span> <span class='ocrx_word' id='word_1_679' title='bbox 2333 4327 2422 4399; x_wconf 89' lang='lat' dir='ltr'><strong><em>qui</em></strong></span> <span class='ocrx_word' id='word_1_680' title='bbox 2456 4328 2821 4398; x_wconf 85' lang='lat' dir='ltr'><strong><em>ingrediuntur</em></strong></span> <span class='ocrx_word' id='word_1_681' title='bbox 2845 4328 2919 4382; x_wconf 83' lang='lat' dir='ltr'><strong><em>ad</em></strong></span> <span class='ocrx_word' id='word_1_682' title='bbox 2951 4343 3097 4395; x_wconf 89' lang='lat' dir='ltr'><strong><em>eam,</em></strong></span> <span class='ocrx_word' id='word_1_683' title='bbox 3135 4344 3239 4383; x_wconf 88' lang='lat' dir='ltr'><strong><em>non</em></strong></span> <span class='ocrx_word' id='word_1_684' title='bbox 3278 4337 3629 4394; x_wconf 73' lang='lat' dir='ltr'><strong><em>revertentur,</em></strong></span> 
     </span>
    </p>
   </div>
   <div class='ocr_carea' id='block_1_92' title="bbox 2035 4418 3635 4490">
    <p class='ocr_par' dir='ltr' id='par_1_92' title="bbox 2035 4418 3635 4490">
     <span class='ocr_line' id='line_1_92' title="bbox 2035 4418 3635 4490; baseline -0.001 -18"><span class='ocrx_word' id='word_1_685' title='bbox 2035 4435 2127 4472; x_wconf 80' lang='lat' dir='ltr'><strong><em>nec.</em></strong></span> <span class='ocrx_word' id='word_1_686' title='bbox 2162 4418 2545 4490; x_wconf 86' lang='lat' dir='ltr'><strong><em>apprehendent</em></strong></span> <span class='ocrx_word' id='word_1_687' title='bbox 2583 4419 2792 4475; x_wconf 87' lang='lat' dir='ltr'><strong><em>semitas</em></strong></span> <span class='ocrx_word' id='word_1_688' title='bbox 2831 4421 2969 4475; x_wconf 74' lang='lat' dir='ltr'><strong><em>vitta.</em></strong></span> <span class='ocrx_word' id='word_1_689' title='bbox 3006 4420 3090 4475; x_wconf 87' lang='lat' dir='ltr'><strong><em>Ad</em></strong></span> <span class='ocrx_word' id='word_1_690' title='bbox 3131 4434 3251 4476; x_wconf 86' lang='lat' dir='ltr'><strong><em>eam</em></strong></span> <span class='ocrx_word' id='word_1_691' title='bbox 3283 4420 3351 4475; x_wconf 89' lang='lat' dir='ltr'><strong><em>ad</em></strong></span> <span class='ocrx_word' id='word_1_692' title='bbox 3389 4428 3635 4476; x_wconf 74' lang='lat' dir='ltr'><strong><em>mortem.</em></strong></span> 
     </span>
    </p>
   </div>
   <div class='ocr_carea' id='block_1_93' title="bbox 2036 4507 3625 4580">
    <p class='ocr_par' dir='ltr' id='par_1_93' title="bbox 2036 4507 3625 4580">
     <span class='ocr_line' id='line_1_93' title="bbox 2036 4507 3625 4580; baseline 0.001 -18"><span class='ocrx_word' id='word_1_693' title='bbox 2036 4507 2196 4572; x_wconf 89' lang='lat' dir='ltr'><strong><em>dicit,</em></strong></span> <span class='ocrx_word' id='word_1_694' title='bbox 2238 4525 2343 4564; x_wconf 92' lang='lat' dir='ltr'><strong><em>non</em></strong></span> <span class='ocrx_word' id='word_1_695' title='bbox 2382 4509 2449 4563; x_wconf 92' lang='lat' dir='ltr'><strong><em>ad</em></strong></span> <span class='ocrx_word' id='word_1_696' title='bbox 2490 4509 2804 4575; x_wconf 90' lang='lat' dir='ltr'><strong><em>mulierem,</em></strong></span> <span class='ocrx_word' id='word_1_697' title='bbox 2845 4517 3024 4579; x_wconf 89' lang='lat' dir='ltr'><strong><em>potest</em></strong></span> <span class='ocrx_word' id='word_1_698' title='bbox 3060 4510 3206 4565; x_wconf 77' lang='lat' dir='ltr'><strong><em>enim</em></strong></span> <span class='ocrx_word' id='word_1_699' title='bbox 3239 4510 3331 4580; x_wconf 88' lang='lat' dir='ltr'><strong><em>qui</em></strong></span> <span class='ocrx_word' id='word_1_700' title='bbox 3366 4509 3625 4564; x_wconf 77' lang='lat' dir='ltr'><strong><em>adulterae</em></strong></span> 
     </span>
    </p>
   </div>
   <div class='ocr_carea' id='block_1_94' title="bbox 353 4568 3626 4670">
    <p class='ocr_par' dir='ltr' id='par_1_94' title="bbox 353 4568 3626 4670">
     <span class='ocr_line' id='line_1_94' title="bbox 353 4568 3626 4670; baseline -0.002 -23"><span class='ocrx_word' id='word_1_701' title='bbox 353 4593 621 4648; x_wconf 89' lang='lat' dir='ltr'><strong><em>nebrosas.</em></strong></span> <span class='ocrx_word' id='word_1_702' title='bbox 652 4593 883 4649; x_wconf 89' lang='lat' dir='ltr'><strong><em>Pulchre</em></strong></span> <span class='ocrx_word' id='word_1_703' title='bbox 919 4594 1098 4649; x_wconf 87' lang='lat' dir='ltr'><strong><em>itineri</em></strong></span> <span class='ocrx_word' id='word_1_704' title='bbox 1138 4602 1285 4648; x_wconf 91' lang='lat' dir='ltr'><strong><em>recto</em></strong></span> <span class='ocrx_word' id='word_1_705' title='bbox 1330 4594 1447 4647; x_wconf 89' lang='lat' dir='ltr'><strong><em>vias</em></strong></span> <span class='ocrx_word' id='word_1_706' title='bbox 1476 4594 1789 4647; x_wconf 77' lang='lat' dir='ltr'><strong><em>tenebrosus</em></strong></span> <span class='ocrx_word' id='word_1_707' title='bbox 1836 4606 1933 4658; x_wconf 90' lang='lat' dir='ltr'><strong><em>op-</em></strong></span> <span class='ocrx_word' id='word_1_708' title='bbox 1964 4568 2009 4627; x_wconf 76' lang='grc' dir='ltr'><strong><em>ί)</em></strong></span> <span class='ocrx_word' id='word_1_709' title='bbox 2040 4586 2241 4654; x_wconf 54' lang='lat' dir='ltr'><strong><em>minus</em></strong></span> <span class='ocrx_word' id='word_1_710' title='bbox 2269 4607 2372 4664; x_wconf 74' lang='grc' dir='ltr'><strong><em>εει,</em></strong></span> <span class='ocrx_word' id='word_1_711' title='bbox 2408 4599 2635 4653; x_wconf 75' lang='lat' dir='ltr'><strong><em>Domino</em></strong></span> <span class='ocrx_word' id='word_1_712' title='bbox 2656 4600 2902 4668; x_wconf 61' lang='lat' dir='ltr'><strong><em>juvanw,</em></strong></span> <span class='ocrx_word' id='word_1_713' title='bbox 2933 4601 3131 4655; x_wconf 62' lang='lat' dir='ltr'><strong><em>reveni</em></strong></span> <span class='ocrx_word' id='word_1_714' title='bbox 3163 4616 3230 4655; x_wconf 66' lang='lat' dir='ltr'><strong><em>ac</em></strong></span> <span class='ocrx_word' id='word_1_715' title='bbox 3254 4601 3422 4655; x_wconf 54' lang='lat' dir='ltr'><strong><em>vitam</em></strong></span> <span class='ocrx_word' id='word_1_716' title='bbox 3449 4600 3626 4670; x_wconf 64' lang='grc' dir='ltr'><strong><em>Ρωηί-</em></strong></span> 
     </span>
    </p>
   </div>
   <div class='ocr_carea' id='block_1_95' title="bbox 352 4682 1936 4754">
    <p class='ocr_par' dir='ltr' id='par_1_95' title="bbox 352 4682 1936 4754">
     <span class='ocr_line' id='line_1_95' title="bbox 352 4682 1936 4754; baseline -0.002 -16"><span class='ocrx_word' id='word_1_717' title='bbox 352 4684 555 4752; x_wconf 84' lang='lat' dir='ltr'><strong><em>posuit,</em></strong></span> <span class='ocrx_word' id='word_1_718' title='bbox 584 4685 709 4754; x_wconf 88' lang='lat' dir='ltr'><strong><em>quia</em></strong></span> <span class='ocrx_word' id='word_1_719' title='bbox 744 4684 999 4739; x_wconf 89' lang='lat' dir='ltr'><strong><em>nimirum</em></strong></span> <span class='ocrx_word' id='word_1_720' title='bbox 1024 4685 1127 4739; x_wconf 91' lang='lat' dir='ltr'><strong><em>iter</em></strong></span> <span class='ocrx_word' id='word_1_721' title='bbox 1158 4692 1317 4739; x_wconf 79' lang='lat' dir='ltr'><strong><em>rectae</em></strong></span> <span class='ocrx_word' id='word_1_722' title='bbox 1345 4683 1573 4738; x_wconf 84' lang='lat' dir='ltr'><strong><em>actionis</em></strong></span> <span class='ocrx_word' id='word_1_723' title='bbox 1595 4684 1647 4737; x_wconf 85' lang='lat' dir='ltr'><strong><em>in</em></strong></span> <span class='ocrx_word' id='word_1_724' title='bbox 1675 4682 1791 4736; x_wconf 91' lang='lat' dir='ltr'><strong><em>lucc</em></strong></span> <span class='ocrx_word' id='word_1_725' title='bbox 1812 4697 1936 4751; x_wconf 79' lang='lat' dir='ltr'><strong><em>pcr-</em></strong></span> 
     </span>
    </p>
   </div>
   <div class='ocr_carea' id='block_1_96' title="bbox 354 4767 1933 4846">
    <p class='ocr_par' dir='ltr' id='par_1_96' title="bbox 354 4767 1933 4846">
     <span class='ocr_line' id='line_1_96' title="bbox 354 4767 1933 4846; baseline -0.002 -17"><span class='ocrx_word' id='word_1_726' title='bbox 354 4776 551 4846; x_wconf 84' lang='lat' dir='ltr'><strong><em>agitur,</em></strong></span> <span class='ocrx_word' id='word_1_727' title='bbox 602 4785 763 4846; x_wconf 86' lang='lat' dir='ltr'><strong><em>atque</em></strong></span> <span class='ocrx_word' id='word_1_728' title='bbox 809 4776 878 4831; x_wconf 90' lang='lat' dir='ltr'><strong><em>ad</em></strong></span> <span class='ocrx_word' id='word_1_729' title='bbox 920 4774 1057 4830; x_wconf 91' lang='lat' dir='ltr'><strong><em>lucis</em></strong></span> <span class='ocrx_word' id='word_1_730' title='bbox 1102 4767 1348 4845; x_wconf 77' lang='lat' dir='ltr'><strong><em>superna:</em></strong></span> <span class='ocrx_word' id='word_1_731' title='bbox 1384 4774 1579 4845; x_wconf 84' lang='lat' dir='ltr'><strong><em>gaudia</em></strong></span> <span class='ocrx_word' id='word_1_732' title='bbox 1630 4774 1795 4829; x_wconf 91' lang='lat' dir='ltr'><strong><em>ducit.</em></strong></span> <span class='ocrx_word' id='word_1_733' title='bbox 1841 4772 1933 4839; x_wconf 90' lang='lat' dir='ltr'><strong><em>At,</em></strong></span> 
     </span>
    </p>
   </div>
   <div class='ocr_carea' id='block_1_97' title="bbox 356 4862 1935 4937">
    <p class='ocr_par' dir='ltr' id='par_1_97' title="bbox 356 4862 1935 4937">
     <span class='ocr_line' id='line_1_97' title="bbox 356 4862 1935 4937; baseline -0.001 -19"><span class='ocrx_word' id='word_1_734' title='bbox 356 4866 496 4919; x_wconf 88' lang='lat' dir='ltr'><strong><em>sicut</em></strong></span> <span class='ocrx_word' id='word_1_735' title='bbox 518 4866 595 4920; x_wconf 88' lang='lat' dir='ltr'><strong><em>ait</em></strong></span> <span class='ocrx_word' id='word_1_736' title='bbox 620 4864 901 4930; x_wconf 91' lang='lat' dir='ltr'><strong><em>Dominus,</em></strong></span> <span class='ocrx_word' id='word_1_737' title='bbox 928 4865 1095 4920; x_wconf 86' lang='lat' dir='ltr'><strong><em>omnis</em></strong></span> <span class='ocrx_word' id='word_1_738' title='bbox 1114 4866 1201 4937; x_wconf 88' lang='lat' dir='ltr'><strong><em>qui</em></strong></span> <span class='ocrx_word' id='word_1_739' title='bbox 1224 4864 1364 4918; x_wconf 90' lang='lat' dir='ltr'><strong><em>mala</em></strong></span> <span class='ocrx_word' id='word_1_740' title='bbox 1392 4864 1518 4935; x_wconf 87' lang='lat' dir='ltr'><strong><em>agit,</em></strong></span> <span class='ocrx_word' id='word_1_741' title='bbox 1543 4864 1651 4918; x_wconf 86' lang='lat' dir='ltr'><strong><em>odit</em></strong></span> <span class='ocrx_word' id='word_1_742' title='bbox 1676 4862 1862 4928; x_wconf 86' lang='lat' dir='ltr'><strong><em>lucem,</em></strong></span> <span class='ocrx_word' id='word_1_743' title='bbox 1887 4871 1935 4916; x_wconf 90' lang='lat' dir='ltr'><strong><em>et</em></strong></span> 
     </span>
    </p>
   </div>
   <div class='ocr_carea' id='block_1_98' title="bbox 343 4923 1937 5027">
    <p class='ocr_par' dir='ltr' id='par_1_98' title="bbox 343 4923 1937 5027">
     <span class='ocr_line' id='line_1_98' title="bbox 343 4923 1937 5027; baseline 0.003 -20"><span class='ocrx_word' id='word_1_744' title='bbox 343 4923 461 5008; x_wconf 56' lang='lat' dir='ltr'><strong><em>lnon</em></strong></span> <span class='ocrx_word' id='word_1_745' title='bbox 511 4956 641 5010; x_wconf 76' lang='lat' dir='ltr'><strong><em>venit</em></strong></span> <span class='ocrx_word' id='word_1_746' title='bbox 686 4956 754 5009; x_wconf 84' lang='lat' dir='ltr'><strong><em>ad</em></strong></span> <span class='ocrx_word' id='word_1_747' title='bbox 803 4944 1007 5021; x_wconf 81' lang='lat' dir='ltr'><strong><em>lucem,</em></strong></span> <span class='ocrx_word' id='word_1_748' title='bbox 1054 4964 1109 5009; x_wconf 87' lang='lat' dir='ltr'><strong><em>ut</em></strong></span> <span class='ocrx_word' id='word_1_749' title='bbox 1151 4972 1253 5009; x_wconf 89' lang='lat' dir='ltr'><strong><em>non</em></strong></span> <span class='ocrx_word' id='word_1_750' title='bbox 1288 4965 1580 5027; x_wconf 87' lang='lat' dir='ltr'><strong><em>arguantur</em></strong></span> <span class='ocrx_word' id='word_1_751' title='bbox 1621 4955 1737 5027; x_wconf 84' lang='lat' dir='ltr'><strong><em>ejus</em></strong></span> <span class='ocrx_word' id='word_1_752' title='bbox 1779 4972 1937 5026; x_wconf 87' lang='lat' dir='ltr'><strong><em>opera</em></strong></span> 
     </span>
    </p>
   </div>
   <div class='ocr_carea' id='block_1_99' title="bbox 360 5038 1936 5118">
    <p class='ocr_par' dir='ltr' id='par_1_99' title="bbox 360 5038 1936 5118">
     <span class='ocr_line' id='line_1_99' title="bbox 360 5038 1936 5118; baseline 0.003 -20"><span class='ocrx_word' id='word_1_753' title='bbox 360 5044 541 5116; x_wconf 83' lang='lat' dir='ltr'><strong><em>(Joan.</em></strong></span> <span class='ocrx_word' id='word_1_754' title='bbox 564 5045 670 5118; x_wconf 76' lang='lat' dir='ltr'><strong><em>tu),</em></strong></span> <span class='ocrx_word' id='word_1_755' title='bbox 701 5054 757 5102; x_wconf 91' lang='lat' dir='ltr'><strong><em>et</em></strong></span> <span class='ocrx_word' id='word_1_756' title='bbox 780 5038 903 5102; x_wconf 90' lang='lat' dir='ltr'><strong><em>talis</em></strong></span> <span class='ocrx_word' id='word_1_757' title='bbox 925 5045 1088 5102; x_wconf 85' lang='lat' dir='ltr'><strong><em>linem</em></strong></span> <span class='ocrx_word' id='word_1_758' title='bbox 1106 5046 1468 5102; x_wconf 85' lang='lat' dir='ltr'><strong><em>exterioribus</em></strong></span> <span class='ocrx_word' id='word_1_759' title='bbox 1494 5047 1753 5104; x_wconf 88' lang='lat' dir='ltr'><strong><em>sortietur</em></strong></span> <span class='ocrx_word' id='word_1_760' title='bbox 1776 5047 1831 5103; x_wconf 89' lang='lat' dir='ltr'><strong><em>in</em></strong></span> <span class='ocrx_word' id='word_1_761' title='bbox 1858 5054 1936 5102; x_wconf 86' lang='lat' dir='ltr'><strong><em>te-</em></strong></span> 
     </span>
    </p>
   </div>
   <div class='ocr_carea' id='block_1_100' title="bbox 359 5137 565 5192">
    <p class='ocr_par' dir='ltr' id='par_1_100' title="bbox 359 5137 565 5192">
     <span class='ocr_line' id='line_1_100' title="bbox 359 5137 565 5192; baseline 0.005 -1"><span class='ocrx_word' id='word_1_762' title='bbox 359 5137 565 5192; x_wconf 88' lang='lat' dir='ltr'><strong><em>nebris.</em></strong></span> 
     </span>
    </p>
   </div>
   <div class='ocr_carea' id='block_1_101' title="bbox 343 5226 1940 5299">
    <p class='ocr_par' dir='ltr' id='par_1_101' title="bbox 343 5226 1940 5299">
     <span class='ocr_line' id='line_1_101' title="bbox 343 5226 1940 5299; baseline 0.001 -17"><span class='ocrx_word' id='word_1_763' title='bbox 343 5234 350 5245; x_wconf 88' lang='lat'><em>&#39;</em></span> <span class='ocrx_word' id='word_1_764' title='bbox 432 5226 537 5294; x_wconf 79' lang='lat' dir='ltr'><strong><em>Qui</em></strong></span> <span class='ocrx_word' id='word_1_765' title='bbox 566 5227 813 5283; x_wconf 67' lang='lat' dir='ltr'><strong><em>laetantur</em></strong></span> <span class='ocrx_word' id='word_1_766' title='bbox 843 5246 962 5284; x_wconf 86' lang='lat' dir='ltr'><strong><em>cum</em></strong></span> <span class='ocrx_word' id='word_1_767' title='bbox 994 5227 1131 5283; x_wconf 90' lang='lat' dir='ltr'><strong><em>male</em></strong></span> <span class='ocrx_word' id='word_1_768' title='bbox 1159 5228 1405 5299; x_wconf 76' lang='lat' dir='ltr'><strong><em>fecerint,</em></strong></span> <span class='ocrx_word' id='word_1_769' title='bbox 1439 5236 1487 5283; x_wconf 89' lang='lat' dir='ltr'><strong><em>et</em></strong></span> <span class='ocrx_word' id='word_1_770' title='bbox 1516 5228 1753 5283; x_wconf 75' lang='lat' dir='ltr'><strong><em>exultant</em></strong></span> <span class='ocrx_word' id='word_1_771' title='bbox 1778 5233 1835 5284; x_wconf 87' lang='lat' dir='ltr'><strong><em>in</em></strong></span> <span class='ocrx_word' id='word_1_772' title='bbox 1860 5244 1940 5283; x_wconf 86' lang='lat' dir='ltr'><strong><em>re-</em></strong></span> 
     </span>
    </p>
   </div>
   <div class='ocr_carea' id='block_1_102' title="bbox 361 5319 1942 5394">
    <p class='ocr_par' dir='ltr' id='par_1_102' title="bbox 361 5319 1942 5394">
     <span class='ocr_line' id='line_1_102' title="bbox 361 5319 1942 5394; baseline 0.003 -20"><span class='ocrx_word' id='word_1_773' title='bbox 361 5319 458 5374; x_wconf 87' lang='lat' dir='ltr'><strong><em>bus</em></strong></span> <span class='ocrx_word' id='word_1_774' title='bbox 483 5321 738 5392; x_wconf 88' lang='lat' dir='ltr'><strong><em>pessimis.</em></strong></span> <span class='ocrx_word' id='word_1_775' title='bbox 774 5322 900 5378; x_wconf 89' lang='lat' dir='ltr'><strong><em>ldeo</em></strong></span> <span class='ocrx_word' id='word_1_776' title='bbox 928 5322 1067 5377; x_wconf 89' lang='lat' dir='ltr'><strong><em>mala</em></strong></span> <span class='ocrx_word' id='word_1_777' title='bbox 1094 5321 1354 5378; x_wconf 81' lang='lat' dir='ltr'><strong><em>facientes</em></strong></span> <span class='ocrx_word' id='word_1_778' title='bbox 1386 5322 1663 5389; x_wconf 84' lang='lat' dir='ltr'><strong><em>exultant,</em></strong></span> <span class='ocrx_word' id='word_1_779' title='bbox 1694 5323 1819 5393; x_wconf 91' lang='lat' dir='ltr'><strong><em>quia</em></strong></span> <span class='ocrx_word' id='word_1_780' title='bbox 1844 5338 1942 5394; x_wconf 89' lang='lat' dir='ltr'><strong><em>per</em></strong></span> 
     </span>
    </p>
   </div>
   <div class='ocr_carea' id='block_1_103' title="bbox 361 5414 1941 5487">
    <p class='ocr_par' dir='ltr' id='par_1_103' title="bbox 361 5414 1941 5487">
     <span class='ocr_line' id='line_1_103' title="bbox 361 5414 1941 5487; baseline 0.001 -18"><span class='ocrx_word' id='word_1_781' title='bbox 361 5414 482 5469; x_wconf 83' lang='lat' dir='ltr'><strong><em>vi‘as</em></strong></span> <span class='ocrx_word' id='word_1_782' title='bbox 510 5414 823 5470; x_wconf 88' lang='lat' dir='ltr'><strong><em>tenebrosas</em></strong></span> <span class='ocrx_word' id='word_1_783' title='bbox 850 5415 1159 5481; x_wconf 89' lang='lat' dir='ltr'><strong><em>ambulant,</em></strong></span> <span class='ocrx_word' id='word_1_784' title='bbox 1195 5423 1251 5469; x_wconf 89' lang='lat' dir='ltr'><strong><em>et</em></strong></span> <span class='ocrx_word' id='word_1_785' title='bbox 1286 5414 1534 5470; x_wconf 90' lang='lat' dir='ltr'><strong><em>nesciunt</em></strong></span> <span class='ocrx_word' id='word_1_786' title='bbox 1563 5430 1669 5487; x_wconf 91' lang='lat' dir='ltr'><strong><em>quo</em></strong></span> <span class='ocrx_word' id='word_1_787' title='bbox 1705 5425 1851 5471; x_wconf 90' lang='lat' dir='ltr'><strong><em>eant.</em></strong></span> <span class='ocrx_word' id='word_1_788' title='bbox 1882 5414 1941 5470; x_wconf 89' lang='lat' dir='ltr'><strong><em>Si</em></strong></span> 
     </span>
    </p>
   </div>
   <div class='ocr_carea' id='block_1_104' title="bbox 361 5506 1941 5579">
    <p class='ocr_par' dir='ltr' id='par_1_104' title="bbox 361 5506 1941 5579">
     <span class='ocr_line' id='line_1_104' title="bbox 361 5506 1941 5579; baseline 0.003 -17"><span class='ocrx_word' id='word_1_789' title='bbox 361 5507 533 5572; x_wconf 89' lang='lat' dir='ltr'><strong><em>enim,</em></strong></span> <span class='ocrx_word' id='word_1_790' title='bbox 561 5506 686 5577; x_wconf 88' lang='lat' dir='ltr'><strong><em>quia</em></strong></span> <span class='ocrx_word' id='word_1_791' title='bbox 714 5509 780 5563; x_wconf 88' lang='lat' dir='ltr'><strong><em>ad</em></strong></span> <span class='ocrx_word' id='word_1_792' title='bbox 806 5524 1020 5579; x_wconf 71' lang='lat' dir='ltr'><strong><em>[uenam</em></strong></span> <span class='ocrx_word' id='word_1_793' title='bbox 1059 5509 1306 5575; x_wconf 89' lang='lat' dir='ltr'><strong><em>tendunt,</em></strong></span> <span class='ocrx_word' id='word_1_794' title='bbox 1345 5510 1672 5578; x_wconf 88' lang='lat' dir='ltr'><strong><em>aspicerent,</em></strong></span> <span class='ocrx_word' id='word_1_795' title='bbox 1700 5526 1941 5579; x_wconf 83' lang='lat' dir='ltr'><strong><em>gressum</em></strong></span> 
     </span>
    </p>
   </div>
   <div class='ocr_carea' id='block_1_105' title="bbox 362 5600 1943 5672">
    <p class='ocr_par' dir='ltr' id='par_1_105' title="bbox 362 5600 1943 5672">
     <span class='ocr_line' id='line_1_105' title="bbox 362 5600 1943 5672; baseline 0.004 -20"><span class='ocrx_word' id='word_1_796' title='bbox 362 5600 550 5669; x_wconf 88' lang='lat' dir='ltr'><strong><em>utique</em></strong></span> <span class='ocrx_word' id='word_1_797' title='bbox 584 5600 897 5657; x_wconf 87' lang='lat' dir='ltr'><strong><em>cohiberent</em></strong></span> <span class='ocrx_word' id='word_1_798' title='bbox 930 5602 1254 5672; x_wconf 82' lang='lat' dir='ltr'><strong><em>noxiamque</em></strong></span> <span class='ocrx_word' id='word_1_799' title='bbox 1292 5602 1530 5658; x_wconf 69' lang='lat' dir='ltr'><strong><em>ltetitiam</em></strong></span> <span class='ocrx_word' id='word_1_800' title='bbox 1574 5603 1776 5659; x_wconf 89' lang='lat' dir='ltr'><strong><em>salubri</em></strong></span> <span class='ocrx_word' id='word_1_801' title='bbox 1817 5602 1943 5660; x_wconf 84' lang='lat' dir='ltr'><strong><em>ﬂetu</em></strong></span> 
     </span>
    </p>
   </div>
   <div class='ocr_carea' id='block_1_106' title="bbox 364 5691 717 5762">
    <p class='ocr_par' dir='ltr' id='par_1_106' title="bbox 364 5691 717 5762">
     <span class='ocr_line' id='line_1_106' title="bbox 364 5691 717 5762; baseline 0.003 -18"><span class='ocrx_word' id='word_1_802' title='bbox 364 5691 717 5762; x_wconf 77' lang='lat' dir='ltr'><strong><em>castigarem.</em></strong></span> 
     </span>
    </p>
   </div>
   <div class='ocr_carea' id='block_1_107' title="bbox 400 5778 1944 5856">
    <p class='ocr_par' dir='ltr' id='par_1_107' title="bbox 400 5778 1944 5856">
     <span class='ocr_line' id='line_1_107' title="bbox 400 5778 1944 5856; baseline 0.006 -26"><span class='ocrx_word' id='word_1_803' title='bbox 400 5786 407 5791; x_wconf 93' lang='lat'><strong><em>&#39;</em></strong></span> <span class='ocrx_word' id='word_1_804' title='bbox 441 5780 507 5832; x_wconf 66' lang='lat' dir='ltr'><strong><em>tit</em></strong></span> <span class='ocrx_word' id='word_1_805' title='bbox 548 5783 752 5837; x_wconf 64' lang='lat' dir='ltr'><strong><em>eruat-is</em></strong></span> <span class='ocrx_word' id='word_1_806' title='bbox 800 5798 831 5837; x_wconf 89' lang='lat' dir='ltr'><strong><em>a</em></strong></span> <span class='ocrx_word' id='word_1_807' title='bbox 872 5778 1087 5837; x_wconf 82' lang='lat' dir='ltr'><strong><em>muliere</em></strong></span> <span class='ocrx_word' id='word_1_808' title='bbox 1121 5799 1294 5838; x_wconf 74' lang='lat' dir='ltr'><strong><em>auena</em></strong></span> <span class='ocrx_word' id='word_1_809' title='bbox 1334 5792 1382 5838; x_wconf 89' lang='lat' dir='ltr'><strong><em>et</em></strong></span> <span class='ocrx_word' id='word_1_810' title='bbox 1431 5783 1495 5839; x_wconf 88' lang='lat' dir='ltr'><strong><em>ab</em></strong></span> <span class='ocrx_word' id='word_1_811' title='bbox 1534 5792 1780 5839; x_wconf 75' lang='lat' dir='ltr'><strong><em>extranea</em></strong></span> <span class='ocrx_word' id='word_1_812' title='bbox 1827 5799 1944 5856; x_wconf 72' lang='lat' dir='ltr'><strong><em>qua:</em></strong></span> 
     </span>
    </p>
   </div>
   <div class='ocr_carea' id='block_1_108' title="bbox 2038 4687 3628 4759">
    <p class='ocr_par' dir='ltr' id='par_1_108' title="bbox 2038 4687 3628 4759">
     <span class='ocr_line' id='line_1_108' title="bbox 2038 4687 3628 4759; baseline 0.001 -18"><span class='ocrx_word' id='word_1_813' title='bbox 2038 4687 2200 4741; x_wconf 88' lang='lat' dir='ltr'><strong><em>tendo</em></strong></span> <span class='ocrx_word' id='word_1_814' title='bbox 2228 4687 2425 4741; x_wconf 89' lang='lat' dir='ltr'><strong><em>mereri</em></strong></span> <span class='ocrx_word' id='word_1_815' title='bbox 2455 4703 2469 4739; x_wconf 92' lang='lat'><strong>:</strong></span> <span class='ocrx_word' id='word_1_816' title='bbox 2498 4694 2676 4756; x_wconf 87' lang='lat' dir='ltr'><strong><em>potest</em></strong></span> <span class='ocrx_word' id='word_1_817' title='bbox 2698 4687 2791 4756; x_wconf 87' lang='lat' dir='ltr'><strong><em>qui</em></strong></span> <span class='ocrx_word' id='word_1_818' title='bbox 2820 4688 3013 4742; x_wconf 72' lang='lat' dir='ltr'><strong><em>limresi</em></strong></span> <span class='ocrx_word' id='word_1_819' title='bbox 3040 4688 3275 4757; x_wconf 90' lang='lat' dir='ltr'><strong><em>pollutus</em></strong></span> <span class='ocrx_word' id='word_1_820' title='bbox 3296 4697 3380 4743; x_wconf 85' lang='lat' dir='ltr'><strong><em>est</em></strong></span> <span class='ocrx_word' id='word_1_821' title='bbox 3405 4687 3628 4759; x_wconf 79' lang='lat' dir='ltr'><strong><em>resipis—</em></strong></span> 
     </span>
    </p>
   </div>
   <div class='ocr_carea' id='block_1_109' title="bbox 2038 4776 3628 4848">
    <p class='ocr_par' dir='ltr' id='par_1_109' title="bbox 2038 4776 3628 4848">
     <span class='ocr_line' id='line_1_109' title="bbox 2038 4776 3628 4848; baseline 0.001 -16"><span class='ocrx_word' id='word_1_822' title='bbox 2038 4777 2210 4832; x_wconf 86' lang='lat' dir='ltr'><strong><em>cendo</em></strong></span> <span class='ocrx_word' id='word_1_823' title='bbox 2243 4776 2421 4832; x_wconf 91' lang='lat' dir='ltr'><strong><em>redire</em></strong></span> <span class='ocrx_word' id='word_1_824' title='bbox 2446 4777 2515 4832; x_wconf 89' lang='lat' dir='ltr'><strong><em>ad</em></strong></span> <span class='ocrx_word' id='word_1_825' title='bbox 2542 4777 2792 4833; x_wconf 83' lang='lat' dir='ltr'><strong><em>salutem.</em></strong></span> <span class='ocrx_word' id='word_1_826' title='bbox 2819 4776 2888 4832; x_wconf 81' lang='lat' dir='ltr'><strong><em>At</em></strong></span> <span class='ocrx_word' id='word_1_827' title='bbox 2912 4778 3006 4848; x_wconf 90' lang='lat' dir='ltr'><strong><em>qui</em></strong></span> <span class='ocrx_word' id='word_1_828' title='bbox 3034 4778 3203 4835; x_wconf 83' lang='lat' dir='ltr'><strong><em>semel</em></strong></span> <span class='ocrx_word' id='word_1_829' title='bbox 3219 4786 3425 4834; x_wconf 61' lang='lat' dir='ltr'><strong><em>retenta</em></strong></span> <span class='ocrx_word' id='word_1_830' title='bbox 3449 4786 3628 4833; x_wconf 85' lang='lat' dir='ltr'><strong><em>morte</em></strong></span> 
     </span>
    </p>
   </div>
   <div class='ocr_carea' id='block_1_110' title="bbox 2039 4870 3627 4943">
    <p class='ocr_par' dir='ltr' id='par_1_110' title="bbox 2039 4870 3627 4943">
     <span class='ocr_line' id='line_1_110' title="bbox 2039 4870 3627 4943; baseline 0.002 -21"><span class='ocrx_word' id='word_1_831' title='bbox 2039 4878 2227 4939; x_wconf 87' lang='lat' dir='ltr'><strong><em>raptus</em></strong></span> <span class='ocrx_word' id='word_1_832' title='bbox 2261 4878 2379 4934; x_wconf 87' lang='lat' dir='ltr'><strong><em>est,</em></strong></span> <span class='ocrx_word' id='word_1_833' title='bbox 2411 4885 2687 4939; x_wconf 88' lang='lat' dir='ltr'><strong><em>nunquam</em></strong></span> <span class='ocrx_word' id='word_1_834' title='bbox 2718 4870 2892 4926; x_wconf 83' lang='lat' dir='ltr'><strong><em>rediet</em></strong></span> <span class='ocrx_word' id='word_1_835' title='bbox 2929 4870 2998 4926; x_wconf 86' lang='lat' dir='ltr'><strong><em>ad</em></strong></span> <span class='ocrx_word' id='word_1_836' title='bbox 3023 4870 3166 4926; x_wconf 87' lang='lat' dir='ltr'><strong><em>viam</em></strong></span> <span class='ocrx_word' id='word_1_837' title='bbox 3193 4885 3315 4940; x_wconf 75' lang='lat' dir='ltr'><strong><em>qua:</em></strong></span> <span class='ocrx_word' id='word_1_838' title='bbox 3339 4870 3509 4925; x_wconf 88' lang='lat' dir='ltr'><strong><em>vitam</em></strong></span> <span class='ocrx_word' id='word_1_839' title='bbox 3532 4887 3627 4943; x_wconf 85' lang='lat' dir='ltr'><strong><em>pe-</em></strong></span> 
     </span>
    </p>
   </div>
   <div class='ocr_carea' id='block_1_111' title="bbox 2041 4959 3625 5034">
    <p class='ocr_par' dir='ltr' id='par_1_111' title="bbox 2041 4959 3625 5034">
     <span class='ocr_line' id='line_1_111' title="bbox 2041 4959 3625 5034; baseline 0.002 -21"><span class='ocrx_word' id='word_1_840' title='bbox 2041 4967 2120 5014; x_wconf 90' lang='lat' dir='ltr'><strong><em>tat</em></strong></span> <span class='ocrx_word' id='word_1_841' title='bbox 2151 4960 2454 5015; x_wconf 87' lang='lat' dir='ltr'><strong><em>beatorum.</em></strong></span> <span class='ocrx_word' id='word_1_842' title='bbox 2492 4959 2648 5028; x_wconf 88' lang='lat' dir='ltr'><strong><em>Quod</em></strong></span> <span class='ocrx_word' id='word_1_843' title='bbox 2688 4969 2881 5018; x_wconf 89' lang='lat' dir='ltr'><strong><em>contra</em></strong></span> <span class='ocrx_word' id='word_1_844' title='bbox 2908 4961 3265 5034; x_wconf 83' lang='lat' dir='ltr'><strong><em>Origenianos</em></strong></span> <span class='ocrx_word' id='word_1_845' title='bbox 3297 4962 3515 5033; x_wconf 77' lang='lat' dir='ltr'><strong><em>proprie</em></strong></span> <span class='ocrx_word' id='word_1_846' title='bbox 3538 4962 3625 5016; x_wconf 86' lang='lat' dir='ltr'><strong><em>di-</em></strong></span> 
     </span>
    </p>
   </div>
   <div class='ocr_carea' id='block_1_112' title="bbox 2045 5044 3623 5127">
    <p class='ocr_par' dir='ltr' id='par_1_112' title="bbox 2045 5044 3623 5127">
     <span class='ocr_line' id='line_1_112' title="bbox 2045 5044 3623 5127; baseline 0 -18"><span class='ocrx_word' id='word_1_847' title='bbox 2045 5063 2190 5109; x_wconf 90' lang='lat' dir='ltr'><strong><em>ctum</em></strong></span> <span class='ocrx_word' id='word_1_848' title='bbox 2218 5061 2331 5120; x_wconf 87' lang='lat' dir='ltr'><strong><em>est,</em></strong></span> <span class='ocrx_word' id='word_1_849' title='bbox 2356 5055 2448 5124; x_wconf 93' lang='lat' dir='ltr'><strong><em>qui</em></strong></span> <span class='ocrx_word' id='word_1_850' title='bbox 2482 5055 2753 5111; x_wconf 79' lang='lat' dir='ltr'><strong><em>luereticis</em></strong></span> <span class='ocrx_word' id='word_1_851' title='bbox 2774 5044 3503 5127; x_wconf 37' lang='lat' dir='ltr'><strong><em>meretricibus-cunctisque</em></strong></span> <span class='ocrx_word' id='word_1_852' title='bbox 3524 5053 3623 5109; x_wconf 81' lang='lat' dir='ltr'><strong><em>lla-</em></strong></span> 
     </span>
    </p>
   </div>
   <div class='ocr_carea' id='block_1_113' title="bbox 2044 5145 3633 5219">
    <p class='ocr_par' dir='ltr' id='par_1_113' title="bbox 2044 5145 3633 5219">
     <span class='ocr_line' id='line_1_113' title="bbox 2044 5145 3633 5219; baseline 0.001 -18"><span class='ocrx_word' id='word_1_853' title='bbox 2044 5147 2298 5219; x_wconf 86' lang='lat' dir='ltr'><strong><em>gitiorum</em></strong></span> <span class='ocrx_word' id='word_1_854' title='bbox 2329 5147 2519 5213; x_wconf 90' lang='lat' dir='ltr'><strong><em>turbis,</em></strong></span> <span class='ocrx_word' id='word_1_855' title='bbox 2547 5155 2602 5202; x_wconf 89' lang='lat' dir='ltr'><strong><em>et</em></strong></span> <span class='ocrx_word' id='word_1_856' title='bbox 2623 5147 2844 5217; x_wconf 86' lang='lat' dir='ltr'><strong><em>insuper</em></strong></span> <span class='ocrx_word' id='word_1_857' title='bbox 2871 5147 2972 5217; x_wconf 92' lang='lat' dir='ltr'><strong><em>ipsi</em></strong></span> <span class='ocrx_word' id='word_1_858' title='bbox 3002 5146 3216 5203; x_wconf 85' lang='lat' dir='ltr'><strong><em>diabolo</em></strong></span> <span class='ocrx_word' id='word_1_859' title='bbox 3237 5154 3402 5217; x_wconf 82' lang='lat' dir='ltr'><strong><em>atque</em></strong></span> <span class='ocrx_word' id='word_1_860' title='bbox 3421 5145 3633 5218; x_wconf 74' lang='lat' dir='ltr'><strong><em>angelis</em></strong></span> 
     </span>
    </p>
   </div>
   <div class='ocr_carea' id='block_1_114' title="bbox 2044 5234 3629 5308">
    <p class='ocr_par' dir='ltr' id='par_1_114' title="bbox 2044 5234 3629 5308">
     <span class='ocr_line' id='line_1_114' title="bbox 2044 5234 3629 5308; baseline 0 -16"><span class='ocrx_word' id='word_1_861' title='bbox 2044 5235 2163 5307; x_wconf 88' lang='lat' dir='ltr'><strong><em>ejus</em></strong></span> <span class='ocrx_word' id='word_1_862' title='bbox 2200 5244 2323 5307; x_wconf 90' lang='lat' dir='ltr'><strong><em>post</em></strong></span> <span class='ocrx_word' id='word_1_863' title='bbox 2375 5238 2661 5293; x_wconf 89' lang='lat' dir='ltr'><strong><em>innumera</em></strong></span> <span class='ocrx_word' id='word_1_864' title='bbox 2700 5238 2828 5294; x_wconf 90' lang='lat' dir='ltr'><strong><em>licet</em></strong></span> <span class='ocrx_word' id='word_1_865' title='bbox 2863 5237 3061 5308; x_wconf 81' lang='lat' dir='ltr'><strong><em>expleti</em></strong></span> <span class='ocrx_word' id='word_1_866' title='bbox 3091 5236 3415 5292; x_wconf 83' lang='lat' dir='ltr'><strong><em>universalis</em></strong></span> <span class='ocrx_word' id='word_1_867' title='bbox 3434 5234 3629 5306; x_wconf 87' lang='lat' dir='ltr'><strong><em>judicii</em></strong></span> 
     </span>
    </p>
   </div>
   <div class='ocr_carea' id='block_1_115' title="bbox 2047 5328 3641 5398">
    <p class='ocr_par' dir='ltr' id='par_1_115' title="bbox 2047 5328 3641 5398">
     <span class='ocr_line' id='line_1_115' title="bbox 2047 5328 3641 5398; baseline 0.001 -15"><span class='ocrx_word' id='word_1_868' title='bbox 2047 5337 2322 5397; x_wconf 88' lang='lat' dir='ltr'><strong><em>tempora,</em></strong></span> <span class='ocrx_word' id='word_1_869' title='bbox 2366 5328 2738 5384; x_wconf 88' lang='lat' dir='ltr'><strong><em>remissionem</em></strong></span> <span class='ocrx_word' id='word_1_870' title='bbox 2774 5328 3040 5384; x_wconf 87' lang='lat' dir='ltr'><strong><em>scelerum</em></strong></span> <span class='ocrx_word' id='word_1_871' title='bbox 3068 5368 3085 5394; x_wconf 95' lang='lat'><strong><em>,</em></strong></span> <span class='ocrx_word' id='word_1_872' title='bbox 3122 5329 3398 5398; x_wconf 88' lang='lat' dir='ltr'><strong><em>vitamque</em></strong></span> <span class='ocrx_word' id='word_1_873' title='bbox 3440 5342 3506 5383; x_wconf 88' lang='lat' dir='ltr'><strong><em>ac</em></strong></span> <span class='ocrx_word' id='word_1_874' title='bbox 3542 5343 3641 5384; x_wconf 80' lang='lat' dir='ltr'><strong><em>re-</em></strong></span> 
     </span>
    </p>
   </div>
   <div class='ocr_carea' id='block_1_116' title="bbox 2046 5416 3631 5490">
    <p class='ocr_par' dir='ltr' id='par_1_116' title="bbox 2046 5416 3631 5490">
     <span class='ocr_line' id='line_1_116' title="bbox 2046 5416 3631 5490; baseline 0 -17"><span class='ocrx_word' id='word_1_875' title='bbox 2046 5435 2212 5490; x_wconf 85' lang='lat' dir='ltr'><strong><em>gnum</em></strong></span> <span class='ocrx_word' id='word_1_876' title='bbox 2254 5418 2577 5488; x_wconf 90' lang='lat' dir='ltr'><strong><em>promittunt</em></strong></span> <span class='ocrx_word' id='word_1_877' title='bbox 2612 5419 2666 5473; x_wconf 87' lang='lat' dir='ltr'><strong><em>in</em></strong></span> <span class='ocrx_word' id='word_1_878' title='bbox 2710 5418 2881 5473; x_wconf 67' lang='lat' dir='ltr'><strong><em>caelis.</em></strong></span> <span class='ocrx_word' id='word_1_879' title='bbox 2926 5417 3063 5474; x_wconf 78' lang='lat' dir='ltr'><strong><em>Male</em></strong></span> <span class='ocrx_word' id='word_1_880' title='bbox 3102 5417 3461 5490; x_wconf 73' lang='lat' dir='ltr'><strong><em>intelligentes</em></strong></span> <span class='ocrx_word' id='word_1_881' title='bbox 3495 5416 3631 5473; x_wconf 89' lang='lat' dir='ltr'><strong><em>illud</em></strong></span> 
     </span>
    </p>
   </div>
   <div class='ocr_carea' id='block_1_117' title="bbox 2045 5506 3630 5578">
    <p class='ocr_par' dir='ltr' id='par_1_117' title="bbox 2045 5506 3630 5578">
     <span class='ocr_line' id='line_1_117' title="bbox 2045 5506 3630 5578; baseline -0.001 -15"><span class='ocrx_word' id='word_1_882' title='bbox 2045 5509 2197 5565; x_wconf 77' lang='lat' dir='ltr'><strong><em>Isaize</em></strong></span> <span class='ocrx_word' id='word_1_883' title='bbox 2235 5525 2247 5561; x_wconf 92' lang='lat'><strong>:</strong></span> <span class='ocrx_word' id='word_1_884' title='bbox 2294 5506 2364 5562; x_wconf 83' lang='lat' dir='ltr'><strong><em>Et</em></strong></span> <span class='ocrx_word' id='word_1_885' title='bbox 2402 5506 2716 5562; x_wconf 88' lang='lat' dir='ltr'><strong><em>claudentur</em></strong></span> <span class='ocrx_word' id='word_1_886' title='bbox 2758 5508 2903 5578; x_wconf 87' lang='lat' dir='ltr'><strong><em>impii</em></strong></span> <span class='ocrx_word' id='word_1_887' title='bbox 2941 5510 2996 5562; x_wconf 91' lang='lat' dir='ltr'><strong><em>in</em></strong></span> <span class='ocrx_word' id='word_1_888' title='bbox 3036 5524 3277 5573; x_wconf 84' lang='lat' dir='ltr'><strong><em>carcere,</em></strong></span> <span class='ocrx_word' id='word_1_889' title='bbox 3302 5516 3349 5561; x_wconf 87' lang='lat' dir='ltr'><strong><em>et</em></strong></span> <span class='ocrx_word' id='word_1_890' title='bbox 3380 5516 3495 5577; x_wconf 86' lang='lat' dir='ltr'><strong><em>post</em></strong></span> <span class='ocrx_word' id='word_1_891' title='bbox 3517 5506 3630 5562; x_wconf 81' lang='lat' dir='ltr'><strong><em>dies</em></strong></span> 
     </span>
    </p>
   </div>
   <div class='ocr_carea' id='block_1_118' title="bbox 2046 5598 3649 5672">
    <p class='ocr_par' dir='ltr' id='par_1_118' title="bbox 2046 5598 3649 5672">
     <span class='ocr_line' id='line_1_118' title="bbox 2046 5598 3649 5672; baseline -0.002 -17"><span class='ocrx_word' id='word_1_892' title='bbox 2046 5601 2238 5656; x_wconf 86' lang='lat' dir='ltr'><strong><em>multos</em></strong></span> <span class='ocrx_word' id='word_1_893' title='bbox 2260 5598 2604 5654; x_wconf 61' lang='lat' dir='ltr'><strong><em>uisitabantur</em></strong></span> <span class='ocrx_word' id='word_1_894' title='bbox 2627 5598 2761 5670; x_wconf 87' lang='lat' dir='ltr'><strong><em>(Isa.</em></strong></span> <span class='ocrx_word' id='word_1_895' title='bbox 2788 5600 2963 5672; x_wconf 79' lang='lat' dir='ltr'><strong><em>xxiv),</em></strong></span> <span class='ocrx_word' id='word_1_896' title='bbox 2983 5600 3136 5671; x_wconf 75' lang='lat' dir='ltr'><strong><em>quasi</em></strong></span> <span class='ocrx_word' id='word_1_897' title='bbox 3164 5608 3285 5669; x_wconf 90' lang='lat' dir='ltr'><strong><em>post</em></strong></span> <span class='ocrx_word' id='word_1_898' title='bbox 3304 5599 3477 5654; x_wconf 87' lang='lat' dir='ltr'><strong><em>multa</em></strong></span> <span class='ocrx_word' id='word_1_899' title='bbox 3498 5606 3649 5659; x_wconf 72' lang='grc' dir='ltr'>ιθιιιο,</span> 
     </span>
    </p>
   </div>
   <div class='ocr_carea' id='block_1_119' title="bbox 2049 5688 3643 5765">
    <p class='ocr_par' dir='ltr' id='par_1_119' title="bbox 2049 5688 3643 5765">
     <span class='ocr_line' id='line_1_119' title="bbox 2049 5688 3643 5765; baseline -0.001 -19"><span class='ocrx_word' id='word_1_900' title='bbox 2049 5706 2179 5763; x_wconf 89' lang='lat' dir='ltr'><strong><em>pora</em></strong></span> <span class='ocrx_word' id='word_1_901' title='bbox 2203 5689 2476 5745; x_wconf 89' lang='lat' dir='ltr'><strong><em>terminati</em></strong></span> <span class='ocrx_word' id='word_1_902' title='bbox 2496 5689 2683 5759; x_wconf 87' lang='lat' dir='ltr'><strong><em>judicii</em></strong></span> <span class='ocrx_word' id='word_1_903' title='bbox 2715 5690 3001 5747; x_wconf 87' lang='lat' dir='ltr'><strong><em>salvandos</em></strong></span> <span class='ocrx_word' id='word_1_904' title='bbox 3025 5690 3223 5746; x_wconf 75' lang='lat' dir='ltr'><strong><em>dixerit</em></strong></span> <span class='ocrx_word' id='word_1_905' title='bbox 3246 5688 3441 5760; x_wconf 83' lang='lat' dir='ltr'><strong><em>impios</em></strong></span> <span class='ocrx_word' id='word_1_906' title='bbox 3460 5727 3476 5755; x_wconf 89' lang='lat'><strong><em>,</em></strong></span> <span class='ocrx_word' id='word_1_907' title='bbox 3504 5702 3643 5765; x_wconf 67' lang='lat' dir='ltr'><strong><em>cum</em></strong></span> 
     </span>
    </p>
   </div>
   <div class='ocr_carea' id='block_1_120' title="bbox 2066 5778 3631 5850">
    <p class='ocr_par' dir='ltr' id='par_1_120' title="bbox 2066 5778 3631 5850">
     <span class='ocr_line' id='line_1_120' title="bbox 2066 5778 3631 5850; baseline -0.003 -12"><span class='ocrx_word' id='word_1_908' title='bbox 2066 5782 2135 5839; x_wconf 87' lang='lat' dir='ltr'><strong><em>lle</em></strong></span> <span class='ocrx_word' id='word_1_909' title='bbox 2164 5798 2195 5840; x_wconf 92' lang='lat' dir='ltr'><strong><em>e</em></strong></span> <span class='ocrx_word' id='word_1_910' title='bbox 2218 5789 2403 5839; x_wconf 89' lang='lat' dir='ltr'><strong><em>contra</em></strong></span> <span class='ocrx_word' id='word_1_911' title='bbox 2430 5780 2629 5837; x_wconf 85' lang='lat' dir='ltr'><strong><em>nullam</em></strong></span> <span class='ocrx_word' id='word_1_912' title='bbox 2658 5782 2738 5839; x_wconf 88' lang='lat' dir='ltr'><strong><em>eis</em></strong></span> <span class='ocrx_word' id='word_1_913' title='bbox 2773 5782 2997 5838; x_wconf 82' lang='lat' dir='ltr'><strong><em>salutem</em></strong></span> <span class='ocrx_word' id='word_1_914' title='bbox 3030 5782 3258 5850; x_wconf 82' lang='lat' dir='ltr'><strong><em>tribuat,</em></strong></span> <span class='ocrx_word' id='word_1_915' title='bbox 3295 5778 3389 5837; x_wconf 87' lang='lat' dir='ltr'><strong><em>scd</em></strong></span> <span class='ocrx_word' id='word_1_916' title='bbox 3415 5793 3507 5835; x_wconf 90' lang='lat' dir='ltr'><strong><em>cos</em></strong></span> <span class='ocrx_word' id='word_1_917' title='bbox 3533 5778 3631 5848; x_wconf 88' lang='lat' dir='ltr'><strong><em>qui</em></strong></span> 
     </span>
    </p>
   </div>
  </div>
