4100 6324
502 361 603 420 691

1137 359 1200 416 Β.
1236 359 1490 416 RABANI
1525 357 1744 418 MAURI
1779 356 2095 414 ARCHIEP.
2138 356 2446 417 MOGUNT.
2488 357 2770 418 OPEBUM
2805 357 2983 416 PARS
3019 357 3104 414 ill.

3639 357 3747 417 69?.

499 477 606 532 hoc
633 483 872 545 tempore
914 471 1106 529 mortis
1147 488 1246 542 per
1285 474 1660 536 enormitatem
1707 471 2029 545 ﬂagitiorum
2055 510 2071 536 ,
2101 473 2152 533 A
2175 473 2265 543 qui
2283 482 2454 527 autem
2476 490 2558 528 me
2575 475 2802 529 audierit
2826 475 3016 544 absque
3032 475 3492 545 terrore'qutescet.
3517 472 3750 533 Possunt

501 563 677 620 dandi
716 569 992 618 merentur
1033 562 1086 616 in
1122 577 1340 618 carcere
1369 577 1684 631 poenarum,
1713 570 1952 630 tempore
1990 576 2076 615 re-

499 653 854 710 surrectionis
895 653 962 707 ad
999 651 1266 708 modicum
1302 652 1597 707 visitandos
1633 650 1924 722 signiﬁcet,
1954 659 2074 705 tan-

498 753 614 799 tum
652 753 714 801 ut
746 745 977 814 receptis
1010 743 1326 814 corporibus
1360 744 1412 797 in
1443 743 1648 814 judicio
1683 743 1898 814 gravius
1924 743 2074 797 dam-

498 844 716 900 nentur,
739 843 796 890 et
815 833 1074 890 continuo
1100 841 1218 903 post
1233 830 1493 901 judicium
1517 833 1871 888 atrocioribus
1891 847 2076 903 perpe~

495 933 592 978 tuo
633 922 978 978 recludantur
1011 922 1064 976 in
1101 921 1295 992 poenis.
1333 921 1590 988 Quamvis
1623 921 1784 976 etiam
1829 922 1901 975 ita
1929 929 2075 976 recte

492 1023 673 1085 potest
713 1015 914 1084 accipi,
950 1029 1140 1069 omnes
1176 1014 1267 1083 qui
1307 1012 1678 1086 ingrediuntur
1714 1013 1782 1068 ad
1824 1030 1979 1081 eam,
2017 1013 2073 1069 id

494 1115 598 1173 est,
628 1107 697 1162 ad
731 1107 1092 1171 meretricem,
1120 1105 1233 1161 sive
1259 1105 1326 1159 ad
1353 1105 1568 1160 domum
1593 1104 1727 1174 ejus,
1757 1120 1862 1158 non
1892 1119 2074 1160 rever-

494 1206 700 1263 tentur,
727 1197 853 1268 quia
875 1205 1136 1267 quantum
1164 1195 1356 1250 attinet
1382 1195 1449 1250 ad
1472 1205 1741 1258 naturam,
1767 1194 1946 1264 iniqua
1973 1210 2071 1250 sua

492 1287 770 1343 voluntate
799 1287 1147 1356 depravatam
1177 1301 1453 1342 recursum
1475 1301 1572 1356 per
1592 1277 1932 1356 semetipsam
1964 1301 2070 1340 non

492 1379 680 1445 habet,
707 1378 801 1433 sed
837 1393 934 1448 per
963 1377 1059 1432 Dei
1087 1378 1312 1448 gratiam
1342 1392 1446 1446 qua
1474 1376 1758 1446 adjuvatur
1786 1384 1842 1430 et
1869 1376 2071 1430 instau-

490 1476 644 1524 ratur
669 1475 728 1522 ut
766 1468 987 1522 semitas
1026 1467 1149 1522 vita:
1183 1464 1569 1537 apprehendat.
1611 1464 1960 1536 Designatum
1987 1472 2071 1518 est

489 1560 763 1617 enimhoc
787 1559 932 1615 dicto
959 1559 1171 1628 pondus
1196 1557 1514 1627 iniquitatis,
1542 1564 1602 1612 ut
1629 1572 1752 1610 cum
1783 1555 2070 1610 revertitur

493 1649 615 1721 quis
643 1667 746 1704 non
783 1650 885 1704 sibi
917 1651 1136 1716 tribuat,
1166 1648 1257 1704 sed
1286 1641 1475 1720 gratiae
1501 1647 1625 1711 Dei,
1657 1662 1763 1701 non
1794 1662 1861 1702 ex
1888 1646 2066 1716 operi-

490 1741 615 1807 bus,
643 1756 710 1795 ne
731 1739 876 1810 forte
899 1740 1175 1809 glorietur.

2174 578 2362 620 versus
2385 565 2451 620 de
2476 565 2671 634 quibus
2694 566 2983 621 novissime
3002 565 3412 635 disputavimus,
3439 563 3506 618 de
3527 565 3751 634 antiquo

2174 653 2269 708 Dei
2303 653 2497 724 populo
2533 654 2608 708 ita
2647 653 2903 724 intelligi,
2933 654 3058 725 quia
3085 668 3208 709 cum
3248 659 3394 707 recte
3423 651 3658 717 viveret,
3690 651 3747 708 in

2173 753 2317 799 terra
2357 760 2453 799 sua
2481 743 2711 801 feliciter
2735 752 3012 812 maneret,
3045 753 3102 801 at
3125 759 3248 800 cum
3283 751 3532 816 peccaret
3566 752 3747 800 exter-

2172 835 2470 890 minaretur
2494 836 2561 892 ab
2587 836 2852 894 hostibus.

2787 967 3015 1025 CAPUT
3047 967 3133 1023 Ill.

2239 1096 2350 1152 Fili
2379 1099 2470 1164 nti,
2504 1115 2566 1154 ne
2593 1097 2911 1154 obliviscaris
2945 1097 3068 1169 legis
3110 1114 3237 1153 mea:
3272 1106 3320 1152 et
3346 1108 3602 1169 prcccepta
3629 1117 3747 1155 mea

2169 1188 2427 1243 custodiat
2462 1205 2553 1242 cor
2579 1199 2745 1243 tuum.
2779 1187 2916 1244 Hinc
2951 1189 3108 1244 docet
3149 1188 3532 1244 misericordiae
3567 1191 3749 1260 operi-

2167 1278 2270 1334 bus
2295 1279 2672 1346 insistendum,
2695 1293 2868 1351 neque
2891 1280 3089 1335 nostris
3113 1279 3381 1335 ﬁdendum
3403 1280 3626 1346 viribus,
3648 1281 3746 1337 sed

2169 1383 2201 1423 a
2231 1369 2340 1424 Deo
2371 1369 2628 1424 auxilium
2665 1385 2788 1426 esse
2825 1367 3206 1441 ﬂagitandum,
3249 1378 3303 1424 et
3338 1385 3576 1442 congruo
3611 1372 3746 1428 satis

2167 1457 2358 1512 ordine
2385 1466 2665 1528 postquam
2693 1457 2934 1514 coercuit
2959 1473 2989 1512 a
3025 1457 3371 1523 crudelitate,
3398 1469 3679 1530 postquam
3709 1475 3744 1516 a

2169 1547 2379 1604 luxuria
2424 1549 2747 1621 castigavit,
2801 1558 2959 1605 ornat
3001 1549 3210 1606 actibus
3253 1550 3410 1606 bonis
3453 1567 3614 1622 quem
3664 1553 3748 1608 in-

2168 1643 2345 1697 struit.

2235 1732 2632 1806 Longitudinem
2657 1739 2792 1792 enim
2819 1739 3046 1806 dierum,
3070 1749 3118 1794 et
3143 1756 3308 1794 annos
3337 1742 3472 1806 vita',
3495 1750 3542 1795 et
3563 1758 3744 1811 pacem

563 1830 628 1886 Ut
659 1829 889 1885 ambules
912 1833 966 1884 in
991 1831 1072 1884 via
1102 1830 1234 1884 bona
1253 1838 1299 1884 et
1324 1828 1481 1883 calles
1500 1829 1757 1897 iustorum
1779 1828 2060 1882 custodias.
2094 1818 2140 1878 Β
2168 1835 2423 1894 opponent
2444 1827 2555 1880 tibi.
2584 1828 2662 1883 Ne
2683 1829 2931 1899 imposita
2954 1839 3343 1900 praeceptorum
3370 1832 3610 1887 custodia
3637 1841 3745 1885 tur-

487 1920 645 1976 Viam
670 1923 866 1977 bonam
892 1921 1154 1976 unitatem
1181 1920 1310 1975 dicit
1339 1929 1500 1974 rectm
1541 1918 1702 1985 ﬁdei,
1735 1917 1802 1972 de
1830 1933 1932 1987 qua
1963 1917 2067 1972 Do-

487 2014 668 2070 minus
697 2014 774 2069 ait
804 2031 817 2068 :
859 2012 970 2084 Ego
1002 2030 1118 2067 sum
1151 2013 1232 2067 via
1262 2010 1444 2085 (Joan.
1477 2012 1580 2081 vr),
1616 2021 1669 2066 et
1695 2011 1820 2066 alibi
1851 2028 1865 2064 :
1898 2009 2066 2064 Nemo

487 2113 654 2174 potest
693 2104 866 2158 venire
902 2103 972 2157 ad
1007 2102 1218 2157 Patrem
1257 2102 1357 2156 nisi
1393 2118 1486 2172 per
1517 2118 1599 2156 me
1640 2100 1848 2173 (Ibid.).
1893 2100 2068 2156 Calles

487 2201 667 2249 autem
683 2191 953 2263 justorum
978 2191 1266 2248 multifaria
1294 2201 1603 2248 sanctorum
1627 2191 1870 2262 exempla
1894 2191 2068 2246 nomi-

489 2291 605 2337 nat.
635 2282 837 2338 Pendet
865 2283 952 2338 hic
973 2298 1160 2338 versus
1187 2298 1252 2338 ex
1276 2298 1342 2338 eo
1369 2283 1514 2353 quod
1537 2298 1699 2354 supra
1726 2283 1929 2338 dictum
1959 2291 2064 2349 est,

488 2378 768 2447 prudentia
799 2378 1018 2434 servabit
1051 2387 1120 2447 te,
1147 2377 1287 2436 sicut
1316 2385 1373 2434 et
1399 2377 1549 2443 illud,
1577 2387 1634 2432 ut
1663 2377 1866 2433 eruaris
1893 2393 1924 2430 a
1946 2393 2063 2429 mu-

486 2469 612 2525 liere
638 2469 829 2524 aliena.

561 2559 666 2626 Qui
695 2560 829 2614 enim
852 2559 978 2615 recti
997 2569 1116 2614 sunt
1142 2558 1446 2613 habitabant
1469 2559 1524 2612 in
1547 2567 1707 2624 terra,
1734 2566 1780 2611 et
1806 2555 2063 2626 simplices

483 2652 857 2722 permanebunt
887 2653 941 2705 in
970 2668 1050 2706 ea.
1077 2650 1143 2706 Et
1171 2650 1258 2706 hic
1282 2649 1444 2705 rectis
1468 2649 1764 2720 junguntur
1793 2646 2064 2716 simplices

488 2741 629 2797 sicut
654 2748 708 2795 et
733 2755 920 2811 supra,
937 2755 1062 2795 cum
1083 2739 1319 2794 diceret:
1349 2735 1615 2793 Custodiet
1639 2747 1893 2791 rectorum
1919 2735 2064 2790 salu-

485 2842 610 2898 tem,
639 2841 685 2886 et
711 2841 938 2902 proteget
968 2829 1259 2902 gradientes
1289 2829 1624 2901 simpliciter;
1655 2828 1779 2898 quia
1808 2827 2063 2881 nimirum

484 2921 802 2991 simplicitas
839 2921 958 2976 sine
998 2920 1319 2976 rectitudine
1357 2919 1618 2974 dissoluta
1659 2927 1742 2974 est
1786 2926 1840 2973 et
1879 2918 2059 2972 stulta.

483 3010 773 3064 Rectitudo
810 3017 991 3064 autem
1031 3011 1147 3066 sine
1187 3007 1527 3081 simplicitate
1572 3015 1786 3063 austera
1838 3006 2062 3060 nimium

484 3100 671 3157 existit
712 3108 767 3156 et
820 3101 972 3156 dura.
1024 3101 1221 3156 Verum
1272 3110 1500 3170 utraque
1550 3100 1720 3155 virtus
1776 3099 2058 3170 conjuncta

2169 1915 2325 1970 baret
2353 1917 2653 1972 audientem
2681 1921 2939 1990 prannisit
2965 1921 3184 1991 praemia
3210 1929 3377 1986 certa,
3410 1931 3466 1977 et
3495 1922 3571 1977 sic
3606 1938 3742 1976 enu-

2169 2005 2396 2059 tneravit
2435 2016 2723 2078 praecepta,
2750 2009 3080 2080 longitudine
3122 2011 3265 2066 enim
3315 2011 3521 2068 dierum
3570 2011 3744 2067 lucem

2169 2096 2583 2165 sempiternam,
2624 2099 2780 2154 annis
2821 2101 2944 2156 vitae
2989 2110 3358 2158 transcensum
3401 2103 3750 2160 mortalitatis

2170 2185 2350 2256 hujus,
2377 2197 2665 2258 augmento
2691 2191 2840 2260 pacis
2866 2191 3041 2261 ipsum
3068 2200 3240 2248 nactae
3265 2193 3612 2248 beatitudinis
3635 2203 3746 2248 sta-

2169 2283 2280 2329 tum
2308 2275 2570 2347 designat.
2603 2278 2677 2332 De
2699 2295 2805 2350 qua
2837 2281 2968 2335 dicit
2990 2281 3155 2336 Isaias
3187 2299 3200 2336 :
3232 2281 3598 2353 Multiplicavit
3631 2284 3745 2352 ejus

2167 2366 2471 2437 imperium,
2513 2379 2559 2422 et
2601 2373 2746 2440 pacis
2792 2388 2893 2426 non
2934 2375 3030 2426 erit
3069 2375 3190 2443 ﬁnis
3230 2374 3374 2447 (Isa.
3400 2375 3521 2446 ix);
3560 2377 3651 2430 sed
3689 2385 3747 2432 ct

2165 2459 2334 2527 priori
2374 2458 2467 2514 Dei
2505 2462 2702 2532 populo
2732 2465 2895 2518 etiam
2931 2465 2984 2519 in
3021 2467 3273 2536 praesenti
3312 2468 3495 2523 datum
3531 2479 3644 2534 est,
3685 2479 3747 2524 ut

2167 2567 2288 2606 cum
2309 2551 2409 2623 legi
2433 2553 2527 2607 Dei
2566 2553 2833 2623 obediret,
2876 2557 3034 2630 longo
3063 2567 3303 2630 tempore
3324 2559 3377 2615 in
3398 2560 3547 2630 pacis
3565 2561 3745 2630 quiete

2165 2641 2392 2714 viveret.

2237 2731 2600 2790 Misericordia
2640 2745 2688 2790 et
2715 2739 2901 2792 veritas
2931 2755 3035 2794 non
3067 2749 3114 2793 te
3148 2739 3410 2795 deserant.
3441 2740 3576 2796 Nam
3614 2742 3743 2812 quia

2165 2820 2234 2876 ab
2273 2837 2367 2877 ore
2399 2832 2487 2878 tuo
2519 2825 2718 2880 veritas
2746 2834 2829 2882 est
2871 2828 3096 2883 dicenda
3121 2868 3136 2895 ,
3167 2845 3273 2884 non
3317 2830 3437 2885 ideo
3484 2832 3548 2885 ab
3579 2846 3743 2902 opere

2167 2913 2536 2970 misericordia
2567 2933 2684 2986 quae
2722 2919 2968 2988 proximo
3006 2921 3077 2974 sit
3109 2921 3463 2992 impendenda
3504 2923 3741 2989 recedat,

2166 3007 2245 3063 sic
2274 3008 2415 3063 enim
2441 3007 2518 3073 ﬁt,
2550 3019 2606 3063 ut
2635 3019 2689 3065 et
2717 3019 2768 3066 te
2798 3011 2893 3067 Dei
2923 3028 3134 3084 semper
3158 3014 3528 3070 misericordia
3551 3031 3740 3085 prosc-

2168 3107 2364 3169 quatur
2396 3109 2452 3156 et
2482 3102 2714 3169 veritas,
2752 3104 3122 3160 misericordia
3151 3105 3397 3161 videlicet
3423 3121 3538 3176 quas
3566 3107 3741 3162 deleat

483 3191 780 3263 perfectum
808 3188 982 3248 reddit
1010 3193 1280 3248 hominem
1296 3233 1313 3260 ,
1347 3193 1441 3248 sed
1479 3194 1580 3248 hoc
1606 3192 1744 3246 inter
1774 3202 2061 3262 utrumque
2087 3163 2134 3226 θ
2164 3201 2385 3262 peccata
2407 3201 2518 3259 tua,
2540 3195 2742 3251 veritas
2762 3211 2890 3252 vero
2911 3213 3029 3267 quae
3049 3198 3314 3269 compleat
3333 3163 3594 3269 promissa
3619 3216 3740 3255 sua.

481 3288 699 3340 versum
729 3284 924 3350 distat,
959 3285 1100 3356 quod
1145 3285 1196 3340 in
1228 3284 1317 3340 illo
1359 3283 1618 3339 Dominus
1646 3283 1768 3353 quia
1799 3281 1976 3352 justos
2004 3284 2056 3340 iu

483 3376 738 3447 prtesenti
773 3384 1044 3433 certantes
1085 3375 1332 3446 adjuvet,
1370 3377 1424 3431 in
1463 3377 1568 3431 isto
1595 3378 1719 3446 quia
1744 3378 1977 3432 victores
2002 3378 2058 3432 in

485 3467 669 3522 futuro
693 3476 932 3534 coronet,
955 3475 1014 3522 ut
1042 3467 1272 3522 dicatur.
1304 3467 1484 3522 Terra:
1503 3468 1696 3537 quippe
1725 3469 1940 3524 nomine
1966 3469 2062 3525 Ec-

483 3556 645 3612 clesia
669 3557 1007 3629 designatur,
1045 3572 1163 3628 qua:
1201 3555 1495 3627 spiritalem
1534 3557 1644 3611 Deo
1683 3556 1914 3613 fructum
1941 3575 2061 3630 ger-

481 3647 692 3703 minare
731 3647 1050 3715 consuevit,
1099 3647 1152 3701 in
1191 3662 1295 3717 qua
1327 3647 1457 3718 justi
1489 3647 1734 3703 habitant
1762 3657 1816 3704 et
1848 3665 2061 3720 perma-

486 3747 647 3804 nent,
679 3740 804 3809 quia
841 3755 874 3794 a
911 3737 1183 3794 consortio
1213 3735 1329 3808 ejus
1371 3753 1471 3794 nec
1511 3747 1684 3794 morte
1717 3749 2057 3809 separantur.

483 3830 593 3887 Sed
629 3830 916 3886 terminata
961 3829 1066 3886 hac
1103 3829 1248 3897 vita,
1287 3813 1354 3886 ad
1397 3830 1541 3885 illam
1567 3829 1682 3900 ejus
1707 3841 1914 3904 partem
1941 3849 2060 3904 qua:

483 3934 606 3975 cum
632 3918 847 3976 Christo
875 3920 929 3975 in
958 3919 1109 3976 caelis
1135 3929 1324 3992 regnat
1347 3922 1686 3990 perveniunt.

553 4010 714 4081 Impii
750 4027 866 4066 vero
895 4011 960 4067 de
989 4021 1128 4066 terra
1159 4013 1459 4083 perdentur,
1504 4023 1557 4067 at
1583 4013 1672 4084 qui
1698 4015 1872 4084 inique
1899 4023 2058 4085 agunt

481 4103 786 4173 auferantur
814 4120 880 4158 ex
905 4121 988 4159 ea.
1026 4103 1259 4159 Possunt
1285 4104 1398 4159 hazc
1429 4119 1534 4159 non
1572 4103 1639 4158 de
1665 4093 1875 4160 cunctis
1899 4121 2060 4176 gene-

481 4193 669 4250 raliter
693 4195 937 4266 reprobis
965 4194 1108 4248 dicta
1144 4195 1346 4265 accipi,
1378 4195 1475 4249 sed
1518 4195 1582 4249 de
1622 4195 1728 4250 illis
1757 4195 2062 4265 specialiter

481 4285 576 4355 qui
619 4284 687 4338 ad
729 4292 930 4338 terram
969 4283 1215 4349 Domini,
1242 4284 1294 4338 id
1321 4291 1433 4346 est,
1465 4283 1760 4339 Ecclesiam
1788 4287 2061 4354 pertinere

481 4375 835 4438 videbantur,
883 4382 937 4428 et
971 4382 1145 4427 tamen
1190 4372 1525 4444 exigentibus
1563 4374 1771 4430 meritis
1807 4375 2059 4432 auferun-

481 4477 571 4521 tur
596 4467 664 4521 ab
691 4481 774 4531 ea,
807 4465 1024 4536 quidam
1053 4465 1267 4535 quidem
1298 4473 1486 4535 aperto
1509 4466 1678 4535 ipsius
1704 4465 2058 4536 Ecclesiaeju-

481 4557 654 4624 dicio,
675 4564 736 4612 ut
762 4555 947 4612 Simon
973 4597 988 4621 ,
1016 4555 1178 4611 Arius
1202 4565 1256 4611 et
1281 4555 1608 4628 Porphyrius
1638 4575 1650 4610 :
1683 4558 1900 4628 quidam
1926 4573 2052 4615 vero

479 4651 534 4706 in
573 4656 784 4705 secreto
822 4646 1104 4704 invisibilis
1128 4646 1358 4716 judicis,
1385 4655 1444 4702 ut
1468 4648 1732 4703 innumeri
1770 4650 1930 4704 etiam
1957 4666 2051 4706 eo-

476 4756 638 4809 rum,
685 4739 778 4811 qui
825 4737 1132 4795 hominibus
1177 4738 1300 4792 boni
1343 4737 1626 4804 videntur,
1672 4739 1864 4810 impios
1909 4741 2054 4796 enim

477 4841 693 4902 apertos
716 4838 994 4902 apostatas
1025 4829 1176 4895 dicit,
1201 4837 1256 4884 at
1279 4829 1462 4897 inique
1491 4837 1710 4899 agentes
1729 4846 1918 4886 omnes
1939 4832 2050 4902 qui,

475 4926 747 4997 perceptis
779 4925 902 4980 ﬁdei
940 4923 1314 4987 sacramentis,
1358 4924 1426 4977 ab
1449 4924 1566 4993 ejus
1591 4924 1838 4978 castitate
1877 4925 2054 4994 aliquo

477 5015 637 5070 modo
665 5015 1012 5089 degenerant.
1051 5011 1279 5082 Utrique
1315 5021 1495 5066 autem
1526 5011 1581 5065 in
1609 5010 1786 5066 futura
1823 5013 2052 5068 retribu-

479 5105 624 5160 tione
651 5103 716 5158 de
742 5103 1035 5158 viventium
1058 5111 1202 5158 terra
1231 5102 1539 5171 perdentur,
1563 5101 1685 5171 quia
1716 5118 1818 5155 non
1843 5103 2052 5158 habita-

479 5195 548 5248 bit
571 5195 733 5262 juxta
752 5191 1034 5247 Dominum
1063 5191 1344 5263 malignus,
1379 5207 1539 5262 neque
1567 5192 1938 5262 permanebunt
1966 5191 2052 5248 in-

467 5284 606 5354 justi
629 5293 749 5338 ante
776 5283 953 5337 oculos
979 5284 1093 5354 ejus
1117 5281 1290 5354 (Psal.
1315 5287 1391 5352 v).
1415 5281 1481 5335 Et
1498 5289 1666 5346 recte,
1693 5283 1818 5352 quia
1848 5284 1913 5339 de
1942 5301 2053 5339 ma-

478 5377 653 5431 lorum
681 5374 1051 5445 bonorumque
1073 5376 1177 5429 viis
1198 5374 1362 5429 multa
1389 5373 1661 5444 praedixit,
1685 5373 1750 5428 de
1773 5375 2054 5446 utriusque

478 5465 586 5521 ﬁne
633 5465 928 5521 inclusione
967 5465 1200 5538 [Forte,
1241 5467 1294 5521 in
1339 5464 1715 5538 conclusione]
1755 5466 2049 5536 subjunxit,

478 5556 747 5628 quomodo
776 5565 831 5611 et
865 5555 918 5610 in
947 5557 1279 5625 praecedente
1312 5557 1567 5636 parabola
1585 5598 1600 5624 ,
1633 5573 1752 5627 quas
1781 5559 2051 5615 latronum

477 5649 749 5705 consortia
772 5650 1009 5715 vetabat,
1035 5649 1240 5705 fecerat
1265 5651 1448 5706 dicens
1469 5653 1536 5707 de
1562 5652 1668 5709 ﬁne
1695 5653 1982 5719 malorum,
2005 5662 2052 5708 et

475 5743 791 5799 prosperitas
811 5741 1090 5798 stultorum
1111 5743 1286 5813 perdet
1310 5742 1446 5811 illos,
1467 5745 1652 5802 dicens
1673 5746 1738 5804 dc
1760 5747 2045 5814 bonorum,

2235 3282 2517 3338 Circumda
2544 3302 2632 3340 eas
2655 3289 2855 3357 gutturi
2878 3297 2990 3354 tuo,
3013 3298 3060 3343 et
3082 3289 3311 3344 describe
3333 3291 3386 3344 in
3412 3291 3603 3345 tabulis
3624 3309 3744 3345 cor-

2161 3375 2242 3430 dis
2274 3377 2370 3430 tui.
2407 3377 2462 3431 In
2501 3387 2715 3448 gutture
2755 3394 3014 3450 organum
3044 3383 3226 3448 vocis,
3261 3381 3314 3436 in
3343 3381 3533 3436 tabulis
3561 3382 3747 3438 cordis

2160 3469 2496 3524 latitudinem
2525 3469 2761 3524 insinuat
2785 3471 3146 3541 cogitationis.
3171 3470 3262 3527 Sic
3285 3487 3410 3542 ergo
3438 3471 3610 3525 virtus
3634 3472 3742 3524 Ini-

2161 3561 2467 3616 scricordim
2492 3569 2547 3616 et
2571 3562 2816 3617 veritatis
2847 3562 3011 3617 radici
3042 3561 3202 3618 inﬁxa
3227 3563 3423 3618 mentis
3445 3572 3653 3633 promat
3683 3573 3739 3617 et

2159 3667 2291 3706 voce
2334 3651 2635 3723 loquentis,
2670 3661 2729 3707 ut
2756 3661 2811 3708 et
2841 3654 2894 3708 in
2921 3654 3132 3709 occulto
3167 3653 3372 3725 pectori
3396 3668 3591 3708 arcana
3620 3653 3738 3722 pla-

2161 3752 2318 3798 ceant
2357 3744 2698 3812 intentionis,
2743 3754 2798 3801 et
2839 3746 3112 3820 proximos
3144 3746 3333 3815 juvent
3375 3745 3548 3802 ollicia
3592 3746 3740 3801 locu-

2161 3835 2342 3891 tionis.
2365 3835 2507 3890 Bene
2533 3845 2712 3892 autem
2736 3837 2962 3892 virtutes
2987 3837 3312 3892 circumdari
3333 3836 3490 3891 docet
3515 3835 3738 3905 gutturi,

2161 3941 2282 3981 cum
2307 3941 2406 3980 vox
2448 3925 2716 3995 loquentis
2753 3927 2933 3996 potius
2973 3927 3119 3982 intus
3155 3927 3208 3980 in
3249 3935 3463 3997 gutture
3505 3925 3619 3979 ﬁeri
3651 3941 3741 3980 so-

2159 4015 2289 4079 lent,
2315 4015 2438 4084 quia
2464 4015 2712 4070 videlicet
2734 4015 3131 4088 praedicationis
3151 4030 3255 4070 vox
3279 4014 3345 4070 de
3367 4013 3596 4070 internis
3617 4027 3742 4082 pro-

2159 4113 2362 4169 manat,
2385 4105 2477 4160 sed
2501 4114 2653 4160 extra
2683 4105 3003 4160 circumdat.
3034 4105 3168 4160 Nam
3201 4120 3307 4175 quo
3334 4104 3469 4160 alios
3501 4103 3569 4158 ad
3600 4105 3742 4157 bene

2157 4195 2442 4250 vivendum
2477 4196 2734 4260 suscitat,
2775 4210 2838 4250 eo
2880 4196 2946 4250 ad
2989 4196 3126 4250 bene
3166 4195 3428 4268 agendum
3469 4202 3524 4249 et
3573 4209 3739 4264 Opera

2157 4285 2498 4356 praedicantis
2526 4285 2673 4356 ligat.
2706 4284 2815 4341 Nec
2849 4294 3001 4341 extra
3029 4301 3334 4341 sermonem
3373 4285 3516 4341 actio
3553 4293 3736 4340 trans-

2156 4383 2273 4439 eat,
2316 4390 2381 4429 ne
2406 4375 2522 4429 voci
2556 4375 2664 4428 vita
2694 4375 3046 4430 contradicat.
3100 4380 3128 4402 ⁸

2230 4463 2298 4516 Et
2343 4465 2570 4518 invenies
2605 4465 2830 4534 gratiam
2869 4473 2916 4518 et
2956 4465 3284 4535 disciplinam
3331 4465 3518 4518 bonam
3561 4480 3739 4516 coram

2159 4555 2270 4610 Deo
2300 4565 2345 4610 et
2372 4555 2686 4609 hominibus.
2716 4555 2908 4610 Coram
2939 4557 3048 4610 Deo
3071 4556 3275 4610 invenit
3301 4555 3526 4626 gratiam
3549 4563 3602 4607 ct
3627 4554 3740 4608 dis-

2161 4645 2412 4717 ciplinam
2456 4647 2650 4700 bonam
2671 4686 2684 4711 ,
2725 4647 2816 4716 qui
2847 4662 2946 4701 usu
2972 4647 3228 4701 virtutum
3250 4647 3362 4717 jugi
3400 4653 3742 4714 promeretur

2161 4751 2192 4790 a
2219 4734 2473 4801 Domino,
2504 4745 2564 4790 ut
2592 4753 2688 4807 per
2716 4738 2831 4792 dies
2869 4737 3045 4808 scipso
3079 4736 3369 4807 perfectior
3400 4735 3658 4790 elﬁciatur
3681 4745 3740 4793 et

2162 4831 2351 4887 melior
2381 4849 2394 4884 :
2421 4834 2515 4887 sed
2540 4840 2594 4886 et
2623 4848 2804 4887 coram
2831 4832 3138 4888 hominibus
3172 4831 3399 4902 gratiam
3431 4830 3652 4896 invenit,
3681 4840 3741 4885 et

2162 4920 2495 4989 disciplinam
2527 4921 2744 4986 bonam,
2765 4921 2919 4990 cujus
2946 4935 3108 4990 opera
3133 4927 3259 4974 sunt
3289 4919 3434 4984 talia,
3467 4920 3519 4973 in
3541 4919 3740 4989 quibus

2151 5014 2275 5084 jure
2317 5013 2580 5078 laudetur,
2618 5015 2918 5084 quibusque
2956 5015 3259 5085 exemplum
3290 5014 3504 5070 vivendi
3548 5014 3734 5084 proxi-

2159 5103 2262 5157 mis
2291 5102 2629 5158 exhibeatur.

2229 5201 2380 5258 Habe
2404 5203 2648 5273 ﬁduciam
2678 5204 2733 5258 in
2771 5203 2990 5259 Domino
3025 5220 3090 5259 ea:
3123 5214 3231 5259 toto
3262 5205 3416 5260 corde
3445 5214 3568 5270 tuo,
3597 5213 3644 5258 et
3672 5220 3740 5259 ne

2158 5293 2387 5346 inuitare
2414 5293 2702 5363 prudentite
2728 5303 2852 5358 tute,
2884 5293 2936 5346 in
2963 5295 3200 5348 omnibus
3226 5295 3319 5348 viis
3348 5295 3451 5349 tuis
3477 5295 3645 5364 cogita
3671 5293 3740 5346 il-

2159 5383 2290 5450 lum,
2315 5393 2362 5438 et
2389 5385 2494 5454 ipse
2521 5382 2708 5453 diriget
2735 5399 2939 5453 gressus
2970 5393 3106 5437 tuos.
3132 5382 3208 5439 Ne
3231 5393 3283 5438 te
3314 5394 3521 5440 metuas
3547 5385 3616 5438 ob
3644 5384 3739 5438 im-

2161 5474 2504 5530 becillitatem
2527 5475 2799 5545 propriam
2828 5474 3004 5528 divina
3035 5491 3139 5530 non
3162 5491 3320 5545 posse
3346 5491 3563 5532 servare
3585 5491 3739 5529 man-

2161 5567 2308 5632 data,
2332 5581 2429 5620 nec
2449 5574 2500 5618 te
2524 5581 2735 5619 rursum
2759 5573 3003 5619 autumes
3027 5566 3142 5620 haec
3163 5568 3268 5621 tuis
3289 5565 3510 5634 implere
3531 5563 3740 5620 viribus

2158 5675 2334 5729 posse,
2362 5667 2450 5712 tua
2476 5666 2530 5712 et
2554 5657 2785 5712 naturali
2810 5657 3035 5712 scientia
3066 5672 3247 5723 nosse,
3274 5657 3318 5712 si
3341 5672 3445 5710 non
3472 5671 3569 5726 per
3595 5654 3741 5710 illius

2160 5752 2330 5821 legent
2371 5749 2690 5815 instruaris;
2734 5749 2826 5804 sed
2866 5749 3045 5820 potius
3083 5759 3136 5805 et
3181 5750 3232 5807 in
3273 5747 3557 5814 discendo,
3591 5754 3646 5801 et
3676 5745 3740 5802 in
