4100 6324
347 412 453 469 693

1158 404 1518 461 EXPOSITIO
1551 402 1616 458 IN
1657 397 2041 458 PROVERBIA
2083 395 2490 454 SALOMONIS.
2529 424 2597 436 —-
2634 392 2761 448 LIB.
2803 390 2846 446 Ι.

3482 381 3590 440 θθι

342 519 555 594 agendo
577 518 694 590 ejus
713 488 894 589 quaere
916 518 1103 574 creber
1133 518 1413 583 auxilium,
1443 525 1493 572 et
1523 516 1639 587 ipse
1663 531 1781 586 quae
1804 514 1923 585 jus-
1949 521 1997 580 Α
2026 513 2161 581 xvi).
2194 511 2578 567 Redundabunt
2600 507 2886 565 toreularia
2914 508 3053 573 vino,
3084 505 3211 577 quia
3241 506 3452 561 interna
3477 519 3600 561 sua-

347 614 439 677 sit,
468 609 732 682 propitius
758 617 818 663 ut
838 607 1066 679 implere
1092 606 1275 662 valeas
1299 605 1541 661 donabit.

423 701 505 757 Ne
530 701 603 755 sis
628 700 834 771 sapiens
860 699 1001 770 apud
1038 699 1379 768 temetipsum.
1408 694 1636 751 Videtur
1658 694 1798 750 forte
1824 694 1923 757 ali-

349 795 438 851 cui
473 794 574 848 hoc
607 792 748 847 idem
778 805 899 846 esse
937 790 1251 846 mandatum
1279 788 1422 857 quod
1451 785 1785 856 praemissum
1814 792 1920 849 est,

348 895 399 940 et
427 900 491 939 ne
508 882 753 938 innitaris
774 879 1062 952 prudentiae
1088 888 1213 934 tute.
1246 876 1354 933 Sed
1379 875 1605 931 multum
1628 875 1811 941 distat,
1842 874 1926 930 in-

351 977 544 1033 nititur
568 974 711 1030 enim
740 988 849 1029 sua:
870 971 1198 1042 prudentiae,
1224 969 1318 1040 qui
1344 983 1409 1023 ea
1437 982 1557 1039 qua:
1588 966 1690 1022 sibi
1719 968 1922 1038 agenda

353 1069 437 1123 vel
469 1067 689 1123 dicenda
722 1066 970 1121 videntur
1007 1072 1224 1134 patrum
1259 1061 1489 1117 decretis
1520 1060 1807 1131 prteponit,
1835 1074 1928 1113 sa-

352 1159 507 1231 piens
538 1173 663 1213 vero
702 1163 786 1212 est
807 1154 952 1226 apud
977 1153 1324 1224 semetipsum
1348 1151 1515 1208 etiam
1545 1150 1591 1205 is
1618 1149 1710 1220 qui
1740 1150 1792 1204 in
1819 1150 1928 1206 illis

351 1264 475 1319 qua:
502 1263 567 1303 ex
596 1255 811 1319 patrum
848 1244 1156 1317 magisterio
1186 1243 1359 1314 potuit
1396 1250 1542 1297 recte
1577 1254 1923 1313 cognoscere,

351 1354 475 1396 sese
500 1353 612 1409 pra:
633 1338 845 1394 ceteris
866 1335 1021 1407 quasi
1057 1334 1268 1391 doctior
1299 1332 1531 1389 extollit.
1572 1331 1704 1399 Quae
1731 1332 1801 1386 sit
1825 1347 1924 1387 au-

354 1438 464 1488 tem
489 1445 623 1485 vera
654 1428 886 1484 hominis
913 1425 1176 1497 sapientia
1203 1425 1592 1493 subsequenter
1616 1423 1870 1478 ostendit.

429 1518 573 1575 Time
593 1519 876 1573 Dominum
894 1529 942 1571 et
969 1515 1144 1571 recede
1164 1532 1201 1568 ι
1230 1514 1389 1568 malo.
1410 1507 1579 1581 Quale
1601 1521 1685 1568 est
1709 1514 1762 1568 in
1781 1512 1881 1569 Job
1910 1529 1924 1567 :

359 1610 493 1665 Ecce
507 1611 662 1664 timor
672 1608 882 1663 Domini
901 1608 1014 1678 ipsa
1035 1613 1109 1660 est
1129 1605 1406 1675 sapientia,
1420 1613 1469 1658 et
1493 1603 1769 1658 recederea
1788 1600 1926 1655 malo

353 1698 699 1770 intelligentia
728 1697 872 1769 (Job.
905 1694 1116 1767 xxvm).
1142 1694 1376 1750 Pcrfecti
1397 1695 1596 1750 ctenim
1624 1694 1823 1773 quique
1852 1693 1926 1748 ita

353 1802 420 1843 se
457 1787 654 1843 debent
690 1788 760 1842 ab
794 1786 1048 1843 omnibus
1073 1785 1354 1841 continere
1395 1785 1551 1839 malis
1573 1825 1588 1850 ,
1636 1794 1694 1838 ut
1734 1783 1928 1839 divina:

1928 646 1931 651 .
2025 602 2163 658 vitas
2190 611 2514 658 aeternorum
2544 600 2709 657 corda
2736 605 3053 654 cunctorum
3089 595 3322 652 ﬁdelium
3350 595 3405 650 in
3438 594 3599 651 laude

2023 695 2107 750 sui
2133 693 2427 750 conditoris
2454 692 2729 759 accendit;
2771 691 2903 749 hinc
2917 688 3117 746 etenim
3145 688 3308 754 dicit,
3339 696 3395 743 ut
3428 689 3598 744 edatis

2023 798 2075 844 et
2106 787 2293 843 bibatis
2315 803 2473 858 super
2498 802 2731 841 mensam
2769 799 2940 838 meam
2973 782 3029 837 in
3064 797 3221 853 regno
3248 778 3401 853 (Luc.
3434 779 3594 851 nn),

2024 880 2120 936 sed
2149 886 2207 936 et
2227 877 2283 934 in
2314 877 2564 949 praesenti
2605 889 2990 946 nonnunquam
3019 873 3254 938 doctori,
3285 871 3377 942 qui
3401 886 3596 942 panem

2024 968 2206 1036 verbi,
2239 967 2332 1039 qui
2358 965 2608 1038 poculum
2637 965 2824 1038 gratiae
2850 963 3108 1037 spiritalis
3135 962 3394 1035 indigenti
3432 961 3598 1016 mini-

2022 1069 2194 1127 strat,
2234 1057 2438 1129 majora
2476 1057 2817 1114 ministrandi
2854 1057 2993 1113 dona
3033 1054 3293 1112 Dominus
3326 1069 3427 1125 pro
3449 1068 3596 1110 mer-

2024 1152 2158 1209 cede
2196 1150 2485 1207 eondonat.
2522 1148 2627 1218 Qui
2652 1157 2868 1204 terrena
2899 1136 3138 1203 subsidia
3165 1145 3393 1216 largitur
3427 1142 3601 1213 inopi-

2025 1243 2129 1300 bus
2152 1242 2315 1297 ditior
2336 1240 2516 1296 dando
2540 1239 2747 1295 cclcsti
2772 1237 3206 1293 remuneratione
3230 1234 3488 1291 redditur.

2096 1330 2440 1401 Disciplinam
2464 1329 2697 1396 Domini,
2721 1328 2802 1398 ﬁli
2826 1328 2898 1383 uti
2913 1369 2930 1394 ,
2957 1344 3020 1383 ne
3044 1327 3288 1398 abjicias,
3317 1334 3366 1380 et
3388 1341 3480 1380 nec
3509 1324 3601 1379 de-

2025 1424 2174 1493 licius
2209 1438 2328 1476 cum
2367 1422 2432 1475 ab
2469 1436 2530 1476 eo
2572 1420 2871 1483 corriperis.
2914 1417 3054 1474 Sunt
3090 1417 3183 1488 qui
3228 1418 3282 1472 in
3323 1415 3603 1489 prosperis

2026 1514 2255 1570 Domino
2279 1512 2539 1574 serviunt,
2567 1519 2623 1565 at
2645 1510 2700 1565 in
2730 1510 2970 1565 adversis
3000 1509 3297 1573 excedunt,
3342 1506 3483 1562 unde
3518 1520 3603 1563 sa-

2027 1603 2226 1674 pientia
2252 1616 2412 1673 quem
2440 1602 2493 1656 in
2515 1600 2787 1672 prosperis
2813 1600 2950 1655 bene
2981 1600 3163 1655 vivere
3191 1598 3405 1665 docuit,
3433 1597 3603 1653 etiam.

2030 1696 2083 1750 in
2107 1694 2443 1764 correptione
2467 1708 2536 1747 ne
2568 1691 2785 1747 deﬁciat
2815 1690 3078 1756 hortatur,
3108 1706 3175 1745 ne
3202 1690 3491 1746 accedente
3513 1688 3599 1743 in-

2032 1785 2323 1850 ﬁrmitate,
2354 1793 2411 1839 et
2449 1792 2794 1857 paupertate,
2838 1790 2897 1839 et
2931 1782 3302 1852 persecutione
3341 1783 3603 1846 humana,

355 1879 701 1949 prmsentiam
727 1878 1027 1949 maiestatis
1052 1893 1172 1933 cum
1201 1887 1343 1933 metu
1378 1892 1592 1948 semper
1615 1876 1927 1947 recogitent.
1960 1881 2006 1940 Β
2030 1874 2288 1944 pietatem
2326 1886 2487 1942 quam
2526 1887 2745 1927 servare
2781 1872 2838 1927 in
2879 1871 3263 1942 tranquillitate
3301 1871 3601 1937 videbatur,

358 1970 428 2025 Et
448 1972 739 2026 notandum
762 1970 903 2040 quod
929 1985 1088 2040 supra
1110 1969 1356 2025 ﬁduciam
1380 1960 1579 2023 habire
1603 1969 1655 2022 in
1683 1967 1927 2033 Domino.

357 2075 503 2114 nunc
530 2068 705 2114 autem
740 2059 909 2114 Deum
939 2059 1128 2113 timere
1162 2057 1447 2123 admonet,
1485 2057 1556 2112 ibi
1593 2057 1735 2112 enim
1768 2057 1930 2127 fragi-

354 2151 488 2207 lium
510 2152 747 2216 animos,
772 2166 842 2205 ne
871 2149 1180 2221 desperent,
1203 2148 1470 2218 promisso
1499 2148 1589 2202 Dei
1614 2148 1815 2202 auxilio
1841 2163 1931 2202 ro-

357 2242 547 2308 borat;
576 2242 666 2298 hic
691 2241 968 2308 fortiores,
1001 2257 1067 2297 ne
1093 2240 1160 2297 de
1189 2256 1250 2297 se
1282 2248 1638 2310 prmsumant,
1668 2239 1835 2296 divini
1864 2240 1935 2295 ti-

356 2334 529 2389 moris
553 2333 810 2388 memoria
837 2339 1076 2387 coercet.

431 2424 644 2482 Sanitas
667 2425 853 2494 quippe
877 2423 977 2476 erit
1008 2420 1248 2475 umbilico
1273 2430 1382 2486 tuo,
1406 2430 1454 2475 et
1478 2420 1715 2491 irrigatio
1738 2420 1934 2476 ossium

353 2527 588 2573 tuorum.
626 2515 683 2570 ln
714 2515 924 2571 ossibus
961 2513 1129 2569 solida
1169 2514 1428 2568 virtutum
1456 2527 1651 2581 opera,
1682 2512 1736 2566 in
1762 2511 1934 2567 umbi-

356 2607 487 2672 lico,
513 2607 603 2677 qui
628 2606 872 2662 inferiori
898 2609 1143 2676 corporis
1165 2613 1320 2675 parte
1349 2604 1555 2659 medius
1580 2612 1682 2670 est,
1718 2596 1931 2658 infirma

356 2700 537 2755 adhuc
571 2708 627 2754 et
663 2697 975 2769 imperfecta
1019 2697 1283 2751 bonorum
1314 2694 1462 2750 actio
1500 2694 1830 2765 designatur.
1874 2692 1933 2748 Si

354 2806 488 2862 ergo
530 2790 697 2845 Deum
737 2788 1018 2852 timueris,
1055 2796 1114 2841 et
1151 2800 1259 2841 non
1300 2785 1404 2839 tuis
1443 2782 1682 2848 viribus,
1719 2784 1813 2838 sed
1847 2798 1936 2837 su-

358 2898 524 2954 perna
552 2882 882 2953 protoctione
910 2880 1144 2936 conlisus
1172 2893 1203 2933 a
1227 2877 1385 2932 malis
1417 2875 1688 2931 abstinere
1718 2876 1936 2931 studue-

359 2975 457 3039 ris,
487 2974 689 3029 sanitas
714 2974 818 3027 erit
842 2971 1095 3027 umbilico
1117 2979 1232 3036 tuo,
1253 2978 1309 3026 et
1330 2967 1573 3038 irrigatio
1594 2968 1797 3023 ossium
1821 2975 1935 3022 tuo-

359 3081 510 3130 rum,
542 3065 665 3134 quia
706 3072 763 3119 et
800 3063 1086 3118 inﬁrmitas
1122 3061 1302 3132 operis
1342 3076 1440 3131 per
1476 3060 1591 3116 haec
1626 3060 1693 3115 ad
1733 3067 1933 3115 statum

359 3158 703 3229 perfectionis
740 3157 1111 3223 convalescet,
1143 3166 1201 3212 et
1229 3155 1388 3212 fortia
1430 3170 1658 3226 quaeque
1688 3161 1780 3210 tua
1815 3161 1932 3208 acta

357 3260 484 3306 sunt
511 3252 652 3308 unde
673 3260 732 3306 ut
755 3252 984 3321 amplius
1012 3251 1333 3306 roborentur
1357 3249 1650 3319 accipiunt.

433 3340 649 3396 Honora
685 3340 962 3396 Dominum
996 3341 1060 3395 de
1095 3353 1186 3396 tua
1214 3340 1537 3404 substantia,
1570 3347 1617 3393 et
1655 3338 1721 3393 de
1748 3336 1933 3408 primi-

354 3432 444 3486 (iis
476 3431 687 3502 frugum
712 3433 945 3485 omnium
966 3441 1196 3485 tuarum.
1222 3429 1373 3484 Multi
1396 3429 1561 3483 multa
1583 3427 1932 3499 pauperibus,

357 3523 458 3577 sed
504 3520 791 3577 de.aliena
830 3521 1133 3576 substantia
1176 3536 1242 3575 ac
1290 3521 1560 3592 frugibus,
1609 3535 1743 3589 quas
1780 3519 1830 3573 vi
1882 3526 1936 3573 et

356 3610 547 3667 fraude
577 3617 865 3678 rapuerunt
895 3611 1163 3676 tribuunt;
1208 3610 1362 3665 multi
1403 3609 1704 3681 largiuntur
1727 3608 1792 3664 de
1813 3624 1933 3673 suo,

355 3702 454 3757 sed
480 3700 758 3772 largiendo
795 3700 1079 3756 Dominum
1106 3716 1212 3755 non
1240 3701 1543 3765 honorant,
1569 3700 1694 3769 quia
1734 3698 1936 3755 favoris

356 3792 611 3859 humani,
645 3800 702 3848 et
736 3808 843 3847 non
882 3806 1067 3847 amore
1102 3792 1320 3861 superni
1356 3790 1678 3860 inspectoris
1708 3790 1931 3847 faciunt.

356 3874 460 3951 Qui
499 3898 627 3955 ergo
664 3882 966 3954 proﬁcuum
1005 3881 1109 3938 sibi
1150 3881 1503 3952 eleemosynae
1544 3879 1779 3935 fructum
1819 3878 1937 3935 fore

357 3973 650 4060 desiderat,
676 3981 732 4029 et
760 3973 827 4030 de
851 3973 964 4029 suis
988 3973 1238 4043 propriis,
1269 3979 1325 4027 et
1352 3972 1408 4027 in
1430 3971 1727 4027 conditoris
1760 3972 1932 4026 bono-

358 4079 475 4120 rem
505 4066 741 4131 tribuat,
776 4075 838 4121 ut
867 4065 1075 4122 scilicet
1110 4064 1390 4131 homines,
1425 4064 1517 4134 qui
1552 4064 1670 4135 eius
1703 4063 1930 4134 plasma,

356 4158 452 4229 qui
479 4158 547 4212 ad
574 4156 689 4228 ejus
717 4158 1003 4230 imaginem
1033 4167 1159 4214 sunt
1182 4157 1311 4215 facti
1337 4166 1673 4213 recreentur.
1698 4157 1814 4214 Non
1842 4174 1930 4214 so-

355 4247 466 4304 lum
506 4257 688 4305 autem
732 4252 798 4306 de
841 4250 1141 4306 substantia
1187 4250 1464 4320 pecunia},
1510 4265 1672 4320 quam
1712 4250 1934 4321 pauperi

356 4341 699 4413 porrigimus,
715 4341 809 4398 sed
829 4350 886 4397 et
905 4342 1199 4411 de,cunct:e
1219 4342 1371 4399 bona:
1395 4343 1744 4414 operationis,
1768 4357 1932 4413 quam

356 4432 582 4505 agimus,
616 4430 683 4489 de
706 4433 968 4488 universae
994 4433 1229 4488 ctelestis
1256 4434 1444 4504 gratia;
1461 4473 1477 4495 ,
1503 4449 1666 4504 quam
1696 4432 1932 4504 percipi—

2034 1965 2266 2020 amittat.

2105 2055 2271 2121 Quem
2308 2057 2445 2111 enim
2482 2055 2653 2125 diligit
2682 2055 2938 2110 Dominus
2962 2056 3212 2126 corripit,
3247 2065 3295 2110 et
3332 2055 3484 2127 quasi
3509 2071 3607 2125 pa-

2031 2157 2112 2202 ter
2137 2149 2191 2201 in
2226 2147 2339 2216 ﬁlio
2378 2147 2659 2218 compleat
2693 2147 2811 2202 sibi.
2841 2148 3015 2204 Tanto
3047 2163 3176 2219 ergo
3212 2149 3391 2205 minus
3419 2148 3487 2204 de
3509 2146 3607 2203 lla-

2031 2237 2170 2308 gcllo
2186 2279 2200 2301 ,
2231 2252 2338 2307 quo
2360 2237 2693 2309 castigamur
2723 2252 3062 2293 murmurare
3083 2239 3339 2295 debemus
3355 2279 3375 2303 ,
3401 2247 3606 2308 quanto

2032 2329 2235 2385 certius
2282 2329 2446 2389 ineo
2492 2336 2732 2399 paternae
2773 2329 3072 2385 dilectionis
3104 2330 3299 2401 pignus
3338 2338 3623 2397 tenemus,

2034 2419 2176 2475 unde
2201 2428 2257 2475 et
2289 2419 2402 2489 ipse
2437 2420 2567 2476 dicit
2598 2439 2611 2475 :
2651 2419 2762 2491 Ego
2791 2437 2918 2491 quos
2949 2437 3067 2475 amo
3088 2460 3105 2486 ,
3138 2438 3302 2492 arguo
3326 2432 3372 2476 et
3409 2422 3607 2493 castigo

2033 2508 2218 2579 (Apoc.
2265 2509 2370 2579 ut).
2408 2508 2711 2565 Notandum
2754 2519 2935 2565 autem
2979 2510 3122 2581 quod
3162 2528 3263 2581 pro
3303 2512 3405 2568 hoc
3440 2511 3651 2573 verba.

2034 2596 2387 2671 Septuaginta
2425 2600 2749 2672 lnterpretcs
2788 2603 3003 2668 dixere,
3036 2603 3270 2674 ﬂagellat
3300 2615 3475 2660 autent
3497 2622 3608 2660 ont-

2036 2706 2150 2744 nem
2187 2690 2356 2760 ﬁlium
2384 2708 2535 2762 quem
2574 2694 2771 2763 recipit.
2806 2692 2955 2761 Quod
2996 2695 3301 2751 mirandum
3328 2696 3429 2751 our
3465 2695 3608 2766 Apo-

2035 2779 2207 2837 stolus
2241 2781 2309 2836 ad
2348 2781 2602 2839 Hebraeos
2645 2782 2905 2839 Hebraice
2945 2784 3188 2840 scribens
3236 2784 3409 2857 magis
3454 2786 3606 2855 sequi

2035 2875 2283 2931 voluerit.

2105 2966 2298 3023 Beatus
2326 2969 2479 3023 homo
2511 2971 2603 3041 qui
2638 2971 2829 3025 invenit
2867 2971 3179 3039 sapientiam
3201 3010 3217 3035 ,
3252 2979 3300 3025 et
3327 2971 3416 3042 qui
3445 2971 3608 3042 afﬂuit

2034 3062 2328 3130 prudentia.
2358 3062 2491 3128 Quia
2520 3064 2722 3134 positos
2752 3065 2851 3120 sub
2878 3065 3158 3134 disciplina
3186 3074 3242 3120 et
3268 3067 3606 3137 correptione

2037 3152 2335 3220 solabatur,
2361 3154 2508 3211 addit
2533 3157 2675 3226 quod
2700 3165 2955 3228 cmperat,
2985 3158 3264 3215 insinuans
3289 3158 3414 3228 quia
3440 3159 3614 3214 beati-

1961 3230 2007 3293 C
2041 3243 2168 3297 tudo
2207 3252 2291 3298 est
2331 3259 2458 3299 vera
2498 3244 2731 3301 hominis
2770 3262 2873 3301 non
2913 3248 3154 3304 adversis
3177 3263 3364 3303 carere
3390 3249 3442 3302 in
3469 3265 3609 3319 pra:—

2036 3335 2198 3399 senti,
2224 3336 2317 3391 sed
2337 3346 2554 3392 aeterna:
2583 3338 2856 3408 sapientia:
2876 3339 3218 3409 perceptione
3237 3338 3430 3395 lactari.
3457 3339 3613 3407 Quod

2035 3436 2119 3482 est
2146 3428 2200 3482 in
2225 3428 2328 3485 hac
2352 3430 2461 3483 vita
2495 3429 2704 3485 Domini
2734 3430 3060 3486 voluntatem
3089 3436 3443 3501 cognoscere,
3473 3440 3529 3487 et
3556 3433 3612 3487 in

2037 3517 2218 3573 futuro
2261 3520 2377 3589 ejus
2413 3520 2621 3576 visione
2663 3519 2889 3590 perfrui.
2932 3522 3001 3577 Et
3041 3521 3181 3579 bene
3220 3538 3344 3578 cum
3384 3522 3621 3586 diceret,

2033 3606 2230 3662 Beatus
2256 3609 2410 3663 homo
2434 3612 2523 3679 qui
2548 3610 2741 3665 invenit
2765 3612 3096 3682 sapientiam,
3125 3627 3250 3666 mox
3280 3611 3505 3678 addidit,
3541 3612 3610 3666 Et

2034 3700 2123 3771 qui
2151 3701 2311 3772 afﬂuit
2338 3701 2638 3771 prudentia.
2660 3701 2800 3758 Sunt
2816 3703 2961 3759 enim
2985 3704 3075 3773 qui
3100 3704 3379 3759 inveniunt
3404 3691 3613 3774 sapien-

2035 3791 2165 3844 tiam
2181 3831 2198 3858 ,
2227 3791 2524 3848 doctrinam
2549 3794 2800 3851 veritatis
2828 3809 2959 3851 aure
2999 3793 3384 3866 percipiendo;
3410 3794 3506 3849 sed
3530 3793 3611 3849 af-

2036 3878 2201 3935 fluere
2228 3882 2517 3951 prudentia
2540 3883 2841 3955 negligant,
2861 3885 3092 3940 nolendo
3117 3885 3402 3941 cordissui
3428 3885 3607 3941 sinum

2034 3972 2104 4027 ad
2134 3972 2528 4042 percipiendam
2554 3973 2672 4045 ejus
2696 3973 3099 4043 amplitudinem
3125 3973 3330 4030 laxare.

2106 4063 2298 4119 Melior
2333 4074 2407 4120 est
2449 4065 2723 4137 acquisitio
2769 4066 2884 4137 ejus
2928 4065 3277 4135 negotiatione
3317 4065 3519 4137 argenti
3562 4074 3619 4121 et

2033 4155 2173 4210 auri.
2221 4153 2361 4209 Non'
2384 4163 2587 4210 metuat
2628 4155 2694 4210 de
2728 4155 3069 4225 correptione
3105 4154 3318 4227 inopiae,
3365 4156 3624 4228 quisquis-

2031 4259 2164 4316 opes
2187 4244 2471 4316 acquisivit
2498 4245 2794 4315 sapientim,
2818 4245 2941 4314 quia
2968 4245 3237 4300 thesauris
3264 4246 3626 4301 terrestribus.

2035 4334 2528 4405 incomparabiliter
2553 4349 2751 4390 munus
2773 4324 2994 4390 caeleste
3019 4334 3298 4405 praecellit.

2104 4423 2274 4479 Primi
2318 4435 2367 4480 et
2402 4426 2670 4497 purissimi
2708 4426 2911 4497 [metus
2955 4427 3087 4497 ejus.
3131 4425 3189 4481 Si
3238 4427 3385 4495 iuxta
3423 4427 3611 4484 Eccle-

356 4538 479 4578 mus
503 4522 803 4577 substantia
831 4531 886 4577 et
905 4521 1147 4593 frugibus
1176 4520 1459 4576 Dominum
1481 4522 1749 4577 honorare
1770 4522 1928 4593 jube-
1957 4586 1998 4593 _
2033 4516 2333 4583 siasticum,
2365 4517 2520 4573 radix
2548 4517 2823 4587 sapientia:
2856 4525 2938 4573 est
2967 4518 3161 4573 timere
3182 4519 3374 4582 Deum,
3403 4517 3627 4574 fructus.

356 4627 496 4666 mur.
527 4611 640 4667 Hoc
665 4621 749 4667 est
775 4612 893 4682 ejus
916 4611 968 4666 in
994 4586 1264 4677 omnibus,
1293 4620 1348 4667 et
1372 4626 1478 4666 non
1510 4620 1753 4668 nostram
1771 4586 1926 4682 qum-
1955 4586 2008 4646 D
2032 4603 2310 4676 sapientia:
2329 4646 2345 4671 ,
2383 4605 2474 4676 qui
2515 4586 2669 4670 sunt,
2706 4605 2812 4660 nisi
2837 4606 3022 4660 videre
3053 4606 3258 4662 Deum?
3287 4608 3355 4661 Et
3387 4608 3442 4662 lii
3478 4617 3605 4663 sunt

357 4721 477 4763 rere
502 4707 731 4763 laudem.
760 4706 866 4764 Sed
886 4700 943 4763 et
970 4707 1058 4763 ille
1093 4707 1376 4763 Dominum
1401 4708 1468 4762 de
1502 4723 1599 4762 sua
1629 4707 1930 4763 substantia
2030 4696 2190 4765 Primi
2212 4709 2277 4750 ³ο
2303 4695 2577 4765 Puri-“Simi
2598 4735 2613 4758 ν
2640 4695 2754 4750 Sive
2783 4696 2908 4766 ll“ia
2941 4695 3080 4751 Deus
3101 4737 3116 4761 ν
3146 4696 3235 4765 (Ιιιί
3266 4697 3496 4763 "mea",
3530 4700 3615 4754 ab

356 4811 682 4867 suarumque
707 4795 917 4868 frugum
936 4796 1189 4867 primitiis
1209 4796 1457 4862 honorat,
1481 4796 1575 4865 qui
1596 4810 1755 4850 omne
1778 4795 1932 4865 quid-

353 4888 484 4957 quid
513 4887 638 4942 boni
664 4895 937 4958 operatur,
969 4900 1073 4940 non
1103 4887 1208 4941 hoc
1234 4885 1346 4940 suis
1371 4884 1578 4939 viribus
1607 4899 1672 4939 ac
1698 4885 1929 4952 meritis,

356 4977 451 5032 sed
475 4992 719 5047 supernae
742 4977 931 5047 gratia:
960 4975 1165 5031 tribuit.
1195 4974 1400 5029 Memor
1424 4973 1567 5028 illius
1598 4973 1744 5028 verbi
1768 5011 1782 5038 ,
1805 4972 1929 5043 quia

353 5070 466 5122 sine
492 5086 570 5124 me
596 5067 726 5123 nihil
757 5068 969 5139 potestis
998 5068 1190 5138 facere.

428 5166 495 5221 Et
520 5166 869 5238 implebantur
899 5166 1085 5221 horrea
1112 5174 1204 5219 tua
1240 5164 1544 5226 saturitate,
1583 5171 1653 5238 et_
1669 5161 1788 5216 vino
1816 5170 1927 5215 tor-

356 5256 561 5311 eularia
593 5232 989 5313 redundabant.
1036 5255 1128 5311 Ait
1164 5256 1218 5310 in
1266 5255 1556 5326 Evangelio
1600 5232 1860 5308 [lupinus
1907 5268 1927 5309 :

362 5346 729 5402 Thesaurizate
765 5358 938 5402 autem
978 5345 1118 5402 vobis
1150 5345 1420 5400 thesauros
1457 5344 1511 5398 in
1550 5342 1674 5398 caelo
1711 5342 1924 5413 (Matth.

357 5438 457 5511 vr).
492 5438 551 5495 Si
578 5431 705 5510 ergo
732 5440 1014 5496 thesauros
1040 5439 1094 5495 in
1127 5438 1266 5495 cutio
1298 5446 1526 5510 possunt
1550 5437 1749 5493 habere
1768 5437 1927 5508 justi,

356 5530 483 5600 quia
509 5544 667 5585 veras
700 5529 772 5583 ibi
805 5530 1019 5585 divitias
1057 5529 1336 5585 inveniunt
1356 5567 1372 5594 ,
1413 5534 1638 5598 possunt
1667 5528 1852 5598 utique
1874 5536 1930 5583 et

356 5620 553 5674 horrea
580 5626 635 5673 et
662 5620 971 5686 toreularia,
997 5619 1121 5689 quia
1147 5634 1255 5673 non
1285 5618 1525 5673 esuricnt
1549 5633 1723 5688 neque
1746 5618 1930 5673 sitlent

356 5710 587 5782 amplius
616 5726 631 5765 :
656 5709 727 5765 Et
752 5709 1103 5781 implebantur
1127 5710 1312 5764 horrea
1341 5718 1434 5763 tua
1469 5710 1740 5764 saturitate
1759 5750 1775 5775 ,
1803 5710 1929 5780 quia

358 5800 611 5863 satiabcr.
636 5799 833 5873 inquit,
856 5800 979 5855 dunt
1002 5800 1418 5871 manifestabitur
1437 5800 1604 5871 gloria
1631 5809 1721 5855 tua
1750 5798 1923 5869 (Psal.

2033 4787 2186 4843 initio
2214 4796 2327 4853 est,
2353 4796 2408 4842 et
2435 4786 2567 4842 nihil
2599 4787 2937 4857 inquinatum
2966 4787 3018 4841 in
3043 4786 3160 4856 eius
3186 4788 3391 4843 visione
3425 4788 3607 4844 incur-

2006 4878 2133 4946 et'it,
2163 4880 2276 4935 sive
2304 4880 2433 4950 quia
2473 4879 2647 4950 primo
2677 4879 2743 4934 ad
2768 4879 2910 4935 banc
2937 4879 3403 4951 contemplandum
3441 4880 3612 4938 homo.

2030 4982 2248 5032 creatus
2275 4981 2377 5031 est.
2408 4973 2559 5030 Unde
2585 4982 2640 5029 et
2666 4972 3060 5029 adolescentior
3095 4972 3236 5028 ﬁlius
3276 4973 3365 5028 ubi
3396 4974 3464 5029 ad
3500 4973 3606 5029 Pa-

2032 5077 2169 5125 trem
2198 5068 2466 5138 posnitens
2493 5066 2681 5131 rediit,
2713 5065 2943 5136 primam
2971 5065 3164 5120 stolam
3190 5064 3458 5135 recepisse
3486 5080 3607 5121 me-

2031 5166 2305 5224 moratur;
2334 5158 2447 5213 sive
2472 5157 2596 5229 quia
2628 5156 2862 5229 primum
2881 5162 2939 5212 et
2962 5154 3093 5211 rude
3110 5170 3303 5211 aurum
3325 5155 3463 5213 solet
3484 5171 3607 5212 esse

2027 5249 2409 5321 purissimum;
2447 5257 2500 5303 et
2532 5249 2705 5318 prima
2745 5247 2885 5302 stola
2917 5255 3101 5302 nostra
3150 5261 3278 5302 vere
3314 5255 3398 5302 est
3428 5247 3601 5302 beati-.-

2029 5343 2160 5399 tudo
2205 5343 2505 5407 credenda,
2560 5357 2679 5412 qua:
2724 5341 2890 5395 nobis.
2915 5341 2973 5395 in
3025 5339 3421 5396 resurrectione
3469 5354 3599 5410 per-

2029 5430 2225 5490 fectius
2248 5450 2278 5487 a
2309 5431 2535 5487 Domino
2560 5429 2891 5501 promittitur
2914 5442 3034 5484 esse
3073 5426 3359 5485 reddenda.

2102 5521 2392 5577 Pretiosior
2427 5531 2503 5576 est
2538 5520 2734 5575 cunctis
2765 5518 2977 5588 apibus,
3013 5527 3064 5572 et
3100 5519 3275 5572 omnia
3307 5532 3426 5588 qua:
3461 5516 3601 5571 desi-

2029 5614 2300 5678 derantur,
2318 5611 2439 5667 huic
2462 5627 2565 5666 non
2586 5608 2752 5664 valent
2772 5607 3085 5677 comparari.
3109 5605 3227 5662 Non
3247 5605 3407 5660 modo
3428 5612 3600 5660 terre-

2028 5703 2136 5767 nis,
2161 5715 2349 5757 verum
2382 5699 2544 5754 etiam
2573 5696 2881 5753 coelestibus
2935 5695 3166 5759 divitiis,
3218 5695 3326 5750 imo
3366 5703 3422 5750 et
3463 5693 3596 5763 ipsis

2030 5794 2339 5868 angelorum
2369 5790 2769 5863 conspectibus,
2795 5787 2951 5858 lmjus
2977 5788 3252 5858 sapientiae
3272 5786 3488 5842 claritas
3508 5799 3603 5837 au-
