4100 6324
506 373 610 429 095

1141 377 1202 432 B.
1243 377 1498 435 RABANI
1533 380 1752 437 MAURI
1788 379 2104 436 ARCHIEP.
2145 379 2454 439 MOGUNT.
2491 385 2774 445 OPERUM
2815 390 2991 449 PARS
3022 394 3105 449 Ill.

3660 399 3765 457 696

505 489 766 555 tcl‘ertur,
795 491 937 547 unde
973 499 1028 546 et
1060 493 1321 563 propheta
1351 491 1522 563 (Psal.
1553 495 1740 567 Lxxn).
1773 494 1913 561 Quid
1942 494 2079 548 enim
2106 498 2155 556 Α
2185 498 2535 567 maechaberis,
2564 518 2667 557 non
2691 504 2892 572 furtum
2936 508 3118 576 facies,
3146 526 3251 564 non
3291 512 3485 578 falsum
3533 515 3764 569 testimo-

501 581 631 634 milti
673 591 833 637 restat
872 584 928 637 in
975 583 1133 649 coelo,
1171 593 1218 638 et
1261 601 1294 638 a
1338 594 1385 639 te
1427 587 1555 656 quid
1592 586 1734 640 volui
1781 602 1936 656 super
1974 596 2082 641 ter-

503 689 638 739 ram,
665 681 793 740 etc.,
829 690 999 744 usque
1025 675 1092 729 ad
1120 675 1282 730 ﬁnem
1306 676 1522 747 psalmi.

571 762 865 835 Longitudo
892 766 1092 821 dierum
1122 767 1179 821 in
1206 767 1419 822 dextera
1451 769 1563 837 ejus
1581 809 1596 835 ,
1621 769 1676 822 in
1700 769 1912 823 sinistra
1939 769 2082 825 illius

498 851 695 907 divitia:
747 864 795 908 et
833 854 1020 925 gloria.
1060 855 1280 911 Visione
1328 872 1440 911 sua:
1469 857 1766 913 divinitatis
1793 858 1994 914 electos
2025 860 2082 914 in

495 952 756 1020 perpetua
794 944 911 999 luce
937 945 1234 1011 condonat,
1264 954 1321 1000 et
1344 947 1561 1001 eosdem
1593 949 1648 1000 in
1685 950 1941 1016 praesenti
1970 951 2079 1006 vita

494 1033 883 1091 incarnationis
908 1053 1019 1091 suae
1053 1038 1408 1092 sacramentis
1434 1047 1490 1092 et
1515 1038 1934 1094 charismatibus
1962 1040 2080 1094 illu-

493 1134 633 1180 strat
669 1125 735 1184 ac
773 1129 1008 1183 roborat.
1056 1129 1159 1183 Dat
1192 1131 1300 1194 eis,
1334 1131 1425 1200 qui
1463 1131 1532 1186 ob
1568 1147 1627 1186 se
1653 1133 2076 1202 comparandam

491 1233 589 1273 sua
620 1221 808 1276 omnia.
822 1221 1077 1287 vendunt,
1107 1223 1413 1291 centuplum
1438 1225 1490 1277 in
1520 1223 1624 1278 hoc
1653 1235 1914 1294 tempore,
1945 1227 2074 1280 etin

491 1310 689 1366 saeculo
713 1319 941 1367 venturo
962 1312 1131 1366 vitam
1155 1325 1431 1368 aeternam.
1458 1313 1716 1384 Sequitur
1738 1315 1793 1369 in
1825 1316 1928 1369 hoc
1957 1316 2073 1370 loco

481 1399 641 1468 juxta
676 1401 954 1473 antiquam
995 1403 1400 1458 translationem
1421 1444 1436 1468 ,
1473 1405 1616 1474 quod
1650 1405 1822 1460 nostri
1861 1405 2075 1462 codices

486 1506 595 1546 non
633 1492 847 1548 habent.

559 1583 634 1636 Ab
666 1599 756 1638 ore
783 1585 897 1654 ejus
948 1585 1298 1656 proficiscitur
1343 1588 1568 1655 justitia,
1593 1588 1756 1658 legem
1807 1598 1980 1643 autem
2020 1599 2070 1643 et

482 1675 903 1728 misericordiam
947 1677 1004 1729 in
1026 1675 1205 1746 lingua
1238 1687 1431 1747 portat.
1463 1679 1616 1744 Quod
1644 1679 1764 1733 ideo
1798 1688 2066 1733 annotan—

483 1766 613 1820 dum
642 1767 872 1834 credidi,
901 1769 1026 1836 quia
1049 1770 1301 1824 versiculi
1333 1770 1406 1824 illi
1442 1771 1496 1824 in
1521 1771 1798 1840 opusculis
1840 1771 2061 1826 Patrum

479 1871 626 1927 saepe
652 1857 815 1927 positi
843 1860 1211 1914 inveniuntur.

563 1945 672 2002 Via:
699 1947 814 2018 ejus
841 1950 938 2004 via:
961 1949 1192 2019 pulchra:
1215 1958 1264 2004 et
1301 1968 1478 2006 omnes
1512 1953 1706 2007 semita:
1733 1951 1877 2008 illius
1921 1953 2064 2024 paci-

476 2039 614 2107 ﬁcae.
640 2038 897 2096 Actiones
929 2041 1048 2111 ejus
1087 2049 1143 2096 et
1170 2042 1432 2097 doctrinm
1477 2059 1598 2112 quae
1650 2045 1703 2098 in
1759 2044 2062 2115 Evangeliis

473 2131 843 2198 continentur,
870 2132 1110 2203 pulchrae
1151 2143 1298 2199 sunt,
1326 2135 1453 2204 quia
1495 2135 1689 2189 divinae
1714 2151 1778 2190 ac
1799 2138 1920 2205 puri
1967 2137 2062 2190 bo-

473 2222 639 2278 minis
693 2223 912 2278 modum
958 2223 1115 2293 longe
1163 2231 1537 2294 transgressae,
1583 2233 1638 2279 et
1687 2227 1869 2280 omnia
1908 2225 2058 2294 jnssa

472 2311 591 2382 ejus
616 2314 682 2368 ad
707 2329 894 2384 pacem
935 2314 1139 2368 ducunt
1175 2323 1451 2369 aeternam.
1501 2315 1694 2371 Omnia
1724 2332 1844 2386 quae
1891 2317 1944 2370 in
1994 2333 2058 2373 ca

466 2419 531 2459 re
557 2405 726 2476 gessit
764 2405 832 2460 ad
859 2406 1287 2461 reconciliandos
1324 2407 1434 2461 Deo
1474 2407 1748 2472 mortales,
1780 2407 1846 2463 ad
1874 2409 2058 2477 paciﬁ-

467 2494 702 2549 candum
744 2510 866 2549 eum
910 2495 1114 2565 angelis
1162 2510 1335 2566 genus
1374 2497 1688 2562 humanum,
1720 2500 1785 2551 ad
1835 2500 2058 2553 demon-

463 2589 690 2643 stranda
711 2589 824 2643 suis
851 2591 1129 2645 servanda:
1150 2590 1217 2644 ad
1239 2589 1469 2645 invicem
1492 2591 1640 2660 pacis
1671 2600 1728 2645 et
1753 2591 2055 2648 dilectionis

466 2679 711 2749 exempla
731 2679 1022 2749 pertinent.

535 2768 761 2840 Lignum
789 2772 907 2824 vita:
927 2780 1002 2825 est
1028 2771 1108 2824 his
1133 2774 1222 2841 qui
1251 2771 1698 2842 apprehenderunt
1723 2789 1860 2838 eam,
1892 2783 1939 2827 et
1961 2774 2053 2843 qui

460 2861 685 2916 tenuerit
713 2877 829 2915 eam
855 2861 1056 2915 beatus.
1088 2861 1240 2915 Sicut
1277 2861 1330 2914 in
1358 2863 1534 2916 medio
1556 2863 1790 2932 paradisi
1836 2863 2043 2934 lignum

464 2951 592 3005 vitae
618 2952 856 3021 positum
900 2951 1112 3022 Moyses
1133 2967 1254 3006 esse
1283 2960 1533 3018 testatur,
1569 2953 1643 3007 ita
1694 2969 1790 3024 per
1832 2955 2046 3024 sapien-

461 3042 594 3096 tiam
647 3042 742 3096 Dei
803 3043 1053 3097 videlicet
1096 3043 1370 3098 Christum
1418 3043 1722 3099 viviﬁcatur
1771 3045 2049 3112 Ecclesia,

449 3132 622 3203 "cujus
666 3142 722 3187 et
764 3148 910 3188 nunc
946 3133 1301 3188 sacramentis
1330 3133 1510 3188 carnis
1536 3150 1601 3188 ac
1644 3134 1942 3204 sanguinis,
1966 3135 2048 3205 pi-

2187 587 2332 640 nium
2359 589 2521 656 dices,
2551 599 2661 666 etc.
2695 594 2889 666 (Exod.
2920 597 3034 665 xx).
3067 598 3358 656 Consilium
3382 603 3660 673 sapientiae
3679 616 3766 664 est

2183 691 2305 731 cum
2353 681 2601 748 protinus
2647 685 2826 749 addit,
2875 688 2921 740 si
2964 690 3039 742 vis
3063 690 3320 760 perfectus
3367 709 3512 758 esse,
3551 695 3680 751 vade
3713 707 3765 753 et

2181 770 2340 824 vende
2367 773 2542 827 omnia
2589 791 2706 845 qua:
2735 777 2915 844 habes,
2943 789 3048 835 etc.
3091 781 3308 852 (Matth.
3334 786 3471 856 xxx).

2251 862 2318 917 Et
2344 866 2442 920 erit
2469 867 2572 921 vita
2613 870 2806 923 animae
2858 881 2980 925 tuaz.
3011 872 3203 928 Anima
3245 885 3334 929 tua
3380 877 3547 933 habet
3589 868 3766 937 vitam

2179 969 2300 1010 cum
2347 955 2479 1024 Deo,
2534 960 2579 1014 si
2608 959 2724 1030 ejus
2781 963 2996 1019 decreta
3053 968 3407 1034 custodieris,
3464 972 3764 1041 quamlibet

2177 1059 2304 1102 caro
2357 1048 2638 1120 disciplina
2683 1054 3042 1124 correptionis
3069 1066 3162 1113 aut
3195 1059 3360 1114 etiam
3405 1063 3595 1117 mortis
3629 1079 3759 1135 pre-

2177 1147 2376 1193 matur.

2246 1229 2316 1284 Et
2343 1242 2516 1303 gratia
2544 1235 2787 1303 faucibus
2806 1240 2931 1293 tuis.
2970 1239 3142 1298 Habet
3185 1257 3319 1314 ergo
3361 1259 3556 1302 sensus
3589 1249 3762 1304 animi
3805 1267 3808 1270 '

2173 1320 2357 1412 fauces
2380 1340 2525 1391 suas,
2547 1328 2672 1397 quia
2691 1329 2890 1397 dulcia,
2912 1333 3106 1402 inquit,
3129 1335 3368 1405 faucibus
3393 1341 3525 1392 meis
3550 1340 3757 1412 eloquia

2173 1422 2265 1467 tua
2292 1411 2464 1484 (Psal.
2483 1418 2693 1498 cxvtn),
2721 1421 2917 1489 quibus
2946 1426 3113 1479 verba
3137 1441 3260 1495 qua:
3287 1429 3438 1483 audit
3474 1411 3754 1498 dijudicet,

2173 1505 2368 1575 quibus
2397 1522 2484 1561 res
2510 1495 2752 1581 et'gesta
2797 1514 3129 1584 singulorum
3171 1534 3291 1588 quze
3343 1521 3518 1575 cernit
3563 1523 3756 1578 decer-

2171 1599 2346 1651 nendo
2371 1601 2666 1667 examinet,
2695 1611 2749 1657 et
2794 1604 2909 1659 hmo
2945 1605 3317 1675 amplectendo
3361 1612 3612 1680 recipiat,
3661 1611 3754 1667 illa

2172 1688 2510 1756 reprobando
2552 1700 2884 1748 contemnat.
2919 1695 3124 1762 Quibus
3172 1699 3427 1754 nimirum
3479 1702 3750 1771 faucibus,

2169 1792 2290 1833 cum
2341 1779 2513 1851 legem
2569 1793 2731 1854 atque
2781 1787 3063 1842 consilium
3104 1789 3319 1846 Domini
3377 1795 3750 1863 custodimus,

2169 1872 2342 1941 gratia
2374 1872 2780 1944 multiplicatur.
2827 1877 2961 1944 Quia
3005 1890 3212 1950 quanto
3250 1882 3500 1939 solertius
3523 1887 3752 1956 quisque

2170 1962 2368 2018 divinis
2392 1965 2728 2035 obtemperat
2751 1967 2940 2036 jussis,
2971 1977 3120 2026 tanto
3143 1971 3349 2027 dulcius
3368 1973 3484 2042 ejus
3509 1975 3752 2031 am‘orem

2168 2056 2418 2125 concipit.
2450 2055 2618 2123 Quam
2645 2060 2846 2115 nostris
2868 2059 3113 2117 lancibus
3143 2064 3320 2120 inesse
3345 2067 3576 2134 gratiam
3602 2068 3748 2123 desi-

2168 2144 2392 2200 derabat
2412 2146 2699 2204 Psalmista
2727 2166 2850 2206 cum
2877 2153 2970 2216 ait,
3003 2151 3220 2210 Gustate
3243 2166 3290 2211 et
3313 2159 3479 2213 videte
3499 2151 3750 2231 quoniam

2164 2238 2340 2291 suavis
2366 2249 2440 2292 est
2471 2239 2727 2295 Dominus
2753 2240 2922 2313 (Psal.
2957 2246 3172 2318 χχχιιι).

2236 2325 2381 2380 Tunc
2404 2329 2696 2384 ambulabis
2727 2331 3045 2398 ﬁducialiter
3071 2336 3125 2389 in
3149 2336 3230 2390 via
3250 2345 3361 2392 tua.
3396 2339 3748 2397 Fiducialiter

2164 2419 2216 2472 in
2243 2418 2332 2473 via
2353 2428 2536 2475 nostra
2568 2421 2884 2491 incedimus,
2915 2441 3037 2481 cum
3061 2428 3154 2483 Dei
3186 2431 3358 2499 gratia
3399 2433 3586 2488 conﬁsi
3613 2450 3744 2504 pro-

2160 2510 2359 2565 fectum
2402 2513 2457 2567 in
2505 2515 2645 2569 bona
2701 2526 2886 2572 nostra
2937 2523 3348 2578 conversatione
3396 2527 3741 2594 suscipimus.

2161 2599 2218 2656 Si
2244 2618 2372 2673 ergo
2398 2605 2515 2674 ejus
2538 2605 2783 2676 imperiis
2810 2609 3087 2665 humiliter
3110 2614 3410 2680 subdimur,
3439 2626 3495 2670 et
3524 2626 3742 2685 gustum

2062 2719 2065 2721 -
2158 2695 2380 2762 superni
2408 2697 2607 2751 amo-ris
2633 2699 2853 2754 suavius
2875 2699 3121 2757 faucibus
3166 2705 3362 2759 mentis
3390 2706 3738 2778 attingemus,

2157 2791 2211 2838 et
2234 2786 2562 2852 operationis
2577 2788 2730 2842 bonae
2751 2799 3102 2860 augmentum
3120 2809 3333 2863 semper
3351 2796 3738 2863 obtinebimus,

2155 2875 2249 2928 sed
2270 2883 2326 2928 et
2373 2875 2426 2928 in
2447 2876 2848 2934 ‘tentationibus
2897 2896 2963 2934 ne
3005 2881 3318 2939 deﬁciamus
3364 2887 3481 2954 ipso
3513 2887 3743 2957 juvante

2155 2966 2526 3034 defendemur,
2553 2971 2655 3025 hoc
2680 2979 2762 3026 est
2784 2973 2926 3026 enim
2957 2975 3097 3043 quod
3123 2977 3365 3046 sequitur
3397 2996 3410 3032 :

2227 3056 2295 3110 Et
2338 3075 2425 3127 pes
2471 3069 2591 3114 tuus
2640 3078 2741 3114 non
2782 3062 3048 3134 impinget.
3101 3065 3364 3132 Quoniam
3400 3067 3740 3139 diligentibus

2152 3147 2322 3202 Deum
2356 3151 2531 3205 omnia
2563 3163 2912 3222 cooperantur
2943 3157 2998 3209 in
3029 3156 3218 3210 bonum
3247 3157 3419 3228 (Rom.
3450 3162 3587 3232 vm).

459 3242 600 3297 gnus
628 3226 756 3282 vitae
798 3227 1019 3297 accipit,
1052 3235 1107 3282 et
1133 3227 1186 3281 in
1216 3225 1394 3281 futuro
1421 3229 1676 3297 praesenti
1703 3227 2045 3283 beatiﬁcatur

2657 3209 2668 3222 σ
3115 3209 3120 3210 ⁷
3250 3209 3418 3228 \"""'
3463 3209 3587 3232 ““’“Ι”

2221 3239 2280 3296 Si
2306 3242 2615 3309 dormieris,
2657 3261 2761 3299 non
2790 3247 3026 3313 timebis;
3067 3250 3320 3319 quiesces,
3354 3261 3406 3306 et
3436 3256 3610 3308 suavis
3636 3256 3740 3310 erit

460 3326 704 3388 aspectu.
1215 3377 1217 3379 _

529 3407 790 3463 Dominus
827 3409 1086 3479 sapientia
1117 3410 1356 3480 fundavit
1379 3419 1592 3476 terram,
1617 3411 1864 3467 stabilivit
1889 3412 2044 3468 ctelos

408 3529 410 3532 -
455 3497 758 3566 prudentia.
812 3499 954 3555 Deus
1001 3499 1167 3554 Pater
1190 3515 1286 3569 per
1325 3499 1522 3555 Filium
1553 3503 1735 3556 omnia
1778 3503 2039 3559 condidit.

460 3585 663 3658 Typice
699 3595 880 3643 autem
932 3587 1178 3643 fundavit
1223 3598 1425 3644 terram
1463 3591 1750 3661 sapientia,
1781 3607 1901 3646 cum
1943 3608 2042 3664 per

456 3679 634 3747 ipsum
663 3687 906 3734 sanctam
929 3678 1225 3734 Ecclesium
1253 3679 1306 3733 in
1355 3679 1478 3735 ﬁdei
1507 3681 1778 3737 soliditate
1817 3683 2035 3738 locavit.

457 3767 730 3822 Stabilivit
754 3767 922 3823 caelos
951 3759 1272 3839 prudentia,
1299 3784 1438 3827 cum
1468 3786 1566 3840 per
1594 3775 1843 3828 eumdem
1871 3773 2040 3829 subli-

453 3857 564 3911 mia
590 3857 1004 3927 praedicatorum
1033 3859 1196 3914 corda
1225 3858 1535 3915 illustravit.

526 3946 801 4019 Sapientia
837 3949 981 4005 illius
1027 3961 1306 4021 eruperunt
1353 3952 1546 4022 abyssi.
1597 3952 1822 4019 Quando
1846 3956 1898 4010 in
1924 3956 2038 4012 die—

444 4039 552 4094 bus
594 4039 708 4095 Noe
735 4041 874 4110 rapti
921 4049 1047 4096 sunt
1087 4058 1275 4098 omnes
1314 4043 1490 4100 fontes
1516 4046 1698 4114 abyssi
1728 4062 1936 4118 magnae
1983 4055 2036 4102 et

449 4145 574 4184 cum
596 4130 910 4198 quotidiana
931 4148 1192 4201 procursu
1220 4131 1395 4188 fontes
1416 4143 1470 4188 et
1497 4133 1716 4189 ﬂumina
1750 4137 1815 4191 de
1838 4138 2034 4207 abysso

445 4234 548 4289 per
593 4227 753 4274 terrte
798 4235 964 4274 venas
1017 4230 1292 4276 emanant.
1344 4223 1517 4277 Aliter
1558 4226 1824 4294 sapientia
1852 4241 2034 4282 erum-

444 4319 582 4378 punt
625 4312 842 4382 abyssi,
885 4327 1007 4366 cum
1058 4312 1319 4383 largiente
1388 4316 1588 4371 Christi
1665 4319 1862 4388 gratia,
1907 4336 2032 4389 pro-

444 4399 611 4454 funda
665 4410 1125 4457 sacramentorum
1177 4404 1477 4459 cmlestium
1528 4407 1775 4464 ﬁdelibus
1816 4410 2028 4466 innote-

443 4496 622 4543 εειιιιι.

513 4577 583 4632 Et
611 4596 771 4635 nubes
800 4597 917 4636 rore
941 4582 1054 4652 ejus
1093 4596 1347 4639 crescunt.
1384 4586 1535 4643 Patet
1577 4588 1731 4658 juxta
1759 4591 2016 4661 litteram,
2051 4562 2102 4620 D

437 4669 537 4725 sed
562 4669 849 4742 allegorice
889 4674 1059 4730 nubes
1098 4683 1224 4730 sunt
1262 4677 1516 4734 Ecclesiae
1554 4683 1828 4752 magistri,
1858 4685 2022 4740 subli-

435 4781 556 4821 mes
585 4780 682 4835 per
711 4766 1220 4836 contemplationem
1267 4779 1322 4824 et
1364 4773 1551 4839 vitam,
1580 4775 1818 4846 rigantes
1855 4778 2019 4833 corda

435 4856 766 4924 auditorum,
795 4858 948 4927 quasi
989 4857 1287 4927 subjectam
1323 4863 1424 4917 sibi
1455 4874 1654 4920 terram
1696 4883 1794 4937 per
1819 4869 2020 4923 doctri—

432 4962 583 5013 nam,
605 4963 724 5017 quae
748 4964 871 5004 rore
891 4961 1270 5018 concrescunt,
1295 4955 1420 5023 quia
1441 4957 1790 5013 subtilissima
1815 4961 2018 5016 discre-

430 5036 582 5092 tione
602 5038 824 5094 virtutes
853 5055 979 5095 suas
1001 5041 1195 5110 quibus
1219 5043 1526 5111 proﬁciant,
1557 5047 1751 5115 quibus
1779 5049 1887 5103 alta
1915 5067 2012 5120 pe-

429 5135 579 5192 tant,
605 5129 908 5200 quibusque
948 5132 1247 5187 minoribus
1291 5133 1342 5187 in
1390 5138 1693 5206 exemplum
1742 5150 2010 5196 monstra-

428 5228 621 5275 rentur
643 5223 975 5280 examinant.

506 5310 612 5366 Fili
637 5313 729 5377 mi,
755 5330 816 5367 ne
835 5315 1044 5384 eﬂluant
1069 5319 1179 5371 hwc
1204 5318 1268 5371 ab
1290 5307 1598 5374 oculisTuis.
1628 5322 1707 5376 Ne
1728 5321 2007 5394 disciplina

427 5403 710 5472 temporali
737 5404 990 5474 fatigatus
1010 5407 1304 5476 sapientiae,
1335 5426 1456 5479 quae
1483 5418 1631 5464 tanta
1649 5423 1752 5477 est,
1777 5416 2007 5484 gratiam

423 5499 617 5571 perdas
640 5514 899 5569 praecave.

496 5586 716 5643 Custodi
740 5588 901 5659 legem
929 5599 1083 5659 atque
1113 5593 1408 5648 consilium.
1456 5594 1566 5649 Lex
1607 5597 1868 5666 sapientia
1896 5608 2003 5667 est,

425 5691 529 5752 qua
566 5677 732 5732 dicit:
762 5677 820 5733 Si
850 5679 921 5734 vis
951 5679 1020 5732 ad
1052 5680 1206 5734 vitam
1233 5683 1457 5752 ingredi,
1490 5702 1593 5740 non
1641 5687 1862 5756 occides,
1898 5707 2001 5745 non

495 5770 707 5845 {Deest
730 5771 851 5828 linis
883 5772 1025 5829 tertii
1057 5772 1251 5842 capitis
1276 5783 1330 5830 ct
1359 5775 1565 5832 initium
1595 5779 1791 5849 quarti.

2147 3353 2362 3391 somnus
2392 3347 2531 3392 tuus.
2560 3339 2636 3395 Ne
2665 3357 2862 3410 paveas
2885 3343 3165 3412 repentino
3189 3353 3418 3410 terrore,
3442 3353 3497 3399 et
3515 3343 3733 3401 irruen-

2150 3436 2231 3484 tes
2255 3429 2351 3483 tibi
2382 3431 2651 3499 potentias
2680 3434 2989 3502 impiorum.

2213 3518 2470 3575 Dominus
2509 3523 2645 3576 enim
2682 3524 2737 3578 in
2772 3523 2933 3578 latere
2981 3534 3091 3592 tuo,
3143 3535 3192 3581 et
3243 3527 3497 3583 custodiet
3546 3527 3731 3598 pedem

2144 3617 2289 3662 tuum
2314 3625 2376 3663 ne
2397 3612 2642 3680 capiaris.
2675 3611 2832 3668 Patet
2866 3613 3020 3684 juxta
3071 3615 3305 3671 litteram
3338 3618 3463 3687 quia
3504 3634 3728 3674 securus

2141 3707 2196 3753 et
2241 3698 2439 3756 dormit
2467 3709 2522 3756 et
2565 3703 2777 3774 vigilat,
2806 3703 2860 3759 et
2883 3707 3110 3775 quiescit
3143 3717 3197 3762 et
3243 3710 3500 3764 ambulat.
3526 3710 3615 3780 qui
3666 3726 3727 3765 se

2141 3789 2458 3847 innocenter
2488 3801 2613 3849 ante
2637 3794 2807 3848 Deum
2835 3795 3048 3864 etjuste
3075 3798 3256 3852 vivere
3299 3799 3564 3853 meminit.
3617 3798 3724 3853 Sed

2138 3889 2194 3935 et
2213 3881 2393 3951 justus
2422 3898 2544 3937 cum
2573 3884 2626 3937 in
2650 3891 2820 3939 morte
2866 3886 3171 3952 dormierit,
3196 3903 3302 3942 non
3336 3888 3509 3943 solum
3534 3897 3724 3958 poten-

2138 3973 2242 4028 tias
2294 3974 2651 4046 malignorum
2701 3977 2984 4045 spirituum
3034 3992 3138 4032 non
3189 3979 3413 4044 metuit,
3443 3979 3537 4051 sed
3574 3987 3629 4033 et
3667 3978 3722 4032 in

2135 4079 2267 4132 pace
2316 4066 2547 4136 quiescit
2577 4083 2640 4121 ac
2669 4061 2892 4122 securus
2920 4068 3061 4122 diem
3091 4071 3508 4125 resurrectionis
3529 4085 3723 4140 exspe-

2135 4163 2294 4219 ctat;
2355 4157 2479 4227 quia
2548 4156 2715 4212 Deum
2777 4159 2977 4228 ubique
3034 4167 3396 4228 protectorem
3450 4160 3614 4215 habet
3663 4169 3724 4216 et

2135 4247 2430 4313 custodem,
2457 4247 2614 4317 quale
2638 4257 2720 4303 est
2743 4249 2795 4302 in
2819 4249 3054 4318 psalmo:
3086 4249 3226 4302 Nam
3249 4259 3295 4303 et
3318 4251 3363 4303 si
3385 4248 3718 4303 ambulavero

2131 4338 2186 4392 in
2213 4339 2381 4391 medio
2409 4338 2606 4393 umbrw
2629 4340 2832 4403 mortis,
2865 4356 2968 4393 non
2991 4339 3179 4393 timebo
3205 4338 3367 4404 mala,
3385 4338 3634 4409 quoniam
3657 4347 3716 4392 tu

2129 4445 2330 4483 mecum
2356 4447 2408 4484 es
2434 4427 2603 4501 (Psal.
2634 4433 2791 4501 xm).

2200 4519 2330 4583 Noli
2352 4521 2621 4590 prohibere
2668 4520 2964 4590 benefacere
3016 4538 3132 4576 eum
3153 4522 3244 4591 qui
3262 4524 3531 4592 potest:si
3552 4521 3714 4588 vales,

2130 4620 2178 4664 et
2200 4611 2306 4680 ipse
2351 4611 2582 4679 benefac.
2615 4608 2733 4663 Jam
2754 4611 2962 4665 elarere
2990 4611 3269 4676 miramur,
3296 4626 3430 4679 quos
3472 4609 3716 4680 aliquau-

2130 4702 2198 4758 do
2223 4701 2473 4772 parvulos
2501 4709 2557 4758 et
2581 4702 2825 4756 indoctos
2858 4701 3022 4757 fuisse
3054 4703 3415 4757 meminimus.
3456 4740 3470 4755 .
3511 4740 3528 4756 .
3569 4743 3584 4756 .
3624 4743 3640 4759 .
3681 4715 3711 4745 ι

2744 4836 2968 4894 CAPUT
3005 4838 3093 4893 IV.

2195 5057 2261 5112 Et
2283 5059 2500 5112 docebat
2529 5075 2610 5111 me
2650 5067 2804 5127 atque
2829 5057 3030 5111 dicebat
3056 5070 3072 5108 :
3103 5056 3366 5128 Suscipiat
3396 5053 3549 5109 verba
3587 5068 3705 5109 mea

2119 5167 2209 5204 cor
2230 5159 2397 5204 tuum.
2427 5149 2742 5217 liujusmodi
2763 5150 2969 5202 monita
2994 5147 3266 5202 Salomoni
3293 5162 3325 5200 a
3355 5145 3527 5200 David
3547 5152 3702 5215 patre

2121 5228 2377 5311 data,lqui
2409 5217 2581 5298 Y'erba
2604 5242 2811 5295 dierum
2840 5241 3026 5310 relegit
3059 5240 3290 5300 invenit;
3323 5252 3494 5308 quare
3518 5244 3699 5291 autem

2116 5348 2175 5388 se
2199 5332 2452 5387 Salomon
2483 5331 2813 5401 unigenitum
2836 5345 3017 5384 coram
3043 5340 3215 5383 matre
3240 5331 3506 5395 nominat,
3535 5343 3698 5399 quem

2113 5422 2341 5475 fratrem
2396 5420 2668 5475 uterinnm
2719 5419 3063 5488 praecessisse
3115 5418 3396 5488 Scriptura
3441 5425 3698 5485 testatur,

2112 5515 2213 5569 nisi
2239 5514 2365 5584 quia
2390 5513 2476 5567 ille
2505 5529 2628 5567 mox
2657 5521 2817 5566 natus
2841 5512 2956 5566 sine
2985 5513 3201 5567 nomine
3224 5511 3377 5581 quasi
3420 5523 3696 5580 nunquam

2109 5617 2273 5673 esset,
2301 5608 2410 5661 vita
2437 5605 2725 5662 discessit?

2181 5701 2247 5755 Et
2276 5703 2332 5755 in
2355 5702 2496 5755 omni
2517 5700 2837 5770 possessione
2880 5708 2970 5754 tua
2997 5699 3206 5770 nequire
3250 5697 3598 5768 prudentiam.
3631 5693 3694 5752 lu
