4100 6324
1009 344 1039 365 \

401 369 505 428 697

1210 358 1575 418 EXPOSITIO
1608 359 1676 415 IN
1714 358 2106 417 PROVERBIA
2143 358 2549 416 SALOMONIS.
2590 391 2661 403 -ο
2697 361 2824 417 LIB.
2861 362 2901 417 I.

3563 346 3667 427 693

400 479 655 538 omnibus
683 490 802 546 qua:
829 472 1073 544 possides
1106 472 1260 528 bonis
1288 474 1559 541 sapienter
1583 479 1635 528 te
1677 486 1836 543 agere
1863 486 1981 527 me-
2008 476 2059 536 Α
2084 472 2265 543 perius
2294 472 2490 550 dicitur
2520 474 2768 543 sapienti,
2796 473 2934 540 Quia
2955 492 3168 531 currens
3209 493 3314 532 non
3335 477 3546 535 habebis
3583 483 3666 554 of-

404 577 609 631 mento,
631 564 715 619 vel
747 564 802 618 in
831 563 977 617 omni
1005 562 1344 631 possessione
1375 569 1463 615 tua
1499 562 1718 631 acquire
1742 562 1982 630 pruden-

314 658 319 665 ”
407 660 554 722 tiam,
586 653 770 709 omnia
815 665 936 721 quae
965 650 1231 721 possides,
1255 661 1465 705 terrena
1490 659 1795 716 contemne,
1828 650 1985 705 dum-

406 750 567 805 modo
591 744 908 818 sapientiam
936 743 1223 814 percipias,
1246 743 1390 812 quod
1416 743 1550 812 petit
1580 741 1834 798 Salomon
1868 744 1985 811 ipse

406 844 532 898 dum
585 842 708 894 data
759 837 862 892 sibi
907 836 1144 906 optione,
1172 849 1411 891 amorem
1452 835 1727 905 sapientiae
1776 834 1985 889 cunctis

405 930 696 1003 praeposuit
747 928 927 992 rebus,
976 936 1030 980 et
1080 926 1135 980 in
1189 926 1503 997 Evangelio,
1550 925 1643 995 qui
1688 926 1982 995 pretiosam

404 1020 756 1091 margaritam
800 1016 1070 1087 quaesivit,
1098 1016 1237 1070 hanc
1263 1016 1537 1069 inventam
1564 1015 1836 1079 omnibus,
1861 1028 1983 1083 quas

404 1111 626 1173 habuit,
648 1108 884 1163 venditis
909 1107 1060 1161 emit.
1386 1120 1389 1123 ·

469 1201 629 1255 Dabit
654 1199 812 1270 capiti
830 1208 919 1251 tuo
941 1206 1219 1268 augmenta
1245 1198 1555 1268 gratiarum,
1571 1211 1766 1251 corona
1786 1194 1983 1265 inclyta

399 1300 628 1362 proteget
683 1300 751 1344 te.
800 1289 956 1344 Patet
983 1289 1049 1344 de
1078 1288 1389 1354 Salomone,
1414 1288 1547 1358 quia
1584 1287 1711 1342 dum
1754 1302 1855 1358 pro
1891 1302 1981 1342 sa-
2057 1333 2068 1342 .

399 1384 601 1453 pientia
650 1389 845 1436 cuncta
882 1381 1209 1450 despiceret,
1245 1390 1501 1450 percepta
1552 1378 1816 1449 sapientia
1866 1392 1982 1432 ma-

392 1471 502 1541 jori
547 1471 730 1542 gloria:
758 1470 1089 1525 sublimitate
1127 1468 1359 1523 refulsit.
1395 1468 1502 1523 Sed
1536 1477 1591 1521 et
1631 1465 1705 1538 [F
1707 1476 1818 1521 orte
1843 1465 1982 1520 deest

399 1563 468 1635 si]
500 1570 686 1617 nostro
710 1560 898 1630 capiti,
931 1560 984 1615 id
1008 1569 1110 1625 est,
1136 1558 1418 1630 principali
1440 1558 1636 1613 mentis
1660 1558 1993 1649 sapientiam.

399 1654 807 1725 amplectimur,
847 1652 1076 1722 amplior
1127 1652 1301 1723 gratia
1352 1649 1589 1721 Spiritus
1641 1658 1890 1721 augetur,
1926 1658 1983 1705 et

398 1759 597 1800 corona
647 1744 866 1813 insuper
917 1743 1041 1797 vitae
1097 1743 1151 1796 in
1211 1741 1396 1797 futuro
1435 1741 1743 1797 donabitur.
1797 1741 1979 1812 Expo-

2087 562 2407 633 fendiculum
2449 563 2630 636 (Prov.
2658 565 2753 637 tv),
2783 566 2836 619 id
2873 575 2978 632 est,
3005 567 3340 623 scandalum.

2156 654 2314 709 Omni
2360 656 2598 709 custodia
2644 672 2794 710 serua
2840 674 2932 711 cor
2966 666 3133 721 tuum,
3162 661 3287 728 quia
3324 676 3390 714 ea:
3423 664 3535 733 ipso
3562 664 3665 717 vita

2084 744 2336 816 procedit.
2374 744 2512 800 Sunt
2545 747 2635 816 qui
2669 756 2815 802 recte
2843 748 3026 804 vivere
3056 749 3307 805 videntur
3330 752 3663 819 hominibus,

2086 834 2178 890 sed
2213 836 2337 905 quia
2385 846 2530 892 recta
2586 839 3035 893 intentione-non
3092 840 3315 903 faciunt,
3361 858 3390 897 a
3439 842 3549 898 Deo
3573 845 3663 914 qui

2086 940 2180 980 cor
2210 917 2430 995 respicit
2479 942 2704 996 pravum
2754 930 3070 998 reprobatur
3119 939 3174 985 et
3223 932 3356 996 vita,
3392 949 3511 1003 quae
3549 949 3666 988 cre-

2085 1016 2312 1071 debatur
2339 1018 2498 1071 bona.
2533 1017 2690 1073 Omni
2722 1034 2854 1089 ergo
2899 1019 3175 1090 diligentia
3221 1024 3402 1078 cordis
3445 1025 3664 1079 mundi-

2085 1107 2214 1160 tiam
2249 1122 2427 1173 serva,
2457 1109 2582 1178 quia
2610 1110 2675 1165 ad
2697 1108 2814 1179 ejus
2842 1126 3067 1167 examen
3097 1114 3285 1170 modus
3312 1116 3668 1171 :estimabitur

2083 1196 2227 1252 vitae.
2572 1246 2577 1249 μ
2858 1254 2863 1261 ,

2152 1290 2370 1347 Remove
2394 1309 2425 1346 a
2453 1303 2501 1348 te
2527 1311 2583 1349 os
2605 1311 2825 1364 pravum
2844 1306 2892 1350 et
2916 1294 3243 1353 detrahentia
3267 1299 3408 1355 labia
3429 1304 3531 1373 sint
3551 1318 3671 1373 pro-

2082 1381 2167 1436 cul
2200 1400 2233 1437 a
2260 1393 2327 1438 te.
2365 1384 2585 1457 Duobus
2628 1388 2800 1443 modis
2836 1390 3193 1454 sentiendum,
3224 1400 3283 1446 ut
3325 1400 3381 1447 et
3425 1408 3485 1449 os
3516 1402 3664 1448 tuum

2082 1491 2149 1531 ne
2199 1492 2423 1546 pravum
2502 1477 2752 1548 loquatur
2820 1479 3059 1549 aliquid,
3118 1492 3174 1539 et
3251 1492 3340 1538 tua
3404 1484 3545 1539 labia
3597 1500 3666 1539 ne

2080 1566 2508 1625 detractionibus
2555 1583 2868 1627 assuescant
2912 1573 3208 1639 custodias,
3248 1585 3315 1641 et,
3351 1576 3486 1632 alios
3527 1593 3665 1646 quo-

2081 1673 2188 1727 que
2216 1674 2351 1729 quos
2382 1660 2509 1715 huic
2548 1661 2682 1717 vitio
2718 1662 2963 1718 subditos
3003 1664 3167 1731 nosti,
3200 1680 3266 1721 ne
3315 1674 3368 1722 te
3421 1682 3667 1723 corrum-

2080 1760 2229 1820 pant,
2254 1749 2449 1818 fugias.

397 1835 528 1897 Sitis.
560 1848 689 1889 sane
717 1833 822 1899 his.
854 1849 974 1902 quae
1013 1848 1044 1887 a
1091 1832 1253 1887 Patre
1301 1833 1467 1889 verba
1499 1841 1812 1903 perceperat
1836 1832 1979 1888 redit
2008 1829 2053 1888 Β
2152 1840 2306 1894 Oculi
2327 1841 2403 1894 tui
2430 1843 2828 1908 rectavideant,
2853 1852 2901 1896 et
2931 1844 3194 1914 palpebrae
3213 1856 3318 1899 tum
3358 1849 3658 1916 pra'cedant

396 1926 466 1980 ad
513 1925 811 1981 docendam
863 1922 1163 1979 auditorem
1213 1938 1371 1978 suum
1418 1922 1771 1993 sapientiam,
1813 1937 1978 1993 quam

398 2019 582 2089 coepit.

467 2109 632 2175 Audi,
683 2107 764 2177 ﬁli
805 2109 901 2174 mi,
943 2116 994 2163 et
1046 2108 1253 2178 suscipe
1295 2106 1448 2161 verba
1476 2121 1595 2160 mea
1641 2114 1697 2159 ut
1728 2104 1982 2176 multipli-

398 2209 583 2254 centur
621 2199 713 2253 tibi
739 2199 865 2253 anni
893 2200 1034 2254 vitre.
1072 2198 1131 2255 Id
1174 2205 1276 2266 est,
1307 2206 1369 2253 ut
1412 2199 1538 2253 vitae
1565 2204 1783 2252 aeternae
1838 2197 1979 2252 dona

397 2288 684 2358 percipias.

468 2377 675 2433 Ducam
714 2388 764 2433 te
803 2395 898 2450 per
919 2379 1129 2434 semitas
1160 2380 1444 2450 tequitatis,
1467 2397 1599 2451 quas
1618 2381 1763 2435 cum'
1780 2377 1981 2451 ingres-

397 2486 490 2527 sus
514 2471 699 2541 fueris,
724 2486 830 2526 non
876 2470 1221 2525 arctabuntur
1264 2488 1471 2542 gressus
1514 2472 1610 2525 tui.
1659 2470 1896 2535 Semita,
1926 2472 1979 2526 id

399 2571 504 2630 est,
533 2564 773 2620 actiones
798 2564 1068 2634 aequitatis
1098 2563 1223 2619 dum
1246 2564 1574 2619 inchoantur
1604 2558 1767 2619 arctze
1787 2562 1978 2618 viden-

400 2663 490 2710 tur
513 2663 570 2711 et
598 2663 871 2726 angustae,
902 2656 1028 2711 dum
1062 2670 1193 2710 vero
1220 2654 1523 2725 profectum
1571 2654 1824 2724 capiunt,
1862 2652 1978 2721 jam

398 2760 466 2801 ex
497 2746 885 2801 consuetudine
910 2745 1163 2815 spatiosae
1182 2734 1435 2798 videntur
1454 2752 1508 2797 et
1530 2743 1673 2807 lata),
1696 2742 1978 2796 Psalmista

398 2843 650 2901 testante,
681 2836 772 2905 qui
801 2850 926 2891 cum
963 2834 1222 2905 insipiens
1265 2834 1492 2888 Domino
1538 2833 1763 2888 dixisset
1795 2851 1807 2886 :
1841 2830 1981 2885 Pro-

396 2935 511 2996 pter
533 2927 686 2980 verba
723 2925 982 2980 labiorum
1018 2935 1228 2978 tuorum
1266 2941 1359 2995 ego
1403 2923 1655 2977 custodiri
1681 2923 1789 2976 vias
1817 2923 1978 2975 duras

397 3016 570 3089 (Psol.
621 3019 756 3089 xvr),
810 3017 1149 3089 postmodum
1194 3018 1307 3088 jam
1354 3017 1643 3086 proﬁciens
1696 3016 1972 3071 canebat:

403 3110 558 3165 Viam
587 3111 957 3166 mandatorum
986 3120 1196 3163 tuorum
1223 3109 1434 3163 cucurri
1457 3108 1582 3160 dum
1610 3105 1862 3160 dilatares
1890 3121 1980 3159 cor

2082 1948 2289 2002 gressus
2311 1941 2449 1986 tuos.
2481 1931 2587 1986 lter
2618 1931 2877 2001 justitim,
2904 1949 3010 2004 quo
3052 1936 3260 2007 ingredi
3303 1938 3500 1994 debeas
3547 1939 3669 1994 dili-

2082 2030 2272 2093 genter
2293 2024 2495 2087 edisce,
2522 2031 2577 2077 et
2613 2023 2667 2077 in
2688 2025 2901 2079 cunctis
2930 2042 3049 2096 qua:
3076 2042 3237 2097 agere
3263 2029 3523 2099 disponis,
3560 2030 3665 2085 sol-

2083 2111 2262 2167 licitus
2292 2114 2359 2167 ad
2388 2127 2549 2183 quem
2573 2114 2679 2169 sint
2710 2113 2874 2170 linem
2905 2125 3130 2171 ventura
3162 2120 3429 2188 przevide;
3457 2120 3559 2175 hoc
3585 2129 3669 2176 est

2080 2206 2225 2261 enim
2250 2206 2536 2276 palpebras
2561 2214 2711 2261 recta
2737 2206 3037 2263 videntium
3064 2209 3363 2274 oculorum,
3391 2220 3512 2267 tuos
3530 2227 3667 2282 pra:-

2081 2297 2276 2352 cedere
2304 2312 2543 2367 gressus,
2578 2295 2780 2352 bonum
2808 2312 2942 2367 opus
2970 2300 3112 2369 quod
3136 2309 3356 2357 acturus
3383 2317 3443 2357 es
3481 2302 3666 2359 sedula

2081 2387 2405 2461 cogitatione
2434 2387 2757 2459 praevenire,
2780 2394 2836 2442 et
2878 2390 3003 2458 quia
3030 2392 3326 2446 secundum
3371 2382 3541 2449 Deum
3595 2393 3668 2449 sit

2082 2479 2392 2533 meditando
2421 2480 2739 2548 praevidere.

2154 2567 2334 2639 Dirige
2354 2570 2593 2623 semitam
2631 2571 2847 2642 pedibus
2873 2573 2995 2627 tuis.
3025 2571 3103 2628 Ne
3129 2573 3376 2629 videlicet
3420 2588 3570 2631 erres
3608 2576 3664 2633 in

2082 2658 2292 2713 actibus
2316 2667 2409 2712 aut
2431 2659 2555 2714 fide.

2152 2749 2220 2803 Et
2253 2768 2429 2807 omnes
2458 2755 2553 2807 vite
2579 2765 2684 2809 tua:
2714 2755 3066 2821 stabilientur,
3097 2754 3175 2810 Ne
3204 2756 3423 2812 levitate
3470 2759 3668 2816 mentis

2080 2855 2112 2894 a
2140 2841 2282 2896 bono
2311 2845 2580 2900 movearis
2607 2847 2905 2916 pr0posito.
2941 2843 3078 2900 Hinc
3104 2855 3159 2901 et
3179 2845 3470 2916 Apostolus
3494 2867 3507 2902 :
3541 2847 3666 2903 Sta-

2081 2928 2206 2984 biles
2231 2941 2414 2997 estote,
2436 2942 2485 2986 et
2503 2930 2813 3001 immobiles,
2841 2934 3169 2990 abundantes
3189 2938 3245 2990 in
3271 2954 3422 3004 opere
3452 2938 3667 2993 Domini

2079 3038 2281 3092 semper
2310 3021 2362 3093 (Ι
2391 3021 2512 3077 Cor.
2544 3023 2666 3095 xv).
3518 3026 3524 3033 ’

2155 3113 2237 3167 Ne
2290 3112 2515 3167 declines
2571 3115 2641 3168 ad
2706 3115 2973 3170 dexteram
3033 3133 3196 3187 neque
3251 3117 3322 3170 ad
3372 3118 3663 3172 sinistram.

390 3222 566 3264 meum
597 3202 769 3281 (Psal.
808 3205 1018 3278 cxviu).
1073 3204 1136 3261 Et
1178 3203 1222 3262 si
1258 3218 1387 3276 ergo
1435 3200 1655 3257 sanitas
1704 3198 1975 3270 aequitatis
2005 3186 2049 3249 C
2080 3203 2310 3260 Dextera
2359 3204 2446 3260 via
2490 3204 2628 3261 bona
2681 3206 2902 3263 sinistra
2940 3208 3204 3279 accipitur
3246 3207 3663 3279 reproba.‘Non

396 3315 519 3356 cum
548 3301 755 3369 ingredi
783 3300 1015 3369 cteperis
1034 3307 1199 3354 arctae
1228 3298 1322 3352 tibi
1352 3295 1622 3360 videntur,
1646 3309 1767 3348 cum
1797 3303 1974 3347 tamen

396 3407 489 3447 eas
515 3393 790 3462 ingressus
829 3389 997 3445 fueris
1017 3405 1124 3444 non
1154 3389 1508 3443 arctabuntur
1534 3401 1751 3457 gressus
1782 3384 1976 3437 mentis

393 3490 532 3548 tuae;
570 3482 664 3537 sed
696 3480 851 3549 juxta
896 3481 1039 3550 quod
1061 3479 1318 3534 Dominus
1340 3478 1433 3540 ait,
1458 3476 1643 3546 jugum
1671 3473 1788 3544 ejus
1813 3488 1977 3527 suave

392 3581 454 3631 et
481 3589 620 3629 onus
666 3574 785 3627 leve
834 3573 1090 3643 reperies.
1140 3572 1350 3626 Etenim
1400 3570 1616 3640 reprobi
1644 3570 1699 3622 in
1733 3570 1836 3622 hac
1868 3567 1977 3620 vita

394 3664 569 3720 latum
599 3664 804 3718 intrant
829 3663 953 3727 iter,
981 3671 1039 3717 at
1067 3663 1121 3717 in
1153 3663 1237 3717 die
1259 3661 1557 3715 novissimo
1598 3659 1779 3729 ligatis
1808 3658 2003 3711 mani-'

393 3757 498 3813 bus
543 3764 599 3812 et
640 3755 866 3827 pedibus
897 3755 1182 3809 mittentur
1211 3754 1265 3808 in
1300 3753 1570 3806 tenebras.
1627 3751 1796 3805 Pedes
1850 3764 1977 3804 vero

393 3844 691 3902 electorum
718 3844 1023 3912 diriguntur
1044 3842 1099 3896 in
1132 3841 1275 3895 viam
1306 3841 1472 3910 pacis.

465 3936 537 3990 Et
561 3952 774 3991 currens
798 3950 902 3989 non
927 3934 1136 3988 habebis
1162 3930 1555 4002 o/fendiculum.
1593 3930 1710 3998 Quo
1744 3930 1978 3985 alacrius

394 4029 462 4085 ad
491 4012 756 4098 implenda
794 4026 890 4081 Dei
929 4025 1182 4080 mandata
1212 4023 1540 4087 cucurreris,
1574 4036 1639 4076 eo
1667 4018 1846 4075 minus
1880 4021 1977 4075 ad-

392 4134 570 4185 versa,
598 4133 721 4188 quae
748 4125 801 4172 te
835 4110 1131 4187 impediant
1159 4114 1393 4169 timebis.
1419 4112 1552 4167 Nam
1587 4112 1895 4182 quicunque
1920 4111 1976 4164 in

392 4224 560 4280 prava
585 4209 796 4263 actione
818 4207 1102 4271 desudant,
1127 4204 1506 4260 oll‘cndiculum
1534 4204 1588 4257 in
1612 4203 1789 4257 medio
1813 4217 1974 4256 cursu

392 4302 689 4372 reperiunt,
723 4300 851 4371 quia
902 4298 1173 4370 extemplo
1200 4299 1327 4354 dum
1356 4312 1464 4353 non
1504 4297 1836 4368 przevident,
1887 4311 1975 4350 ra-

390 4395 612 4465 piuntur
633 4394 698 4448 ad
718 4407 954 4463 pcenam.

464 4483 753 4539 Comedunt
804 4498 992 4552 panem
1041 4481 1322 4550 impietatis
1366 4488 1414 4533 et
1465 4479 1642 4533 vinum
1680 4478 1972 4549 iniquitatis

392 4577 590 4631 bibunt.
623 4576 699 4631 lta
729 4577 943 4631 actione
970 4574 1235 4629 scelerum
1266 4573 1433 4641 iniqui
1467 4573 1622 4641 quasi
1668 4573 1840 4638 epulis
1880 4573 1973 4627 de-

390 4667 660 4723 lectantur
697 4665 955 4739 appositis
973 4705 988 4730 ,
1020 4672 1075 4719 et
1104 4671 1253 4718 certe
1277 4663 1461 4717 vinum
1492 4663 1867 4718 damnatorum
1894 4662 1976 4716 bi-

390 4762 527 4815 bunt
554 4768 609 4816 et
634 4758 999 4815 esurientibus
1027 4756 1204 4827 spicas
1248 4755 1435 4810 tollere
1468 4755 1722 4825 gaudent,
1752 4763 1811 4809 ut
1855 4770 1976 4810 esse
2010 4786 2013 4789 -

393 4853 560 4908 moris
590 4853 875 4922 impiorum
893 4849 1172 4919 Scriptura
1196 4863 1352 4903 sacra
1374 4856 1625 4902 testatur.

459 4944 738 4997 Justorum
766 4952 939 4996 autem
965 4941 1153 5013 semita.
1172 4939 1324 5011 quasi
1355 4937 1449 4993 lux
1475 4937 1771 5009 splendens,
1800 4953 1978 5007 proce-

391 5033 518 5087 dens
544 5042 591 5087 et
622 5047 855 5087 crescens
881 5047 1043 5101 usque
1086 5030 1155 5083 ad
1188 5028 1471 5099 perfectam
1501 5019 1659 5083 diem.
1695 5027 1973 5083 Justorum

392 5136 556 5189 opera
585 5122 639 5176 in
667 5121 788 5176 luce
824 5120 1064 5175 scientia:
1094 5126 1449 5189 peraguntur,
1480 5126 1536 5173 et
1577 5126 1834 5174 aeternam
1878 5119 1996 5182 dua

394 5220 525 5267 cunt
551 5213 618 5277 ad
644 5213 832 5279 vitam,
866 5227 985 5281 quae
1009 5218 1093 5267 est
1116 5210 1355 5280 perfecta
1382 5211 1518 5266 dies.
1608 5198 1647 5255 C

473 5302 574 5357 Via
602 5304 883 5373 impiorum
933 5303 1202 5357 tenebrosa
1229 5343 1245 5367 ,
1276 5303 1510 5357 nesciunt
1560 5303 1649 5356 ubi
1704 5312 1973 5358 corruant.

394 5392 537 5447 Dicit
560 5393 627 5447 de
649 5393 734 5448 his
762 5402 817 5447 et
840 5392 1075 5449 Joannes
1096 5394 1401 5465 apostolus:
1437 5391 1541 5459 Qui
1563 5392 1733 5463 diligit
1756 5392 1975 5463 fratrem

393 5498 575 5550 suum,
600 5485 655 5538 in
680 5484 874 5541 lumine
900 5495 1092 5554 manet,
1119 5496 1167 5542 et
1204 5485 1517 5541 scandalum
1542 5487 1597 5539 in
1619 5503 1680 5540 eo
1703 5503 1807 5541 non
1841 5497 1918 5541 est
1951 5501 1970 5539 :

394 5575 487 5646 qui
520 5568 693 5630 autem
720 5578 827 5631 odit
864 5577 1083 5648 fratrem
1119 5595 1304 5644 suum,
1346 5578 1402 5632 in
1445 5576 1667 5632 tenebris
1686 5586 1802 5642 est,
1844 5587 1890 5631 et
1921 5578 1976 5630 in

397 5667 620 5722 tenebris
645 5667 916 5733 ambulat,
943 5678 989 5722 et
1024 5668 1184 5722 nescit
1210 5684 1311 5739 quo
1340 5676 1445 5732 eat,
1465 5666 1593 5738 quia
1631 5664 1855 5720 tenebra:
1887 5666 1977 5719 ob-

398 5767 721 5815 cacaverunt
757 5758 935 5816 oculos
981 5759 1094 5829 ejus
1126 5757 1180 5831 (Ι
1208 5757 1366 5814 Joan.
1390 5756 1473 5831 ιι).
1504 5754 1601 5813 Cui
1645 5762 1835 5812 contra
1883 5771 1974 5814 su-

2078 3314 2207 3367 ergo
2244 3297 2465 3352 dextera
2498 3298 2580 3351 via
2613 3299 2908 3362 ambulare,
2953 3300 3046 3355 sed
3077 3300 3143 3353 ad
3168 3300 3448 3354 dexteram
3493 3296 3661 3353 decli-

2077 3401 2207 3440 nare
2257 3387 2653 3455 rprohibemur,
2693 3387 2930 3443 declinat
2961 3389 3105 3444 enim
3155 3390 3224 3444 ad
3279 3387 3527 3444 dextram
3571 3388 3665 3458 qui

2077 3476 2306 3545 injustus
2345 3484 2461 3541 est,
2508 3476 2744 3531 declinat
2789 3478 2856 3531 ad
2912 3478 3190 3532 sinistram
3243 3477 3336 3540 qui
3386 3476 3490 3531 sibi
3550 3476 3667 3531 vult

2076 3580 2353 3635 arrogarc,
2382 3565 2524 3634 quod
2548 3566 2726 3636 justus
2755 3575 2857 3633 est,
2888 3567 3122 3622 declinat
3159 3566 3228 3622 ad
3256 3567 3536 3621 dexteram
3568 3567 3663 3636 qui

2076 3658 2144 3713 de
2178 3659 2287 3713 suis
2318 3658 2525 3713 viribus
2554 3661 2860 3731 praesumit,
2887 3661 3121 3716 declinat
3149 3662 3216 3717 ad
3245 3661 3521 3717 sinistram
3569 3661 3662 3731 qui

2076 3765 2175 3819 pro
2205 3764 2300 3803 sua
2329 3747 2618 3820 fragilitate
2644 3750 2894 3821 desperat
2920 3767 2979 3806 se
2999 3766 3157 3822 posse
3179 3751 3396 3817 salvari,
3428 3750 3664 3806 declinat

2076 3838 2142 3890 ad
2164 3839 2439 3892 dexteram
2468 3840 2558 3909 qui
2600 3840 2840 3896 stultitiae
2874 3840 3191 3910 famulatur,
3220 3842 3453 3898 declinat
3487 3842 3555 3897 ad
3586 3842 3662 3897 si-

2076 3926 2303 3981 nistram
2326 3928 2419 3998 qui
2446 3929 2561 3982 vult
2584 3930 2704 3999 plus
2742 3946 2933 3999 sapere
2977 3921 3139 4003 quam
3189 3941 3403 4002 oportet
3445 3947 3677 4009 sapere,

2076 4020 2226 4086 Quod
2252 4030 2308 4075 et
2344 4021 2410 4075 de
2436 4022 2652 4077 caeteris
2674 4022 2976 4092 virtutibus.
3007 4040 3071 4079 ac
3104 4025 3248 4080 vitiis
3277 4025 3466 4081 eodem
3500 4024 3662 4082 modo

2076 4109 2418 4181 intelligitur.

2144 4206 2328 4260 Aperte
2378 4207 2561 4277 pedem
2611 4216 2759 4263 tuum
2810 4226 2843 4263 a
2889 4206 3049 4263 malo.
3086 4208 3197 4263 lIoc
3220 4216 3325 4274 est,
3349 4224 3419 4265 ne
3444 4209 3531 4264 vel
3557 4210 3665 4265 huc

2073 4296 2158 4351 vel
2187 4296 2314 4353 illuc
2337 4296 2368 4351 a
2406 4313 2536 4353 vero
2564 4299 2766 4365 devies,
2814 4300 2941 4370 quia
3001 4301 3228 4355 virtutes
3277 4299 3664 4356 discretionem

2074 4378 2346 4458 quaerunt,
2373 4397 2428 4443 et
2456 4390 2705 4445 nimietas
2726 4392 2906 4446 omnis
2936 4390 2989 4445 in
3021 4391 3154 4446 vitio
3183 4401 3288 4447 est.

2152 4478 2278 4535 Vias
2300 4481 2459 4547 enim,
2490 4499 2608 4554 qua:
2632 4500 2665 4536 a
2694 4483 2922 4539 dexteris
2965 4494 3086 4538 sunt
3114 4485 3252 4540 novit
3296 4485 3574 4541 Dominus.
3607 4484 3665 4540 Id

2074 4580 2179 4637 est,
2210 4572 2378 4642 eligit,
2404 4573 2618 4642 placent
2644 4573 2742 4640 illi,
2781 4575 2902 4629 ideo
2946 4568 3359 4645 displicentibus
3387 4584 3442 4630 et
3469 4576 3660 4645 repro-

2076 4660 2160 4715 bis
2208 4663 2449 4716 dicturus
2476 4672 2597 4717 est:
2634 4662 2758 4717 Non
2817 4665 2934 4719 novi
2975 4682 3064 4719 vos
3096 4664 3315 4734 (Matth.
3364 4663 3488 4736 vn),
3520 4664 3665 4734 quod

2077 4762 2162 4808 est
2180 4753 2383 4818 dicere,
2406 4753 2523 4809 Non
2546 4770 2642 4810 vos
2670 4755 2828 4826 elegi,
2856 4772 2962 4811 non
2999 4757 3129 4810 mihi
3160 4755 3410 4826 placetis.

2130 4842 2179 4899 Ἰ
2182 4860 2270 4916 pse
2293 4854 2469 4898 autem
2498 4854 2663 4899 rectos
2687 4845 2840 4916 faciet
2869 4862 3053 4899 cursus
3086 4855 3202 4899 tuos
3222 4885 3238 4910 ,
3264 4844 3456 4898 itinera
3487 4853 3669 4898 autem

2078 4944 2170 4988 tua
2210 4935 2267 4988 in
2307 4950 2434 5005 pace
2476 4936 2748 5005 producet.
2790 4935 2845 4991 Si
2891 4936 3155 4991 averteris
3204 4950 3236 4989 a
3283 4934 3426 4991 malo
3466 4934 3665 5005 pedem

2075 5035 2251 5093 tuum,
2275 5027 2322 5082 si
2352 5028 2492 5082 bona
2521 5042 2641 5097 quae
2671 5028 2827 5083 docui
2849 5028 3075 5084 Domino
3087 5026 3314 5095 juvante
3339 5025 3522 5082 facere
3549 5033 3663 5080 stu-

2075 5117 2274 5182 dueris,
2327 5118 2502 5173 aderit
2543 5119 2657 5187 ipse
2707 5119 2973 5188 propitius
3015 5117 3297 5172 conatibus
3338 5117 3476 5182 tuis,
3518 5123 3577 5169 ut
3606 5126 3667 5171 et

2074 5224 2221 5264 nunc
2241 5216 2388 5265 recte
2412 5209 2644 5279 ingredi,
2675 5217 2730 5262 et
2757 5219 2883 5263 tunc
2907 5207 2973 5261 ad
3000 5221 3191 5276 pacem
3239 5205 3424 5261 valeas
3467 5218 3664 5274 perve-

2077 5300 2196 5354 nire
2226 5300 2630 5371 sempiternam.

2133 5395 2137 5398 ’
2706 5387 2931 5444 CAPUT
2974 5388 3036 5442 V.

2150 5478 2261 5535 Fili
2285 5482 2380 5546 mi,
2414 5479 2622 5533 attende
2641 5468 2715 5532 ad
2736 5481 3048 5551 sapientiora
3082 5494 3274 5545 meam,
3302 5486 3348 5532 et
3370 5474 3662 5548 prudentia:

2077 5589 2205 5628 mere
2234 5570 2431 5625 inclina
2470 5586 2651 5624 aurem
2703 5580 2867 5625 tuam.
2901 5570 3174 5626 Hactenus
3215 5566 3543 5642 generaliter
3570 5580 3661 5619 ca-

2076 5663 2369 5734 stigaverat
2401 5659 2725 5716 auditorem.
2758 5658 2896 5715 Hinc
2921 5661 3020 5716 sub
3050 5660 3229 5733 specie
3255 5655 3561 5716 meretricis
3586 5655 3657 5711 ab

2074 5753 2451 5812 haereticorum
2481 5752 2722 5824 nequitia
2751 5754 3022 5825 prohibet.
