4100 6324
386 322 489 379 699

1015 315 1078 371 Β.
1116 309 1367 369 assam
1402 306 1620 363 usum
1655 300 1973 358 ARClilEP.
2012 297 2320 357 uocum.
2360 276 2646 355 OPERUM
2683 294 2861 352 rans
2896 294 2985 349 ut.
3016 289 3048 313 ο

3524 287 3627 342 700

461 434 526 490 Ut
549 431 811 489 custodias
856 429 1213 499 cogitationes,
1239 434 1288 480 et
1310 420 1640 492 disciplinam
1683 416 1823 470 labia
1869 424 1963 468 tua
1991 416 2040 474 Α
2067 420 2124 468 ct
2151 410 2393 467 haeretici
2418 418 2678 480 quantum
2706 407 2944 463 laborem
2970 413 3155 463 contra
3185 399 3485 459 Ecclesiam
3512 403 3635 457 sub-

336 559 345 565 -
389 531 703 580 conseruent.
758 518 1121 591 Cogitationes
1164 517 1359 585 quibus
1406 518 1550 567 recte
1581 509 1794 571 credas,
1816 505 1959 559 labia

392 619 586 690 quibus
629 616 801 686 ipsam
832 613 989 669 ﬁdem
1016 626 1110 682 per
1133 606 1397 677 simplicia
1429 604 1593 659 verba
1621 609 1677 656 et
1700 605 1959 690 consueta

389 719 552 779 atque
574 703 943 760 Erclesiastica
973 698 1293 770 proﬁtearis.
1323 694 1427 752 Sed
1442 693 1668 763 etjuxta
1701 689 1959 750 litteram,

392 776 485 869 qui
513 797 751 853 adhaeret
780 790 1070 854 meretrici,
1093 789 1256 845 etiam
1278 785 1420 841 labia
1446 783 1529 838 vel
1550 779 1840 837 osculando
1877 776 1962 833 vel

393 888 570 958 turpia
594 886 755 942 fando
781 880 1164 939 commaculal.

463 976 640 1032 Fauus
671 976 807 1030 enim
834 971 1035 1037 stillans
1062 968 1203 1023 labia
1229 963 1533 1021 meretricis.
1587 960 1721 1017 Cum
1764 959 1817 1012 in
1868 972 1965 1013 ore

394 1068 648 1126 hmrelico
672 1064 896 1120 dulcedo
919 1059 1196 1133 sapientia:
1230 1071 1335 1112 non
1368 1054 1439 1110 ad
1461 1049 1845 1108 sufﬁcientiam
1869 1063 1962 1103 so-

394 1158 685 1223 lmnmodo,
712 1169 896 1210 verum
925 1153 991 1207 ad
1013 1147 1433 1220 superﬁuitatem
1463 1149 1707 1204 resonat,
1733 1147 1788 1194 et
1809 1138 1878 1193 ob
1912 1137 1967 1191 id

396 1252 601 1307 falsitas
629 1248 754 1321 quia
792 1254 914 1317 apte
939 1242 1169 1315 proferri
1200 1239 1444 1296 cernitur
1462 1277 1476 1303 ,
1500 1235 1708 1290 veritas
1730 1249 1761 1287 a
1787 1228 1965 1286 stultis

396 1340 691 1397 aestimatur

466 1428 532 1482 Et
564 1424 780 1479 nitidius
822 1422 934 1479 oleo
961 1431 1141 1494 guttur
1167 1422 1302 1491 ejus.
1336 1416 1466 1473 Oleo
1511 1413 1745 1484 Spiritus
1795 1408 1969 1466 sancti

400 1518 532 1572 ﬁdes
570 1514 1239 1588 catholicaconsecratur,
1267 1524 1375 1580 quo
1407 1506 1629 1562 nitidius
1667 1518 1822 1560 suum
1851 1508 1971 1571 gut-

399 1618 488 1664 tur
514 1613 805 1671 ostentant,
836 1605 926 1676 qui
966 1619 1061 1659 sua
1108 1617 1266 1658 sensa
1315 1610 1527 1671 patrum
1579 1596 1699 1652 ﬁdei
1752 1602 1972 1665 antepo—

402 1708 552 1755 nunt.
589 1698 748 1753 Patet
778 1697 845 1752 de
874 1695 1188 1760 meretrice,
1220 1692 1344 1762 quia
1390 1698 1444 1745 et
1490 1687 1753 1744 sermonis
1793 1684 1972 1741 suavi-

2058 510 2185 558 eant
2209 502 2414 557 utinam
2445 498 2667 555 lateret!

2069 593 2073 598 ’
2134 593 2204 648 Et
2229 609 2404 664 gemas
2427 592 2482 645 in
2506 590 2797 645 novissimis
2815 587 3025 659 quando
3050 585 3433 654 consumpseris
3454 598 3638 638 carnes

2058 693 2107 740 et
2136 700 2320 753 corpus
2349 691 2516 735 tuum.
2546 676 2969 748 Praspoueudum
2992 690 3023 729 a
3052 673 3353 744 superiori,
3378 686 3449 726 ne
3478 669 3637 737 forte,

2059 786 2113 832 et
2141 785 2225 830 est
2247 788 2457 829 sensus.
2503 771 2626 827 Ideo
2670 778 2721 825 te
2760 776 2968 824 castum
3014 765 3250 830 custodi,
3285 780 3355 819 ne
3388 764 3531 820 forte
3585 763 3637 818 in

2060 867 2234 939 plenis
2248 880 2463 938 gemere
2502 863 2731 935 cogaris,
2754 862 2972 933 quando
3014 876 3121 916 non
3170 859 3347 914 solum
3383 856 3632 913 carnales

2062 958 2327 1014 illecebrae
2342 963 2640 1019 transeunt,
2664 953 2757 1009 sed
2775 961 2829 1008 et
2845 952 2960 1022 ipso
2983 962 3213 1020 corpore
3233 948 3493 1004 derelicto
3512 945 3636 1002 ani-

2063 1067 2171 1115 ma,
2209 1064 2329 1120 quae
2359 1062 2453 1119 per
2480 1061 2681 1117 corpus
2704 1046 2892 1118 gessit,
2921 1051 3116 1099 cuneta
3139 1042 3367 1098 reddere
3402 1038 3663 1109 compel-_

2063 1142 2221 1206 litor,
2238 1154 2423 1195 verum
2448 1146 2505 1193 et
2541 1139 2602 1192 in
2634 1138 2739 1193 hac
2766 1136 2872 1192 vita
2901 1134 3098 1204 sepius
3125 1132 3410 1200 contingit,
3439 1139 3503 1185 ut
3545 1130 3638 1199 qui

2066 1234 2122 1289 in
2163 1230 2523 1288 adolescentia
2551 1229 2824 1284 luxuriose
2863 1224 3102 1281 vivendo
3140 1223 3324 1279 habita
3372 1222 3643 1292 disperse-

2066 1330 2209 1386 rant,
2242 1329 2482 1390 tempore
2520 1318 2815 1375 senectutis
2858 1315 3040 1385 inopia
3074 1314 3353 1378 deﬁciant,
3375 1320 3434 1367 et
3478 1309 3640 1366 refri-

2068 1421 2321 1487 gescente
2338 1412 2516 1468 calore
2537 1410 2736 1473 carnis,
2761 1423 2825 1463 ac
2845 1406 2975 1463 ﬂore
2994 1404 3225 1475 juventa
3248 1410 3639 1463 marcescente,

2071 1507 2232 1561 rebus
2259 1503 2371 1559 suis
2407 1517 2542 1571 quas
2566 1499 2811 1555 lasciviae
2831 1498 3206 1560 vendiderant,
3234 1494 3371 1550 alios
3392 1493 3473 1547 uti
3517 1506 3644 1547 conv

2071 1598 2335 1670 spiciam,
2364 1603 2748 1667 gementesque
2776 1605 2898 1648 sera
2924 1587 3245 1660 ptenitentia
3286 1586 3497 1646 dicant,
3529 1596 3665 1652 quas-

2074 1695 2376 1760 sequuntur
2396 1705 2409 1741 :

404 1793 588 1849 tatem,
627 1791 681 1838 et
702 1780 1093 1838 formositatem
1120 1776 1360 1848 corporis
1392 1773 1459 1829 ad
1488 1771 1782 1843 captandas
1803 1769 1968 1823 mise-

2140 1780 2250 1838 Cur
2286 1780 2568 1836 detestatus
2607 1793 2725 1832 sum
2762 1773 3094 1844 disciplinam
3132 1782 3179 1826 et
3208 1767 3659 1836 increpationibus

406 1891 495 1930 ros
522 1872 731 1930 uuzerit.

476 1891 495 1930 s
522 1891 731 1943 qumru.

476 1960 773 2017 Novissima
799 1968 973 2013 autem
998 1956 1166 2023 illius,
1195 1971 1399 2021 amara,
1430 1957 1579 2026 quasi
1629 1952 1971 2017 absinthium,

405 2061 453 2107 et
489 2060 665 2117 acuta,
697 2049 846 2121 quasi
869 2047 1076 2120 gladius
1104 2046 1291 2117 biceps.
1331 2044 1488 2100 Potio
1534 2042 1803 2113 absynthii
1829 2041 1975 2095 intus

407 2142 694 2198 amarescit
720 2142 773 2195 in
796 2139 1109 2203 visceribus,
1141 2137 1316 2208 gladio
1339 2136 1469 2191 foris
1492 2134 1732 2190 membra
1770 2130 1979 2186 feriun-

410 2241 517 2287 tur.
546 2230 616 2286 Ut
644 2230 805 2302 igitur
844 2228 1091 2284 ostendat
1116 2227 1326 2296 iniquos
1354 2226 1408 2280 in
1438 2221 1732 2279 novissima
1773 2220 1978 2275 ultione

408 2330 463 2377 et
506 2320 728 2377 interius
769 2321 979 2385 ardere,
1004 2326 1059 2374 et
1084 2317 1423 2372 extrinsecus
1448 2313 1622 2386 pinnis
1652 2311 1977 2367 circumdari

408 2427 505 2483 pro
534 2409 790 2480 peccatis,
818 2418 873 2465 et
905 2407 1259 2463 amaritudine
1286 2405 1403 2460 illos
1425 2402 1695 2474 absynthii
1724 2409 1979 2471 torquen-

409 2505 508 2560 dos
532 2512 586 2559 et
609 2502 786 2575 gladio
807 2509 1083 2575 asseverat
1129 2514 1248 2555 esse
1292 2497 1637 2553 truncandos.
1667 2494 1847 2563 Quare
1885 2509 1980 2548 au-

411 2600 517 2647 tem
541 2593 679 2646 idem
708 2591 916 2661 gladius
947 2589 1132 2660 biceps
1170 2589 1241 2644 sit
1272 2588 1470 2647 dictus.
1500 2584 1760 2641 Dominus
1785 2583 1976 2655 aperit,

409 2696 531 2736 cum
559 2681 635 2734 ait
662 2697 676 2734 :
705 2677 807 2734 Sed
843 2693 962 2732 eum
1013 2679 1217 2743 timete,
1245 2676 1335 2748 qui
1361 2684 1524 2746 potest
1561 2682 1610 2728 et
1649 2673 1879 2728 animam
1933 2680 1982 2727 et

410 2787 598 2841 corpus
623 2768 837 2841 perdere
861 2768 915 2821 in
941 2768 1225 2840 gehennam
1247 2766 1465 2839 (Matth.
1492 2764 1571 2837 χ).

496 2858 624 2929 Vagi
650 2867 767 2913 sunt
789 2873 993 2929 gressus
1021 2866 1069 2911 et
1088 2854 1488 2927 investigabiles.
1512 2854 1647 2927 Vagi
1695 2862 1822 2909 sunt
1861 2867 1984 2909 sen-

411 2965 503 3004 sus
526 2948 793 3003 lmreticze
821 2947 1174 3018 deeeptionis,
1193 2947 1319 3017 quia
1346 2946 1439 3001 alii
1486 2945 1760 3001 Christum
1790 2946 1980 3013 Deum,

411 3041 501 3095 alii
525 3040 798 3094 hominem
817 3053 937 3094 esse
966 3047 1182 3111 negant,
1206 3038 1295 3092 alii
1321 3053 1542 3094 carnem
1569 3037 1864 3107 accepisse,
1893 3036 1984 3091 alii

418 3132 657 3185 animam
687 3130 1087 3196 contradicunt,
1113 3129 1205 3184 alii
1250 3145 1374 3185 eum
1418 3128 1485 3184 de
1525 3128 1731 3200 virgine
1774 3136 1984 3193 natum,
2014 3124 2059 3187 C
2090 3147 2227 3203 dixit
2269 3145 2413 3201 Deus

413 3221 502 3274 alii
529 3218 787 3289 Spiritum
809 3227 1076 3285 sanctum,
1089 3218 1176 3275 alii
1194 3228 1401 3291 patrem
1414 3218 1580 3273 Deum
1603 3234 1743 3284 esse,
1760 3218 1849 3273 alii
1870 3232 1991 3289 pec-

413 3309 663 3365 cantibus
693 3308 901 3363 veniam
941 3306 1170 3363 dandam
1221 3323 1341 3364 esse
1388 3306 1635 3363 conﬁteri
1679 3306 1984 3377 prohibent.

420 3400 489 3454 Et
515 3399 569 3453 in
597 3406 707 3453 tam
729 3398 1009 3453 innumera
1037 3398 1150 3453 hzec
1179 3399 1345 3469 pestis
1368 3412 1428 3453 se
1456 3396 1630 3465 fundit
1673 3396 1865 3451 itinera
1887 3437 1901 3462 ,
1928 3404 1986 3452 ut

409 3489 623 3558 penitus
668 3494 799 3559 quot
831 3486 940 3543 sint
967 3487 1280 3560 investigari
1330 3493 1601 3558 nequeant
1647 3504 1661 3540 :
1710 3495 1767 3541 at
1802 3486 1989 3542 catho-

411 3578 515 3632 lica
567 3579 771 3634 veritas
822 3591 957 3649 vaga
1012 3585 1068 3632 et
1118 3576 1504 3648 investigabilis
1555 3592 1664 3631 non
1714 3584 1820 3643 est,
1860 3576 1987 3648 quia

411 3685 516 3724 una
549 3670 846 3740 eademque
869 3668 1078 3724 cunctis
1101 3677 1188 3725 est
1232 3668 1414 3741 agnita
1439 3676 1610 3724 totum
1659 3682 1758 3740 per
1796 3670 1987 3724 orbem

418 3760 682 3817 ﬁdelibus.

444 3858 445 3861 ‘
483 3848 660 3921 Longe
685 3849 772 3920 [ac
795 3850 860 3905 ab
881 3867 944 3906 ea
966 3866 1100 3906 vtam
1144 3859 1291 3905 tuam
1315 3859 1369 3915 et.
1397 3867 1461 3905 ne
1487 3850 1865 3923 appropinques
1908 3849 1987 3921 fo-

420 3942 562 3997 ribus
591 3943 777 3998 domus
801 3945 936 4015 ejus.
954 3945 1023 4000 Et
1044 3944 1329 4016 Apostolus
1350 3945 1450 4011 ait,
1465 3942 1655 4016 Fugite
1676 3943 1985 4014 fornicatio-

415 4051 531 4089 nem
587 4035 649 4107 (I
713 4034 836 4092 Cor.
890 4037 1007 4110 γι),
1062 4038 1188 4109 quia
1240 4037 1496 4091 nimirum
1537 4036 1771 4107 primum
1826 4034 1989 4105 hujus

411 4129 536 4184 vitae
562 4133 855 4186 remedium
881 4142 982 4198 est,
1011 4131 1168 4202 longe
1197 4130 1312 4185 ﬁeri
1349 4130 1417 4185 ab
1462 4128 1542 4184 eis
1582 4142 1813 4198 quorum
1850 4142 1989 4198 pra:-

412 4221 586 4275 sentia
622 4222 706 4276 vel
751 4221 974 4277 inclinat
996 4221 1080 4276 vel
1104 4228 1427 4290 cooperator
1452 4218 1521 4273 ad
1545 4218 1752 4271 vitium.
1786 4215 1891 4272 Sed
1919 4215 1988 4271 ab

412 4311 790 4365 hzereticorum
813 4311 997 4365 auditu
1036 4324 1258 4381 prorsus
1302 4308 1577 4380 segregari
1600 4306 1846 4363 'lnﬁrmis
1891 4322 1988 4361 au-

413 4401 677 4456 ditoribus
703 4402 943 4471 prodest.

2074 1890 2176 1931 non
2209 1871 2464 1942 acquievit
2491 1885 2583 1925 cor
2608 1883 2801 1922 meum.
2829 1864 3182 1934 Disciplinam
3221 1861 3354 1917 dicit
3380 1856 3651 1915 Ecclesia-

2072 1965 2229 2021 sticze
2245 1961 2388 2026 ﬁdei,
2413 1958 2811 2029 increpationes
2833 1964 3024 2010 autem
3049 1953 3245 2023 quibus
3290 1947 3529 2006 heretici
3558 1960 3672 2002 cur.

2072 2057 2141 2113 ab
2169 2051 2409 2110 Ecclesia
2434 2046 2786 2107 recesserunt
2820 2046 3191 2117 objurgantur.
3242 2042 3402 2098 Patet
3429 2039 3498 2094 de
3551 2035 3657 2091 for-

2074 2144 2318 2202 nicariis.

2147 2234 2289 2290 Pene
2309 2233 2386 2304 [ui
2415 2233 2473 2287 in
2499 2232 2643 2287 omni
2668 2231 2807 2284 malo
2838 2230 2895 2282 in
2921 2227 3092 2281 medio
3128 2225 3381 2281 Ecclesia:
3410 2234 3459 2280 et
3481 2223 3662 2296 Syna-

2077 2343 2241 2399 gogae.
2274 2323 2515 2380 Ecclesia
2538 2329 2595 2378 et
2611 2335 2882 2394 synagoga
2921 2318 3110 2374 Grmca
3161 2318 3376 2373 nomina
3424 2326 3572 2381 sunt,
3601 2325 3668 2373 et

2080 2439 2243 2480 unam
2286 2420 2638 2489 eamdemque
2666 2432 2800 2480 rem,
2843 2415 3008 2470 latine
3058 2413 3398 2485 signiﬁcant,
3448 2413 3502 2467 id
3544 2421 3663 2479 est,

2079 2522 2402 2572 conventum
2422 2510 2776 2582 plurimorum
2802 2507 2869 2562 ad
2902 2506 3156 2562 invicem.
3189 2504 3246 2560 Si
3268 2515 3450 2559 autem
3487 2505 3661 2559 subti-

2079 2606 2189 2661 lius
2233 2604 2631 2674 distinguantur
2649 2641 2664 2664 ,
2689 2599 2929 2655 Ecclesia
2959 2597 3361 2663 convocatiokct
3387 2609 3669 2666 synagoga-

2082 2693 2414 2764 congregatio
2440 2691 2850 2760 interpretatur.
2878 2686 2943 2742 Et
2965 2692 3120 2740 vetus
3139 2683 3357 2754 quidem
3375 2682 3469 2737 Dei
3495 2696 3663 2752 popu-

2083 2783 2168 2839 lus
2194 2791 2427 2852 utroque
2450 2780 2668 2835 nomine
2711 2776 3045 2841 vocabatur;
3095 2788 3240 2830 nunc
3269 2781 3451 2827 autem
3482 2770 3660 2841 gratia

2084 2872 2471 2938 distinctionis,
2495 2871 2585 2926 ille
2610 2869 2914 2941 Synagoga,
2942 2874 3129 2921 noster
3169 2863 3414 2919 Ecclesia
3442 2863 3676 2927 dicitur,

2086 2964 2281 3021 merito
2326 2962 2532 3019 scilicet
2581 2959 2704 3015 ﬁdei
2751 2966 2806 3014 et
2850 2956 3093 3013 scientiae
3147 2952 3389 3023 majoris,
3440 2952 3567 3022 quia
3607 2959 3674 3005 et

2088 3052 2474 3111 irrationabilis
2527 3039 2777 3107 creatura
2819 3053 2998 3118 potest
3044 3043 3383 3115 congregari.
3423 3041 3666 3111 Denique

2462 3161 2479 3198 :
2534 3142 2886 3213 Congregetur
2939 3154 3077 3210 aqua
3121 3137 3177 3190 in
3218 3134 3678 3206 congregationem

2088 3255 2249 3294 unam
2280 3235 2433 3310 (Gen.
2468 3234 2531 3309 ι).
2562 3231 2916 3290 Rationabilis
2933 3238 3114 3287 autem
3141 3229 3314 3286 solum
3345 3236 3401 3283 et
3439 3225 3668 3281 sensibi-

2089 3329 2156 3384 lis
2203 3335 2382 3398 potest
2402 3325 2708 3383 convoeari.
2742 3324 2941 3379 Verum
2994 3320 3282 3390 aliquando
3307 3318 3418 3373 haec
3441 3316 3662 3371 nomina

2088 3420 2253 3474 etiam
2297 3417 2565 3473 malorum
2622 3424 2920 3471 conventus
2974 3411 3300 3483 signiﬁcant.
3361 3407 3515 3463 Unde
3572 3415 3665 3461 est

2089 3510 2220 3566 illud
2253 3528 2267 3564 :
2304 3508 2520 3563 Exarsit
2570 3507 2704 3578 ignis
2757 3505 2815 3560 in
2857 3520 3125 3576 synagoga
3165 3517 3346 3557 eorum
3369 3539 3388 3567 ,
3427 3509 3475 3555 et
3528 3498 3679 3553 adiri.

2088 3601 2355 3657 ecclesiam
2378 3597 2780 3670 malignanlium
2823 3594 2994 3668 (Psal.
3027 3594 3135 3666 cv).
3174 3593 3328 3660 Quod
3373 3607 3503 3660 ergo
3545 3604 3681 3645 sero-

2086 3691 2356 3763 paanitens
2376 3689 2454 3744 ait
2474 3695 2812 3757 contemptor
2841 3685 3134 3754 sapientiae,
3162 3698 3298 3753 pene
3320 3680 3396 3735 fui
3429 3681 3482 3736 in
3518 3677 3675 3734 omni

2090 3782 2232 3838 malo
2256 3781 2309 3836 in
2328 3779 2512 3835 medio
2535 3777 2788 3834 Ecclesia:
2808 3785 2865 3830 et
2883 3775 3204 3847 Synagogae,
3228 3771 3445 3826 videtur
3470 3766 3685 3825 misero.

2088 3871 2512 3944 magnitudinem
2553 3884 2663 3925 sua:
2705 3866 3070 3923 damnationis
3122 3862 3503 3935 perpendenti,
3543 3861 3669 3930 quia

2089 3964 2163 4019 nil
2187 3979 2322 4034 pene
2360 3961 2524 4017 fuerit
2551 3960 2774 4017 sceleris
2792 4001 2806 4025 ,
2836 3974 2945 4029 quo
2997 3973 3104 4013 non
3150 3957 3267 4026 ipse
3297 3956 3371 4012 sit
3400 3954 3684 4017 irretitus,

2089 4055 2214 4124 quia
2241 4063 2387 4110 tanta
2416 4053 2615 4109 meruit
2640 4058 2907 4107 tormenta
2932 4051 3135 4106 subire.
3178 4047 3244 4103 Et
3266 4047 3371 4102 hoc
3392 4045 3461 4100 ad
3490 4059 3679 4099 cumu-

2088 4144 2202 4201 lum
2247 4144 2540 4201 accerserit
2597 4143 2858 4207 miserim,
2908 4141 3051 4212 quod
3089 4154 3195 4194 non
3234 4146 3513 4193 extremus
3549 4134 3669 4204 ipse

2088 4236 2446 4309 peccantium,
2470 4235 2564 4290 sed
2586 4235 2793 4290 medius
2807 4234 2978 4304 magis
2993 4241 3048 4288 et
3060 4230 3216 4302 quasi
3239 4237 3429 4285 auctor
3448 4225 3674 4283 exstite-

2093 4326 2187 4392 rit,
2218 4334 2274 4381 et
2299 4335 2448 4381 certe
2478 4325 2531 4380 in
2564 4325 2758 4381 mediis
2782 4333 3093 4379 sanctorum
3124 4317 3513 4377 conventiculis
3550 4331 3674 4372 cor-

2089 4430 2223 4486 pore
2248 4416 2475 4486 positus,
2498 4415 2732 4470 alienam
2754 4416 2822 4470 ab
2842 4415 2927 4470 eis
2947 4414 3110 4468 vitam
3134 4413 3332 4467 ducere
3354 4425 3461 4466 non
3479 4410 3673 4464 timue-

486 4493 568 4549 Νθ
589 4496 678 4550 de‘
706 4494 891 4550 αίίεηίε
912 4496 1167 4575 ιὴοηονεηι
1191 4504 1338 4550 ταωνι
1364 4536 1379 4562 ν
1411 4504 1462 4550 ει
1493 4509 1659 4550 annos
1693 4502 1811 4547 ιυοδ
1859 4508 1984 4547 σηι-
2010 4468 2065 4530 D
2091 4468 2182 4561 in.
2236 4468 2304 4559 Et
2337 4504 2404 4559 de
2456 4468 2723 4560 haereticis
2770 4503 3077 4574 specialiter
3124 4500 3466 4557 sentiendum
3488 4538 3504 4565 ,
3542 4497 3679 4568 quia

411 4588 534 4643 deli.
565 4586 640 4643 Ne
659 4589 940 4654 honorem,
968 4603 1075 4658 quo
1101 4587 1170 4643 ad
1208 4588 1494 4658 imaginem
1520 4587 1615 4643 Dei
1655 4594 1872 4642 creatus
1900 4598 1983 4650 es,

411 4677 808 4734 immundorum
829 4679 1115 4748 spirituum
1155 4677 1519 4733 voluntatibus
1556 4675 1774 4741 subdas,
1808 4686 1985 4743 neque

392 4780 631 4841 accepta
658 4771 870 4826 vivendi
893 4771 1065 4841 spatia
1094 4770 1163 4824 ad
1184 4769 1393 4825 libitum
1422 4769 1715 4825 adversarii
1759 4767 1984 4823 immitis

408 4862 700 4939 e‘spendas.
729 4862 1041 4932 Cuicunque
1060 4862 1203 4917 enim
1224 4861 1413 4917 sceleri
1434 4860 1661 4931 quisque
1678 4850 1984 4930 subjicitur,

408 4953 462 5006 in
509 4953 608 5008 hoc
643 4953 887 5022 profecto
950 4953 1247 5010 dominatui
1292 4952 1650 5022 malignorum
1698 4949 1987 5020 spirituum

407 5042 771 5111 mancipatur.

483 5130 567 5186 Ne
595 5132 729 5201 forte
752 5134 1065 5205 impleantur
1089 5133 1322 5190 extranei
1344 5132 1535 5188 viribus
1558 5131 1685 5198 tuis,
1712 5140 1761 5186 et
1784 5128 1988 5199 labores

414 5220 493 5273 tui
517 5220 621 5275 sint
661 5223 711 5275 in
742 5222 898 5277 domo
940 5224 1133 5279 aliena.
1189 5222 1268 5278 Ne
1301 5221 1686 5279 daemoniorum
1726 5219 1867 5277 facta
1895 5220 1991 5275 ad;

399 5309 578 5377 jnves,
617 5312 662 5367 si
694 5313 777 5367 vel
807 5313 1077 5384 ingenium
1103 5314 1267 5370 animi
1303 5313 1389 5370 vel
1432 5313 1673 5382 corporis
1718 5312 1795 5367 tui
1844 5312 1989 5368 vires

407 5400 474 5455 ad
496 5402 760 5471 patranda
782 5401 1021 5459 facinora
1047 5404 1356 5471 contradas,
1379 5403 1704 5472 domumque
1730 5401 1980 5469 alienam,

409 5489 460 5543 id
484 5498 591 5557 est,
622 5508 904 5547 numerum
931 5494 1286 5563 perditorum,
1311 5502 1364 5549 te
1398 5493 1610 5562 adjecto
1636 5494 1981 5565 multiplices,

408 5590 464 5634 et
489 5580 713 5650 pulchre
737 5583 895 5648 dixit,
922 5582 1123 5637 labores
1146 5585 1223 5637 tui
1251 5586 1351 5638 sint
1376 5584 1429 5638 in
1451 5584 1605 5639 domo
1628 5585 1823 5649 aliena,
1854 5584 1981 5653 quia

410 5683 536 5731 sunt
553 5676 643 5747 qui
664 5675 817 5747 juxta
843 5677 1187 5749 Prophetam,
1214 5687 1271 5735 ut
1295 5678 1475 5749 iniqde
1500 5687 1677 5751 agant,
1706 5678 1977 5745 laborant,

2090 4610 2192 4650 nec
2227 4602 2469 4650 veterum
2498 4603 2732 4665 patrum,
2756 4610 2856 4649 nec
2880 4608 3144 4649 novorum
3190 4592 3350 4648 dictis
3377 4598 3434 4645 et
3476 4603 3666 4644 exem-

2088 4685 2193 4756 plis
2217 4693 2506 4756 potuerunt
2531 4686 2599 4741 ab
2623 4700 2810 4740 errore
2836 4687 3102 4741 revocari.

2161 4775 2289 4830 Bibe
2326 4792 2516 4847 aquam
2556 4776 2621 4830 de
2660 4777 2883 4831 cisterna
2923 4784 3035 4839 tua,
3080 4782 3127 4829 et
3155 4774 3353 4843 ﬂuenta
3383 4769 3529 4841 putei
3564 4768 3664 4823 tui.

2083 4863 2364 4922 Desiderio
2393 4872 2543 4918 utere
2569 4864 2801 4935 propriae
2845 4863 3089 4919 mulieris
3112 4871 3169 4918 et
3191 4861 3307 4932 ejus
3348 4858 3681 4916 ministeriis.

2087 4954 2270 5012 fovere
2306 4954 2535 5011 devotis.
2964 4958 2967 4961 '

2161 5044 2473 5101 Deriventur
2489 5043 2658 5114 fontes
2689 5030 2962 5114 tuiforas,
2985 5052 3033 5098 et
3059 5046 3115 5098 in
3144 5042 3333 5113 plateis
3353 5059 3519 5114 aquas
3547 5050 3669 5096 tuas

2090 5136 2279 5193 divide.
2322 5134 2516 5209 Filium
2547 5142 2697 5189 tuum
2741 5149 2807 5189 ac
2833 5134 2995 5189 ﬁliam
3029 5133 3150 5189 aliis
3180 5142 3405 5204 nuptum
3435 5132 3591 5188 trade
3613 5136 3675 5187 et

2089 5227 2193 5282 hoc
2221 5223 2502 5280 manifeste
2530 5222 2693 5279 facito
2714 5223 2957 5294 pluribus
2985 5223 3243 5279 consciis.

2160 5311 2361 5368 Habeto
2403 5329 2489 5366 eas
2532 5311 2693 5377 solus,
2743 5329 2833 5367 nec
2879 5312 2985 5366 sint
3034 5312 3193 5366 alieni
3244 5311 3524 5382 participes
3563 5311 3671 5365 tui.

2090 5403 2248 5459 Solus
2281 5402 2334 5457 in
2362 5411 2450 5456 tua
2480 5409 2746 5472 potestate
2774 5401 2961 5465 retine,
2985 5402 3182 5472 quibus
3210 5400 3570 5457 matrimoniis
3598 5398 3669 5454 li-

2088 5494 2249 5551 beros
2280 5502 2397 5549 tuos
2422 5494 2614 5559 socies,
2649 5509 2749 5549 nec
2781 5494 2889 5548 sint
2928 5492 3238 5550 fornicarize
3273 5502 3331 5549 et
3350 5492 3671 5549 meretrices

2089 5593 2195 5641 tua:
2220 5584 2416 5641 sobolis
2443 5584 2752 5656 participes.

2162 5674 2242 5731 Sit
2280 5692 2403 5730 rena
2427 5685 2516 5728 tua
2540 5674 2824 5739 benedicta,
2858 5683 2905 5730 et
2931 5674 3127 5730 lactare
3147 5690 3264 5730 cum
3287 5673 3502 5731 muliere
3532 5673 3669 5730 udo-
3730 5698 3741 5705 -
