4100 6324
433 343 542 401 σοι

1251 344 1610 404 EXPOSITIO
1645 347 1712 402 IN
1751 346 2137 404 PROVERBIA
2174 346 2581 405 SALOMONIS.
2616 379 2687 391 —
2723 349 2848 404 LIB.
2888 352 2928 405 Ι.

3577 354 3683 411 70‘2

444 455 704 514 lescentia:
743 463 867 511 tuae.
913 456 1086 511 Tanta
1136 463 1192 512 te
1225 460 1578 527 temperantia
1623 474 1745 514 eum
1789 458 2011 514 muliere
2040 466 2084 522 Α
2115 467 2293 514 autem
2314 462 2404 530 qui
2428 462 2512 517 vel
2533 477 2804 531 nunquam
2831 462 2988 518 ﬁdem
3019 467 3238 534 recepit,
3261 466 3683 524 vel‘enormitate

445 566 607 620 quam
633 548 946 604 adolescens
973 545 1251 618 accepisti,
1271 555 1467 603 etcum
1486 549 1724 604 senuerit
1751 563 1925 613 serva,
1956 557 2015 604 ut

445 642 641 698 merito
663 639 838 696 ﬁdelis
864 639 1195 695 castimoniae
1217 639 1643 695 benedictionem
1666 640 2014 710 consequaris

447 733 503 786 in
531 731 702 786 prole.

446 749 503 788 tn
570 747 702 786 rete.

519 747 682 878 genia
722 822 1029 876 charissima
1069 830 1118 876 et
1147 822 1472 892 gratissimus
1512 822 1780 876 hinnulus.
1820 821 1912 876 Illa
1942 823 2014 878 sit

445 915 543 970 tibi
573 927 783 985 semper
810 911 1123 968 charissima
1153 908 1369 980 conjux,
1393 927 1513 981 quae
1541 912 1682 966 sicut
1707 927 1863 966 cerva
1894 928 2023 974 ser-.

444 1012 633 1075 pentes
663 1004 736 1058 ita
761 1010 1114 1073 persequatur
1137 1010 1334 1066 scorta,
1365 1011 1418 1057 et
1443 1004 1553 1058 suis
1577 1001 1774 1072 ell‘ugct
1800 1007 1865 1058 ab
1891 1005 2012 1058 aedi.

445 1097 565 1151 bus.
619 1093 704 1151 Sit
737 1103 895 1150 natus
920 1110 986 1150 ex
1015 1108 1080 1149 ea
1109 1092 1250 1148 ﬁlius
1278 1101 1332 1148 et
1361 1090 1474 1164 ipse
1510 1093 1774 1148 castitatis
1803 1101 2012 1148 amator

441 1185 799 1260 gratissimus.

513 1275 683 1330 Ubera
723 1277 837 1347 ejus
879 1276 1132 1330 inebrient
1171 1284 1218 1329 te
1259 1274 1399 1330 omni
1439 1283 1685 1344 tempore.
1727 1274 1794 1328 In
1832 1292 2011 1330 amore

442 1365 584 1421 illius
609 1365 864 1420 delectare
878 1367 1099 1437 jugiter.
1144 1364 1261 1420 Non
1288 1365 1477 1420 uxorio
1502 1365 1652 1436 operi
1681 1381 1894 1436 semper
1923 1366 2008 1420 in-

441 1457 631 1531 sistere
664 1455 841 1522 docet,
874 1457 968 1511 sed
1002 1464 1182 1511 movet
1218 1472 1286 1511 ne
1315 1464 1369 1510 et
1399 1457 1567 1526 prima
1605 1457 1818 1511 vivente
1849 1456 2009 1511 aliam

440 1546 626 1612 ducas,
655 1555 710 1601 et
737 1540 1270 1615 meretrici'unquam
1301 1547 1540 1601 socieris.
1572 1546 1744 1602 Aliter
1765 1549 2010 1617 superius

440 1636 583 1706 quod
608 1636 703 1701 ait,
732 1635 858 1690 Bibe
893 1652 1080 1707 aquam
1105 1637 1169 1689 de
1190 1639 1413 1690 cisterna
1449 1647 1539 1690 tua
1569 1645 1616 1691 et
1639 1639 1838 1706 fluenta
1867 1639 2008 1708 putei

437 1729 536 1792 tui,
577 1727 735 1782 docet
765 1729 833 1782 ab
863 1727 1127 1782 haereticis
1156 1729 1452 1782 cavendum
1486 1737 1541 1784 et
1575 1729 1832 1784 custodite
1867 1731 2006 1784 seri—

2114 552 2374 606 scelcrum
2407 553 2474 606 ab
2513 568 2574 606 ea
2618 569 2779 622 quam
2808 554 3015 622 accepit
3041 553 3338 609 Anathema
3377 554 3548 611 factus
3576 565 3680 623 est,

2113 649 2172 694 ut
2210 641 2445 696 haeretici
2487 641 2569 696 vel
2608 641 2869 696 Catholici
2909 642 3134 710 publicis
3178 643 3392 715 ﬂagitiis
3438 645 3680 713 involuti,

2111 733 2201 800 qui
2238 732 2451 788 funibus
2477 741 2818 802 peccatorum
2842 749 3058 788 suorum
3082 737 3537 806 constringuntur,
3558 753 3682 793 cum

2113 825 2414 880 incessabili
2454 833 2744 896 augmento
2769 841 2878 880 sure
2919 826 3200 895 pravitatis
3243 827 3538 891 intereunt,
3587 831 3680 898 qui

2111 915 2250 969 enim
2265 914 2444 968 funem
2462 916 2588 970 facit
2611 915 2907 985 torquendo
2922 931 3132 986 semper
3147 926 3202 972 et
3221 917 3535 973 involvendo
3549 919 3682 974 lides

2112 1002 2303 1058 fidibus
2323 1013 2498 1075 auget.
2525 1004 2671 1058 Talis
2696 1013 2780 1059 cst
2797 1013 2852 1059 et
2875 1006 3128 1060 tortitudo
3150 1021 3370 1076 operum
3395 1007 3677 1062 malorum.

2113 1093 2270 1150 Tales
2295 1097 2424 1160 libri
2448 1097 2846 1162 haereticorum,
2890 1098 2942 1152 in
2969 1099 3164 1168 quibus
3189 1115 3352 1168 prava
3383 1100 3563 1170 pravis
3587 1116 3678 1155 nc-

2109 1195 2340 1253 ctentes,
2381 1204 2486 1243 non
2539 1189 2682 1244 aliud
2717 1190 3001 1245 scribendo
3047 1207 3208 1260 quam
3249 1207 3357 1262 quo
3388 1207 3446 1248 se
3481 1193 3681 1248 arctius

2110 1279 2365 1348 obligem,
2392 1288 2576 1350 agunt.

2178 1368 2298 1438 Ipse
2324 1371 2575 1423 morietur
2591 1372 2714 1441 quia
2743 1388 2843 1426 non
2866 1373 3044 1426 habuit
3071 1374 3402 1446 disciplinam
3431 1385 3478 1430 et
3503 1376 3681 1431 multi-

2111 1457 2288 1510 tudine
2309 1457 2540 1511 stultitia:
2561 1475 2668 1512 sua
2693 1460 2994 1530 decipiatur.
3019 1462 3153 1530 Quia
3184 1464 3350 1518 multa
3375 1463 3442 1518 de
3469 1464 3680 1520 adulte-

2110 1547 2192 1602 rio
2219 1547 2302 1602 vel
2333 1548 2602 1603 haereticis
2633 1549 3023 1618 disputaverat,
3054 1567 3204 1607 more
3233 1569 3328 1608 suo
3354 1555 3406 1608 in
3435 1555 3677 1610 clausula

2109 1638 2365 1692 narrandi
2395 1638 2570 1708 qualis
2599 1638 2669 1692 sit
2702 1639 2881 1693 talium
2915 1641 3036 1696 finis
3068 1643 3326 1708 ostendit,
3355 1644 3405 1698 id
3425 1653 3526 1711 est,
3553 1646 3678 1715 quia

2110 1729 2177 1784 ad
2220 1738 2446 1784 mortem
2478 1730 2702 1785 tendant
2739 1741 3016 1797 aeternam,
3045 1733 3134 1800 qui
3163 1733 3502 1804 disciplinam
3532 1735 3680 1790 dete-

438 1825 719 1889 pturarum
741 1833 805 1871 ac
841 1816 1053 1871 lectioni
1077 1816 1478 1870 attendendum.
1509 1817 1801 1872 Scientiam
1833 1818 2005 1888 inquit
2037 1809 2080 1868 Β
2110 1819 2234 1874 stati
2276 1828 2402 1874 sunt
2444 1821 2585 1875 vitm.
2650 1820 3038 1877 Multitudinem
3091 1825 3190 1879 hoc
3239 1825 3478 1881 stultitiae
3527 1827 3676 1891 dicit,

439 1924 598 1978 quam
641 1909 898 1978 praedicas
934 1908 1051 1962 aliis
1081 1908 1193 1977 ipse
1231 1923 1410 1972 serva,
1453 1916 1517 1976 et.
1566 1910 1640 1964 tui
1690 1910 2004 1981 irrigatione

437 2001 700 2055 sermonis
727 1999 1025 2056 infundere.

508 2091 817 2146 Deriventur
843 2093 1008 2163 fontes
1035 2095 1111 2147 tui
1142 2093 1285 2162 {oras
1322 2103 1367 2148 et
1398 2093 1451 2147 in
1475 2092 1660 2164 plateis
1687 2111 1849 2167 aquas
1885 2102 2003 2147 tuas

435 2182 624 2236 divide.
669 2183 803 2238 Cum
845 2184 958 2255 ipse
984 2185 1238 2247 servaris,
1272 2193 1398 2240 tunc
1425 2193 1480 2239 et
1515 2185 1636 2239 aliis
1661 2185 1914 2253 praedica,
1947 2194 2003 2238 et

437 2273 491 2326 in
544 2288 733 2344 magna
787 2275 1090 2329 auditorum
1139 2275 1489 2344 amplitudine
1553 2275 1731 2329 divina
1788 2275 2001 2346 eloquia

428 2363 582 2434 juxta
608 2364 1025 2436 uniuscujusque
1052 2366 1362 2435 qualitatem
1390 2365 1661 2436 dispensa.

505 2453 707 2509 Habeto
745 2471 832 2510 eas
868 2455 1030 2510 solus.
1069 2456 1254 2528 Aquas
1306 2465 1359 2510 et
1398 2457 1449 2511 in
1491 2456 1684 2528 plateis
1713 2456 2002 2511 dividimus

433 2551 488 2599 et
519 2553 695 2598 tamen
743 2545 841 2599 soli
885 2546 1240 2616 possidemus,
1279 2549 1492 2618 quando
1528 2555 1583 2601 et
1616 2548 1853 2602 exterius
1893 2547 2001 2602 late

431 2634 863 2704 praedicationem
911 2635 1204 2702 fundimus,
1240 2646 1295 2691 et
1325 2646 1502 2691 tamen
1540 2652 1639 2706 per
1668 2653 1789 2691 eam
1814 2637 2000 2693 laudes

434 2723 696 2778 humanas
721 2725 974 2795 consequi
1002 2726 1220 2779 minime
1248 2726 1532 2780 ambimus.
1841 2735 1850 2742 '

510 2811 614 2866 Nec
649 2813 752 2867 sint
794 2813 954 2868 alieni
999 2816 1274 2884 participes
1317 2815 1411 2868 tui.
1462 2815 1724 2870 lmmundi
1765 2814 1998 2886 Spiritus

429 2905 719 2975 participes
748 2905 883 2960 ﬁunt
907 2907 1133 2969 doctori,
1166 2909 1208 2962 si
1237 2907 1352 2976 ejus
1375 2917 1608 2962 mentem
1639 2918 1692 2963 et
1719 2908 1856 2963 fastu
1882 2910 1996 2963 ela-

433 2994 592 3051 tionis
627 2997 750 3050 dutn
782 2997 1056 3067 praedicat,
1088 3006 1141 3053 et
1164 2999 1352 3053 haeresi
1386 3007 1441 3052 et
1465 2998 1570 3053 alio
1599 2999 1836 3068 quolibet
1865 3001 1997 3054 vitio

431 3097 796 3156 corrumpunt.
840 3086 996 3142 Solus
1019 3097 1196 3143 autem
1221 3103 1391 3159 aquas
1410 3090 1649 3158 possidet
1675 3105 1798 3143 cum
1825 3105 1994 3144 mem-

2106 1924 2230 1966 cum
2259 1911 2496 1966 haeretici
2534 1927 2590 1966 se
2621 1912 2976 1981 sapientiores
3007 1914 3210 1968 sanctis
3237 1913 3486 1969 Patribus
3521 1927 3678 1969 autu-

2111 2010 2275 2066 mant,
2308 2002 2391 2056 vel
2431 2018 2553 2058 cum
2593 2018 2756 2072 opera
2792 2006 3136 2060 tenebrarum
3180 2004 3438 2061 facientes
3485 2007 3675 2077 iniqui,

2105 2099 2198 2144 aut
2219 2092 2501 2147 Dominum
2528 2094 2642 2147 haec
2669 2109 2775 2148 non
2799 2095 3000 2160 videre,
3023 2106 3115 2150 aut
3137 2111 3194 2152 se
3217 2095 3371 2152 facile
3394 2095 3513 2169 ejus
3541 2099 3677 2152 iram

2103 2191 2294 2254 putant
2321 2200 2479 2254 posse
2516 2185 2768 2240 tolerare.

2710 2275 2936 2331 CAPUT
2989 2277 3074 2332 VI.

2173 2363 2284 2418 Fili
2304 2366 2397 2429 mi,
2419 2367 2463 2420 si
2490 2367 2824 2435 spoponderis
2849 2383 2943 2437 pro
2972 2369 3140 2422 amico
3173 2378 3262 2422 tuo
3283 2368 3510 2431 deﬁxisti
3534 2364 3688 2439 apud

2100 2464 2404 2509 extraneum
2428 2471 2640 2508 manum
2666 2467 2829 2512 tuam.
2873 2457 2928 2510 In
2959 2467 3206 2527 promptu
3225 2467 3307 2512 est
3333 2460 3527 2513 litterze
3552 2475 3674 2514 sen-

2101 2558 2194 2598 sus
2215 2543 2340 2613 quia
2364 2547 2553 2598 suadet
2577 2538 2738 2613 et'qut
2766 2546 3049 2613 spopondit
3072 2561 3170 2615 pro
3192 2547 3385 2612 amico,
3417 2556 3475 2600 ut
3499 2548 3672 2617 ipsum

2102 2634 2334 2688 amicum
2365 2633 2626 2688 sollicitus
2652 2636 2960 2701 admoneat,
2984 2644 3248 2705 quatenus
3271 2637 3478 2691 reddita
3510 2653 3672 2706 pecu-

2102 2723 2188 2776 nia
2234 2738 2397 2791 quam
2445 2722 2605 2777 debet
2654 2723 2908 2778 creditori
2950 2733 3003 2778 et
3046 2739 3103 2778 se
3141 2735 3195 2780 et
3239 2724 3409 2793 ipsum
3460 2724 3668 2778 liberet.

2095 2814 2398 2886 Allegoriee
2431 2824 2609 2869 autem
2645 2816 2696 2869 in
2738 2817 2840 2870 hac
2874 2816 3126 2884 periocha
3154 2816 3449 2880 doctorem,
3497 2816 3551 2869 in
3588 2831 3674 2869 se—

2099 2915 2296 2975 quente
2326 2915 2606 2960 vacantem
2660 2905 2951 2975 quemlibet
2980 2914 3038 2960 ut
3068 2899 3125 2961 se
3153 2921 3340 2977 gerere
3369 2906 3559 2961 debeat
3589 2907 3670 2959 in-

2098 2996 2275 3051 struit.
2319 2996 2528 3051 Dicitur
2555 2997 2696 3050 enim
2728 2997 3043 3067 przeceptori
3064 3037 3078 3061 ,
3111 2997 3173 3051 Si
3201 2997 3539 3067 spoponderis
3572 3013 3666 3075 pro

2099 3087 2266 3139 amico
2309 3096 2420 3152 tuo,
2464 3086 2694 3154 deﬁxisti
2735 3087 2876 3156 apud
2915 3097 3218 3140 extraneum
3260 3103 3470 3141 manum
3501 3096 3668 3139 tuam.

429 3174 540 3230 bris
587 3176 840 3231 Ecclesia:
893 3177 1121 3233 fideliter
1176 3156 1448 3233 connexus
1500 3178 1569 3232 ab
1608 3188 1992 3234 extraneorum
2021 3156 2064 3218 (ἶ
2095 3175 2246 3243 Quod
2275 3185 2357 3231 est
2376 3184 2558 3246 aperte
2585 3177 2784 3242 dicere,
2808 3177 2852 3231 si
2885 3177 3119 3231 animam
3146 3176 3325 3231 fratris
3353 3177 3404 3230 in
3429 3175 3672 3246 periculo

430 3281 547 3320 sese
576 3267 848 3321 consortio
883 3266 1110 3322 liberum
1137 3278 1335 3323 servat.
1394 3268 1471 3323 Sit
1511 3287 1640 3324 vena
1669 3280 1758 3324 tua
1783 3270 1994 3324 benedi-

429 3371 510 3414 cta
538 3372 584 3415 et
607 3362 804 3416 lactare
843 3380 959 3416 cum
1002 3362 1216 3416 muliere
1255 3362 1613 3418 adolescentiae
1639 3374 1761 3417 tua}.
1794 3362 1876 3417 Sit
1905 3364 1997 3418 d0-

427 3454 596 3508 ctrina
629 3463 717 3508 tua
755 3463 809 3508 et
837 3456 1142 3535 quicunque
1188 3464 1482 3510 nascuntur
1510 3472 1572 3511 ex
1602 3471 1664 3510 ea
1695 3456 1746 3509 in
1778 3455 1996 3510 benedi-

426 3543 606 3597 ctione
639 3544 906 3611 Ecclesiae,
952 3555 1007 3601 et
1041 3547 1240 3601 lactare
1283 3563 1403 3601 cum
1444 3564 1527 3609 ea,
1573 3548 1658 3601 cui
1703 3548 1770 3600 ab
1811 3545 1992 3599 adole-

427 3633 655 3700 scentia,
693 3634 744 3687 id
772 3643 875 3699 est,
927 3650 960 3688 a
1002 3635 1178 3704 primo
1208 3636 1458 3690 credendi
1494 3645 1735 3705 tempore
1766 3625 1991 3704 conjun-

425 3733 544 3780 ctus
585 3741 663 3780 es.
707 3723 869 3780 Cerva
917 3727 1224 3780 charissima
1272 3736 1320 3780 et
1356 3729 1680 3796 gratissimus
1721 3726 1990 3790 Itinnulus,

423 3817 584 3871 ubera
612 3817 724 3887 ejus
760 3816 1011 3872 inebrient
1043 3826 1091 3871 te
1120 3818 1260 3871 omni
1301 3828 1556 3887 tempore,
1589 3819 1644 3871 in
1671 3834 1848 3871 amore
1878 3817 1993 3887 ejus

424 3908 678 3963 delectare
707 3909 922 3980 jugiter.
959 3907 1128 3964 Cerva
1163 3909 1479 3964 charissima
1525 3909 1637 3964 sive
1664 3909 1989 3978 gratissi.na,

425 4010 486 4055 ut
511 4001 724 4069 quidam
747 4000 960 4055 codices
984 4001 1204 4065 habent,
1229 4008 1414 4056 sancta
1442 4001 1680 4057 Ecclesia
1716 4017 1834 4072 quae
1878 4016 1993 4055 ser-

423 4091 696 4160 pentinam
723 4090 857 4146 solet
885 4091 1007 4145 odio
1030 4091 1234 4147 habere
1255 4099 1309 4147 et
1329 4099 1638 4147 conterrere
1665 4093 1986 4146 doctrinam.

423 4182 772 4238 Gratissimus
798 4183 1049 4237 hinnulus
1091 4191 1175 4238 est
1198 4183 1422 4254 p0pulus
1465 4184 1580 4254 ejus
1617 4185 1874 4238 virtutum
1904 4199 1990 4237 va-

423 4274 612 4328 rietate
635 4273 980 4339 delectabilis,
1005 4282 1059 4328 et
1093 4275 1160 4329 ad
1189 4276 1430 4330 eamdem
1446 4285 1610 4330 casta:
1630 4275 1753 4330 fidei
1777 4290 1991 4344 semper

421 4365 762 4418 aemulatione
792 4380 1100 4420 succensus.
1147 4363 1312 4436 Cujus
1356 4366 1612 4421 uberibus
1633 4367 1986 4433 inebriamur,

421 4471 540 4511 cum
555 4456 833 4525 utriusque
847 4454 1175 4510 Testamenti
1192 4456 1398 4526 paginis
1410 4465 1594 4511 contra
1608 4457 1984 4511 haereticorum

421 4546 636 4602 fraudes
688 4548 1020 4613 instruimur,
1079 4547 1235 4618 cujus
1279 4564 1410 4618 pace
1461 4548 1514 4603 et
1561 4564 1742 4604 amore
1785 4551 1987 4620 jugitcr

419 4635 707 4703 delectari,
761 4652 953 4707 magna
1004 4652 1087 4693 est
1145 4630 1566 4694 exercendarum
1614 4640 1828 4694 occasio
1875 4641 1985 4694 vir-

420 4734 611 4779 tutum.

489 4815 664 4882 Quare
703 4818 983 4884 seduceris,
1008 4818 1086 4886 ﬁli
1110 4820 1201 4885 mi,
1235 4819 1299 4873 ab
1327 4820 1538 4873 auena?
1573 4829 1620 4874 et
1656 4820 1842 4890 foveris
1865 4822 1984 4875 sinu

416 4903 651 4960 alterius.
679 4906 746 4960 Et
769 4907 834 4961 de
861 4909 1143 4964 meretrice
1167 4916 1220 4963 et
1250 4909 1315 4964 de
1342 4909 1532 4965 haeresi
1554 4911 1912 4965 sentiendum.

485 4995 706 5065 Respicit
750 4997 1003 5053 Dominus
1051 5000 1159 5054 vias
1196 4999 1420 5055 hominis
1463 5010 1511 5056 et
1555 5017 1729 5055 omnes
1778 5018 1985 5072 gressus

415 5085 556 5140 illius
603 5088 918 5142 considerat.
970 5089 1085 5144 Non
1133 5105 1191 5144 se
1241 5099 1429 5160 putent
1476 5091 1704 5146 adulteri
1751 5092 1987 5149 tenebris

413 5180 589 5236 noctis
615 5162 707 5236 aut
742 5183 1006 5252 parietum
1046 5184 1261 5253 obtegi:
1290 5199 1395 5239 non
1426 5185 1667 5240 haaretiei
1711 5200 1805 5240 sua
1836 5185 1986 5239 voln-
2024 5239 2040 5251 ,

417 5271 558 5324 mina
583 5286 742 5340 posse
764 5273 950 5338 celari,
977 5274 1100 5344 quia
1140 5275 1375 5329 tenebrae
1410 5290 1516 5328 non
1550 5275 1985 5330 obscurabuntur

417 5375 445 5414 a
472 5360 715 5428 Domino,
749 5373 804 5418 et
831 5380 931 5418 nox
961 5365 1098 5419 sicut
1124 5365 1238 5420 dies
1271 5365 1674 5420 illuminabitur.

486 5451 791 5524 lniquitates
818 5473 928 5510 sua:
953 5457 1161 5525 capiunt
1189 5456 1403 5526 impium
1437 5465 1483 5509 et
1506 5455 1717 5524 funibus
1745 5467 1982 5527 peccato-

414 5557 529 5595 rum
555 5559 768 5598 suorum
798 5546 1188 5614 constringitur.
1244 5544 1417 5600 Distat
1457 5545 1596 5599 inter
1645 5555 1978 5615 peccatorem

409 5639 464 5685 et
492 5631 736 5702 impium,
757 5633 897 5703 quod
925 5643 1174 5702 peccator
1196 5633 1490 5703 appellatur
1515 5635 1689 5690 omnis
1708 5635 1798 5703 qui
1821 5633 1901 5689 vel
1925 5635 1978 5688 in

411 5721 591 5788 parvis
628 5722 712 5778 vel
779 5723 830 5778 in
892 5723 1097 5791 magnis
1158 5723 1447 5779 sceleribus
1493 5723 1711 5778 decidit.
1777 5723 1977 5794 Impius

2097 3277 2201 3323 tute
2248 3268 2670 3324 conversationis
2719 3269 3006 3337 acceperis,
3053 3267 3164 3338 jam
3213 3267 3390 3337 ligasti
3432 3275 3668 3322 mentem

2097 3361 2236 3432 apud
2263 3377 2450 3415 curam
2480 3361 2850 3416 sollicitudinis
2879 3377 2998 3431 qua:
3023 3369 3146 3416 ante
3181 3361 3384 3415 deerat.

2165 3448 2489 3517 Illaqueatus
2511 3467 2563 3503 es
2584 3450 2748 3503 verbis
2769 3451 2874 3503 oris
2895 3451 2992 3515 tui,
3017 3460 3063 3504 et
3094 3459 3274 3519 captus
3296 3451 3520 3520 propriis
3555 3468 3667 3505 ser-

2094 3540 2348 3593 monibus.
2377 3529 2512 3606 Quia
2536 3541 2660 3594 dum
2687 3542 2989 3597 commissis
3017 3541 3111 3595 tibi
3140 3543 3346 3612 cogeris
3371 3542 3508 3597 bona
3530 3559 3668 3612 pra:-

2095 3629 2321 3684 dieando
2351 3630 2529 3684 dicere
2560 3637 2612 3685 te
2639 3630 2813 3699 ipsum
2838 3631 2988 3701 prius
3018 3647 3238 3686 necesse
3263 3640 3346 3686 est
3369 3648 3488 3702 quae
3515 3635 3666 3688 dixe-

2094 3720 2170 3775 ris
2191 3721 2481 3776 custodire.

2163 3811 2276 3865 Fac
2293 3829 2414 3882 ergo
2433 3813 2570 3884 quod
2604 3814 2740 3880 dico,
2764 3813 2843 3881 ﬁli
2875 3815 2967 3881 mi,
2999 3827 3046 3869 et
3076 3825 3125 3870 te
3149 3818 3316 3887 ipsum
3338 3818 3522 3883 libera,
3542 3822 3667 3890 quia

2091 3901 2321 3955 incidisti
2345 3903 2398 3958 in
2419 3921 2578 3959 manu
2602 3907 2827 3976 proximi
2847 3908 3210 3972 tui,discurre,
3233 3909 3446 3978 festina,
3471 3912 3667 3965 suscita

2087 3991 2316 4046 amicum
2338 4004 2505 4048 tuum.
2530 3993 2646 4048 Non
2669 4003 2874 4049 tantum
2903 3997 3015 4066 ipse
3035 3997 3169 4052 bene
3189 3999 3416 4054 vivendo
3442 4001 3664 4071 vigilare

2092 4092 2384 4149 memento,
2415 4085 2507 4139 sed
2536 4095 2590 4140 et
2636 4085 2783 4140 illum
2813 4087 2898 4141 cui
2927 4101 3098 4156 preces
3137 4103 3166 4142 a
3193 4091 3398 4158 peccati
3449 4099 3667 4161 torpore

2087 4175 2429 4244 praedicando
2460 4176 2721 4246 disjuuge.

2162 4265 2245 4320 Ne
2265 4267 2470 4323 dederis
2495 4285 2734 4322 somnum
2767 4268 2931 4322 oculis
2965 4270 3094 4335 tuis,
3125 4287 3217 4324 nec
3245 4249 3523 4325 dormitent
3544 4271 3663 4341 pal-

2085 4356 2254 4427 pebrae
2275 4368 2396 4411 tute.
2421 4357 2677 4413 Somnum
2705 4358 2796 4413 dat
2815 4359 2983 4413 oculis
3005 4360 3094 4430 qui
3120 4359 3455 4415 subditorum
3480 4376 3664 4415 curam

2089 4448 2308 4502 omniao
2357 4449 2613 4521 negligit:
2656 4451 2910 4506 dormitat
2957 4461 3134 4506 autem
3183 4453 3274 4522 qui
3318 4453 3533 4522 quidem
3582 4468 3666 4507 re-

2090 4540 2475 4609 prcbensibilia
2517 4555 2704 4594 eorum
2742 4551 2891 4612 gesta
2940 4543 3237 4613 cognoscit,
3267 4543 3360 4596 sed
3394 4543 3507 4596 hrec
3541 4558 3664 4610 pro-

2089 4644 2209 4704 pter
2238 4636 2431 4688 mentis
2459 4634 2674 4688 taedium
2704 4633 2863 4705 digna
2891 4635 3188 4689 invectione
3217 4650 3321 4688 non
3347 4635 3591 4704 corrigit.

2163 4725 2361 4778 Eruere
2402 4725 2552 4793 quasi
2575 4723 2788 4776 damula
2811 4724 2874 4776 de
2898 4740 3055 4776 manu
3087 4733 3135 4776 et
3159 4723 3309 4793 quasi
3341 4723 3448 4775 avis
3483 4723 3545 4776 de
3580 4724 3662 4775 in-

2090 4815 2238 4868 sidiis
2271 4816 2508 4884 aucupis.
2561 4813 2830 4880 Quantum
2870 4814 2985 4868 avis
3011 4813 3078 4866 de
3115 4813 3305 4882 laqueo
3339 4811 3419 4864 vel
3448 4805 3662 4868 damula

2088 5003 2150 5050 ut
2177 4996 2419 5051 auditore
2451 5003 2541 5050 tuo
2570 4994 2857 5049 salubriter
2882 4994 3128 5048 instituto
3168 4993 3282 5062 ipse
3320 5007 3349 5044 a
3377 4991 3670 5061 sponsione;

2087 5087 2212 5140 vita:
2240 5085 2356 5155 ejus
2378 5086 2516 5141 liber
2557 5085 2818 5140 reddaris.
2847 5085 2913 5139 Et
2947 5093 3092 5138 certe
3113 5083 3237 5152 quia
3261 5081 3473 5137 damula
3499 5096 3658 5136 mun-

2090 5176 2216 5231 dum
2246 5185 2438 5230 natura
2473 5185 2555 5230 est
2586 5174 2803 5240 animal,
2827 5174 2982 5228 velox
3011 5187 3173 5228 cursu
3205 5173 3431 5241 visuque
3461 5173 3665 5227 acerri-

2090 5283 2258 5334 mum,
2290 5268 2430 5322 unde
2465 5276 2519 5322 et
2543 5265 2730 5322 Grazce
2757 5268 2856 5322 ἀπὸ
2891 5273 2981 5321 τοῦ
3013 5264 3230 5340 Δερκειν,
3280 5265 3330 5318 id
3367 5270 3478 5329 est,
3520 5277 3552 5317 a
3580 5263 3661 5317 vi-

2091 5360 2262 5414 dendo
2289 5361 2480 5414 dorcas
2510 5367 2864 5428 nuncupatur.
2913 5357 3042 5412 Avis
3082 5366 3261 5412 autem
3287 5355 3516 5410 volando
3551 5354 3659 5408 alta

2087 5457 2268 5518 petere
2287 5449 2569 5503 consuevit
2587 5465 2599 5499 :
2619 5464 2739 5503 cum
2771 5448 2822 5502 in
2847 5449 3103 5504 docendis
3115 5437 3394 5519 occuparis
3410 5447 3658 5512 subditis,

2083 5539 2316 5594 mundus
2351 5556 2380 5592 a
2414 5541 2654 5608 peceatis
2708 5525 2978 5607 omnibus,
3020 5550 3274 5596 strenuus
3317 5541 3368 5595 in
3407 5539 3660 5610 operibus

2080 5630 2258 5696 bonis,
2279 5632 2563 5701 perspicax
2592 5633 2644 5687 in
2667 5633 3125 5703 deprehendendis
3146 5633 3407 5687 malorum
3431 5632 3658 5697 insidiis,

2079 5733 2136 5780 et
2155 5723 2411 5781 virtutum
2430 5726 2620 5798 pennis
2633 5725 2793 5784 fultus
2803 5741 2923 5786 esse
2939 5735 3139 5799 satage,
3165 5734 3431 5797 quatenus
3449 5724 3660 5793 expleto

3669 4781 3688 4837 i

2091 4905 2156 4960 de
2193 4920 2352 4958 manu
2386 4903 2653 4974 captantis
2690 4904 2883 4972 quzerit
2925 4902 3175 4966 evadere,
3221 4909 3424 4954 tantmn
3466 4896 3686 4967 nitere,’

3786 2452 3813 2464 α
