4100 6324
366 348 471 403 7ῦῦ

999 343 1060 398 Β.
1102 337 1357 398 MBAN!
1392 333 1614 392 MAURI
1651 328 1970 388 ARCHIEP.
2013 326 2324 387 MOGUNT.
2366 331 2651 390 OPERUM
2690 331 2868 389 PARS
2902 333 2989 389 Ill.

3526 335 3631 393 704

368 459 699 536 praedicandi
759 461 975 532 negotio
1044 458 1112 514 ad
1164 454 1422 526 superna
1496 450 1831 508 transvolare
1895 445 2125 505 etArit
2174 447 2325 517 prius
2379 437 2683 519 apostatam
2742 448 3073 515 nominavit,
3145 449 3272 520 quia
3331 450 3437 506 nisi
3487 441 3639 509 more

371 554 610 612 caelestis
632 553 753 607 vita:
776 567 972 622 pascua
1004 549 1266 604 merearis
1296 548 1523 601 intrare.

454 642 597 697 Vade
631 641 699 701 ad
729 640 1025 712 formicam,
1068 655 1098 691 o
1120 639 1287 708 piger,
1315 647 1361 690 et
1390 632 1667 690 considera
1690 633 1800 687 vias
1841 632 1955 702 ejus

372 746 421 792 et
444 736 584 789 disce
606 730 938 809 sapientiam.
983 729 1117 783 Hinc
1157 735 1443 782 vacantem
1490 726 1740 780 hortatur
1768 737 1955 791 quem-

373 843 480 898 que
508 833 568 881 ut
597 825 643 880 si
685 824 751 878 ad
793 823 928 876 alios
969 821 1295 875 erudiendos
1340 834 1448 873 non
1496 815 1720 880 sulIicit,
1762 814 1957 869 saltem

374 919 573 974 suimet
612 930 796 970 curam
832 906 995 983 agere
1020 927 1139 981 non
1179 909 1439 980 negligat,
1470 921 1527 963 et
1555 908 1599 962 si
1633 905 1955 976 sapientiam

374 1009 557 1065 doceri
605 1008 791 1076 nequit
828 1006 896 1061 ab
935 1004 1178 1069 bomine,
1213 1001 1297 1056 vel
1331 998 1591 1071 operandi
1632 996 1953 1068 sapientiam

374 1102 551 1178 discat
585 1116 615 1153 a
641 1097 885 1153 formica.

434 1189 582 1255 -Qua:
612 1205 728 1242 cum
754 1203 857 1241 non
877 1184 1062 1238 habeat
1090 1183 1297 1248 ducent,
1329 1198 1422 1236 nec
1444 1190 1834 1252 pra'ceptorem,
1865 1196 1957 1234 nec

378 1285 662 1357 principem
702 1291 854 1351 parat
900 1289 1078 1335 (estate
1116 1279 1287 1357 cibgm
1331 1280 1462 1343 sibi,
1503 1288 1552 1331 et
1594 1284 1868 1348 congregat
1905 1278 1959 1330 in

379 1346 712 1446 'messe'quod
750 1373 1006 1427 comedat.
1049 1371 1107 1426 Si
1150 1346 1419 1427 ta'ntillum
1470 1371 1669 1425 animal
1695 1346 1959 1439 principe

380 1482 574 1524 carens
603 1475 658 1520 et
685 1465 908 1520 rationis
932 1478 1149 1534 expers,
1181 1472 1373 1517 natura
1405 1463 1539 1518 duce
1574 1454 1675 1516 sibi
1701 1461 1961 1529 praevidet

381 1559 437 1614 in
485 1566 795 1629 posterum,
845 1556 1014 1611 multo
1082 1557 1252 1625 magis
1307 1566 1363 1610 tu
1395 1545 1483 1611 ad
1532 1553 1819 1626 imaginem
1865 1553 1959 1608 Dei

380 1649 647 1712 conditus,
679 1647 747 1701 ad
774 1646 1058 1701 videndam
1097 1643 1213 1713 eius
1248 1645 1472 1716 gloriam
1501 1654 1742 1710 vocatus,
1774 1645 1960 1700 docto-

382 1756 503 1795 rum
550 1739 863 1811 magisterio
895 1736 1111 1807 adjutus
1145 1738 1332 1811 ipsum
1373 1737 1708 1793 conditorem
1752 1736 1960 1792 habens

382 1832 595 1898 ducem,
620 1831 784 1886 debes
812 1831 867 1886 in
901 1830 1156 1899 praesenti
1204 1830 1467 1884 bonorum
1496 1844 1721 1900 operum
1751 1826 1959 1883 fruetus

381 1937 734 1994 congregare,
777 1922 973 1992 quibus
1009 1929 1272 1977 aeternum
1310 1920 1460 1975 vivas
1502 1920 1555 1974 in
1591 1920 1792 1974 futuro.
1834 1918 1961 1975 Haec

382 2014 526 2069 enim
552 2014 661 2069 vita
697 2014 751 2068 in
780 2028 848 2069 eo
881 2012 1044 2068 messi
1093 2020 1439 2081 comparatur
1481 2019 1537 2066 et
1579 2011 1772 2077 mstati,
1818 2010 1962 2081 quod

385 2104 503 2160 haec
548 2103 690 2161 inter
733 2102 956 2159 ardores
1000 2103 1388 2166 tentationum,
1432 2109 1644 2170 tempus
1687 2109 1772 2156 est
1813 2100 1961 2155 colli-

386 2191 543 2264 gendi
577 2190 878 2247 futurorum
922 2191 1142 2261 praemia
1174 2188 1509 2245 meritorum.
1540 2189 1611 2245 At
1638 2191 1753 2245 dies
1773 2189 1962 2259 iudicii

385 2282 581 2338 hiemis
640 2282 908 2337 similatur
979 2281 1278 2351 rigoribus,
1330 2280 1473 2351 quod
1528 2290 1658 2336 tunc
1707 2282 1962 2336 nimirum

387 2373 534 2429 nulla
577 2372 898 2443 relinquitur
936 2371 1166 2427 facultas
1210 2386 1310 2441 pro
1355 2372 1466 2451 vita
1519 2372 1819 2437 laborandi,
1870 2374 1965 2429 sed

389 2470 598 2517 tantum
633 2463 844 2534 cogitur
872 2462 1103 2532 quisque
1140 2461 1206 2515 de
1244 2462 1673 2534 horreopriseae
1717 2464 1963 2529 actionis,

388 2553 530 2623 quod
560 2532 858 2609 recondidit
881 2552 1145 2623 proferre.
1179 2551 1334 2608 Unde
1363 2562 1418 2606 et
1445 2532 1702 2609 Dominus
1726 2555 1969 2625 praecipit

389 2644 576 2700 dicens
613 2661 626 2698 :
686 2643 849 2699 Orate
884 2654 1057 2699 autem
1089 2654 1145 2698 ut
1180 2662 1285 2699 non
1315 2644 1412 2721 ﬁat
1442 2646 1569 2717 fuga
1605 2656 1771 2701 vestra
1807 2647 1971 2703 hieme

390 2733 724 2788 velsabbato.
767 2733 955 2790 Hieme
989 2734 1135 2789 enim
1177 2734 1425 2801 facultas,
1468 2732 1703 2792 sabbato
1730 2737 1968 2806 licentia,

383 2822 538 2893 iuxta
585 2824 758 2896 legem
799 2827 949 2881 deest
983 2825 1193 2882 fructus
1218 2826 1345 2881 vitae
1383 2828 1671 2901 colligendi
1702 2845 1767 2885 ac
1808 2845 1973 2900 penu-

393 2917 530 2973 riam
562 2916 795 2987 fugiendi
823 2918 1160 2988 perpetuam.

469 3005 765 3078 Usquequo,
828 3009 993 3078 piger,
1050 3008 1290 3065 dormis?
1353 3012 1565 3082 quando
1625 3013 1893 3083 consurgis
1942 3030 1973 3067 a

395 3114 581 3154 somno
620 3109 728 3165 tuo,
755 3099 1029 3170 paululum
1063 3102 1310 3167 dormies,
1342 3104 1618 3173 paululum
1641 3104 1951 3160 dormitabis

393 3185 669 3257 paululum
705 3205 940 3244 conseras
961 3206 1144 3245 manus
1182 3202 1239 3245 ut
1263 3194 1515 3250 dormias.
1549 3193 1862 3265 Usquequo,
1890 3196 1976 3250 in-

330 3312 333 3313 ν
392 3280 533 3350 quit,
560 3280 763 3336 dormis
801 3282 854 3336 in
880 3283 1064 3338 vitiis?
1122 3285 1343 3361 quando
1384 3294 1538 3356 potes
1586 3302 1868 3357 resurgere
1912 3287 1981 3344 ad

394 3371 534 3427 bene
568 3374 900 3442 operandum
929 3375 1021 3439 qui
1056 3375 1219 3429 noxio
1255 3383 1474 3451 torpore
1500 3377 1785 3447 depressus
1838 3393 1979 3434 sem-

394 3475 495 3532 per
522 3461 703 3517 dicis:
734 3450 1010 3532 paululum
1054 3465 1231 3521 adhuc
1281 3464 1518 3535 iaceam,
1568 3478 1623 3525 et
1668 3468 1748 3523 sic
1791 3480 1979 3538 postea

394 3551 709 3621 paenitendo
765 3567 1067 3624 resurgam.
1117 3540 1489 3626 Fit'namque
1545 3565 1605 3612 ut
1662 3567 1714 3613 te
1766 3573 1981 3630 semper

394 3640 676 3699 diﬂ‘erente
703 3659 839 3716 opus
866 3646 1068 3701 bonum
1114 3655 1336 3718 repente
1376 3647 1542 3717 iudex
1572 3649 1662 3719 qui
1709 3649 1850 3705 mala
1888 3658 1980 3707 tua

398 3731 542 3788 facta
571 3734 782 3804 puniat,
815 3736 961 3791 adsit
987 3753 999 3790 :
1032 3736 1145 3793 Hoc
1172 3748 1255 3794 est
1281 3740 1427 3795 enim
1454 3742 1598 3811 quod
1624 3742 1904 3812 sequitur:

469 3823 543 3878 Et
586 3827 750 3881 veniet
800 3827 895 3882 tibi
942 3831 1096 3900 quasi
1158 3832 1325 3885 viator
1371 3843 1569 3904 egestas
1618 3844 1665 3889 et
1705 3838 2005 3906 pauperies.

391 3915 544 3985 quasi
586 3916 667 3971 vir
704 3928 959 3973 armatus.
1037 3920 1264 3992 Egestas
1312 3939 1546 3995 namque
1595 3933 1651 3979 et
1695 3926 1980 3996 pauperies

393 4020 555 4075 plena
606 4014 690 4062 est
741 4008 955 4076 ultima,
1006 4009 1061 4065 in
1110 4026 1216 4081 qua
1264 4012 1503 4069 damnati
1556 4014 1631 4069 nil
1670 4015 1979 4071 divitiarum

394 4108 692 4186 merentur.
734 4101 902 4168 Quasi
946 4104 1124 4158 viator
1165 4105 1378 4171 .veniet,
1427 4107 1554 4176 quia
1599 4106 1894 4178 improvisa
1925 4116 1981 4162 et

396 4190 678 4248 subitanea
705 4210 717 4246 :
744 4195 899 4263 quasi
931 4195 1014 4249 vir
1050 4206 1313 4271 armatus,
1341 4198 1467 4267 quia
1491 4198 1703 4254 devinci
1722 4208 1980 4270 perpetuo

397 4296 505 4336 non
536 4291 733 4353 potest.
762 4276 919 4339 Patet
942 4283 1098 4352 iuxta
1127 4285 1367 4341 litteram
1396 4284 1522 4358 quia
1552 4289 1768 4360 pigritia
1797 4291 1979 4346 nutrix

398 4383 484 4430 est
517 4376 773 4445 egestatis
802 4384 856 4431 et
885 4377 1143 4447 penuriae.”
1181 4379 1241 4434 Si
1274 4397 1393 4435 vero
1428 4383 1647 4454 impiger
1670 4384 1855 4454 fueris,
1891 4403 1977 4441 ve-

2057 537 2420 606 superbientis
2461 539 2636 610 angeli
2684 555 2715 592 a
2764 548 3055 609 conspectu
3112 541 3412 598 conditoris
3464 546 3636 614 prius,

2055 626 2203 682 intus
2242 630 2530 685 aversione
2574 632 2772 685 mentis
2807 631 3047 696 caderet,
3099 631 3245 687 foras
3294 636 3637 703 postmodum

2056 737 2225 790 usque
2255 722 2323 777 ad
2349 723 2661 779 seminanda
2686 723 2885 793 jurgia'
2917 741 3023 780 non
3047 726 3276 802 veniret.
3327 726 3465 794 Quia
3494 738 3642 786 recte

2056 814 2256 870 dicitur
2281 815 2423 884 quod
2453 817 2638 869 annuit
2663 815 2848 879 oculis,
2874 817 2993 870 terit
3013 819 3160 889 pede,
3186 819 3349 889 digito
3377 819 3637 891 loquitur,

2058 905 2288 961 interior
2331 923 2563 977 namque
2606 916 2690 963 est
2728 908 2970 963 custodia
3000 925 3123 980 quae
3154 912 3408 968 ordinata
3456 906 3645 970 servat

2057 1000 2296 1055 exterius
2325 986 2587 1065 membra,
2614 1001 2703 1070 qui
2733 1015 2860 1073 ergo
2900 1010 3102 1056 statum
3148 1004 3352 1058 mentis
3379 1004 3640 1074 perdidit,

2059 1089 2204 1145 foras
2233 1091 2287 1145 in
2305 1092 2731 1147 inconstantiam
2759 1093 3010 1149 motionis
3034 1092 3170 1159 fluit,
3195 1105 3365 1165 atque
3384 1080 3644 1153 exteriori

2058 1183 2357 1238 mobilitate
2400 1184 2604 1239 indicat
2655 1186 2800 1259 quod
2841 1184 2984 1239 nulla
3027 1186 3208 1242 radice
3242 1186 3473 1244 interius
3514 1191 3645 1246 sul)-

2061 1275 2236 1331 sistat.

2132 1385 2237 1442 Sex
2274 1396 2393 1442 sunt
2428 1404 2546 1460 qua:
2589 1388 2696 1443 odit
2730 1388 3011 1456 Dominus,
3036 1374 3319 1461 septimum.
3355 1392 3647 1447 detestatur

2062 1479 2240 1533 anima
2267 1480 2402 1549 ejus.
2447 1478 2706 1537 Eumdem
2738 1495 2898 1549 quem
2934 1496 3097 1551 supra
3144 1481 3377 1551 plenius,
3407 1483 3535 1552 quia
3574 1483 3647 1539 sit

2062 1569 2291 1625 Domino
2352 1570 2568 1626 odibilis
2625 1568 2953 1627 discordiam
3012 1572 3333 1628 seminando
3383 1573 3646 1639 insinuat,

2064 1661 2206 1734 quod
2255 1671 2437 1719 autem
2485 1662 2697 1717 Domini
2748 1650 2991 1717 animam
3026 1663 3182 1728 dicit,
3218 1664 3456 1719 humano
3493 1679 3646 1720 more

1992 1794 2038 1854 Β
2066 1753 2215 1819 facit,
2263 1764 2323 1808 ut
2353 1769 2478 1808 eum
2506 1753 2663 1822 plena
2702 1752 2996 1808 intentione
3039 1764 3096 1807 et
3132 1768 3239 1808 non
3281 1753 3474 1809 leviter
3509 1754 3646 1809 tales

2066 1846 2244 1901 odisse
2276 1844 2568 1916 significet,
2613 1843 2719 1898 tale
2743 1851 2826 1897 est
2862 1844 2916 1897 in
2952 1843 3090 1899 lsaia
3117 1842 3429 1899 :Kaleudas
3453 1854 3649 1903 vestras

2063 1948 2110 1994 et
2132 1938 2485 1993 solemuitates
2510 1946 2707 1991 vestras
2730 1936 2893 1990 odivit
2916 1936 3095 1990 anima
3116 1952 3231 1990 mea
3254 1935 3391 2017 (Isa.
3417 1937 3483 2009 ι).

2135 2048 2328 2106 Oculos
2348 2048 2615 2113 sublimes,
2640 2045 2874 2117 linguam
2902 2046 3230 2115 mendacem,
3257 2063 3445 2103 manus
3471 2049 3648 2118 effun-

2062 2139 2240 2195 dentes
2274 2137 2548 2192 innoxium
2578 2136 2906 2206 sanguinem,
2926 2152 3018 2189 cor
3039 2135 3347 2191 mae/tinam
3380 2139 3654 2209 cogitatio—

2065 2248 2153 2288 nes
2184 2231 2456 2302 pessimas,
2487 2225 2645 2299 pedes
2681 2225 2878 2280 veloces
2905 2225 2975 2278 ad
3003 2224 3318 2280 currendum
3346 2227 3405 2281 in
3425 2228 3648 2297 malum,

2064 2325 2408 2400 proferentem
2453 2320 2749 2384 mendacia,
2794 2328 2975 2372 testem
3018 2317 3286 2387 fallacem,
3325 2328 3374 2373 et
3396 2336 3515 2376 eum
3558 2333 3651 2394 qus

2067 2420 2287 2475 seminat
2320 2417 2457 2471 inter
2479 2414 2668 2485 fratres
2690 2412 3002 2467 discordias.
3047 2412 3343 2468 Enumerat
3379 2428 3476 2470 sex
3501 2415 3652 2484 capi-

2068 2508 2196 2565 talia
2236 2506 2465 2564 erimina
2508 2519 2629 2575 quae
2668 2512 2848 2558 tamen
2904 2504 3311 2579 comparatione
3338 2503 3653 2563 discordias

2071 2599 2420 2665 seminantis,
2468 2596 2625 2667 quasi
2681 2596 2893 2650 minora
2932 2594 3171 2665 depdnit,
3220 2595 3347 2665 quia
3394 2595 3652 2652 nimirum

2071 2692 2246 2762 majus
2287 2697 2372 2745 est
2414 2688 2622 2742 facinus
2663 2685 2813 2751 illud,
2851 2700 2959 2755 quo
3000 2686 3181 2740 unitas
3236 2693 3291 2742 et
3336 2685 3654 2741 fraternitas

2072 2801 2193 2856 quze
2218 2798 2314 2855 per
2346 2782 2581 2852 Spiritus
2616 2780 2788 2837 sancti
2818 2779 3046 2851 gratiam
3081 2788 3167 2835 est
3201 2794 3450 2835 connexa
3490 2780 3653 2836 dissi—

2073 2885 2249 2947 patur,
2268 2882 2444 2946 potest
2459 2873 2602 2929 enim
2623 2872 2849 2943 quilibet
2872 2872 3058 2928 oculos
3076 2860 3352 2943 iactanter
3376 2872 3657 2937 extollere,

2076 2970 2257 3040 lingua
2309 2966 2565 3029 mentiri,
2622 2964 2915 3020 homicidio
2956 2963 3161 3035 pollui,
3221 2964 3363 3019 mala
3407 2964 3657 3036 proximo

2076 3059 2397 3123 machinari,
2432 3057 2550 3112 aliis
2578 3054 2873 3112 sceleribus
2902 3055 3144 3111 membra
3179 3054 3431 3122 subdere,
3459 3054 3657 3111 falsum

1956 3147 1972 3171 ’
2005 3154 2050 3216 C
2083 3162 2270 3209 contra
2312 3150 2623 3221 quempiam
2664 3148 3032 3204 testimonium
3078 3146 3345 3217 proferre,
3376 3147 3518 3217 quod
3548 3163 3655 3203 non

2078 3244 2222 3298 idem
2253 3258 2373 3298 esse
2404 3241 2702 3312 putandum
2730 3247 2835 3305 est,
2862 3239 3006 3308 quod
3035 3253 3197 3310 supra
3232 3239 3470 3309 linguam
3500 3253 3655 3293 men-

2078 3337 2265 3392 dacem
2291 3334 2535 3391 nominat
2578 3351 2590 3386 :
2638 3340 2816 3403 potest
2843 3333 2989 3387 enim
3031 3331 3390 3393 mendacium,
3421 3329 3515 3384 sed
3543 3344 3655 3384 non

2078 3440 2266 3484 contra
2310 3427 2615 3496 proximum
2660 3423 2788 3490 dici,
2829 3439 2955 3479 nam
3003 3412 3061 3478 et
3108 3423 3301 3478 beatus
3326 3421 3663 3492 Augustinus

2078 3530 2205 3577 octo
2232 3535 2351 3576 esse
2380 3534 2578 3591 genera
2618 3517 2904 3583 mendacii,
2937 3517 2990 3572 in
3027 3516 3165 3572 libro
3201 3531 3361 3586 quem
3394 3517 3460 3571 de
3500 3514 3655 3570 Men-

2079 3610 2230 3669 dacio
2253 3609 2554 3681 composuit
2579 3611 2756 3673 docet,
2791 3615 2971 3678 potest
3002 3606 3491 3678 inquamperditus
3508 3605 3669 3675 ‘quis-a

1999 3727 2003 3731 ν
2078 3719 2183 3774 que
2202 3700 2507 3771 huiusmodi
2539 3700 2681 3755 mala
2708 3698 2794 3769 vel
2830 3698 3171 3768 sibimetipsi,
3197 3698 3281 3752 vel
3312 3697 3432 3752 aliis
3460 3696 3676 3751 inferre

2077 3811 2214 3866 pace
2255 3802 2468 3850 servata
2498 3792 2777 3858 Ecclesiae,
2808 3799 2865 3846 at
2892 3792 3139 3847 Donatus
3160 3800 3213 3845 et
3235 3789 3398 3846 Arius
3444 3804 3673 3845 eoruin--

2079 3901 2184 3957 que
2229 3899 2489 3955 sequaces
2530 3883 2749 3955 gravius
2787 3890 2871 3937 est
2914 3883 3058 3952 quod
3098 3882 3364 3945 fecerunt,
3407 3881 3500 3953 qui
3532 3896 3675 3935 con-

2080 3979 2319 4034 cordiam
2348 3977 2599 4033 fraternae
2625 3976 2857 4032 unitatis
2878 3976 3182 4032 discordias
3218 3974 3536 4031 seminando
3556 3975 3675 4030 scim

2080 4069 2296 4123 derunt.

2150 4173 2429 4240 Conserva,
2453 4173 2532 4244 ﬁli
2560 4175 2652 4241 mi,
2674 4185 2931 4246 prcecepta
2957 4176 3121 4246 patris
3144 4176 3239 4241 tui,
3270 4184 3317 4230 et
3342 4192 3406 4230 ne
3427 4175 3662 4229 dimittas

2080 4266 2241 4337 legem
2270 4267 2452 4320 matris
2476 4275 2599 4320 true.
2629 4266 2781 4321 Nunc
2807 4267 2907 4322 sub
2931 4266 3187 4322 adulterae
3213 4265 3457 4321 mulieris
3483 4264 3679 4337 specie

2079 4357 2330 4427 prohibet
2358 4357 2425 4411 ab
2456 4356 2730 4412 auditione
2757 4357 3049 4412 haereseos.
3686 4352 3687 4355 “

400 4462 504 4518 niet
530 4474 586 4554 ut
609 4464 725 4532 fons
744 4468 922 4520 messis
944 4476 1055 4520 tua.
1085 4468 1314 4524 Fructus
1343 4472 1537 4527 terreni
1566 4488 1701 4543 quos
1729 4475 1979 4532 metimus
2004 4493 2060 4554 ι)
2153 4465 2284 4537 Liga
2305 4483 2366 4520 ea
2391 4467 2446 4520 in
2468 4468 2732 4547 εονάςιιιο
2746 4468 2963 4539 iugiter.
2980 4478 3027 4523 et
3051 4468 3319 4523 circumda
3339 4469 3539 4540 gutturi
3551 4477 3661 4532 tua.

401 4568 510 4608 non
549 4552 682 4610 fonti
710 4566 1115 4626 comparantur,
1147 4561 1240 4616 sed
1270 4560 1544 4627 cisternm,
1586 4565 1711 4635 quia
1750 4567 1814 4621 ad
1845 4576 1981 4623 tem-

400 4658 502 4714 pus
527 4652 756 4714 pascunt
780 4645 1115 4717 colligentem
1151 4657 1205 4705 et
1240 4651 1293 4705 in
1327 4660 1567 4723 tempore
1595 4654 1853 4712 deficiunt
1880 4676 1892 4712 :
1924 4669 1981 4715 at
2016 4686 2021 4690 ι

356 4776 359 4779 ς
401 4734 494 4804 qui
539 4734 768 4807 impiger
805 4735 967 4792 fuerit
998 4753 1096 4808 pro
1132 4741 1443 4797 coelestibus
1474 4743 1722 4801 laborare
1748 4746 1977 4816 divitiis,

401 4824 561 4893 huius
588 4828 780 4883 messis
809 4835 870 4882 ut
904 4827 1025 4883 fons
1054 4831 1290 4897 advenit,
1321 4834 1449 4902 quia
1493 4837 1799 4892 mercedem
1831 4838 1980 4895 labo-

403 4934 521 4973 rum
552 4919 949 4974 indeflcientem
979 4922 1259 4991 percipiet.

472 5008 541 5062 Et
571 5019 770 5078 egestas
807 5010 957 5082 longe
988 5012 1150 5083 fugiet
1174 5030 1206 5069 a
1233 5024 1300 5069 te.
1327 5014 1466 5083 Quia
1504 5020 1757 5086 satiabor,
1782 5021 1979 5093 inquit,

401 5098 526 5151 dum
547 5099 969 5168 manifestabitur
988 5102 1157 5172 gloria
1178 5114 1269 5158 tua
1293 5103 1465 5176 (Psal.
1496 5107 1628 5181 xw).

474 5190 649 5245 Homo
680 5201 943 5261 apostata,
977 5195 1054 5249 vir
1081 5196 1306 5272 inutilis,
1324 5199 1583 5269 graditur
1607 5218 1695 5257 ore
1721 5209 1980 5274 perverso,
2020 5207 2026 5213 ’

404 5282 586 5335 annuit
623 5282 811 5348 oculis,
849 5284 968 5338 terit
995 5285 1142 5354 pede,
1168 5287 1330 5358 digito
1366 5290 1616 5362 loquitur,
1636 5278 1800 5364 pravo
1830 5295 1984 5350 corde

399 5372 735 5427 machinatur
769 5374 987 5441 malum,
1025 5387 1074 5431 et
1114 5379 1170 5433 in
1226 5383 1366 5437 omni
1404 5374 1633 5456 tempore
1680 5386 1865 5459 jurgia
1903 5406 1984 5444 se-

401 5463 589 5516 minat.
639 5464 861 5519 Dixerat
889 5466 954 5522 de
983 5466 1277 5525 lneresibus
1301 5480 1353 5527 et
1380 5473 1501 5529 aliis
1527 5474 1783 5531 vitiorum
1813 5493 1980 5549 gene-

402 5553 554 5610 ribus
623 5555 934 5611 instituerat
997 5570 1418 5630 prazceptorem,
1497 5566 1832 5623 excitaverat
1902 5569 1984 5640 pi-

407 5659 584 5716 grum,
618 5653 673 5701 at
700 5664 843 5703 nunc
880 5649 1158 5721 redarguit
1194 5658 1249 5705 et
1279 5653 1703 5714 schismaticum.
1738 5660 1840 5716 Ubi
1886 5677 1985 5718 no—

409 5735 631 5795 tandum
655 5738 781 5810 quia
809 5751 970 5808 quem
1000 5740 1351 5800 scminantem
1389 5745 1564 5818 iurgia
1594 5748 1773 5807 dicere
1804 5750 1987 5809 voluc-

2087 4569 2134 4615 et
2169 4561 2224 4615 in
2257 4561 2568 4630 cogitatione
2599 4571 2857 4632 pra'cepta
2877 4560 2973 4615 Dei
2992 4560 3104 4629 ﬁxa
3135 4563 3297 4616 retine
3326 4570 3375 4615 et
3406 4558 3665 4631 loquelam

2087 4658 2251 4706 tuam.
2300 4650 2501 4707 [lorum
2534 4652 2767 4723 nudique
2796 4650 3096 4731 dulcedine,
3128 4668 3197 4708 ne
3226 4651 3364 4707 forte
3396 4651 3450 4705 in
3483 4651 3663 4720 lingua

2086 4744 2287 4799 labaris
2314 4744 2664 4800 communito.

2159 4836 2290 4890 Cum
2326 4834 2689 4898 ambulaveris,
2722 4834 3035 4905 gradiantur
3063 4844 3255 4900 tecum,
3291 4850 3408 4888 cum
3441 4833 3670 4887 dormien

2081 4927 2174 4991 ris,
2197 4926 2494 4979 custodiant
2526 4935 2573 4979 te
2600 4938 2619 4976 :
2644 4934 2691 4980 et
2712 4926 2959 4996 euigilans
2981 4926 3190 4996 loquere
3211 4942 3329 4979 cum
3360 4926 3455 4979 eis.
3494 4923 3667 4978 Tanta

2081 5017 2156 5072 sit
2192 5017 2288 5072 tibi
2327 5015 2604 5071 meditatio
2635 5015 2829 5070 divinae
2867 5014 3021 5085 legis,
3050 5024 3113 5070 ut
3143 5030 3270 5070 cum
3299 5002 3531 5084 vigilans
3565 5012 3665 5067 ali-

2082 5108 2212 5180 quid
2254 5108 2568 5177 operaberis
2613 5108 2752 5162 hanc
2800 5107 2985 5163 sedula
3036 5112 3216 5162 mente
3260 5105 3496 5171 recolas;
3542 5120 3666 5161 cum

2087 5198 2427 5265 dermivcris,
2477 5198 2531 5253 in
2579 5197 2738 5267 huius
2787 5198 3049 5253 memoria
3094 5198 3365 5268 quiescas,
3398 5212 3520 5253 cum
3547 5196 3666 5250 evi-

2084 5290 2338 5360 gilaveris
2360 5292 2499 5346 hanc
2524 5290 2697 5359 primo
2723 5291 2790 5345 ad
2825 5297 3061 5345 mentem
3086 5305 3327 5353 revoces,
3357 5289 3437 5345 sic
3463 5288 3677 5345 etenim.

2086 5381 2201 5447 fiet,
2229 5391 2287 5435 ut
2316 5396 2416 5436 nec
2439 5381 2665 5451 vigilans
2694 5379 2954 5446 offendas,
2983 5395 3084 5435 nec
3117 5395 3148 5433 a
3177 5380 3372 5448 timore
3395 5374 3667 5434 nocturno

2082 5472 2313 5529 laedaris.
2363 5472 2551 5539 Aliter,
2597 5486 2720 5526 cum
2753 5470 3114 5526 ambulaveris
3149 5471 3204 5525 in
3236 5471 3480 5541 profectu
3502 5469 3676 5539 iusti--

2086 5565 2202 5619 tiae:
2232 5564 2546 5635 gradiantur
2576 5571 2750 5618 tecum
2782 5562 3036 5617 mandata
3059 5561 3178 5627 Dei,
3203 5568 3263 5615 ut
3287 5568 3340 5615 te
3369 5560 3677 5624 instruant.

2083 5654 2219 5711 Cum
2259 5654 2546 5709 dormieris
2582 5652 2636 5707 in
2664 5660 2837 5709 morte
2875 5652 3185 5709 custodiant
3213 5650 3452 5706 animam
3494 5658 3677 5716 tuam,

2072 5756 2153 5807 ‘uc
2189 5748 2357 5821 rapiat
2393 5749 2601 5804 hostis:
2639 5764 2760 5804 cum
2790 5747 3129 5820 cvigilaveris
3155 5747 3209 5805 in
3238 5747 3665 5810 resurrectione,
