4100 6324
395 345 501 405 705

1191 336 1554 396 exposruo
1589 336 1658 392 lN
1695 332 2086 391 PROVERBIA
2124 296 2534 389 sumamus.
2574 364 2643 373 —
2674 332 2802 387 us.
2843 332 2885 387 ι.

3563 333 3668 389 706

312 452 325 465 “
394 466 620 534 loquere
665 472 789 516 cum
820 458 920 520 eis,
953 453 1255 524 expetendo
1279 451 1500 524 praemia
1530 464 1649 521 quae
1676 449 1797 514 tibi,
1834 448 1879 503 si
1914 461 1980 502 ea
2008 452 2057 512 Α
2084 443 2243 514 plene
2272 443 2619 498 considerare
2653 441 2871 508 sufﬁcit,
2904 452 3006 495 nec
3043 446 3225 495 tamen
3266 440 3440 511 ipsum
3465 441 3557 510 qui
3589 440 3671 497 fo-

396 570 668 621 servares,
687 552 1073 625 promiserant.

469 646 582 702 Nec
613 644 849 718 capiaris
876 641 1086 696 nutibus
1120 639 1286 694 illius.
1320 637 1476 693 Patet
1504 636 1571 692 de
1593 633 1860 699 adultera,
1884 632 1980 687 sed

396 752 453 799 et
475 740 737 805 haeretici,
765 738 811 793 si
836 739 974 794 bene
1003 737 1186 791 vivere
1210 743 1265 790 et
1290 741 1415 804 apte
1440 748 1500 788 se
1521 747 1683 802 agere
1704 729 1977 795 videntur,

396 831 519 887 vide
547 846 618 886 ne
644 827 921 885 seducaris
947 842 1134 882 eorum
1165 823 1443 880 doctrinis.

2081 534 2159 588 ris
2185 540 2239 588 et
2268 530 2405 586 infra
2432 532 2633 603 degunt
2659 531 2967 600 aspiciunt:
3002 544 3236 598 namque
3274 529 3376 585 hoc
3407 538 3493 586 est
3517 533 3665 600 quod

2079 625 2366 696 Apostolus
2395 620 2472 693 ajt
2520 642 2533 678 :
2585 621 2853 694 Spiritalis
2890 614 3034 675 enim
3068 621 3243 673 omnia
3287 620 3521 690 judicat,
3556 623 3667 693 ipse

2080 726 2255 769 autem
2281 732 2314 768 a
2341 715 2543 769 nemine
2552 713 2833 785 judicatur
2858 710 2911 782 (I
2932 710 3056 766 Cor.
3086 710 3185 781 11).,

2150 808 2438 864 Considera
2467 807 2735 863 vecordem
2756 807 3022 877 juvenem,
3059 804 3148 874 qui
3183 805 3373 857 transit
3408 804 3462 858 in
3494 800 3671 874 platea

468 920 705 975 Pretium
732 921 868 973 enim
891 918 1052 972 scorti
1073 916 1160 971 vix
1178 914 1335 969 unius
1358 922 1432 968 est
1454 913 1626 983 panis.
1668 910 1979 966 Recordare
2072 900 2230 971 Ϊαετια
2248 898 2517 970 angulum.
2533 896 2792 983 Juvenem
2814 902 2974 950 V003“
2994 893 3297 948 adnuerunt
3322 908 3426 948 non
3450 903 3674 964 prOpter

398 1013 542 1085 quod
589 1010 771 1065 brevis
798 1008 1045 1079 voluptas
1090 1005 1465 1062 fornicationis
1506 1012 1562 1058 et
1598 1009 1853 1074 perpetua
1897 1009 1982 1058 est

397 1118 557 1175 pecua
597 1100 981 1166 fornicatbris‘,
1010 1099 1152 1155 sicut
1186 1098 1331 1153 enim
1367 1113 1505 1152 untts
1541 1096 1695 1167 panis
1732 1096 1979 1150 diurnam

398 1193 571 1248 solum
614 1188 812 1264 eiiugat
842 1186 1113 1255 esuriem,
1155 1196 1210 1245 et
1248 1188 1594 1244 nihilominus
1637 1187 1979 1258 postmodum

368 1274 589 1351 ‘esurit,
613 1287 706 1355 qui
755 1292 996 1340 comesto
1037 1297 1177 1353 pane
1221 1289 1436 1337 saturus
1483 1282 1860 1337 abscesserat:
1902 1278 1981 1335 sic

401 1378 494 1449 qui
525 1373 693 1433 intrat
731 1378 799 1432 ad
830 1387 1091 1443 scortum,
1133 1375 1201 1430 ad
1228 1376 1418 1431 horam
1463 1375 1681 1444 quidem
1723 1382 1981 1443 evaporat

398 1468 697 1533 libidinem,
733 1467 828 1524 sed
850 1477 971 1538 post
997 1458 1287 1538 paululum
1306 1466 1583 1522 ardentior
1608 1464 1766 1520 redit.

474 1558 747 1631 Numquid
767 1558 1083 1614 abscondere
1101 1568 1265 1629 potest
1288 1558 1442 1612 homo
1467 1558 1636 1628 ignem
1664 1556 1721 1610 in
1745 1556 1863 1610 sinu
1885 1571 1981 1610 suo
2058 1606 2063 1609 ι

400 1666 460 1713 ut
487 1656 792 1711 uestimenta
818 1652 961 1708 illius
980 1669 1081 1708 non
1107 1652 1424 1707 ardescunt?
1452 1649 1563 1707 Soli
1592 1649 1642 1706 ei
1669 1650 1983 1706 conceditur

401 1745 782 1803 haereticorum
822 1742 992 1798 libros
1029 1742 1206 1813 legere
1230 1740 1488 1812 qui'adeo
1525 1738 1787 1796 solidatus
1814 1749 1899 1795 est
1927 1740 1983 1794 in
2040 1784 2045 1789 .

2080 990 2385 1054 v'eritatem,
2417 991 2511 1045 sed
2545 980 2764 1060 propter
2792 986 3219 1042 instabilitatem.
3261 984 3361 1052 Qui
3389 985 3584 1040 transit
3619 986 3674 1039 in

2080 1083 2283 1154 platea,
2316 1081 2442 1150 quia
2479 1065 2733 1135 deseruit
2760 1084 3043 1149 angustam
3070 1076 3233 1139 viam,
3260 1090 3380 1144 qua:
3417 1073 3566 1131 ducit
3605 1074 3675 1129 ad

2080 1176 2280 1241 vitam;
2313 1173 2469 1244 juxta
2499 1172 2773 1244 angulum,
2803 1170 2929 1240 quia
2967 1156 3206 1225 deﬂectit
3234 1183 3263 1221 a
3293 1166 3635 1222 rectitudine.

2152 1267 2223 1322 Et
2263 1282 2422 1338 prope
2457 1266 2596 1320 viam
2638 1264 2826 1318 domus
2864 1262 3010 1317 illius
3040 1261 3302 1332 graditur.
3357 1259 3494 1328 Quia
3525 1275 3554 1313 a
3582 1260 3671 1314 via

2080 1357 2331 1414 veritatis
2371 1356 2683 1421 declinavit,
2738 1354 2935 1410 motito
2981 1354 3084 1408 via:
3124 1351 3430 1407 meretricis
3476 1352 3670 1406 domus

2081 1449 2167 1506 vel
2196 1447 2435 1524 haeretici
2462 1447 2767 1517 appropiat,
2796 1460 2917 1515 quae
2952 1453 3098 1499 recte
3136 1444 3292 1512 juxta
3322 1441 3468 1513 quod
3504 1456 3670 1513 expo-

2081 1541 2294 1598 suimus
2323 1548 2378 1595 et
2411 1539 2466 1594 in
2490 1538 2690 1609 platea,
2718 1545 2773 1591 et
2790 1535 2942 1607 juxta
2969 1534 3222 1609 angulum
3247 1535 3424 1604 posita
3456 1542 3559 1589 est.

2151 1631 2221 1686 In
2244 1631 2462 1685 obscuro
2493 1628 2946 1698 advesperascente
2967 1624 3076 1689 die,
3098 1626 3153 1678 in
3178 1624 3344 1678 noctis
3381 1623 3604 1677 tenebris
3628 1632 3677 1677 et

2086 1720 2328 1792 caligine.
2357 1720 2491 1787 Quia
2505 1717 2621 1787 jam
2647 1716 2769 1772 talis
2791 1730 2887 1787 per
2909 1713 3411 1771 caecitatem‘cordis
3433 1713 3501 1767 ad
3524 1721 3678 1768 tene-

400 1835 509 1893 ﬁde
538 1834 826 1901 catholica,
857 1842 919 1889 ut
945 1833 1028 1889 vel
1056 1806 1344 1889 verborum
1372 1830 1652 1889 dulcedine
1671 1829 1756 1886 vel
1784 1829 1984 1886 astutia
2014 1818 2059 1878 Β
2087 1815 2215 1870 bras
2245 1811 2468 1868 Ῑθειῖηεῑ
2497 1819 2553 1865 ει
2577 1808 2788 1880 Pecuni
2816 1806 3283 1901 Aelfiamnalionis-

399 1933 640 1997 nequeat
672 1925 742 1980 ab
769 1927 832 1980 ea
861 1924 1151 1997 segregari.

477 2014 601 2071 Non
623 2015 841 2088 grandis
860 2025 935 2071 est
958 2014 1133 2085 culpa,
1158 2030 1275 2069 cum
1297 2015 1414 2085 quis
1437 2013 1647 2085 furatus
1670 2012 1850 2083 fuerit,
1876 2020 1981 2068 etc.

400 2105 631 2163 Furtum
668 2121 776 2162 non
817 2119 885 2162 ex
925 2121 1021 2161 sua
1070 2105 1430 2161 aestimatione
1469 2103 1562 2160 sed
1610 2120 1678 2159 ex
1706 2119 1988 2173 compara—

333 2200 336 2203 λ
403 2197 552 2253 tione
576 2196 819 2267 majoris,
843 2196 896 2251 id
921 2204 1007 2252 est
1028 2196 1298 2262 adulterii,
1316 2210 1422 2251 non
1443 2196 1663 2267 grandis
1682 2209 1801 2250 esse
1820 2196 1988 2267 culpae

406 2288 744 2359 perhibetur.
774 2286 926 2343 Sicut
958 2285 1296 2342 Hierusalem
1340 2286 1557 2358 gravius
1582 2286 1831 2355 peccanti
1855 2286 1989 2340 dici—

414 2388 525 2445 tur,
551 2379 852 2448 Justiﬁcata
888 2387 962 2433 est
987 2377 1219 2434 Sodoma
1254 2394 1318 2432 ex
1345 2386 1413 2443 te,
1453 2390 1560 2431 non
1595 2377 1722 2446 quia
1752 2374 1987 2431 Sodoma

406 2469 553 2525 nulla
575 2468 661 2525 vel
696 2483 887 2540 pauca,
914 2468 1008 2524 sed
1033 2468 1159 2538 quia
1181 2466 1515 2523 Hierusalem
1548 2466 1702 2537 plura
1723 2466 1986 2537 peccavit.

479 2558 619 2626 Quia
647 2559 790 2615 zelus
819 2570 866 2614 et
888 2559 1040 2629 furor
1065 2559 1160 2614 viri
1196 2575 1299 2613 non
1320 2568 1496 2629 parcet
1526 2558 1579 2611 in
1614 2557 1699 2611 die
1725 2555 1986 2622 vindictw,

412 2666 505 2706 nec
537 2652 827 2722 acquiescet
853 2650 1165 2721 cujusquam
1201 2650 1464 2720 precibus,
1488 2664 1579 2703 nec
1613 2649 1858 2719 suscipiet
1894 2665 1988 2716 pro

416 2741 767 2811 redemptione
800 2739 940 2794 dona
968 2739 1219 2810 plurima.
1259 2740 1324 2794 Et
1351 2738 1418 2793 de
1433 2738 1662 2795 Domino
1688 2738 1983 2810 intelligen-

407 2829 561 2896 dum,
606 2830 733 2899 quia
775 2829 869 2900 qui
921 2844 1066 2884 nunc
1110 2830 1284 2899 parcit
1313 2830 1559 2900 reprobis
1590 2845 1695 2883 non
1727 2830 1900 2901 parcit
1936 2831 1990 2885 in

409 2918 495 2974 die
522 2920 735 2985 mortis,
760 2934 861 2974 nec
881 2919 1181 2989 acquiescit
1202 2920 1453 2990 precibus
1498 2934 1622 2975 sero
1642 2919 1989 2981 clamantium

409 3010 477 3066 ad
507 3025 589 3076 se,
617 3026 719 3066 nec
744 3011 883 3065 dona
918 3025 1148 3081 quorum
1186 3010 1260 3065 ibi
1287 3019 1499 3081 tempus
1546 3019 1602 3065 et
1627 3008 1853 3066 facultas
1884 3026 1992 3066 non

409 3108 513 3167 est,
542 3101 783 3171 suscipit,
818 3100 1024 3156 zelatur
1050 3101 1194 3155 enim
1223 3101 1268 3157 si
1308 3101 1428 3171 quis
1451 3116 1701 3171 sponsam
1731 3115 1907 3166 suam,
1939 3101 1990 3157 id

2157 1903 2228 1959 Et
2254 1919 2370 1959 ecce
2398 1901 2588 1956 mulier
2619 1899 2847 1955 occurrit
2877 1897 2958 1953 illi
2978 1907 3169 1950 ornatu
3198 1894 3510 1959 meretricio,
3543 1909 3680 1969 pra:-

2084 2005 2275 2068 parata
2304 1994 2372 2048 ad
2395 1992 2678 2063 capiendas
2701 1991 2929 2045 animas.
2957 1988 3151 2043 Patent
3172 1987 3290 2041 hanc
3315 1992 3508 2039 cuncta
3528 1982 3681 2054 juxta

2087 2088 2321 2144 litteram
2372 2087 2438 2142 de
2487 2086 2792 2142 meretricis
2840 2082 3116 2153 operibus.
3171 2068 3373 2134 verum
3432 2074 3681 2132 doctrina

2087 2179 2343 2237 haeretica
2394 2192 2773 2250 quemcunque
2817 2176 3093 2231 incautum
3139 2173 3360 2242 reperit,
3403 2180 3458 2227 et
3485 2186 3650 2227 vecor

2087 2270 2230 2337 dem,
2260 2271 2404 2325 hunc
2433 2270 2681 2339 decipere
2744 2273 2937 2331 tentat,
2968 2264 3083 2334 ipsa
3113 2263 3315 2317 etenim
3342 2269 3534 2316 ornatu
3568 2276 3656 2315 me

2087 2360 2306 2417 retricio
2364 2368 2628 2431 apparet,
2696 2358 2821 2429 quia
2883 2354 3157 2411 immunda
3225 2352 3508 2423 praefulget
3568 2351 3654 2405 elo

2088 2451 2326 2522 quentia.
2367 2450 2676 2521 Przeparata
2728 2457 2812 2503 est
2857 2446 2923 2502 ad
2953 2445 3247 2516 capiendas
3275 2444 3506 2507 animas,
3552 2441 3681 2511 quia

2088 2557 2439 2612 quoscunque
2491 2540 2595 2596 sibi
2655 2538 2926 2594 associare
2984 2541 3163 2606 potest
3221 2532 3450 2603 spiritali
3504 2544 3681 2587 morte

2088 2633 2329 2705 perimit.

2160 2723 2389 2779 Garrula
2419 2733 2466 2779 et
2506 2740 2661 2793 vaga,
2683 2721 2869 2792 quietis
2893 2719 3188 2789 impatiens.
3227 2716 3471 2784 Quietem
3496 2712 3683 2769 Eccle-

2091 2817 2185 2872 sia:
2209 2816 2426 2871 turbare
2460 2814 2797 2869 desiderans.

2162 2908 2275 2963 Nec
2303 2908 2475 2962 valens
2513 2909 2567 2960 in
2596 2906 2751 2958 domo
2781 2906 3061 2979 consistere
3085 2900 3322 2973 pedibus.
3358 2898 3506 2953 {Valla
3532 2898 3679 2953 enim

2091 3010 2174 3057 est
2200 2999 2426 3055 haeresis
2458 3012 2578 3067 quae
2611 2996 2805 3066 primis
2853 2997 2927 3049 sit
2971 3001 3226 3048 contenta
3274 2988 3572 3060 discipulis.
3614 2987 3682 3042 lli

2093 3098 2219 3147 sunt
2246 3089 2388 3145 enim
2410 3087 2602 3143 domus
2632 3083 2767 3154 ejus,
2802 3083 2898 3139 sed
2931 3098 3143 3153 semper
3172 3095 3343 3136 novos
3368 3093 3503 3150 quos
3536 3072 3682 3133 deci-

409 3165 514 3253 est,
546 3165 844 3242 Ecclesiam
880 3186 994 3241 sive
1024 3186 1262 3242 animam
1305 3165 1587 3258 quamque
1620 3184 1833 3242 fidelem
1873 3201 1993 3242 cor-
2021 3165 2065 3229 Ο
2099 3183 2206 3254 piat
2233 3181 2445 3253 quaerit.

415 3290 670 3348 rumpere
697 3279 997 3350 praesumit.
1018 3304 1035 3339 ρ

1005 3367 1383 3441 ΟΑΡΗΤΝΠ.

488 3459 597 3516 Fili
623 3462 714 3527 mi,
739 3462 942 3516 custodi
973 3478 1234 3516 sermones
1261 3479 1424 3528 meos,
1453 3471 1555 3519 etc.
1580 3462 1649 3518 Et
1670 3463 1789 3518 hzec
1813 3462 1994 3532 perio-

409 3553 516 3609 cha
542 3554 730 3608 eadem
753 3568 873 3621 qua?
898 3553 1147 3623 superior
1174 3555 1274 3609 sub
1299 3555 1600 3611 meretricis
1624 3569 1854 3626 persona
1882 3555 1995 3624 ple-

412 3643 537 3699 nius
561 3642 810 3714 explicat.

484 3733 557 3788 Et
578 3732 740 3803 legem
760 3749 953 3799 meam,
974 3734 1125 3804 quasi
1142 3732 1399 3804 pupillam
1421 3733 1558 3788 oculi
1577 3737 1673 3789 tui.
1688 3733 1822 3788 Tam
1849 3733 1995 3789 solli-

411 3825 523 3882 cite
549 3840 728 3891 serva,
764 3840 885 3896 qua:
912 3826 1096 3892 doceo,
1127 3825 1283 3896 quasi
1321 3824 1396 3880 nil
1424 3834 1574 3881 recte
1599 3826 1717 3882 sine
1740 3826 1824 3882 his
1846 3825 1994 3895 aspi-

415 3931 539 3973 cere
564 3915 767 3972 valeas.

484 4008 616 4080 Liga
662 4025 778 4063 eam
817 4008 871 4063 in
910 4000 1090 4079 digitis
1132 4009 1253 4063 tuis.
1298 4008 1480 4065 Scribe
1517 4008 1664 4064 illaut
1710 4009 1765 4064 in
1804 4007 1997 4063 tabulis

414 4099 589 4156 cordis
646 4100 743 4155 tui.
789 4099 846 4155 In
892 4101 1097 4172 digitis,
1146 4101 1197 4155 in
1244 4101 1453 4157 actibus
1501 4101 1651 4157 dicit.
1703 4101 1762 4156 In
1804 4100 1998 4157 tabulis

415 4192 617 4257 cordis,
659 4190 712 4246 in
762 4190 1044 4245 latitudine
1098 4172 1462 4262 c‘ogitationis,
1513 4192 1742 4263 denique
1792 4200 1846 4248 et
1892 4193 1997 4249 alia

415 4282 700 4337 translatio
734 4281 815 4336 sic
845 4281 1010 4337 dicit:
1046 4281 1292 4336 Describe
1325 4298 1439 4336 eam
1478 4282 1535 4336 in
1570 4282 1847 4339 latitudine
1882 4299 1999 4337 cor-

416 4372 499 4427 dis
532 4373 628 4425 tui.
1981 4440 1984 4441 ί

489 4462 589 4517 Dic
612 4464 904 4536 sapientite,
920 4479 1071 4518 soror
1086 4480 1199 4518 mea
1220 4480 1296 4530 es,
1311 4474 1358 4519 et
1378 4464 1710 4535 prudentiam
1723 4463 1998 4537 vocaZami-

420 4568 535 4606 eam
567 4561 746 4619 tuam,
779 4562 839 4606 ut
877 4551 1137 4607 custodiat
1176 4564 1225 4607 te
1255 4572 1287 4607 a
1315 4555 1532 4608 muliere
1552 4542 1821 4621 extranea,
1856 4564 1904 4609 et
1934 4555 1998 4609 ab

419 4645 593 4700 aliena
621 4662 738 4717 qua:
767 4644 919 4700 verba
946 4659 1043 4700 sua
1068 4645 1245 4701 dulcia
1267 4640 1414 4716 facit.
1454 4645 1784 4716 Sapientiam
1808 4647 1997 4703 Eccle-

419 4738 654 4794 siasticte
690 4737 949 4795 doctrinae
986 4738 1195 4794 sororia
1234 4738 1328 4794 tibi
1381 4737 1669 4795 dilectione
1709 4737 1996 4809 coniunge,

418 4837 481 4884 ut
504 4830 622 4885 haec
650 4837 702 4885 te
731 4844 763 4884 a
788 4829 1086 4900 pollutione
1113 4838 1294 4884 servet
1319 4829 1597 4895 haeretica,
1627 4843 1749 4900 quae
1776 4845 1806 4884 a
1834 4829 2001 4884 casti-

420 4927 534 4975 tate
556 4919 815 4977 Ecclesia:
839 4921 1098 4991 probatur
1124 4927 1405 4974 extranea.

490 5009 572 5068 De
611 5011 841 5082 fenestra
879 5012 1018 5067 enim
1057 5009 1244 5065 domus
1285 5025 1413 5064 mea:
1453 5026 1546 5079 per
1579 5007 1837 5066 cancellos
1876 5026 2001 5081 pro-

422 5105 591 5177 spexi,
623 5114 672 5159 et
703 5102 850 5159 video
887 5101 1152 5172 parvulos.
1198 5099 1355 5155 Patet
1388 5097 1546 5169 juxta
1584 5100 1847 5167 litteram,
1875 5101 2003 5172 quia

418 5196 755 5268 sapientium
811 5201 1064 5266 aspectus
1115 5194 1495 5266 magistrorum
1561 5202 1615 5248 et
1662 5192 2004 5250 inﬁrmorum

425 5293 579 5343 actus
613 5284 798 5343 sedulo
834 5285 1145 5356 speculatur
1183 5292 1238 5341 et
1278 5283 1520 5340 fortium.
1564 5283 1634 5357 At
1677 5294 1880 5341 (eterna
1909 5284 2006 5341 Dei

427 5376 692 5448 sapientia
730 5378 798 5434 de
826 5377 966 5434 caelo
1006 5375 1269 5448 prOSpicit
1293 5417 1308 5444 ,
1356 5388 1412 5433 et
1444 5376 1592 5432 videt
1634 5392 1824 5433 omnes
1867 5376 2006 5433 ﬁlios

430 5470 727 5526 hominum.
757 5469 895 5542 Apte
929 5479 1109 5527 autem
1131 5466 1385 5525 Salomon
1427 5470 1493 5524 de
1526 5466 1772 5526 fenestra
1816 5471 2008 5526 domus

430 5576 542 5617 sua:
560 5576 621 5617 se
641 5577 737 5633 per
759 5562 1027 5618 cancellos
1046 5561 1390 5632 prospexisse
1408 5561 1557 5629 dicit,
1585 5561 2007 5633 utparvulorum

432 5662 581 5725 gesta
626 5652 963 5724 dijudicaret.
1008 5652 1112 5721 Qui
1154 5646 1297 5707 enim
1352 5651 1420 5708 de
1452 5651 1689 5709 fenestra
1735 5668 1832 5724 per
1879 5668 2001 5709 can-

434 5742 598 5802 cellos
623 5744 905 5818 prospicit,
943 5744 1058 5815 ipse
1086 5740 1302 5816 quidem
1332 5758 1396 5800 ea
1426 5757 1547 5813 qua:
1585 5742 1717 5801 loris
1753 5753 2005 5817 aguntur,

1236 5985 1263 6005 ς

2169 3275 2333 3329 Nunc
2379 3273 2532 3343 foris,
2582 3278 2718 3325 nunc
2764 3268 2821 3321 in
2847 3266 3055 3338 plateis,
3096 3281 3231 3319 nunc
3267 3265 3429 3336 juxta
3464 3259 3683 3332 angulos

2095 3366 2378 3423 insidians.
2412 3361 2592 3428 Foris,
2626 3375 2747 3415 cum
2771 3372 3009 3430 paganos
3033 3356 3205 3427 rapit;
3234 3357 3289 3409 in
3322 3355 3526 3431 plateis,
3559 3369 3684 3410 cum

2102 3458 2455 3528 voluptuosos
2476 3469 2490 3519 ;
2513 3453 2673 3523 juxta
2696 3450 2937 3521 angulos,
2961 3444 3083 3503 cum
3111 3447 3245 3503 alios
3272 3432 3575 3502 bmrétiCos.

2166 3548 2656 3620 Apprehensumque
2696 3540 3038 3621 .deosculatur
3084 3540 3681 3621 juvenem._Verl;0rum

2098 3636 2397 3693 fallentium
2424 3631 2805 3689 blandimentis
2828 3636 3006 3685 tentat
3032 3628 3358 3683 instabilem.

2167 3727 2236 3782 Et
2276 3726 2484 3799 procaci
2518 3723 2663 3778 uultu
2693 3721 2963 3775 blanditur
3004 3719 3181 3774 dicens
3227 3731 3246 3771 :
3302 3717 3550 3772 Victimas
3584 3732 3680 3787 pro

2098 3819 2268 3876 salute
2295 3816 2474 3882 debui,
2506 3813 2660 3869 hodie
2695 3810 2901 3866 reddidi
2939 3820 3056 3866 vota
3083 3826 3217 3866 mea.
3244 3806 3406 3864 ‘Juxta
3446 3806 3681 3863 litteram

2100 3919 2249 3986 patet
2278 3909 2600 3971 intellectus,
2648 3907 2769 3976 quia
2827 3905 3085 3959 meretrix
3115 3902 3420 3957 convivium
3470 3914 3685 3970 semper

2098 4001 2445 4074 magniﬁcum
2475 3998 2558 4072 [se
2596 3994 3062 4069 permagnilicum]
3088 4007 3424 4065 praeparasse
3461 3990 3684 4045 fatetur.

2098 4096 2170 4150 At
2205 4093 2443 4149 haeretici
2474 4092 2526 4145 in
2556 4089 2765 4146 cunctis
2789 4102 2909 4158 qua}
2943 4094 3130 4158 agunt,
3159 4084 3434 4139 victimam
3482 4097 3541 4137 se
3570 4096 3682 4137 sua:

2100 4185 2292 4244 salutis
2343 4186 2451 4240 Deo
2474 4180 2765 4236 «immolare
2818 4178 2901 4233 vel
2938 4183 3221 4232 autumant
3271 4174 3353 4231 vel
3411 4172 3683 4228 autumari

2100 4278 2339 4351 gestiunt
2370 4295 2382 4330 :
2420 4290 2544 4330 nam
2572 4281 2627 4329 et
2656 4272 2915 4327 Dominus
2944 4270 3010 4324 ad
3033 4266 3322 4338 discipulos
3347 4280 3361 4319 :
3400 4265 3506 4321 Sed
3533 4264 3687 4328 venit,

2102 4369 2300 4440 inquit,
2324 4368 2472 4431 hora,
2507 4373 2564 4419 ut
2594 4364 2761 4419 omnis
2791 4360 2880 4434 qui
2910 4352 3230 4438 interﬁccrit
3270 4374 3378 4423 vos,
3405 4355 3694 4409 arbitretur

2104 4485 2160 4523 se
2192 4466 2491 4537 obsequium
2512 4471 2764 4534 pra'stare
2787 4442 2899 4512 Deo
2921 4456 3101 4530 (Joan.
3128 4454 3277 4526 xvr).
3448 4456 3457 4463 '
3676 4458 3681 4461 '

2174 4560 2385 4614 Inlexui
2404 4543 2614 4626 funibus
2638 4556 2827 4609 lectum
2855 4569 3047 4615 meum,
3069 4548 3228 4604 stravi
3255 4546 3513 4618 tapetibus
3540 4539 3690 4615 pictis

2102 4669 2167 4708 ea:
2212 4651 2466 4721 Afgypto.
2527 4644 2715 4702 Solent
2767 4644 2889 4699 lecti
2935 4643 3027 4712 qui
3083 4628 3403 4695 ex'funihus
3433 4634 3516 4689 vel
3538 4633 3693 4701 juxta

2104 4744 2266 4799 aliam
2335 4737 2744 4795 translationem
2796 4732 2998 4789 institis
3062 4729 3378 4785 intexuntur
3441 4724 3693 4779 meliores

2102 4836 2244 4901 ﬁeri,
2276 4846 2438 4904 quam
2467 4830 2559 4900 qui
2602 4843 2668 4883 ex
2714 4826 2856 4897 ligno
2885 4823 2971 4879 vel
3005 4817 3155 4878 corio
3203 4819 3289 4874 vel
3320 4814 3559 4888 qualibet
3588 4813 3693 4868 alia

2104 4926 2333 4983 materia
2378 4913 2739 4979 instruuntur.
2780 4916 2837 4972 In
2870 4916 3009 4970 lecto
3056 4927 3184 4983 ergo
3223 4908 3441 4964 funibus
3487 4907 3696 4961 intexto

2107 5017 2370 5075 meretrix
2391 5013 2670 5071 mollitiem
2708 5006 3023 5081 quiescendi
3053 5004 3313 5074 designat.
3338 4999 3393 5054 In
3425 4998 3695 5068 tapetibus

2105 5123 2240 5164 vero
2261 5106 2417 5178 pictis
2438 5118 2505 5159 ex
2535 5102 2792 5174 Egypto,
2817 5099 2982 5154 etiam
3013 5091 3289 5150 oculorum
3313 5098 3483 5145 tentat
3507 5087 3692 5142 illece-

2109 5203 2256 5265 bras,
2308 5198 2505 5268 quibus
2538 5178 2790 5249 bnefando
2838 5198 3058 5259 aspectu
3113 5182 3337 5241 irretitis
3390 5180 3601 5236 facilius
3625 5177 3693 5233 ad

2107 5291 2412 5349 seduccntla
2436 5286 2635 5344 mentis
2657 5273 2855 5340 arcana
2882 5288 3151 5352 penetret,
3168 5278 3292 5348 quia
3320 5290 3451 5330 vero
3478 5273 3695 5328 nomine

2112 5381 2321 5437 funium
2370 5377 2662 5450 aliquando
2709 5373 2883 5430 solent
2920 5370 3103 5427 divina
3152 5374 3420 5440 praecepta
3451 5363 3693 5435 ligurari,

2111 5460 2232 5543 quae
2258 5487 2288 5526 a
2326 5470 2528 5525 nostris
2556 5482 2654 5524 nos
2703 5463 3067 5535 voluptatibus
3101 5460 3400 5518 coercendo
3443 5457 3692 5528 religant,

2110 5561 2433 5634 promittunt
2457 5574 2517 5614 se
2545 5556 2784 5613 haeretici
2809 5563 3063 5612 contextu
3083 5553 3373 5609 verborum
3391 5548 3695 5605 ctelcstium

2112 5650 2329 5708 salubre
2375 5650 2489 5705 suis
2537 5645 2876 5703 auditoribus
2923 5645 3076 5717 quasi
3123 5654 3354 5700 stratum
3393 5655 3610 5713 parare,
3642 5639 3697 5692 in

2112 5761 2220 5816 quo
2262 5761 2293 5803 a
2333 5743 2588 5802 vitiorum
2622 5740 2940 5799 tumultibus
2969 5739 3140 5798 libero
3185 5738 3348 5796 corde
3394 5735 3696 5807 quiescant,

2661 5837 2687 5852 ξ
