4100 6324
454 318 559 374 707

1068 313 1131 369 Β.
1170 310 1424 369 RABANI
1458 309 1675 367 MAURI
1708 307 2025 364 ARCHIEP.
2068 305 2377 367 MOGUNT.
2416 308 2699 367 OPERL'M
2736 308 2915 365 PARS
2948 309 3032 365 III.

3582 313 3686 370 708

447 429 545 487 sed
584 434 851 486 veraciter
885 428 991 483 illis
1033 423 1252 481 funibus
1301 432 1646 495 peccatorum
1696 425 2015 476 construunt
2042 421 2090 480 Α
2117 421 2409 493 discipulos
2455 422 2615 479 simul
2657 430 2712 478 et
2759 424 2944 479 turbas
2984 423 3188 488 docuit,
3219 421 3312 478 sed
3354 430 3405 479 et
3443 439 3541 494 per
3571 426 3689 481 vias

445 516 622 574 locum
670 515 1006 586 perditionis,
1058 515 1149 569 ubi
1206 522 1465 584 perpetuo
1507 512 1671 582 pedes
1723 524 2017 579 manusque

444 605 642 674 alligati
684 604 1024 658 damnentur.
1048 602 1123 657 De
1148 618 1256 673 quo
1294 603 1549 657 Dominus
1575 602 1630 656 in
1646 600 1973 683 .Apocalypsi
1999 618 2012 652 :

447 696 517 750 Et
539 695 677 760 dedi,
713 694 908 764 inquit,
938 692 1016 746 illi
1037 704 1234 763 tempus
1258 702 1311 747 ut
1353 692 1702 763 paenitentiam
1721 685 1942 761 'ugeret,
1967 700 2015 744 et

445 803 548 842 non
570 785 678 841 vult
707 785 949 857 poenitere
984 801 1016 838 a
1044 784 1387 853 fornicatione
1412 800 1510 837 sua
1536 799 1557 837 :
1583 798 1698 837 ecce
1733 782 1881 836 mitto
1900 798 2015 835 eam

443 878 498 932 in
525 877 711 932 lectum
739 884 787 931 et
817 876 905 946 qui
926 875 1246 929 merchantur
1291 890 1408 927 cum
1443 889 1504 927 ea
1540 872 1597 926 in
1626 870 2017 926 tribulationem

444 970 730 1025 maximam
777 966 960 1039 (Apoc.
1010 965 1092 1036 ιι).
1147 966 1203 1019 In
1257 965 1521 1034 tapetibus
1574 978 1705 1018 vero
1749 962 1910 1034 pictis
1945 974 2015 1018 es

444 1058 695 1130 Egypto,
732 1066 956 1113 ornatus
980 1054 1296 1124 eloquentiae
1321 1062 1375 1109 et
1400 1052 1695 1108 dialecticze
1729 1050 1861 1105 artis
1889 1064 2007 1106 ver-

443 1148 607 1212 sutia,
627 1161 745 1217 qua:
770 1145 839 1199 ab
867 1144 1096 1199 ethnicis
1114 1143 1372 1214 originem
1404 1142 1653 1212 sumpsit,
1673 1139 2010 1210 intelligitur,

441 1252 539 1308 per
563 1251 723 1307 quam
752 1249 907 1291 mens
928 1234 1179 1290 bieretica
1210 1248 1427 1288 sensum
1470 1232 1729 1287 doctrinae
1762 1229 2017 1299 pestilen-

443 1329 534 1392 tis,
557 1327 712 1399 quasi
744 1326 1002 1383 meretrix
1046 1326 1277 1399 thorun;
1291 1323 1547 1380 facinoris
1581 1338 1641 1378 se
1680 1322 1880 1378 texisse
1903 1319 2017 1392 glo-

448 1418 638 1474 riatur.

516 1509 721 1581 Aspersi
745 1508 913 1564 cubile
937 1523 1105 1564 meum
1135 1506 1345 1578 myrrha
1379 1513 1427 1559 et
1455 1502 1571 1558 aloe
1592 1512 1639 1558 et
1661 1504 2010 1558 cinnamomo.

448 1602 775 1657 Promittunt
800 1615 858 1655 se
879 1599 1012 1654 tales
1036 1598 1254 1653 odorem
1277 1594 1577 1652 caelestium
1611 1595 1810 1649 habere
1837 1593 2010 1646 virtu-

445 1701 577 1757 tum,
605 1691 797 1761 quibus
837 1705 933 1746 sua
972 1700 1296 1758 suorumque
1327 1686 1489 1742 corda
1519 1685 1667 1740 velut
1695 1682 1891 1739 cubilia
1926 1697 2011 1736 ve.

443 1790 604 1836 nusta
656 1786 964 1845 conserent,
1014 1794 1079 1833 ac
1124 1777 1304 1832 dicere
1349 1791 1507 1847 posse
1560 1790 1684 1843 cum
1730 1771 2010 1845 apostolis,
2044 1765 2089 1826 Β

2062 1932 2067 1937 ἢ
2116 1886 2216 1942 per
2240 1872 2491 1928 doctores
2527 1870 2802 1935 Ecclesiae,
2834 1870 2937 1941 ipsi
2956 1870 3098 1925 enim
3129 1879 3251 1925 sunt
3282 1870 3425 1926 fores
3452 1871 3688 1926 civitatis

442 1872 565 1942 quia
605 1869 799 1926 Christi
827 1870 989 1924 bonus
1017 1868 1148 1923 odor
1163 1883 1342 1922 sumus
1364 1866 1474 1922 Deo
1500 1864 1585 1938 (II
1622 1864 1744 1919 Cor.
1783 1866 1866 1935 tt).

527 1958 673 2027 Veni,
724 1960 1039 2015 inebriemur
1081 1958 1322 2013 uberibus
1373 1957 1535 2013 donec
1575 1956 1838 2012 illucescat
1879 1954 2010 2011 dies.

448 2051 716 2107 Doctrina:
731 2057 934 2107 sanctae
962 2049 1167 2122 poculis
1180 2064 1237 2105 se
1264 2049 1491 2105 invicem
1516 2048 1790 2104 satiandos
1805 2045 2018 2116 iactant

443 2140 707 2205 haeretici,
754 2148 810 2195 et
843 2140 1101 2195 virtutum
1144 2139 1318 2211 gratia
1372 2137 1795 2210 conjungendos,
1844 2138 2015 2193 donec

441 2246 628 2287 eorum
658 2238 806 2301 gesta
834 2228 922 2284 lux
953 2237 1210 2299 sequatur
1234 2238 1453 2285 aeterna.

514 2319 639 2374 Non
667 2328 741 2374 est
767 2319 902 2373 enim
929 2318 1007 2373 uir
1027 2319 1080 2372 in
1102 2318 1255 2372 domo
1274 2334 1388 2383 sua,
1416 2318 1541 2371 abiit
1575 2314 1877 2391 longissima
1909 2315 2012 2372 via.

439 2410 558 2468 Non
584 2422 685 2477 est,
716 2410 984 2481 inquiunt,
1014 2410 1261 2466 Christus
1295 2409 1648 2480 corporaliter
1673 2411 1727 2467 in
1754 2408 2011 2473 Ecclesia,

439 2519 668 2576 surgens
693 2505 836 2558 enim
865 2517 895 2556 a
919 2501 1145 2556 mortuis
1174 2501 1416 2556 ascendit
1435 2501 1488 2554 in
1529 2499 1725 2555 caelum
1752 2498 2015 2568 nobisque

440 2594 798 2650 ministerium
847 2590 1203 2664 gubernanda:
1250 2590 1507 2646 Ecclesia:
1566 2604 1696 2656 suae,
1742 2588 2011 2653 videlicet,

440 2685 654 2748 domus,
681 2683 916 2753 reliquit.

511 2771 794 2828 Sacculum
840 2771 1074 2842 pecunia:
1126 2786 1297 2825 secum
1351 2768 1489 2824 tulit.
1536 2767 1773 2824 Gloriam
1828 2783 2013 2823 resur-

441 2864 701 2921 rectionis
719 2871 775 2919 et
795 2862 1215 2918 immortalitatis
1256 2861 1418 2917 decus
1446 2874 1627 2915 secum
1663 2857 1876 2923 detulit,
1906 2872 2013 2926 quo

443 2955 585 3011 illius
609 2954 801 3025 patria:
820 2953 967 3008 cives
992 2951 1288 3008 laetiﬁcaret
1304 2966 1368 3005 ac
1392 2951 1607 3005 ditaret.

512 3047 582 3103 In
604 3048 690 3103 die
718 3046 884 3117 plena:
913 3045 1051 3100 luna:
1073 3061 1367 3100 rerersurus
1396 3051 1470 3097 est
1505 3043 1714 3096 domum
1748 3058 1919 3095 suam.
1952 3039 2011 3094 ln

2121 525 2262 580 saepe
2303 512 2389 585 bis
2414 512 2508 583 qui
2536 512 2928 569 conveniebant
2980 512 3328 582 praedicabat,
3370 523 3426 569 et
3474 529 3568 570 eos
3596 516 3687 585 qui

2119 617 2249 657 cura
2280 603 2588 671 indigebant
2612 603 2857 679 sanabat.
2881 603 2939 658 In
2962 604 3075 674 ipsa
3089 604 3252 658 etiam
3274 614 3428 674 porta
3455 606 3689 661 civitatis

2121 692 2277 746 Naim
2304 702 2575 748 mortuum
2612 694 2947 750 resuscitans
2976 694 3222 766 exemplo
3256 696 3498 752 miraculi
3527 697 3691 753 verba

2118 796 2239 851 quae
2265 781 2522 836 docuerat
2558 780 2991 861 commendabat,
3030 791 3086 838 et
3126 782 3256 852 quid
3282 784 3569 853 sequimini
3593 800 3690 841 eos

2121 872 2213 944 qui
2239 873 2292 926 in
2315 872 2511 927 abditis
2538 880 2729 927 contra
2754 887 2878 928 eum
2906 887 3033 928 suas
3052 881 3282 927 exerunt
3302 872 3545 944 linguas?

2192 962 2259 1018 In
2290 962 2414 1033 ipsis
2447 962 2646 1032 foribus
2670 961 2901 1033 loquitur
2926 963 3136 1017 dicens:
3165 962 3210 1017 0
3240 963 3337 1017 viri
3370 964 3440 1017 ad
3463 979 3548 1018 vos
3574 962 3686 1018 cla-

2117 1053 2244 1108 mito
2272 1063 2319 1106 et
2352 1069 2453 1107 vox
2478 1069 2590 1107 mea
2616 1052 2686 1106 ad
2711 1051 2850 1123 ﬁlios
2889 1052 3177 1108 hominum.
3197 1052 3278 1106 Ad
3299 1053 3446 1107 viros
3468 1052 3685 1119 clamat,

2118 1144 2171 1199 id
2197 1151 2299 1208 est,
2331 1143 2400 1197 ad
2429 1150 2677 1198 strenuos
2696 1142 2847 1197 verbi
2894 1142 3165 1197 auditores
3191 1143 3244 1196 in
3274 1150 3500 1212 utroque
3529 1156 3682 1199 sexu.

2118 1237 2253 1293 Nam
2281 1237 2371 1306 qui
2402 1236 2635 1300 feminae,
2667 1237 2721 1292 id
2738 1243 2840 1301 est,
2872 1233 3012 1290 ﬂuxa
3034 1243 3215 1290 mente
3239 1242 3384 1301 sunt,
3411 1235 3688 1307 sapientiae

2115 1328 2277 1384 verba
2300 1327 2579 1397 percipere
2604 1332 2893 1397 nequeunt.

2185 1419 2489 1489 Intelligite,
2518 1417 2743 1489 parvuli.
2768 1416 3035 1481 astutiam,
3057 1425 3105 1471 et
3125 1416 3421 1486 insipientes
3443 1418 3690 1472 animad-

2113 1512 2307 1566 vertite.
2334 1509 2673 1566 Manifestum
2697 1509 2763 1565 de
2787 1508 3033 1572 Domino,
3050 1509 3173 1587 qpia
3195 1517 3391 1564 etcum
3415 1518 3562 1565 esset
3575 1511 3688 1580 ipse

2116 1602 2168 1657 in
2196 1601 2394 1657 mundo
2423 1601 2567 1656 omni
2595 1600 2761 1667 aetati,
2791 1601 2943 1656 sexui
2979 1609 3035 1655 et
3062 1600 3353 1655 conditioni
3376 1600 3584 1656 locutus
3605 1609 3689 1657 est

2114 1691 2362 1756 verbum,
2411 1691 2518 1746 imo
2552 1691 2716 1745 etiam
2757 1689 3026 1745 clamabat
3068 1698 3219 1745 stans
3261 1690 3314 1744 in
3356 1690 3555 1760 templo
3584 1708 3595 1743 :
3624 1689 3687 1746 Si

2118 1784 2235 1853 quis
2276 1783 2403 1846 sitit,
2440 1781 2610 1835 veniat
2647 1779 2717 1834 ad
2750 1797 2829 1835 me
2854 1789 2900 1834 et
2930 1779 3067 1834 bibat
3101 1778 3283 1851 (Joan.
3313 1781 3442 1853 vn);
3466 1790 3521 1835 et
3546 1795 3689 1835 nunc

2117 1964 2272 2036 ejus;
2302 1963 2435 2019 viris
2470 1961 2629 2018 simul
2657 1976 2720 2017 ac
2742 1960 2957 2018 letniuis
2982 1962 3330 2031 sapientibus,
3356 1971 3412 2018 et
3434 1962 3691 2032 insipien-

2118 2057 2261 2112 tibus
2304 2055 2605 2127 grandaavis
2652 2054 2928 2125 praedicat,
2977 2063 3032 2107 et
3080 2052 3339 2123 parvulis,
3385 2062 3442 2107 at
3500 2060 3690 2107 contra

2118 2148 2363 2204 doctrina
2394 2146 2554 2201 fallax
2582 2145 2720 2201 clam
2736 2154 2790 2200 et
2811 2145 3060 2215 privatim
3083 2159 3217 2215 quos
3238 2144 3492 2199 seducere
3512 2142 3691 2197 valeat

2116 2240 2324 2311 qumrit.

2190 2330 2403 2396 Audite,
2429 2345 2675 2401 quoniam
2725 2326 2789 2383 de
2838 2326 2986 2382 rebus
3024 2328 3227 2396 magnis
3273 2327 3514 2379 locutura
3551 2341 3687 2379 sum.

2116 2420 2321 2492 Magnis
2369 2435 2563 2491 nempe
2594 2419 2976 2490 quia'regnum
3031 2417 3289 2472 ctelorum
3340 2423 3394 2470 et
3443 2414 3692 2485 promisit

2092 2520 2171 2567 ‘et
2207 2511 2353 2566 dedit
2406 2510 2674 2579 [idemque
2713 2517 2914 2564 sancta:
2962 2507 3244 2562 Trinitatis
3274 2505 3476 2571 docuit,
3532 2514 3691 2574 atque

2116 2600 2218 2656 alia
2248 2600 2529 2656 innumera
2572 2614 2691 2671 qua:
2743 2598 3020 2669 propheta:
3046 2597 3097 2653 ei
3134 2596 3399 2667 loquenda
3430 2595 3694 2664 relinque-

2114 2691 2264 2746 bant.

2187 2782 2255 2836 Et
2279 2782 2578 2852 aperientur
2604 2778 2744 2834 labia
2765 2794 2907 2844 mea,
2940 2788 2996 2831 ut
3027 2786 3166 2831 recta
3193 2774 3496 2847 praedicent.
3523 2772 3688 2829 Labia

2114 2874 2232 2945 ejus
2258 2879 2385 2927 sunt
2408 2873 2513 2926 duo
2540 2869 2888 2926 Testamenta
2925 2868 3181 2924 concordi
3209 2869 3275 2923 ad
3308 2868 3535 2922 invicem
3558 2868 3692 2922 veri-

2117 2963 2244 3018 tatis
2267 2963 2609 3018 attestatione
2625 2960 2930 3029 conjuncta,
2951 2975 3089 3029 qum,
3115 2958 3227 3030 ipsa
3252 2958 3307 3013 in
3336 2973 3501 3013 carne
3522 2973 3687 3028 appa-

2120 3065 2272 3111 renle
2302 3070 2399 3125 per
2425 3054 2597 3111 sancti
2631 3053 2865 3125 Spiritus
2890 3052 3110 3118 donum,
3143 3060 3268 3107 sunt
3296 3052 3360 3107 ad
3391 3051 3689 3131 praedican-

440 3146 681 3209 tcmpore
708 3151 815 3208 quo
849 3135 1142 3192 electorum
1194 3150 1412 3190 suorum
1449 3133 1688 3189 Ecclesia
1730 3148 2014 3189 numerum
2043 3126 2088 3189 C
2118 3148 2241 3203 dam
2266 3150 2494 3204 salutem
2517 3147 2825 3202 universum
2858 3154 3042 3216 apem
3073 3159 3169 3216 per
3200 3146 3409 3200 urbem,

441 3225 797 3297 compleverit
818 3232 1119 3279 revertetur
1144 3221 1505 3291 adjudicium.

509 3316 698 3373 Statim
727 3333 841 3371 eam
866 3316 1100 3386 sequitur
1119 3315 1271 3385 quasi
1316 3313 1405 3368 bos
1426 3313 1614 3368 ductus
1639 3312 1708 3366 ad
1730 3312 2009 3367 victimam.

438 3408 499 3464 Id
532 3416 632 3473 est,
671 3407 825 3477 quasi
853 3406 1049 3461 stultus
1080 3405 1325 3460 nesciens
1361 3404 1475 3473 ipse
1500 3403 1692 3459 ductus
1720 3403 1788 3458 ad
1829 3402 2014 3458 interi-

439 3509 573 3555 tum.

508 3590 577 3645 Et
624 3589 893 3661 fortissimi
930 3589 1120 3659 quique
1164 3586 1417 3655 interfecti
1446 3594 1565 3640 sunt
1590 3584 1653 3638 ab
1694 3602 1774 3639 ea.
1802 3583 1874 3640 Ut
1899 3583 2013 3655 ipse

433 3680 688 3737 Salomon
713 3678 1143 3749 sapientissimus
1169 3676 1429 3740 virorum,
1454 3684 1513 3729 ut
1553 3673 1780 3729 Samson
1827 3662 2013 3728 fortis-

436 3776 714 3839 simus,ut
743 3772 913 3826 David
960 3768 1449 3832 mansuetissimus,
1497 3782 1528 3821 a
1577 3765 1823 3820 muliebri
1866 3764 2013 3820 deci-

433 3866 581 3938 pula.
615 3864 684 3920 Ut
711 3862 971 3934 Origenes
997 3861 1065 3917 ab
1096 3860 1369 3923 haeretica,
1399 3874 1559 3929 quem
1587 3865 1711 3929 post
1736 3856 2008 3928 apostolos

430 3957 687 4014 Ecclesiae
713 3956 1031 4027 magistrum
1082 3953 1281 4020 fuisse,
1323 3952 1561 4025 quandiu
1611 3961 1758 4007 recte
1806 3949 2005 4020 sapuit,

430 4050 523 4123 qui
554 4050 847 4120 negaverit,
873 4054 1040 4103 errat.

516 4138 793 4210 Viwinfcri
818 4138 1003 4192 domus
1025 4138 1160 4208 ejus,
1188 4147 1512 4208 penetrantes
1533 4134 1783 4213 interiora
1803 4134 2005 4188 mortis.

435 4230 543 4286 Sed
564 4229 630 4285 de
651 4228 890 4284 Ecclesia
936 4227 1197 4284 Dominus
1222 4228 1297 4281 ait
1321 4244 1334 4279 :
1368 4225 1505 4290 Quia
1532 4236 1695 4296 ρον-ιω
1719 4223 1874 4292 inferi
1905 4240 2009 4277 non

429 4318 783 4390 prtevalebunt
839 4317 1084 4371 adversus
1138 4331 1252 4369 eam
1290 4313 1503 4385 (Matth.
1560 4311 1693 4381 1m).
1747 4310 2007 4365 Interiora

432 4415 613 4460 autem
653 4403 845 4458 mortis
902 4404 1166 4457 acerrima
1212 4402 1470 4473 gehennae
1530 4407 1820 4464 tormenta,
1851 4399 2004 4468 quasi

432 4494 670 4549 arctiora
692 4500 747 4548 et
765 4492 1079 4575 obscuriora
1110 4471 1261 4558 dicit,
1289 4490 1485 4561 quibus
1514 4489 1799 4544 haereticos
1823 4498 1880 4544 et
1900 4487 2007 4543 for-
2030 4471 2084 4532 Ῑ)

432 4587 668 4643 nicarios
696 4592 910 4642 constat
944 4599 1065 4641 esse
1118 4584 1460 4656 mergendos,
1509 4581 1648 4637 sicut
1699 4582 1764 4637 de
1809 4581 2009 4636 sanctis

434 4694 533 4750 pro
579 4677 809 4733 Domino
846 4677 901 4732 in
948 4678 1052 4732 hac
1096 4676 1204 4730 vita
1247 4675 1576 4746 patientibus
1602 4673 1800 4728 dicitur
1829 4690 1842 4726 :
1871 4672 2011 4739 Quia

428 4770 571 4823 misit
616 4775 703 4824 εδδ
755 4776 928 4823 custos
976 4767 1031 4821 in
1084 4768 1381 4821 interiorem
1420 4781 1676 4819 carcerem
1704 4764 1843 4836 (Act.
1874 4763 2007 4836 xvi),

426 4858 756 4918 atrociorem
788 4860 1056 4923 videlicet,
1085 4858 1362 4921 foediorem
1394 4868 1450 4913 et
1474 4858 1865 4914 obscuriorem.

1013 4949 1239 5005 CAPUT
1281 4948 1406 5004 VIII.

501 5042 756 5114 Nunquid
800 5059 903 5096 non
959 5041 1215 5112 sapientia
1256 5037 1491 5101 clamitat
1522 5047 1571 5093 et
1614 5037 1891 5108 prudentia
1913 5036 2006 5091 dat

426 5152 599 5191 uocem
640 5134 833 5188 suam?
879 5132 1131 5201 Nunquid
1175 5145 1281 5184 non
1329 5129 1586 5183 Dominus
1630 5128 1807 5199 palam
1859 5127 2005 5181 locu-

426 5234 516 5279 tus
553 5234 637 5279 est
682 5223 903 5289 mundo,
953 5231 1008 5278 et
1057 5223 1112 5277 in
1178 5219 1389 5276 occulto
1449 5219 1660 5274 locutus
1701 5227 1784 5273 est
1833 5217 2005 5273 nihil?

426 5317 611 5389 (Joan.
640 5321 818 5390 svnt.)
847 5317 984 5386 Quid
1010 5333 1160 5389 ergo,
1186 5317 1431 5389 neglecto
1455 5316 1574 5387 ejus
1596 5314 1911 5385 Evangelia,
1932 5314 2002 5370 ad

426 5409 658 5464 bzeresin
686 5409 864 5481 potius
889 5408 1221 5465 vellascivia:
1241 5409 1566 5473 suasionem,
1584 5424 1705 5478 qua:
1730 5407 1784 5462 in
1804 5406 2002 5481 angulo

423 5502 734 5566 susurrant,
761 5502 1079 5557 audiendam
1111 5501 1293 5557 miseri
1320 5500 1627 5556 conﬂuunt?

500 5590 567 5644 In
586 5592 803 5646 summis
830 5591 1145 5663 excelsisque
1173 5591 1445 5645 verticibus
1478 5608 1635 5662 super
1658 5592 1792 5647 ciam
1820 5593 1874 5647 in
1896 5607 2005 5648 me-

423 5681 528 5736 diis
575 5680 773 5738 sentitis
820 5692 967 5739 stans
1010 5681 1168 5752 juxta
1223 5689 1398 5752 portas
1446 5681 1687 5738 civitatis.
1727 5683 1782 5739 ln
1822 5693 2003 5742 monte

2189 3240 2417 3310 Accipite
2458 3238 2789 3308 disciplinam
2835 3251 3027 3299 meam,
3053 3243 3101 3289 et
3135 3251 3238 3289 non
3265 3234 3568 3305 pecuniam;
3597 3235 3694 3288 do-

2113 3330 2332 3385 ctrinam
2363 3328 2527 3400 magis
2555 3343 2711 3399 quam
2739 3342 2928 3381 aurum
2969 3325 3156 3395 eligite.
3196 3323 3317 3379 Non
3341 3325 3551 3394 potestis
3575 3322 3688 3379 Deo

2111 3422 2302 3477 servire
2327 3431 2373 3475 et
2394 3436 2704 3475 mammona:
2728 3418 2943 3490 (Matth.
2966 3417 3060 3488 vi).

2184 3511 2297 3583 Ego
2345 3512 2603 3582 sapientia
2644 3496 2821 3564 habito
2866 3509 2919 3562 in
2940 3508 3176 3571 consilio,
3217 3517 3264 3561 et
3284 3507 3500 3562 eruditis
3524 3507 3689 3562 inter-

2112 3620 2227 3659 sum
2267 3601 2685 3673 cogitationibus.
2736 3598 2835 3654 Ubi
2888 3601 2992 3654 duo
3033 3610 3080 3654 et
3122 3611 3225 3654 tres
3259 3600 3554 3672 congregati
3578 3600 3690 3670 fue-

2114 3694 2215 3748 rint
2248 3693 2301 3747 in
2341 3692 2547 3747 nomine
2593 3708 2724 3755 meo,
2770 3691 2842 3745 ibi
2890 3708 3006 3746 sum
3052 3707 3143 3762 ego
3194 3692 3250 3746 in
3289 3691 3460 3747 medio
3509 3706 3687 3747 eorum

2113 3782 2328 3854 (Matth.
2345 3781 2521 3852 xvtu).

2182 3872 2576 3944 Arrogantiam,
2608 3882 2655 3927 et
2690 3872 3005 3943 superbiam,
3039 3881 3088 3925 et
3117 3872 3253 3926 viam
3286 3887 3523 3941 prauam,
3554 3879 3605 3927 et
3631 3886 3688 3925 os

2112 3965 2341 4035 bilingue
2367 3964 2615 4018 detestor.
2660 3962 3042 4034 Arrogantiam
3097 3970 3153 4017 et
3199 3963 3507 4031 superbiam
3535 3962 3588 4016 in
3609 3961 3689 4017 eis

2110 4055 2202 4124 qui
2238 4070 2299 4109 se
2328 4053 2538 4108 caeteris
2576 4053 2826 4108 meliores
2862 4052 3153 4117 a-stimant,
3196 4052 3338 4107 viam
3385 4066 3605 4122 pravam
3632 4051 3688 4107 in

2110 4147 2189 4201 eis
2210 4145 2300 4215 qui
2329 4154 2514 4215 aperte
2541 4144 2681 4199 mala
2710 4144 2933 4210 faciunt,
2966 4154 3043 4199 Gs
3095 4143 3329 4214 bilingue
3361 4144 3416 4197 in
3441 4143 3565 4208 illis,
3593 4141 3688 4214 qui

2111 4237 2164 4292 in
2206 4236 2363 4292 bonis
2401 4251 2521 4307 quae
2570 4235 2864 4305 loquuntur
2910 4233 3100 4290 stabile
3146 4234 3421 4304 quippiam
3451 4249 3558 4290 non
3596 4233 3693 4287 ha-

2108 4327 2255 4390 bent,
2283 4326 2377 4381 sed
2422 4324 2575 4395 juxta
2618 4325 2923 4380 auditorum
2953 4323 3160 4379 libitum
3207 4338 3305 4379 sua
3330 4322 3495 4377 verba
3545 4337 3691 4378 com-

2108 4425 2337 4472 mutant.

2185 4507 2362 4563 Meum
2409 4518 2483 4563 est
2527 4507 2805 4563 consilium
2851 4517 2898 4562 et
2946 4507 3185 4578 (equitas,
3235 4522 3349 4560 mea
3387 4505 3687 4577 prudentia,

2112 4615 2226 4652 mea
2248 4608 2321 4653 est
2341 4597 2613 4668 fortitudo.
2633 4596 2747 4652 Non
2765 4612 2822 4653 se
2835 4597 3057 4651 extollat
3072 4596 3301 4651 humana
3317 4596 3681 4666 presumptio,

2114 4688 2503 4759 plenitudinem
2534 4688 2795 4742 virtutum
2843 4686 2955 4741 sola
3008 4685 3101 4741 Dei
3137 4684 3401 4756 sapientia
3429 4685 3684 4754 possidet,

2113 4789 2169 4835 et
2192 4780 2259 4834 ab
2284 4779 2385 4834 hac
2414 4780 2648 4835 humana
2673 4776 2961 4841 inﬁrmitas
2981 4775 3239 4847 quidquid
3269 4774 3483 4831 virtutis
3503 4773 3684 4840 habet,

2117 4868 2342 4935 accepit.

2183 4957 2290 5011 Per
2333 4973 2415 5029 me
2444 4972 2584 5028 reges
2606 4966 2821 5026 regnant
2841 4964 2889 5010 et
2909 4953 3200 5010 conditores
3228 4940 3397 5024 legum
3411 4952 3562 5023 justo
3590 4962 3684 5005 ae-

2110 5057 2345 5112 cernunt,
2372 5062 2466 5117 per
2491 5062 2572 5101 me
2588 5047 2845 5118 principes
2882 5046 3157 5117 imperant,
3180 5054 3226 5099 et
3257 5053 3483 5115 potentes
3508 5042 3684 5096 decer-

2112 5146 2239 5191 nunt
2254 5136 2541 5207 justitiam.
2586 5134 2761 5207 Reges
2789 5135 2918 5211 dicit
2942 5133 3226 5205 Apostolos
3251 5134 3366 5190 sive
3393 5132 3527 5187 alios
3552 5146 3681 5186 san-

2109 5238 2246 5293 ctos,
2278 5226 2455 5298 quiet
2502 5227 2710 5296 seipsos
2754 5226 3013 5297 primum,
3043 5235 3097 5281 et
3137 5225 3331 5281 deinde
3385 5223 3683 5279 Ecclesium

2107 5319 2208 5375 sibi
2228 5318 2497 5374 subditam
2528 5316 2662 5373 bene
2684 5331 2872 5389 regere
2890 5317 3086 5372 sciunt.
3118 5314 3319 5387 Legum
3351 5313 3682 5377 conditores,

2105 5412 2381 5467 auditores
2397 5410 2676 5479 utriusque
2694 5406 3046 5472 Testamenti,
3061 5415 3116 5461 et
3130 5414 3415 5476 sequentes
3428 5401 3682 5457 Ecclesia:

2104 5502 2415 5574 scriptores,
2455 5500 2727 5571 principes
2771 5507 2827 5554 et
2871 5505 3116 5567 potentes
3166 5505 3388 5552 caeteros
3442 5493 3679 5548 ﬁdelium

2103 5598 2464 5663 prmeeptores
2488 5604 2553 5643 ac
2585 5596 2825 5642 rectores
2852 5585 3101 5657 appellat,
3133 5584 3224 5653 qui
3265 5584 3449 5653 utique
3491 5597 3683 5636 omnes

2104 5701 2211 5743 non
2242 5684 2346 5742 nisi
2393 5698 2491 5756 per
2536 5681 2861 5757 sapientiam
2888 5688 2947 5739 ut
2975 5689 3156 5738 essent
3182 5678 3383 5752 aliquid
3433 5679 3632 5737 habent
3663 5691 3679 5732 :
