4100 6324
392 340 498 399 709

1172 332 1538 393 EXPOSITIO
1576 335 1643 391 lN
1681 335 2075 393 PROVERBIA
2116 337 2519 399 SALOMONIS.
2560 372 2633 384 —
2668 340 2795 396 LIB.
2834 339 2878 394 Ι.

3540 337 3645 393 ’ilO

391 456 484 512 Ait
501 454 669 519 enim,
688 455 814 525 quia
831 456 944 509 sine
962 470 1043 508 me
1071 453 1203 508 nihil
1225 455 1437 524 potestis
1458 454 1629 524 facere
1651 452 1832 517 (Joan.
1854 454 1969 526 xv).
2000 461 2047 519 Α
2076 456 2211 523 dies,
2235 459 2382 528 quia,
2405 467 2461 514 ut
2476 460 2733 530 propheta
2758 456 2857 521 ait,
2883 472 2915 509 a
2939 454 3193 525 principio
3213 470 3276 507 ea:
3298 453 3475 507 diebus
3497 438 3647 507 ater-
3722 434 3729 439 1

465 544 581 614 Ego
604 541 874 613 diligentes
916 559 998 596 me
1021 541 1208 613 diligo,
1251 556 1300 597 et
1323 543 1414 613 qui
1455 559 1611 596 mane
1657 542 1872 613 vigilant
1901 543 1969 597 ad

400 654 481 692 me
504 634 765 690 invenient
797 650 898 688 me.
943 633 1075 688 Tale
1101 641 1183 689 est
1218 643 1280 689 et
1314 634 1369 689 in
1398 634 1717 704 Evangelio:
1750 632 1854 699 Qui
1878 651 1971 688 au-

398 738 502 783 tem
543 726 716 797 diligit
743 742 846 790 me,
897 725 1145 795 diligetur
1167 742 1200 779 a
1226 723 1390 779 Patre
1423 740 1537 779 meo
1563 734 1609 779 et
1637 742 1728 795 ego
1757 726 1972 795 diligam

397 832 518 878 eum
560 825 609 869 et
650 814 996 884 manifestabo
1022 814 1070 867 ei
1113 829 1193 869 me
1233 815 1405 884 ipsum
1435 808 1617 885 (Joan.
1649 813 1781 882 xw).
1821 814 1975 869 Mane

403 907 598 977 quippe
637 903 858 975 vigilant
881 904 950 958 ad
985 904 1327 974 sapientiam,
1364 904 1455 973 qui
1482 918 1695 973 semper
1722 903 1975 958 innovate

402 999 598 1055 ruentis
626 997 802 1053 studio
829 997 896 1052 ad
933 995 1134 1051 Christi
1176 994 1439 1052 visionem
1472 994 1785 1065 pertingere
1831 1002 1976 1049 sata-

328 1136 335 1143 .
402 1097 552 1158 gunt.

472 1176 675 1233 Mecum
697 1184 818 1232 sunt
838 1173 1032 1231 divitia:
1050 1185 1097 1230 et
1119 1172 1307 1246 gloria,
1331 1190 1451 1246 opes
1472 1176 1704 1245 superba:
1731 1183 1779 1227 et
1814 1173 2016 1243 justi-0

399 1272 494 1325 tia.
530 1269 672 1340 Opes
711 1270 970 1339 superbas
998 1283 1129 1339 opes
1173 1256 1414 1324 excelsas
1445 1269 1593 1333 dicit,
1643 1275 1701 1322 nt
1734 1268 1976 1329 cmiestia

399 1360 537 1415 dona
558 1359 839 1431 signiticet,
856 1358 1041 1414 Gncce
1060 1358 1259 1413 etenim
1278 1359 1539 1428 superbus
1570 1356 1971 1427 Yperepbanos,

402 1451 456 1507 id
477 1458 577 1513 est,
603 1464 764 1519 super
790 1463 1053 1521 apparens
1080 1447 1296 1512 dicitur,
1320 1457 1373 1502 et
1392 1447 1512 1502 ideo
1530 1456 1686 1503 recte
1711 1447 1975 1517 sapientia

400 1558 529 1613 opes
559 1542 940 1613 Yperephanas
984 1556 1167 1596 secum
1201 1556 1322 1596 esse
1365 1539 1518 1607 dicit,
1551 1541 1677 1611 quia
1715 1540 1976 1611 quidquid

401 1633 664 1688 donorum
716 1631 930 1686 cmlitus
989 1630 1233 1686 fidelibus
1289 1631 1470 1696 datur,
1525 1632 1734 1686 cunctis
1789 1631 1975 1686 mundi

404 1724 599 1795 opibus
611 1722 959 1779 excellentius
977 1736 1095 1778 esse
1116 1723 1399 1792 probatur,
1417 1723 1561 1792 quod
1589 1722 1751 1777 etiam
1775 1723 1975 1778 adden-

2073 548 2252 603 nitatis
2276 550 2535 620 gaudebat
2554 565 2717 603 unum
2747 563 2856 601 esse
2876 562 2991 599 eum
3021 542 3179 598 Patre
3202 542 3386 614 (Mica.
3418 544 3491 611 v).
3518 542 3648 597 Erat

2072 639 2218 694 omni
2247 649 2491 711 tempore
2520 641 2709 696 ludens
2739 637 2792 693 in
2823 637 2951 693 orbe
2983 643 3268 699 terrarum,
3295 635 3421 705 quia
3450 642 3646 690 etcum

2073 736 2313 800 tempora
2342 732 2490 787 orbis
2516 747 2580 786 ac
2601 739 2864 785 creaturae
2882 743 3000 783 esse
3028 727 3339 796 coepissent,
3362 727 3476 796 ipse
3504 727 3648 797 quod

2074 828 2191 873 erat
2217 835 2339 875 cum
2370 830 2522 891 patre
2543 820 2686 875 filius
2712 818 2982 882 manebat,
3007 817 3121 872 haec
3145 817 3265 871 ideo
3293 831 3361 870 ne
3384 816 3505 885 quis
3524 832 3648 871 eum

2074 921 2196 961 cum
2224 910 2489 964 creaturis
2515 917 2569 964 et
2600 907 2932 976 temporibus
2957 905 3190 975 empisse
3222 904 3552 974 perhiberet.
3585 903 3649 957 Et

2074 997 2274 1053 delicia:
2294 1000 2408 1070 ejus
2429 1009 2549 1054 sunt
2583 1015 2694 1053 esse
2728 1015 2843 1053 cum
2879 997 3005 1067 ﬁliis
3038 996 3329 1059 hominum,
3352 995 3478 1065 quia
3506 995 3649 1050 desi-

2074 1088 2230 1144 derat
2260 1090 2313 1145 in
2345 1105 2532 1145 eorum
2562 1104 2746 1144 amore
2775 1088 3073 1158 quiescere,
3112 1102 3212 1141 nos
3238 1086 3501 1141 bonorum
3525 1099 3648 1155 gra-

2076 1180 2148 1233 tia
2176 1180 2490 1234 meritorum
2522 1180 2591 1235 ad
2615 1194 2674 1234 se
2701 1178 2986 1233 videndum
3011 1176 3323 1246 perducere.

2145 1268 2343 1323 Beatus
2361 1270 2513 1323 homo
2534 1269 2623 1340 qui
2648 1269 2794 1322 audit
2815 1283 2919 1331 me,
2946 1267 3035 1336 qui
3058 1264 3234 1335 vigilat
3262 1262 3331 1317 ad
3347 1263 3485 1331 fores
3506 1279 3649 1316 meas

2072 1359 2323 1430 quotidie,
2369 1368 2417 1412 et
2471 1358 2703 1413 observat
2730 1357 2800 1411 ad
2826 1367 2995 1428 postes
3020 1356 3137 1409 ostii
3179 1355 3301 1407 mei.
3330 1353 3497 1408 Fores
3524 1368 3652 1408 suas

2076 1460 2132 1505 et
2176 1457 2361 1519 postes
2413 1448 2536 1503 ostii
2591 1448 2673 1503 sui
2720 1446 3031 1517 Scripturas
3081 1452 3315 1507 sanctas,
3361 1450 3416 1497 et
3464 1457 3650 1496 eorum

2077 1540 2324 1595 doctores
2343 1546 2641 1608 nuncupat,
2664 1537 2780 1591 sine
2821 1534 3016 1605 quibus
3051 1533 3119 1588 ad
3141 1532 3306 1586 vitam
3357 1547 3516 1601 quam
3542 1531 3655 1602 pol-

2078 1630 2275 1688 licetur
2299 1645 2406 1687 non
2435 1630 2681 1684 valemus
2715 1628 2940 1698 ingredi.

2676 1717 2903 1774 CAPUT
2956 1716 3052 1772 IX.

403 1818 473 1872 do
488 1816 753 1887 justitiam
783 1813 1118 1870 manifestius
1148 1811 1291 1869 incul
1324 1823 1397 1868 at.
1423 1813 1557 1868 Nam
1578 1822 1822 1869 terrenas
1846 1827 1977 1883 opes
2009 1804 2052 1867 Β
2150 1812 2416 1885 Sapientia
2445 1808 2719 1880 a’diﬁcavit
2754 1798 2852 1864 sibi
2895 1808 3127 1867 domum.
3154 1807 3292 1874 Quia
3331 1805 3398 1862 de
3440 1804 3657 1861 aeterni-

406 1915 463 1963 et
490 1906 716 1977 gloriam
748 1906 942 1975 saepius
977 1906 1175 1961 habent
1223 1905 1429 1976 injusti,
1480 1921 1573 1959 nos
1605 1914 1777 1959 autem
1814 1905 1869 1958 in
1899 1921 1981 1958 re-

405 1994 754 2059 surrectione,
783 1994 922 2049 sicut
950 1992 1141 2048 Petrus
1191 1992 1289 2057 ait,
1339 2010 1496 2048 novos
1531 1992 1683 2048 (αξιοι
1712 2003 1759 2047 et
1801 2009 1983 2047 nouam

407 2095 603 2139 terram
632 2094 681 2138 et
721 2084 975 2155 promissa
1005 2085 1167 2154 ipsius
1192 2096 1549 2156 exspectamus
1579 2083 1664 2157 (II
1695 2082 1844 2141 Petr.
1876 2083 1983 2154 tu),

412 2172 466 2226 in
498 2173 694 2241 quibus
713 2171 922 2241 justitia
944 2173 1173 2227 habitat.
1878 2222 1883 2228 ί

478 2258 732 2314 Dominus
761 2261 988 2331 possedit
1015 2278 1096 2316 me
1120 2263 1328 2317 initium
1368 2263 1569 2318 viarum
1606 2280 1846 2318 suarum.
1871 2261 1984 2318 Vite

398 2347 625 2403 Domini
667 2357 791 2404 sunt
834 2364 999 2420 opera
1028 2349 1163 2418 ejus,
1208 2367 1435 2421 quorum
1463 2351 1893 2408 consideratione
1918 2352 1986 2408 ad

412 2438 573 2493 ﬁdem
605 2438 685 2494 vel
728 2440 1058 2516 agqitioncm
1092 2443 1337 2511 pervenit
1375 2443 1673 2509 hominum,
1703 2442 1984 2499 invisibilia

407 2531 545 2583 enim
589 2529 754 2599 ipsius
783 2548 816 2583 a
836 2542 1079 2585 creatura
1112 2533 1293 2587 mundi
1319 2550 1412 2603 per
1436 2551 1498 2587 ea
1540 2551 1654 2605 qua:
1688 2534 1830 2604 facta
1864 2541 1985 2588 sunt

408 2618 666 2674 intellecta
689 2621 1078 2692 conspiciuntur
1109 2621 1285 2694 (Rom.
1320 2624 1380 2695 ι).
1424 2623 1536 2699 Via:
1562 2624 1678 2694 ejus
1703 2635 1831 2681 sunt
1856 2626 1984 2696 ipsa!

409 2707 845 2774 illuminationes,
896 2726 994 2779 per
1032 2726 1166 2781 quas
1214 2726 1274 2766 se
1304 2721 1359 2767 et
1410 2713 1667 2784 angelicis
1708 2714 1985 2784 spiritibus

409 2807 466 2851 et
484 2799 756 2854 mentibus
782 2800 1018 2855 ostendit
1042 2801 1312 2867 humanis,
1343 2802 1394 2856 in
1436 2817 1663 2872 quarum
1694 2803 1846 2859 initio
1873 2807 1983 2859 via-

406 2904 530 2944 rum
556 2892 871 2961 sapientiam
899 2894 1158 2962 possedit,
1176 2894 1299 2963 quia
1328 2896 1381 2949 in
1404 2896 1700 2965 primordio
1723 2906 1985 2954 creatum

412 2984 687 3039 nascentis
716 2984 900 3050 lilium,
933 2986 1023 3055 qui
1048 3001 1169 3045 cum
1196 3002 1262 3041 co
1297 2996 1489 3043 cuncta
1530 2988 1839 3059 disponeret
1885 2991 1984 3045 ha-

414 3073 549 3128 buit.
574 3072 681 3130 Sed
729 3091 797 3130 ne
827 3083 1041 3146 putaret
1076 3076 1269 3148 aliquis
1300 3079 1491 3134 harum
1513 3078 1569 3133 in
1598 3079 1752 3134 initio
1777 3079 1984 3135 viarum

2087 1913 2199 1959 tate
2223 1903 2520 1959 divinitatis
2570 1901 2772 1957 Christi
2817 1897 3144 1954 sufﬁcienter
3167 1899 3399 1964 dixerat,
3427 1897 3575 1952 addit
3606 1903 3661 1949 et

2086 1995 2152 2050 de
2199 2001 2474 2064 assumpta
2521 1991 2856 2047 humanitate
2912 1987 3112 2044 dicere.
3176 1986 3452 2081 sapientia
3497 1986 3662 2057 igitur

2083 2084 2370 2139 aediﬁcavit
2416 2082 2518 2137 sibi
2554 2080 2792 2145 domum,
2825 2079 2952 2150 quia
3004 2075 3279 2133 homine'm
3324 2075 3492 2131 Filius
3537 2075 3655 2140 Dei,

2082 2187 2245 2243 quem
2311 2172 2366 2226 in
2428 2170 2635 2226 unitate
2699 2183 2809 2225 suae
2870 2181 3117 2238 persona:
3190 2168 3490 2237 susciperet
3549 2166 3663 2236 ipse

2085 2264 2306 2320 creavit.
2478 2316 2491 2328 ,

2158 2354 2368 2409 Επὶάίι
2413 2352 2682 2408 columnas
2742 2360 2951 2421 septem.
3014 2348 3284 2405 Eeclesias
3329 2363 3428 2420 per
3474 2347 3660 2403 orbem

2085 2447 2388 2519 septiformi
2418 2447 2591 2516 gratia
2621 2443 2858 2515 Spiritus
2901 2442 3250 2527 erexitunm
3278 2442 3495 2496 domum
3519 2439 3657 2509 ejus,

2086 2543 2137 2597 id
2166 2551 2270 2607 est,
2315 2539 2631 2612 mysterium
2666 2534 3053 2592 incarnationis
3078 2532 3214 2600 ejus,
3247 2548 3314 2588 ne
3336 2530 3664 2604 perﬁdorum

2089 2629 2434 2702 inprobitate
2462 2627 2721 2683 memoria
2771 2625 3069 2690 tolleretur,
3123 2623 3411 2687 credendo,
3441 2621 3666 2677 colendo

2085 2735 2139 2779 et
2178 2722 2540 2795 praedicando,
2591 2720 2751 2791 quasi
2801 2718 3154 2774 sustentando
3177 2718 3534 2781 continerent,
3579 2713 3666 2770 vel

2085 2823 2233 2869 certe
2260 2812 2538 2882 sapientia:
2580 2809 2773 2865 domus
2820 2806 3061 2863 Ecclesia
3091 2804 3292 2860 Christi
3325 2812 3427 2870 est,
3458 2803 3665 2859 colum-

2086 2920 2172 2960 nae
2219 2911 2401 2958 autem
2432 2902 2683 2957 doctores
2711 2906 2915 2954 sanctae
2939 2896 3195 2952 Ecclesia:
3224 2893 3521 2966 septiformi
3548 2892 3669 2964 Spi-

2085 2996 2191 3050 ritu
2220 2994 2385 3065 pleni,
2426 2992 2613 3064 quales
2642 2987 2794 3046 fuere
2835 2987 3021 3050 Jacob,
3055 2987 3268 3058 Cephas
3309 2993 3364 3041 et
3408 2984 3663 3049 Joannes,

2087 3100 2224 3155 quas
2265 3083 2521 3138 nimirum
2556 3081 2835 3136 columnas
2885 3078 3149 3150 sapientia
3201 3077 3420 3141 excidit,
3446 3076 3668 3146 quia‘ab

412 3164 499 3220 vel
520 3164 806 3236 aliquando
835 3176 960 3223 ante
988 3176 1225 3240 tempora
1249 3170 1417 3225 lilium
1441 3185 1561 3226 esse
1587 3172 1819 3243 cuspisse
1840 3172 1975 3243 vigi-
2007 3158 2051 3220 C
2085 3188 2272 3229 amore
2325 3172 2612 3243 prtesentis
2660 3169 2846 3225 saeculi
2891 3167 3187 3237 disiunctas
3236 3167 3303 3221 ad
3345 3163 3664 3236 portandum

406 3252 584 3311 lanter
604 3257 848 3329 adjunxit
871 3273 886 3313 :

478 3346 771 3419 Antequam
791 3348 1074 3420 quidquam
1101 3350 1294 3419 faceret
1328 3368 1361 3405 a
1386 3351 1662 3422 principio,
1687 3353 1752 3406 ab
1792 3359 1985 3407 interno

407 3440 656 3493 ordinata
676 3457 816 3506 sum,
842 3450 890 3495 et
912 3458 976 3495 ex
1007 3444 1234 3512 antiquis
1260 3453 1535 3514 antequam
1576 3453 1715 3498 terra
1744 3444 1909 3512 ﬁeret,
1933 3453 1990 3500 et

410 3540 633 3596 cmtera,
659 3548 830 3601 usque
879 3534 1004 3589 dum
1044 3536 1141 3600 ait,
1182 3536 1391 3606 quando
1433 3540 1751 3608 appendebat
1795 3541 1989 3610 {unda-

412 3629 589 3672 menta
616 3629 788 3686 (errat,
838 3638 955 3676 cum
1002 3640 1060 3677 eo
1094 3642 1251 3681 eram
1294 3636 1478 3680 cuncta
1512 3643 1837 3699 componens.
1890 3630 1988 3685 Cui

415 3708 590 3764 simile
615 3719 698 3764 est
719 3711 771 3764 in
803 3711 1110 3783 Evangelio.
1153 3712 1221 3766 In
1241 3715 1493 3785 principio
1526 3727 1639 3785 erat
1673 3717 1917 3784 Verbum,
1940 3730 1989 3774 et

429 3797 648 3853 Verbum
700 3811 810 3855 erat
860 3804 1000 3873 apud
1052 3802 1242 3868 Deum,
1279 3813 1326 3857 et
1373 3803 1515 3858 Deus
1567 3815 1679 3859 erat
1738 3806 1986 3873 Verbum,

413 3891 593 3945 omnia
623 3908 715 3962 per
740 3893 909 3969 ipsum
936 3892 1079 3963 facta
1121 3902 1240 3946 sunt
1283 3891 1464 3965 (Joan.
1503 3896 1564 3965 ι).
1594 3893 1821 3949 Pereant
1861 3910 1988 3966 ergo

414 3978 506 4047 qui
535 3988 737 4050 negant
764 3980 860 4035 Dei
880 3980 1156 4046 virtutem,
1174 3990 1229 4034 et
1261 3981 1353 4035 Dei
1380 3982 1719 4050 sapientiam,
1742 3983 1989 4037 videlicet

414 4069 687 4125 Christum
735 4070 804 4124 ab
846 4070 1022 4135 initio,
1052 4071 1162 4125 imo
1183 4078 1239 4125 et
1274 4079 1402 4125 ante
1424 4065 1581 4125 omne
1608 4072 1750 4141 quod
1778 4073 1880 4126 dici
1905 4072 1989 4127 vel

413 4161 634 4231 cogitari
660 4170 860 4231 potest,
887 4161 1192 4217 initiumab
1219 4163 1334 4233 ipso
1365 4173 1517 4232 patre
1545 4161 1711 4220 fuisse
1738 4166 1988 4237 progeni-

416 4261 559 4308 tum:
599 4252 702 4306 alia
735 4252 1033 4318 translatio,
1058 4253 1200 4308 hunc
1238 4252 1415 4308 locum
1453 4253 1529 4308 ita
1556 4254 1780 4324 incipit:
1810 4255 1988 4308 Domi-

420 4361 517 4397 nus
547 4344 738 4398 creauit
763 4359 843 4396 me
871 4342 1186 4413 principium
1230 4345 1433 4398 viarum
1471 4360 1687 4397 suarum
1729 4344 1784 4398 in
1830 4361 1988 4414 opera

414 4451 532 4488 sua.
558 4434 709 4501 Quod
735 4418 802 4490 de
831 4434 1203 4490 incarnatione
1252 4436 1525 4492 Dominica
1570 4438 1769 4493 dictum
1799 4438 1987 4494 Patres

2086 3262 2327 3334 ejusdem
2376 3261 2637 3319 Ecclesia:
2685 3260 2948 3316 fabricam
2994 3266 3208 3315 mentes
3258 3256 3667 3328 praedicandum

2088 3356 2285 3412 erexit.

2159 3445 2456 3501 Immolavit
2485 3444 2722 3499 victimas
2771 3458 2917 3498 suas.
2962 3440 3089 3496 Suis
3116 3438 3459 3512 passionibus
3479 3436 3670 3493 Eccle-

2088 3539 2223 3592 siam
2255 3536 2618 3601 conservavit,
2653 3534 2737 3590 vel
2786 3534 2951 3589 vitam
3000 3532 3404 3603 praedicandum
3442 3529 3670 3585 mactari

2089 3629 2143 3682 in
2171 3627 2543 3698 persecutione
2581 3624 2851 3694 permisit,
2900 3624 3095 3693 quibus
3150 3620 3396 3676 videlicet
3433 3620 3671 3675 victimis

2089 3716 2379 3774 contraria:
2419 3724 2544 3771 sunt
2589 3715 2824 3770 victimae
2863 3710 3286 3777 meretricis,‘ad
3315 3724 3449 3779 quas
3474 3709 3669 3764 stultos

2090 3811 2305 3875 invitat,
2339 3818 2397 3864 ut
2426 3824 2589 3878 super
2626 3807 2824 3862 lectum
2874 3813 2979 3871 est,
3010 3805 3236 3859 dicens:
3281 3800 3530 3856 Victimas
3573 3816 3668 3872 pro
3740 3808 3743 3809 '
3820 3850 3829 3861 ,

2089 3901 2259 3956 salute
2295 3900 2470 3964 debui,
2497 3899 2653 3954 hodie
2674 3898 2879 3952 reddidi
2904 3906 3022 3951 vota
3042 3911 3181 3949 mea.

2161 3991 2375 4045 Miscuit
2414 3991 2587 4045 vinum
2629 3998 2680 4044 et
2703 3984 2969 4059 propasuit
3014 4001 3246 4040 mensam
3274 4000 3443 4039 suam.
3466 3981 3670 4037 Divini-

2092 4082 2219 4137 tatis
2266 4096 2376 4137 suae
2417 4094 2617 4135 arcana
2655 4092 2853 4148 capere
2886 4091 2992 4131 non
3020 4074 3342 4139 valentlbus,
3375 4081 3665 4142 assumpta:

2088 4172 2443 4229 humanitatis
2490 4178 2827 4226 sacramenta
2889 4166 3185 4238 patefecit,
3249 4173 3305 4221 et
3370 4164 3669 4236 Scriptura:

2089 4279 2259 4319 sacra:
2280 4262 2472 4334 pabula
2494 4261 2652 4318 nobis
2686 4258 2976 4330 aperiendo
3006 4257 3349 4329 prteparavit.

2161 4358 2305 4413 Misit
2336 4355 2558 4413 ancillas
2592 4373 2717 4411 suas
2757 4365 2810 4410 ut
2840 4348 3102 4410 vocarenf
3137 4355 3208 4411 ad
3263 4371 3454 4421 arcem,
3496 4364 3544 4409 et
3596 4353 3667 4409 ad

2090 4451 2279 4503 moenia
2313 4449 2557 4503 civitatis.
2594 4447 2983 4503 Prmdieatores
3031 4446 3273 4502 infirmos
3319 4462 3384 4502 ac
3423 4445 3669 4517 despica-

416 4527 741 4599 intelligunt,
773 4528 1018 4583 dicentes
1046 4528 1173 4599 quia
1196 4527 1330 4584 certi
1362 4529 1535 4599 gratia
1573 4531 1813 4610 mystcrii
1839 4530 1990 4585 dixe-
2016 4501 2064 4560 θ
2093 4501 2462 4610 “nauigii,
2488 4501 2812 4608 qui
2836 4501 3064 4608 populos
3112 4501 3189 4592 ad
3223 4550 3452 4607 superna
3478 4501 3668 4605 patriae

415 4620 525 4675 rit:
554 4619 810 4675 Dominus
841 4621 1034 4675 crearit
1080 4637 1180 4686 me,
1211 4628 1266 4675 et
1294 4635 1423 4686 non,
1451 4620 1612 4676 Pater
1641 4622 1841 4676 creavit
1880 4638 1986 4677 me.

415 4712 573 4779 Caro,
621 4714 892 4784 inquiunt,
934 4713 1220 4768 Dominum
1268 4716 1528 4784 agnoscit,
1564 4715 1731 4786 gloria
1774 4715 1989 4773 Patrem

416 4805 614 4874 signat,
632 4814 877 4861 creatura
893 4805 1177 4860 Dominum
1197 4804 1504 4871 confitetur,
1519 4807 1754 4863 charitas
1772 4807 1988 4863 Patrem

416 4895 585 4949 novit.
618 4894 971 4966 Principium,
1007 4893 1092 4949 vel
1142 4894 1198 4949 in
1225 4895 1490 4966 principio
1519 4897 1721 4950 ciarum
1748 4913 1986 4951 suarum.

416 4988 483 5043 Et
511 4989 625 5059 ipse
670 4989 747 5045 ait
788 5005 803 5043 :
842 4986 958 5059 Ego
985 5004 1100 5042 sum
1125 4987 1230 5054 via,
1257 4989 1383 5059 quia
1428 5003 1653 5059 surgens
1684 5004 1714 5043 a
1759 4989 1986 5045 mortuis

417 5078 522 5133 iter
549 5078 676 5135 fecit
692 5079 949 5135 Ecclesia:
972 5094 1085 5134 suae
1104 5079 1173 5134 ad
1204 5094 1423 5150 regnum
1447 5080 1541 5135 Dei
1561 5080 1629 5135 ad
1648 5081 1813 5136 vitam
1833 5089 1987 5136 acter-

417 5187 564 5226 nam.
592 5170 661 5226 In
679 5188 834 5242 opera
862 5189 984 5236 sua,
1019 5173 1141 5241 quia
1173 5172 1241 5227 ad
1286 5171 1596 5228 redimenda
1630 5188 1791 5241 opera
1820 5173 1991 5243 patris

421 5276 453 5315 a
480 5262 795 5333 corruptelae
830 5264 1051 5318 servitio
1092 5263 1347 5318 liberaret
1376 5283 1388 5319 :
1418 5280 1547 5320 caro
1591 5264 1735 5319 enim
1788 5264 1990 5319 Christi

418 5362 635 5422 pr0pter
663 5369 852 5425 opera,
880 5355 1133 5411 divinitas
1163 5365 1287 5411 ante
1311 5370 1496 5427 opera.

491 5441 559 5496 Et
605 5442 900 5499 delectabar
942 5462 1036 5516 per
1083 5445 1317 5516 singulos
1366 5446 1476 5502 dies
1505 5444 1689 5502 ludens
1718 5462 1895 5500 coram
1930 5463 1992 5501 eo

420 5533 830 5605 omnitempore.
871 5535 1076 5592 Ludens
1122 5537 1180 5593 in
1225 5536 1347 5593 orbe
1393 5546 1675 5603 terrarum,
1717 5546 1765 5592 et
1794 5535 1994 5591 delicia:

419 5640 566 5690 mea',
588 5643 697 5681 esse
721 5644 839 5681 cum
857 5628 982 5697 [iliis
1006 5628 1296 5684 hominum.
1346 5627 1640 5684 Ludentem
1688 5626 1815 5682 dicit
1858 5642 1992 5697 gau-

421 5713 652 5774 dentem.
706 5719 833 5775 Erat
860 5735 990 5791 ergo
1020 5719 1208 5775 ludens
1247 5735 1427 5775 coram
1458 5728 1610 5791 patre
1639 5734 1738 5788 per
1760 5718 1995 5789 singulos

2034 4670 2045 4680 -
2094 4633 2333 4688 cmlestis
2357 4630 2583 4686 aedilicia
2613 4629 2944 4699 colligerent.

2164 4719 2222 4775 Si
2251 4721 2365 4790 quis
2392 4728 2467 4772 est
2491 4716 2738 4787 parvulus
2773 4716 2941 4769 veniat
2976 4715 3046 4768 ad
3074 4731 3175 4769 me.
3212 4713 3280 4767 Et
3308 4711 3666 4782 insipientibus

2095 4809 2269 4863 locuta
2301 4816 2396 4862 est.
2428 4805 2691 4861 Parvulos
2725 4802 2859 4859 dicit
2902 4802 3157 4868 humiles,
3202 4802 3517 4873 insipientes
3537 4817 3667 4857 vero

2095 4916 2211 4966 eos,
2254 4899 2343 4969 qui
2374 4899 2441 4953 de
2471 4896 2755 4953 mundanae
2798 4893 3074 4965 sapientia:
3119 4892 3259 4947 fastu
3307 4891 3383 4946 nil
3428 4891 3662 4957 habent;

2094 4992 2228 5048 tales
2253 4999 2434 5045 autem
2460 4996 2618 5043 vocat
2635 4995 2694 5041 ut
2719 5000 2814 5041 eos
2837 4999 2936 5041 sua
2962 4982 3208 5039 doctrina
3241 4981 3512 5052 sapientes
3541 4979 3669 5036 red-

2094 5081 2188 5136 dat
2209 5089 2262 5135 et
2284 5078 2445 5133 altos.
3412 5090 3433 5105 ιη

2177 5169 2377 5234 Venite,
2417 5166 2670 5223 comedite
2708 5181 2894 5238 panem
2940 5160 3139 5229 meum,
3190 5171 3239 5218 et
3283 5161 3437 5216 bibite
3489 5161 3666 5215 vinum

2101 5261 2239 5335 quod
2280 5261 2463 5315 miscui
2505 5260 2668 5314 vobis.
2719 5259 2775 5313 ln
2821 5271 2959 5328 pane
2998 5255 3178 5310 divina
3203 5252 3437 5323 eloquia,
3465 5252 3519 5308 in
3540 5252 3668 5306 vino

2103 5354 2274 5409 mixto
2299 5352 2586 5421 conjuncta
2634 5351 2687 5405 in
2714 5365 2876 5405 unam
2900 5348 3099 5404 Christi
3136 5360 3424 5417 personam
3449 5343 3669 5398 deitatis

2091 5450 2147 5499 et
2187 5442 2539 5497 humanitatis
2588 5439 2704 5509 ejus
2750 5451 2943 5495 natura
3000 5436 3344 5508 exprimitur,
3392 5442 3455 5490 ut
3502 5449 3667 5504 supra

2094 5530 2300 5586 dictum
2326 5538 2432 5596 est,
2459 5529 2545 5584 vel
2574 5537 2724 5585 certe
2745 5529 2798 5584 in
2820 5542 2959 5600 pane
2977 5527 3225 5598 corporis
3240 5525 3433 5596 ipsius,
3462 5523 3517 5578 in
3538 5523 3669 5578 vino

2096 5623 2265 5680 mixto
2279 5621 2553 5692 sanguinis
2568 5621 2896 5677 sacrosancti
2926 5619 3384 5691 mysterium,quo
3408 5617 3462 5672 in
3485 5615 3666 5682 altari,

2096 5729 2281 5771 mensa
2310 5712 2558 5773 videlicet
2580 5712 2697 5783 ejus
2727 5712 3007 5780 satiantur,
3029 5710 3350 5766 ostenditur.
