4100 6324
438 298 538 356 7n
860 258 866 263 ’
1081 301 1142 355 n.
1186 299 1441 356 R.\BANI
1480 297 1697 355 unum
1735 291 2055 351 ARClllEP.

2096 289 2407 349 MOGUNT.
2447 289 2732 349 OPERUM
2765 288 2947 346 PARS
2983 289 3070 346 Ill.
3594 287 3699 344 ’112

506 416 800 489 Relinquite
842 416 1125 485 infantiam
1153 423 1200 468 et
1220 415 1386 479 vivite,
1411 422 1459 468 et
1497 412 1763 466 ambulate
1786 410 2020 480 peruias
2046 398 2096 465 Ἀ
2124 396 2437 461 con‘viviu‘tn'
2472 420 2611 476 pene
2637 406 2828 462 iisdem
2853 406 3035 461 verbis
3062 405 3294 461 invitare
3324 407 3557 460 videtur.
3592 403 3704 461 Sed

434 509 747 582 prudentiw.
779 507 907 563 Post
933 506 1146 563 oblatas
1169 506 1353 575 epulas
1392 504 1537 559 addit
1567 511 1621 558 et
1646 503 1768 556 vitae
1795 498 2026 562 monita,
2106 499 2307 565 ;distat,
2337 500 2482 568 quod
2503 498 2594 553 illa
2622 497 2940 567 simpliciter
2965 497 3033 552 ad
3060 510 3118 551 se
3142 496 3359 560 venire,-
3386 495 3502 550 htec
3522 504 3705 550 autem

435 607 500 655 ut
529 614 668 676 quos
698 598 967 668 perceptis
996 612 1108 651 sua:
1139 594 1532 657 incarnationis
1578 590 1851 663 mysteriis
1878 586 2019 643 refe-
2104 590 2627 659 equosvocatadse
2644 588 2919 644 declinare
2937 588 3147 651 suadet,
3178 586 3303 655 quia
3328 585 3419 639 illa
3447 584 3702 640 nimirum

434 691 822 759 emuncti-inm
860 689 1067 760 pariter
1089 688 1336 759 instituat
1354 685 1554 753 verbis.
1742 710 1771 721 ιι
2127 679 2195 733 ad
2224 687 2431 734 rectum
2482 679 2711 733 actionis
2748 679 2852 735 iter
2878 691 3015 746 quos
3040 684 3286 730 errantes
3315 675 3489 730 cernit
3514 688 3705 730 accer-

511 765 617 855 Qui
658 780 831 837 erudit
885 780 1171 847 derisorem
1224 778 1332 848 ipse
1360 776 1456 829 sibi
1482 774 1621 844 facit.
1653 772 1933 842 injuriaut,
1954 779 2021 822 .et
2124 771 2227 837 sit;
2259 770 2375 824 haec
2395 778 2543 825 recte
2563 768 2872 839 gradientes
2894 766 2965 821 ah
3005 766 3198 824 itinere
3228 779 3330 820 suo
3362 764 3603 829 deviare,
3653 771 3709 818 et

432 874 528 945 qui
571 874 744 943 arguit
785 872 1023 941 impium,
1054 878 1268 941 generat
1309 869 1571 922 maculam
1610 867 1728 921 sibi.
1752 865 1914 931 Quasi
1944 864 2026 921 in-
2127 862 2195 917 ad
2222 861 2577 921 sedivertcre
2598 861 2772 915 docet.

440 973 769 1037 terrogares.
803 961 912 1016 Cur
954 960 1215 1030 sapientia
1262 957 1514 1030 parvulos
1563 970 1674 1025 prte
1710 953 1926 1011 caeteris
1971 959 2026 1006 et
2124 994 2129 999 .
2188 950 2365 1022 Aqua:
2389 952 2597 1024 furtiva;
2622 949 2880 1004 dulciores
2924 958 3065 1014 sunt,
3097 957 3147 1003 et
3178 948 3330 1018 panis
3371 946 3705 1002 absconditus

439 1038 759 1122 insipientes
788 1050 855 1105 ad
880 1065 1009 1104 suas
1038 1049 1295 1104 invitaret
1339 1048 1525 1118 epulas
1568 1065 1580 1099 :
1629 1046 1778 1111 ldeo,
1808 1043 2023 1115 inquit,
2127 1047 2358 1103 suavior.
2417 1044 2695 1115 Sapientia
2756 1042 2933 1113 palam
2993 1055 3241 1097 mensam
3292 1039 3605 1110 proposuit,
3652 1046 3711 1107 et
3796 1086 3800 1090 .

441 1142 565 1206 feci,
624 1140 749 1211 quia
800 1138 1001 1194 frustra
1048 1138 1295 1205 laborat,
1342 1139 1435 1209 qui
1472 1139 1695 1194 verbum
1736 1134 2028 1206 .sapietttirc
2062 1135 2549 1191 Omiseuitvinum
2582 1148 2758 1198 suum,
2799 1140 2856 1186 at
2890 1130 3051 1185 stulta
3095 1129 3288 1185 mulier
3313 1129 3390 1183 nil
3432 1143 3707 1184 meracum

440 1232 714 1288 inculcare
756 1233 948 1287 nititur
989 1232 1065 1297 ei,
1119 1232 1210 1300 qui
1257 1232 1446 1287 audire
1474 1230 1796 1294 contemnit,
1816 1229 2029 1299 sapien-
2129 1225 2335 1297 habens
2381 1226 2447 1281 ad
2477 1240 2648 1295 aquas
2687 1216 2936 1288 furtivas,
2982 1230 3039 1278 et
3085 1221 3463 1278 absconditum
3510 1232 3708 1291 panem
3772 1254 3775 1257 ς

440 1324 634 1377 tierent
665 1339 724 1378 se
743 1323 965 1378 doctore
988 1336 1043 1383 et
1072 1320 1333 1390 majorem
1369 1322 1605 1391 existere
1635 1321 1881 1377 credens.
2022 1364 2025 1367 ς
2129 1333 2482 1392 quoscunque
2513 1318 2655 1372 valet
2683 1324 2960 1387 aggregat,
3009 1315 3133 1385 quia
3160 1313 3437 1370 Catholica
3464 1312 3709 1370 Ecclesia

514 1415 642 1471 Noli
671 1432 891 1486 arguere
922 1414 1208 1471 derisorem
1228 1430 1294 1468 ne
1315 1414 1482 1469 oderit
1503 1424 1573 1468 te.
1590 1412 1705 1471 Non
1728 1420 1814 1469 est
1835 1412 2027 1469 timen-
2129 1415 2316 1487 palam.
2336 1413 2535 1467 mundo
2561 1412 2874 1466 diurnorum
2923 1408 3257 1478 eloquiorum
3309 1404 3552 1462 amvivia
3578 1419 3712 1477 pan—

449 1506 578 1560 dum
620 1520 686 1560 ne
704 1504 811 1569 tibi
842 1504 1054 1561 derisor
1082 1519 1206 1559 cum
1246 1504 1492 1574 arguitur
1520 1503 1871 1559 contumelias
1894 1500 2031 1557 infe-
2131 1505 2231 1571 dit,
2262 1504 2561 1560 divinitatis
2587 1512 2641 1557 et
2659 1500 3013 1557 humanitatis
3042 1498 3269 1554 Christi-
3291 1497 3549 1570 mysteria
3570 1495 3713 1552 cele-

444 1603 549 1660 τίη,
605 1596 698 1649 Sed
750 1595 855 1649 Ῑιοε
901 1594 1081 1663 Ροιίυε
1129 1593 1545 1664 Ρτονίάεηάιιη),
1604 1608 1673 1647 ηε
1709 1600 1921 1657 “301118.
1962 1590 2031 1645 ad
2131 1595 2339 1651 hranda
2361 1593 2733 1665 pratcipit,vel
2761 1600 2911 1648 certe
2942 1592 2996 1645 in
3036 1589 3361 1645 vinO'mixto
3397 1587 3711 1644 historicum

441 1685 623 1738 odium
651 1681 799 1754 pejor
823 1683 934 1737 fiat.
967 1681 1200 1752 Ideoque
1229 1682 1324 1737 tibi
1359 1682 1647 1752 aliquoties
1668 1680 1737 1736 ab
1764 1680 1880 1750 ejus
1904 1695 2029 1735 cor-

2133 1689 2312 1755 simul,
2340 1698 2395 1744 et
2416 1687 2761 1759 allegoricam
2780 1686 3118 1741 auditoribus
3140 1684 3255 1739 suis
3281 1683 3563 1739 scientiam
3587 1695 3713 1752 pro-

443 1776 689 1846 reptione
738 1768 847 1830 nun
884 1784 989 1829 tua:
1044 1774 1397 1841 timiditatis,
1420 1775 1515 1833 sed
1567 1775 1872 1834 dilectionis
1915 1773 2032 1844 ejus
2059 1762 2106 1823 Β
2134 1781 2303 1851 pinat,
2330 1788 2390 1835 ut
2431 1794 2534 1850 pro
2565 1793 2663 1834 suo
2690 1792 2958 1848 quemque
3000 1784 3158 1845 captu
3182 1775 3310 1830 vita:
3350 1775 3560 1844 poculis
3589 1772 3717 1829 rell-

438 1867 619 1935 Sl'alia
648 1866 994 1933 cessandum-
1717 1883 1724 1890 '
2064 1894 2073 1907 κ
2112 1871 2262 1927 -ciat.
2291 1871 2362 1925 At
2389 1857 2771 1926 haereticorum
2800 1866 3044 1923 doctrina
3073 1865 3300 1935 publica:
3340 1863 3464 1920 ﬁdei
3506 1872 3563 1919 et
3590 1878 3715 1935 pro-

515 1960 690 2033 Argue
710 1959 995 2033 sapiqttem
1019 1967 1068 2013 et
1092 1959 1269 2031 diliget
1293 1968 1361 2015 te.
1381 1959 1689 2031 Sapientem
1717 1959 1768 2014 in
1788 1957 2029 2030 profectu
2133 1960 2353 2015 fessioni
2394 1973 2493 2013 sua
2538 1958 2791 2014 secretim
2838 1957 3054 2013 decreta
3080 1955 3363 2025 praeponit,
3401 1962 3460 2009 et
3492 1969 3615 2009 cum
3637 1952 3716 2008 nil

440 2032 702 2119 positum,
751 2048 811 2112 id
832 2024 954 2115 est,
1002 2024 1300 2105 amatorem
1348 2024 1624 2121 sapientiae
1673 2024 1831 2115 dicit,
1873 2062 2032 2118 quem
2132 2050 2399 2121 spiritale
2425 2050 2625 2106 habeat
2673 2048 2977 2103 suaviorem
3008 2062 3067 2102 se
3090 2024 3382 2101 ratholieis
3406 2045 3717 2114 pastoribus

445 2153 609 2208 supra
662 2154 773 2208 prae
818 2139 1121 2195 humilitate
1161 2141 1445 2210 parvulum
1500 2140 1851 2212 nuncupavit,
1907 2155 2031 2195 nant
2133 2140 2414 2196 scientiam
2451 2138 2857 2208 jactatdoeere,
2884 2144 2945 2191 ut
2973 2137 3181 2194 scilicet
3208 2136 3465 2191 libentius
3491 2133 3717 2191 audian-

445 2228 719 2300 perfectus
752 2230 966 2301 sapiens
987 2247 1095 2286 non
1127 2231 1288 2287 habet
1315 2247 1451 2302 opus
1474 2233 1651 2303 argui.
2132 2238 2222 2284 tur
2243 2240 2299 2285 et
2323 2237 2574 2301 agantur,
2602 2244 2723 2300 qua:
2749 2228 2925 2298 palam
2954 2227 3008 2282 in
3050 2225 3293 2282 Ecclesia
3323 2226 3431 2282 dici
3456 2225 3717 2296 credique

520 2321 716 2377 Mulier
765 2322 931 2377 stulta
981 2333 1030 2377 et
1083 2322 1316 2377 clamosa
1359 2323 1613 2394 plenaque
1664 2322 1943 2390 illecebris,
1984 2331 2033 2377 et
2131 2322 2507 2392 prohibentur.
2553 2322 2621 2377 Et
2660 2320 2870 2377 dulcius
2914 2320 3199 2375 hauriatur
3254 2318 3561 2389 insipientia
3598 2332 3717 2389 qua:

442 2412 573 2468 nihil
599 2413 811 2468 omnino
845 2414 1016 2469 sciens
1036 2414 1173 2469 sedit
1203 2416 1256 2469 in
1280 2416 1481 2485 foribus
1503 2417 1689 2470 domus
1717 2432 1848 2480 sum,
1876 2430 2035 2486 super
2134 2425 2357 2488 putatur
2382 2415 2629 2480 scientia,
2661 2412 2816 2483 cujus
2844 2412 3114 2484 prohibita
3158 2410 3371 2469 furatur
3419 2410 3723 2467 audientia;

441 2503 651 2559 sellam.
706 2503 896 2558 Mulier
945 2496 1128 2560 autem
1180 2507 1295 2561 haee
1335 2506 1556 2562 haeresis
1604 2516 1707 2571 est,
1760 2506 2033 2561 contraria
2134 2508 2322 2563 Potest
2348 2507 2403 2562 in
2452 2506 2606 2576 aquis
2655 2504 2871 2560 furtivis
2911 2503 3177 2573 baptisma
3226 2502 3625 2563 haereticorum,
3654 2500 3717 2554 in

441 2596 701 2651 nimirum
752 2595 1054 2664 sapientiae,
1104 2611 1226 2665 qua:
1258 2611 1357 2650 sua
1410 2597 1660 2666 superius
1698 2604 2035 2652 sacramenta
2134 2614 2275 2670 pane
2327 2598 2643 2655 abscondito
2693 2597 3005 2653 earumdem
3049 2593 3377 2650 sacrificium
3420 2592 3714 2663 designari.

450 2687 667 2743 cecinit.
700 2685 852 2743 Sedit
878 2696 1058 2744 autem
1084 2698 1141 2744 et
1177 2690 1292 2759 ipsa
1328 2690 1382 2744 itt
1435 2688 1644 2746 foribus
1667 2682 1856 2746 domus
1901 2705 2032 2756 sua),
2137 2694 2206 2748 At
2234 2693 2388 2763 juxta
2419 2691 2655 2745 litteram
2687 2686 3153 2769 muliercatlultera
3185 2685 3240 2738 in
3297 2683 3451 2753 aquis
3503 2681 3719 2737 furtivis

448 2778 505 2834 id
550 2786 654 2845 est,
704 2779 760 2834 in
798 2780 1112 2836 doctoribus
1146 2779 1419 2848 falsitatis,
1470 2784 1594 2852 quia
1647 2782 1700 2836 in
1740 2783 2037 2851 penetralia
2138 2794 2193 2840 et
2216 2800 2354 2855 pane
2376 2782 2694 2838 abscondito
2720 2781 2994 2851 prohibita
3023 2787 3078 2835 et
3107 2776 3296 2833 illicita
3320 2774 3584 2832 concubia
3605 2774 3722 2829 dul-

445 2868 687 2940 perlidia:
717 2870 946 2926 miseros
982 2870 1218 2925 fallendo
1249 2871 1613 2927 introducunt.
1647 2871 1821 2943 Super
1847 2873 2034 2929 sellam
2138 2878 2286 2932 ciora
2313 2892 2434 2932 esse
2465 2882 2762 2931 asseverat.
3180 2856 3191 2863 ’
3681 2887 3685 2890 ’

447 2968 653 3026 autem,
699 2961 826 3031 quia
871 2962 1188 3018 cathedram
1228 2962 1331 3018 sibi
1372 2963 1769 3033 praedicationis
1792 2972 2033 3034 usurpat.
2208 2967 2276 3022 Et
2303 2967 2557 3038 ignoravit
2590 2967 2713 3037 quia
2736 2965 2971 3036 gigantes
3002 2963 3072 3018 ibi
3100 2962 3227 3017 sint.
3264 2959 3333 3016 Et
3363 2962 3421 3016 in
3440 2959 3721 3031 profundis

445 3051 575 3108 Haec
596 3054 703 3109 εὕδει
748 3056 1009 3110 cathedra
1061 3056 1406 3126 pestilentia},
1448 3057 1503 3111 in
1553 3073 1660 3127 qua
1715 3058 1905 3112 beatus
1954 3057 2038 3111 vir
2084 3128 2091 3129 ί
2137 3059 2334 3129 inferni
2365 3060 2459 3115 rite
2505 3059 2640 3129 ejus.
2696 3056 2877 3112 Nescit
2910 3053 3171 3118 adultera,
3211 3051 3387 3109 nescit
3414 3049 3718 3114 haereticus,

445 3142 636 3198 sedere
660 3142 1054 3217 detrectat.‘ln
1082 3145 1286 3215 epcelso
1338 3146 1481 3200 urbis
1520 3146 1653 3201 loco.
1684 3148 1825 3211 Dicit
1871 3156 1926 3203 et
1968 3146 2035 3203 de
2062 3128 2107 3190 (ἶ
2139 3153 2266 3224 quia
2318 3128 2574 3206 immundi
2623 3148 2858 3221 Spiritus
2919 3162 3045 3203 suas
3095 3146 3285 3202 domus
3334 3143 3600 3199 habitant.
3654 3142 3725 3197 Et

444 3233 736 3303 sapientia,
769 3234 895 3311 quia
926 3234 981 3288 in
1010 3235 1238 3295 summis
1263 3235 1596 3305 excelsisque
1624 3236 1914 3292 verticibus
1942 3237 2036 3293 dat
2141 3247 2254 3326 qui.
2283 3245 2337 3301 in
2366 3242 2647 3315 profundis
2675 3240 2871 3296 inferni
2921 3255 3111 3310 pmnas
3143 3238 3297 3292 luunt
3339 3246 3590 3300 teternas,
3619 3235 3724 3305 ipsi

447 3337 639 3378 Vocem
666 3338 839 3391 suam.
870 3326 968 3380 sed
1000 3324 1089 3380 illa
1124 3326 1179 3380 in
1220 3326 1549 3384 δυωῖιιιίῑδὶϐ
1590 3329 1874 3395 Virtutum.
1919 3330 2036 3387 hinc
2124 3339 2198 3393 "in
2234 3324 2894 3395 actibus-luxuriosorum,
2927 3330 3028 3398 ipsi
3054 3329 3424 3384 lmreticorum
3453 3326 3726 3396 dogmati-

446 3410 505 3466 ίυ
530 3413 823 3482 superﬂuo
843 3414 1095 3471 είθῑίοηίε
1121 3417 1408 3473 attoniti".
2139 3432 2261 3492 bus,
2289 3427 2443 3499 quasi
2463 3424 2725 3481 conviviis
2756 3422 3087 3477 delectantur
3108 3416 3421 3490 opimis..At
3458 3431 3581 3472 cum
3620 3416 3727 3472 rite

521 3501 589 3558 Ut
622 3515 828 3560 vocaret
854 3516 1184 3563 transeuntes
1204 3526 1296 3580 per
1316 3511 1475 3575 viam,
1490 3522 1536 3566 et
1563 3522 1830 3584 pergentes
1853 3516 2036 3567 ttinere

2142 3522 2195 3577 in
2226 3519 2462 3575 Ecclesia
2501 3515 2702 3571 Christi
2749 3521 3085 3569 sacramenta
3121 3512 3466 3567 celebrantur
3490 3550 3506 3574 ,
3559 3507 3721 3564 Chri-

443 3609 567 3649 δυοο
613 3595 789 3652 Ὓοοδι
835 3597 1059 3653 Ιιωνθδίε
1119 3599 1187 3653 3d
1234 3599 1517 3669 νει-ηάίίιωη
1541 3618 1683 3673 εωρθ
1707 3602 2034 3669 Ολιίιοιίεοεν
2141 3612 2213 3668 sti
2243 3611 2465 3666 verbum
2494 3608 2729 3683 auditur,
2766 3613 2821 3661 et
2844 3610 3217 3668 conservatur,
3256 3602 3349 3673 qui
3391 3610 3475 3657 est
3514 3600 3725 3671 sapien-

444 3700 583 3755 quos
605 3685 709 3741 iter
727 3697 938 3745 rectum
965 3703 1149 3759 agere,
1177 3698 1233 3745 et
1261 3690 1407 3744 viam
1430 3692 1608 3748 surculi
1626 3692 1785 3762 hujus
1808 3693 2039 3748 transire
2143 3705 2215 3760 tia
2249 3704 2363 3769 Dei,
2394 3709 2608 3757 constat
2632 3699 2775 3770 quod
2814 3696 3066 3769 angelica:
3092 3696 3323 3751 virtutes
3345 3695 3415 3749 ibi
3440 3694 3568 3758 sint,
3592 3691 3723 3748 etin

443 3777 611 3832 citius
658 3777 819 3845 velle,
853 3786 1018 3848 atque
1065 3780 1135 3835 ad
1182 3790 1445 3838 aeternam
1498 3788 1728 3854 patriam
1780 3784 2039 3843 festinare
2143 3793 2373 3851 excelsis
2418 3791 2680 3847 caelorum
2732 3788 2972 3844 convivae
3022 3786 3279 3841 fidelium.
3335 3783 3537 3838 Panem
3584 3781 3725 3834 enim

448 3868 737 3937 conspicit.
935 3921 939 3927 .

2143 3884 2256 3940 ett-li
2283 3883 2423 3939 dedit
2449 3883 2524 3937 eis
2549 3922 2565 3949 ,
2633 3896 2822 3952 panem
2858 3876 3161 3949 angelorum
3204 3873 3541 3930 manducavit
3567 3869 3723 3926 homo

516 3956 623 4051 Qui
657 3967 731 4013 est
751 3959 1026 4030 parvulus,
1053 3961 1276 4018 declinet
1326 3963 1396 4017 ad
1423 3980 1521 4031 me,
1546 3975 1592 4020 et
1620 3967 1825 4022 vecordi
1862 3967 2036 4023 locuta
2144 3976 2324 4051 (Joun.
2361 3975 2455 4047 γι).

444 4057 541 4104 est.
567 4049 635 4105 Et
658 4053 921 4122 sapientia
954 4055 1207 4125 parvulos
1237 4066 1404 4128 atque
1431 4058 1744 4129 insipientes
1785 4062 1850 4116 ad
1875 4078 2031 4118 suum

468 4170 3679 4203 __________________________________________________________.

562 4256 589 4271 ιδ

1612 4322 1908 4401 LIBER
2004 4324 2564 4405 SECUNDUS.

1510 4470 1513 4473 ’
1602 4501 2049 4567 PARABOLE
2095 4501 2576 4567 SALOMONIS.

1068 4770 1298 4833 CAPUT
1339 4773 1407 4833 X.
2060 4783 2116 4843 D
2215 4783 2339 4838 Non
2365 4782 2659 4854 proderunt
2688 4778 2924 4836 thesauri
2949 4778 3251 4851 itnpietatis,
3272 4778 3486 4850 justitia
3509 4793 3626 4833 vero
3653 4778 3725 4836 li-

520 4860 796 4919 l’arabolte
826 4862 1146 4923 Salomonis.
1175 4868 1386 4926 Novum
1416 4869 1570 4941 ponit
1595 4870 1809 4927 titulum
1835 4910 1851 4939 ,
1903 4872 2033 4943 quia
2140 4873 2337 4928 berabit
2382 4891 2415 4926 a
2444 4882 2630 4927 morte.
2681 4870 2749 4926 Et
2790 4885 2821 4925 a
2862 4869 3173 4926 transitoria
3214 4876 3390 4925 morte
3410 4869 3634 4940 'sa'pius
3669 4877 3730 4924 ut

444 4970 643 5010 novum
670 4970 842 5027 genus
873 4955 1164 5019 locutionis
1208 4961 1423 5032 incipit,
1464 4970 1525 5016 ut
1561 4977 1688 5039 non.
1717 4963 1858 5017 sicut
1882 4964 2034 5032 prius
2141 4965 2437 5028 Danielem,
2466 4971 2521 5019 et
2546 4971 2655 5018 tres
2686 4977 2904 5033 pueros,
2932 4968 2990 5017 et
3023 4977 3054 5016 a
3085 4973 3345 5033 perpetua
3389 4975 3606 5032 semper
3639 4961 3730 5032 ju-

444 5048 513 5101 de
559 5047 785 5119 singulis
843 5048 1108 5106 bonorum
1168 5052 1501 5107 malorumve
1554 5051 1799 5121 partibus
1829 5053 2034 5109 diutius
2139 5056 2285 5111 stitia
2330 5055 2542 5110 liberat.
2575 5054 2646 5107 At
2667 5068 2798 5108 vero
2837 5053 3075 5108 thesauri
3099 5067 3197 5123 per
3220 5052 3555 5122 impietatem
3592 5067 3728 5107 eon-

444 5139 681 5209 disputet
696 5166 719 5205 ο,
767 5143 864 5196 sed
920 5142 1147 5200 alternis
1191 5144 1439 5199 versibus
1488 5152 1641 5199 actus
1685 5151 2034 5212 utrorumque
2140 5145 2366 5219 gregali,
2391 5154 2445 5200 et
2473 5146 2519 5200 si
2545 5145 2835 5215 aliquando
2867 5160 2899 5199 a
2946 5153 3119 5200 morte
3162 5144 3431 5215 corporali
3476 5144 3730 5201 videntur

444 5232 738 5301 describat.
2139 5236 2371 5306 eripere,
2398 5235 2518 5307 plus
2562 5244 2740 5292 tamen
2781 5235 2909 5290 mali
2966 5234 3272 5307 impietate,
3323 5249 3430 5305 qua
3475 5233 3728 5305 acquisiti

520 5319 689 5379 Filius
719 5326 930 5397 sapiens
949 5324 1184 5394 ltetiﬁeat
1215 5335 1439 5396 patrem,
1463 5326 1607 5397 ﬁlius
1634 5335 1808 5382 autem
1838 5327 2029 5384 stultus
2137 5338 2285 5395 sunt,
2316 5344 2479 5399 quam
2508 5329 2776 5385 commodi
2808 5329 2861 5383 in
2888 5342 2953 5383 eo
2980 5329 3123 5397 quod
3164 5344 3263 5399 pro
3291 5328 3403 5383 vita
3437 5336 3565 5383 sunt
3593 5325 3726 5391 dati.

447 5417 689 5472 maestitia
709 5420 1001 5476 estmatris
1031 5436 1161 5495 suae.
1193 5420 1292 5489 Qui
1325 5432 1543 5493 accepta
1601 5423 1719 5479 fidei
1772 5426 2029 5496 mysteria
2137 5410 2447 5476 conferunt.
2609 5420 2613 5424 ”

446 5504 585 5561 bene
610 5517 811 5574 servat,
843 5508 1083 5565 laetiﬁcat
1110 5510 1277 5566 Deum
1317 5513 1574 5579 Patrem,
1621 5517 1710 5584 qui
1755 5532 1884 5571 vero
1920 5518 2035 5572 haec
2213 5512 2335 5567 Non
2358 5513 2545 5584 affliget
2591 5512 2849 5567 Dominus
2880 5515 3020 5582 fame
3048 5527 3282 5566 antmam
3320 5512 3475 5582 justi,
3512 5520 3560 5566 et
3592 5509 3729 5564 insi-

448 5597 662 5652 artione
694 5599 835 5653 mala
884 5600 966 5654 vel
998 5600 1188 5658 haeresi
1216 5604 1597 5675 commaculat,
1624 5617 1850 5661 matrem
1898 5622 2033 5662 con-
2140 5605 2257 5659 dias
2290 5604 2571 5673 impiorum
2600 5603 2877 5658 subvertet.
2921 5602 2990 5657 Et
3038 5603 3084 5659 si
3132 5604 3351 5674 quando
3372 5602 3578 5672 justum
3626 5601 3730 5655 im-

451 5685 629 5742 tristat
655 5688 972 5744 Ecclesiam.
1768 5736 1801 5763 ,
2139 5696 2213 5768 pii
2254 5694 2396 5752 fame
2441 5692 2683 5767 allligunt
2718 5693 2802 5752 vel
2847 5694 3011 5752 etiam
3063 5704 3301 5766 necant,
3347 5709 3457 5755 non
3501 5692 3729 5750 Its-detur
