4100 6324
373 433 482 490 ’115

1163 424 1528 484 EXPOSITIO
1562 425 1631 483 IN
1664 425 2058 485 PROVERBIA
2098 421 2508 483 SALOMONIS.
2547 453 2622 468 --
2656 423 2786 481 LIB.
2819 423 2886 479 ll.

3538 418 3650 480 714

372 547 556 604 anima
577 556 710 613 ejus,
743 555 903 610 quam
933 539 1190 595 Dominus
1220 540 1271 594 in
1301 540 1481 595 futura
1507 541 1618 597 vita
1646 542 1760 597 sive
1785 541 1954 613 gloria
1983 545 2036 604 Α
2061 539 2143 594 vel
2163 556 2258 595 sua
2278 539 2362 595 vel
2383 541 2762 610 proximorum
2789 547 2993 604 errata,
3017 555 3083 593 ne
3113 537 3180 593 ad
3214 541 3496 596 sanitatem
3524 557 3649 613 per-

371 638 599 698 visionis
625 634 955 697 consolatur,
975 632 1068 704 qui
1097 641 1150 687 et
1173 632 1390 688 easdem
1421 632 1709 704 impiorum
1735 633 1960 690 insidias

376 734 434 789 in
455 733 602 802 ipsos
614 729 758 801 juste
788 713 1082 796 iudicando
1107 733 1400 796 retorquet.

451 821 747 893 Egestatem
773 825 1023 889 operatur
1049 832 1238 870 manus
1271 815 1487 870 remissa
1515 828 1533 868 :
1564 832 1752 871 manus
1780 823 1958 871 autem

381 914 596 986 fortium
623 909 833 965 diuitias
873 917 1045 979 parat.
1081 906 1184 974 Qui
1230 906 1564 978 negligenter
1595 907 1726 962 vivit
1762 907 1815 962 in
1860 908 1962 962 hoc

381 1003 596 1069 sasculo,
626 1001 806 1073 egebit
831 999 988 1055 bonis
1017 998 1072 1053 in
1112 997 1330 1063 futuro;
1381 1004 1437 1052 at
1478 996 1570 1067 qui
1617 996 1830 1052 fortiter
1861 998 1965 1053 Do-

381 1094 532 1150 mino
559 1091 777 1156 militat,
804 1088 1007 1146 divitiis
1043 1096 1261 1144 aeternae
1307 1087 1657 1144 beatitudinis
1707 1103 1962 1144 remune-

382 1197 552 1244 ratur.
1951 1177 1992 1210 ⁸

456 1280 559 1348 Qui
597 1271 871 1352 congregat
893 1278 947 1332 in
966 1294 1131 1332 utesse
1158 1277 1301 1346 ﬁlius
1344 1291 1548 1348 sapiens
1583 1285 1658 1331 est
1686 1295 1704 1332 :
1735 1278 1824 1348 qui
1869 1293 1965 1330 au-

384 1381 485 1427 tem
510 1372 676 1426 stertit
708 1379 906 1432 testate,
933 1369 1076 1438 ﬁlius
1123 1368 1470 1438 confusionis.
1524 1366 1625 1434 Qui
1675 1375 1968 1439 congregat

384 1465 600 1520 Christo
631 1461 840 1517 animas
860 1461 1120 1526 ﬁdelium,
1148 1460 1288 1516 ﬁlius
1341 1461 1558 1532 sapiens
1585 1471 1698 1527 est;
1749 1470 1804 1516 et
1848 1461 1968 1531 qui-

385 1557 506 1612 dem
544 1555 660 1610 hzec
702 1553 894 1608 messis
942 1547 1106 1608 multa
1140 1560 1245 1617 est,
1269 1553 1502 1622 operarii
1556 1562 1737 1608 autem
1786 1553 1962 1623 pauci.

383 1645 485 1714 Qui
532 1661 661 1701 vero
695 1645 798 1700 hoc
833 1652 1072 1713 tempore
1123 1642 1436 1713 acceptabili
1476 1643 1641 1710 etiam
1688 1659 1718 1698 a
1749 1660 1842 1698 sua
1882 1661 1968 1699 sa-

383 1736 494 1791 lute
542 1733 781 1791 curanda
809 1733 1088 1804 torpescit,
1120 1733 1482 1789 confundetur
1516 1733 1570 1788 in
1599 1733 1687 1789 die
1733 1735 1968 1790 retribu-

385 1833 566 1887 tionis.

2059 632 2296 698 veniant,
2325 631 2660 688 delendendo
2686 638 3000 703 contegunt,
3028 631 3171 702 quod
3203 647 3490 690 exsecrans
3513 635 3647 692 Pro-

2060 723 2242 792 pheta,
2274 721 2562 778 Dominum
2594 730 2733 788 orat,
2772 730 2832 778 ut
2859 737 2964 777 non
2995 721 3228 778 declinet
3255 739 3352 781 cor
3389 741 3547 782 suum
3589 727 3645 784 in

2060 813 2285 870 verbum
2342 813 2571 882 malum,
2618 815 2686 872 ad
2749 813 3087 871 excusandas
3150 817 3526 875 excusationes
3588 819 3646 875 in

2061 906 2316 978 peccatis.

2135 998 2202 1053 In
2228 997 2382 1053 labiis
2411 999 2661 1070 sapientis
2696 999 2986 1053 invenietur
3010 998 3286 1069 sapientia,
3318 1009 3365 1054 et
3401 999 3544 1072 virga
3591 1003 3648 1058 in

2065 1091 2220 1146 dorso
2247 1091 2360 1162 ejus
2384 1092 2473 1163 qui
2504 1091 2697 1162 indiget
2728 1090 2901 1145 corde.
2933 1091 3098 1164 Virga
3127 1091 3180 1147 in
3212 1092 3374 1149 dorso
3401 1103 3504 1158 est,
3529 1095 3650 1150 vin-

2065 1181 2205 1236 dicta
2233 1181 2286 1235 in
2317 1181 2725 1252 posterioribus,
2759 1181 2811 1236 id
2837 1189 2942 1248 est,
2972 1181 3026 1236 in
3062 1185 3310 1253 sequenti
3340 1185 3469 1250 vita,
3488 1203 3651 1256 quam

2065 1273 2202 1329 bene
2227 1273 2381 1344 plaga
2408 1274 2494 1328 illa
2529 1273 2735 1329 famosa
2784 1288 2890 1343 qua
2918 1273 3174 1329 Philistrei
3207 1275 3261 1329 in
3308 1278 3524 1333 natibus
3569 1279 3651 1334 le-

2067 1364 2368 1429 riohantur,
2403 1365 2677 1435 exprimit.
2721 1364 2823 1432 Qui
2849 1380 2980 1436 ergo
3018 1382 3122 1420 non
3155 1367 3268 1422 vult
3288 1368 3494 1440 virgam
3522 1386 3653 1440 por-

2069 1463 2186 1510 tare
2215 1457 2268 1510 in
2299 1455 2460 1511 dorso
2507 1464 2688 1523 portet
2734 1456 2788 1510 in
2827 1455 2985 1512 labiis
3028 1459 3372 1528 sapientiam,
3403 1460 3656 1530 loquatur

2068 1548 2254 1604 laudes
2275 1548 2510 1616 Christi,
2556 1557 2612 1605 et
2657 1558 2924 1621 praecepta
2981 1553 3256 1622 przedicet.
3295 1554 3490 1609 Verum
3525 1555 3650 1626 quia

2067 1655 2282 1710 semper
2308 1640 2595 1695 Dominum
2643 1640 2894 1708 laudare,
2941 1658 3047 1698 non
3077 1652 3258 1699 autem
3310 1659 3524 1715 semper
3561 1645 3656 1698 do-

2068 1748 2214 1798 cere,
2235 1748 2340 1787 non
2375 1733 2556 1787 omnia
2585 1748 2705 1803 qua:
2751 1733 2904 1788 novit
2949 1748 3138 1790 omnes
3191 1735 3384 1792 docere
3425 1737 3655 1806 sapienti

2068 1826 2340 1892 convenit,
2363 1833 2509 1880 recte
2536 1824 2800 1880 subditur.

451 1920 753 1976 Benedictio
782 1935 936 1989 super
967 1927 1121 1988 caput
1146 1917 1319 1988 justi,
1366 1934 1423 1972 os
1465 1926 1639 1972 autem
1684 1918 1963 1988 impiorum
1993 1906 2040 1966 Β
2089 1953 2095 1957 -
2140 1919 2410 1991 Sapientes
2443 1919 2766 1974 abscondunt
2797 1918 3088 1973 scientiam.
3116 1917 3360 1975 Scientes
3385 1919 3653 1985 videlicet,

384 2014 548 2085 operit
592 2010 857 2081 iniquitas.
894 2007 1061 2064 Justis
1113 2009 1321 2064 dicetur
1361 2009 1412 2064 in
1443 2009 1689 2079 judicio:
1750 2006 1961 2075 Venite,

385 2103 659 2169 benedicti,
697 2103 940 2174 percipite
972 2119 1186 2174 regnum
1231 2101 1424 2174 (Matth
1476 2104 1623 2174 xxv).
1659 2099 1734 2158 Os
1781 2112 1963 2158 autem

384 2197 670 2268 impiorum
698 2197 840 2265 quod
873 2195 1275 2258 comessationi,
1309 2195 1556 2250 ebrietati
1586 2203 1640 2250 et
1685 2195 1966 2264 colloquiis

385 2287 541 2342 malis
560 2286 848 2350 serviebat,
890 2286 1177 2356 iniquitate
1196 2301 1358 2356 quam
1387 2285 1550 2356 gessit
1579 2287 1966 2342 condemnabi-

389 2386 496 2432 tur.
522 2377 760 2448 Denique
812 2392 874 2432 os
911 2377 1054 2432 illius
1078 2377 1288 2448 operuit
1318 2376 1571 2447 iniquitas
1595 2417 1609 2442 ,
1657 2378 1748 2448 qui
1776 2379 1830 2432 in
1857 2387 1968 2433 tor-

387 2469 584 2524 mentis
615 2469 820 2539 positus
850 2468 1087 2538 linguam
1119 2467 1220 2522 sibi
1260 2469 1310 2521 in
1339 2483 1443 2537 qua
1487 2468 1557 2522 ob
1581 2468 1735 2537 plura
1762 2469 1967 2524 scelera

384 2559 504 2633 plus
528 2560 746 2631 punitus
769 2567 872 2623 est,
894 2558 1203 2630 refrigerari
1235 2559 1476 2629 quaesivit

457 2648 712 2705 Memoria
739 2649 875 2720 justi
914 2665 1032 2703 cum
1079 2648 1324 2703 laudibus
1376 2661 1423 2704 et
1455 2665 1640 2704 nomen
1688 2651 1969 2723 impiorum

382 2749 664 2814 putrescat.
691 2740 758 2794 Et
786 2741 841 2794 in
870 2740 973 2796 hac
998 2740 1108 2795 vita
1128 2739 1301 2796 bonos
1325 2741 1438 2795 sive
1459 2741 1704 2797 viventes
1730 2743 1845 2798 sive
1874 2744 1968 2799 dc-

389 2827 603 2889 l'unctos
628 2833 874 2890 laudibus
891 2833 1121 2890 efferunt
1147 2853 1159 2886 :
1203 2834 1492 2904 lmpiorum
1521 2844 1701 2892 autem
1732 2847 1786 2894 et
1815 2847 1970 2894 actus

390 2925 728 2981 detestantur
747 2935 802 2980 et
831 2941 1063 2991 nomen;
1101 2925 1233 2980 etin
1261 2925 1369 2980 vita
1410 2925 1589 2982 futura
1632 2927 1764 2997 justi
1790 2929 1844 2983 in
1874 2929 1969 2986 Dei

390 3018 637 3076 laudibus
682 3020 890 3086 vivunt,
923 3021 1274 3090 reproborum
1299 3030 1478 3076 autem
1518 3023 1711 3090 honor,
1741 3040 1969 3080 nomen-

390 3126 496 3184 que
517 3112 807 3185 laudesque
833 3113 1082 3185 putribus
1133 3115 1390 3185 gehennae
1436 3116 1710 3185 suppliciis
1756 3126 1972 3172 mutan-

390 3212 516 3260 tur:
546 3203 647 3260 Ubi
677 3205 866 3260 vermis
919 3221 1100 3260 eorum
1141 3223 1248 3262 non
1286 3208 1510 3262 moritur
1539 3218 1586 3262 et
1615 3209 1748 3280 ignis
1789 3226 1970 3264 eorum

391 3309 492 3348 non
514 3297 872 3366 exstinguetur
899 3295 1034 3368 (Isa.
1073 3297 1242 3368 var).

463 3383 566 3450 Qui
612 3385 847 3439 ambulat
867 3385 1200 3458 simpliciter,
1237 3389 1470 3442 ambulat
1499 3391 1820 3459 conﬁdenter
1845 3403 1864 3442 :
1883 3391 1975 3462 qui

389 3487 561 3530 autem
589 3478 836 3548 depravat
859 3479 974 3534 vias
1003 3497 1127 3534 suas
1149 3520 1164 3546 ,
1205 3483 1512 3550 manifestus
1564 3484 1682 3536 erit.
1714 3483 1813 3549 Qui
1845 3483 1976 3538 sim-

388 3568 605 3636 pliciter
642 3584 701 3624 se
734 3569 918 3626 vivere
964 3573 1112 3628 novit
1161 3573 1384 3629 fallaciae
1416 3584 1607 3630 cuncta
1639 3577 1847 3646 spernit
1881 3576 1976 3636 atl-

391 3671 578 3724 versa,
626 3659 753 3728 quia
786 3675 845 3715 se
897 3677 994 3732 per
1024 3664 1126 3718 hoc
1177 3665 1242 3718 ad
1295 3665 1486 3736 gaudia
1530 3674 1816 3720 venturum
1858 3682 1976 3722 esse

391 3749 631 3805 conﬁdit.
664 3749 858 3806 Dicens
903 3767 1026 3807 cum
1073 3753 1384 3822 Propheta:
1427 3755 1684 3809 Dominus
1733 3757 1979 3826 defensor

392 3843 512 3896 vitta
536 3859 662 3897 mea:
695 3860 728 3896 a
777 3859 879 3914 quo
915 3845 1205 3914 trepidabo,
1233 3854 1337 3901 etc.
1373 3845 1544 3917 (Psal.
1574 3845 1746 3916 xxvi).
1788 3846 1857 3899 At
1885 3847 1977 3917 qui

392 3932 573 4002 pravis
609 3932 810 3988 incedit
833 3934 935 3988 viis
952 3934 1143 3990 nolens
1169 3935 1318 4000 licet,
1349 3936 1579 4006 patescit
1617 3951 1680 3990 ac
1699 3935 1856 4008 digna
1901 3935 1977 3989 fa-

393 4022 496 4076 ctis
517 4022 706 4093 recipit
734 4041 749 4077 :
779 4023 914 4078 nihil
948 4025 1092 4079 enim
1113 4025 1384 4080 occultum
1442 4026 1585 4096 quod
1631 4042 1738 4082 non
1776 4027 1980 4082 revela-

394 4111 557 4167 bitur.

468 4199 571 4267 Qui
599 4203 783 4258 annuit
815 4203 966 4259 oculo
1009 4204 1153 4259 dabit
1189 4203 1442 4259 dolorem.
1483 4205 1586 4273 Qui
1614 4200 1835 4261 nutibn's
1855 4221 1980 4262 ocu-

397 4292 570 4350 lorum
630 4294 818 4352 irridet
866 4297 1103 4367 aliquem
1135 4313 1244 4352 non
1274 4297 1454 4352 evadit
1508 4296 1626 4353 sine
1651 4298 1834 4353 dolore
1863 4307 1979 4353 tor-

399 4387 564 4440 menti
606 4395 699 4440 aut
730 4387 1097 4456 paenitudinis.
1127 4387 1205 4443 De
1227 4374 1473 4458 qualibus
1499 4387 1629 4444 dicit
1654 4387 1973 4444 Psalmista:

403 4477 505 4542 Qui
550 4479 769 4533 oderunt
817 4496 899 4535 me
937 4481 1099 4551 gratis
1145 4490 1195 4534 et
1242 4479 1542 4534 annuebant
1595 4479 1759 4534 oculis
1801 4479 1976 4552 (Psal.

399 4571 604 4640 xxxnv).
635 4571 731 4626 Vel
771 4579 918 4627 certe
957 4572 1048 4642 qui
1079 4571 1269 4626 annuit
1302 4571 1477 4634 oculo,
1516 4571 1663 4625 dabit
1711 4571 1976 4634 dolorem,

399 4659 523 4729 quia
556 4659 700 4730 [ilius
735 4660 924 4716 stultus
950 4663 1194 4715 maestitia
1221 4672 1292 4716 est
1324 4663 1478 4714 matri
1503 4678 1630 4715 suae.

469 4752 673 4810 Stultus
707 4755 860 4810 labiis
912 4756 1284 4810 verberabitur.
1328 4756 1393 4809 Et
1447 4756 1558 4810 suis
1583 4754 1831 4810 videlicet
1854 4756 1976 4824 qui-

398 4847 500 4901 bus
534 4846 780 4922 damnari
830 4849 1048 4914 meruit,
1075 4849 1200 4918 quia
1228 4862 1374 4903 mors
1403 4857 1457 4901 et
1485 4847 1596 4901 vita
1644 4848 1696 4901 in
1733 4847 1979 4903 manibus

400 4937 615 5008 linguae,
639 4938 721 4994 vel
750 4953 939 4993 eorum
970 4956 998 4992 a
1025 4939 1240 5008 quibus,
1267 4939 1392 5007 quia
1425 4939 1624 5008 corrigi
1651 4953 1756 4992 non
1782 4938 1976 5007 potuit,

399 5029 723 5083 sententiam
759 5029 1121 5085 damnationis
1172 5030 1400 5100 accepit.
1442 5029 1720 5097 Quomodo
1763 5029 1982 5084 Psalmi-

400 5128 484 5175 sta
513 5137 637 5176 cum
661 5121 766 5175 ait:
805 5121 1045 5185 Domine,
1079 5119 1241 5174 libera
1289 5123 1521 5176 animam
1548 5140 1716 5177 meam
1761 5142 1792 5178 a
1830 5123 1982 5178 labiis

401 5204 592 5280 iniqui}
617 5220 665 5264 et
697 5227 729 5264 a
765 5210 944 5282 lingua
990 5209 1174 5266 dolosa
1207 5209 1378 5284 (Psal.
1427 5214 1598 5285 ωαχ),
1623 5224 1911 5284 utrumque
1953 5229 1983 5270 a

402 5299 631 5354 Domino
664 5302 877 5370 quaerit,
910 5311 969 5357 ut
996 5310 1050 5358 et
1069 5302 1184 5373 ipse
1227 5302 1370 5358 labia
1419 5303 1600 5373 iniqua
1652 5320 1717 5359 ac
1745 5305 1981 5376 linguam

401 5388 643 5445 dolosam
678 5407 784 5448 non
822 5393 1038 5461 habeat,
1061 5403 1116 5450 et
1160 5393 1386 5449 aliorum
1423 5395 1706 5466 iniquitate
1740 5411 1806 5451 ac
1847 5397 1985 5452 dolis

401 5480 624 5538 minime
649 5485 820 5554 possit
840 5487 1034 5557 decipi.

482 5571 624 5630 Vena
659 5577 776 5632 vitta
817 5596 872 5634 os
908 5580 1066 5649 justi.
1098 5580 1166 5635 Et
1212 5581 1473 5637 Dominus
1525 5583 1590 5638 de
1628 5584 1978 5639 doctoribus:

405 5663 508 5732 Qui
535 5671 720 5736 credit,
751 5670 945 5740 inquit,
969 5673 1022 5725 in
1060 5689 1162 5740 me,
1195 5674 1328 5727 sicut
1366 5673 1493 5727 dicit
1518 5672 1787 5745 Scriptura
1813 5715 1826 5740 ,
1877 5677 1982 5744 flu-

402 5761 543 5815 mina
571 5762 634 5815 de
665 5772 838 5816 ventre
861 5763 976 5832 ejus
1005 5765 1164 5833 fluent
1189 5781 1339 5836 aqua:
1363 5767 1506 5820 virtu.

477 5854 542 5908 Et
589 5872 646 5910 os
684 5856 966 5924 impiorum
999 5856 1162 5926 operit
1206 5857 1475 5928 iniquitas.
1511 5858 1660 5928 lmpii
1717 5865 1837 5913 sunt
1887 5857 1978 5928 qui

729 5944 1002 6010 Ρηιιοι.
1059 5948 1222 6012 CXI.

2069 2011 2194 2081 quia
2221 2018 2431 2081 tempus
2464 2009 2674 2065 tacendi
2699 2017 2754 2064 et
2780 2017 2990 2080 tempus
3017 2008 3266 2079 loquendi
3293 2029 3306 2063 :
3350 2010 3501 2066 Unde
3527 2011 3660 2065 Pro-

2069 2104 2268 2174 pheta:
2313 2102 2454 2156 Dum
2489 2103 2814 2168 consisteret,
2842 2102 3039 2172 inquit,
3084 2114 3326 2172 peccator
3383 2104 3660 2159 adversum

2069 2213 2171 2261 me,
2195 2195 2432 2250 obmutui
2455 2206 2500 2250 et
2537 2195 2846 2250 humiliatus
2868 2213 3008 2261 sum,
3031 2206 3076 2250 et
3107 2196 3232 2250 silui
3253 2214 3285 2251 a
3305 2197 3452 2252 bonis
3481 2196 3658 2270 (Psal.

2071 2287 2336 2360 xxxviii);
2379 2297 2431 2342 et
2456 2286 2780 2357 Apostolus:
2814 2286 2964 2341 Nihil
2983 2287 3223 2357 judicavi
3247 2305 3327 2343 me
3373 2289 3506 2343 scire
3527 2289 3664 2344 inter

2071 2397 2200 2446 vos,
2266 2381 2367 2435 nisi
2445 2377 2714 2435 Christum
2775 2378 2958 2434 Iesum
3032 2389 3082 2434 et
3147 2381 3284 2434 hunc
3348 2383 3663 2451 cruciﬁxum

2073 2473 2129 2545 (ι
2155 2473 2276 2528 Cor.
2316 2473 2397 2546 ιι).

2147 2563 2219 2619 Os
2259 2575 2432 2618 autem
2489 2563 2639 2618 stulti
2689 2563 2988 2632 confusioni
3033 2564 3331 2633 proximum
3373 2575 3470 2619 est.
3525 2566 3662 2632 Quia
3751 2595 3767 2605 -

2075 2657 2158 2714 vel
2183 2657 2489 2714 inordinate
2532 2659 2694 2722 bona,
2723 2656 2808 2712 vel
2849 2664 3033 2726 aperte
3062 2655 3300 2726 loquitur
3327 2657 3488 2712 mala.

2147 2749 2455 2805 Substantia
2481 2750 2657 2803 divitis
2683 2749 2804 2802 urbs
2831 2748 3155 2818 fortitudinis
3179 2749 3312 2818 ejus,
3340 2766 3502 2818 pavor
3529 2766 3666 2820 pau-

2073 2857 2252 2911 perum
2271 2850 2468 2911 egestas
2485 2838 2894 2894 eorum.Divites
2910 2839 3253 2894 conliduntin
3272 2839 3490 2903 divitiis,
3511 2838 3664 2908 quasi

2076 2931 2132 2986 in
2160 2932 2292 2987 urbe
2315 2932 2553 2997 munita;
2580 2946 2844 3002 pauperes
2870 2931 2992 2986 ideo
3017 2940 3231 3000 pavent,
3283 2946 3349 2985 ne
3388 2929 3665 2990 deﬁciant,

2075 3023 2202 3090 quia
2227 3037 2285 3077 se
2311 3030 2511 3077 norunt
2539 3036 2756 3092 egenos.
2783 3019 3112 3090 Spiritaliter
3133 3019 3225 3090 qui
3251 3021 3302 3074 in
3324 3020 3681 3102 Deumd'p'es.

2075 3124 2160 3171 est
2208 3130 2326 3188 per-
2349 3114 2491 3169 bona
2539 3127 2724 3184 opera,
2755 3111 2977 3168 conﬁdit
3026 3111 3080 3166 in
3112 3111 3225 3179 illo,
3251 3112 3402 3181 quasi
3448 3111 3501 3166 in
3533 3111 3666 3165 urbe

2076 3205 2495 3278 inexpugnabili,
2535 3205 2662 3276 quia
2717 3221 2746 3258 a
2792 3203 2937 3259 nullo
2975 3211 3154 3273 potest
3186 3205 3339 3258 hoste
3385 3201 3662 3272 superari;

2076 3306 2133 3352 at
2159 3298 2252 3368 qui
2285 3298 2544 3352 virtutum
2572 3297 2754 3368 inopia
2780 3303 3238 3368 coangustautur,
3284 3295 3404 3350 ideo
3431 3293 3668 3350 cwlesti-

2072 3389 2176 3444 bus
2214 3397 2376 3460 egent
2417 3388 2639 3452 divitiis,
2663 3387 2788 3458 quia
2819 3386 2982 3441 noxio
3011 3400 3210 3456 pavore
3262 3384 3456 3439 timent
3504 3383 3668 3440 duros

2075 3491 2173 3547 pro
2202 3477 2432 3531 Domino
2470 3476 2703 3530 tolerare
2724 3475 2955 3530 labores.

2144 3568 2484 3622 Abscondunt
2509 3567 2688 3621 odium
2717 3564 2859 3620 labia
2884 3565 3184 3627 mendacia,
3211 3565 3300 3634 qui
3324 3563 3521 3634 profert
3543 3581 3668 3620 con-

2078 3658 2348 3713 tumeliam
2374 3659 2622 3728 insipiens
2649 3667 2746 3710 est.
2775 3655 2830 3711 Si
2861 3671 2990 3727 ergo
3027 3670 3190 3709 verax
3225 3661 3280 3708 et
3303 3655 3518 3723 sapiens
3543 3669 3668 3709 esse

2078 3749 2375 3813 desideras,
2399 3748 2583 3804 odium
2621 3763 2797 3818 neque
2843 3749 2895 3802 in
2935 3746 3252 3803 abscondito
3279 3747 3458 3802 cordis
3489 3756 3670 3802 conte-

2079 3857 2164 3912 ge,
2197 3855 2297 3895 nec
2322 3854 2419 3909 per
2457 3839 2568 3894 oris
2591 3839 2971 3894 contumeliam
3007 3837 3190 3908 profer
3211 3878 3226 3904 ,
3281 3836 3378 3892 sed
3408 3846 3557 3891 ttmm
3614 3845 3670 3893 et

2079 3945 2175 3984 cor
2196 3929 2481 3984 dilectione
2500 3937 2553 3982 et
2575 3943 2638 3982 os
2661 3928 2888 3983 veritate
2913 3927 3204 3997 repleatur.

2153 4020 2320 4087 Quasi
2353 4036 2444 4089 per
2472 4020 2635 4074 risum
2668 4023 2858 4072 stultus
2885 4028 3133 4088 aperatur
3152 4017 3320 4072 scelus
3346 4060 3359 4084 ,
3411 4020 3669 4090 sapientia

2081 4123 2250 4167 autem
2296 4121 2371 4168 est
2410 4114 2522 4167 viro
2563 4111 2866 4182 prudentia.
2911 4110 3203 4166 Prudentia
3252 4127 3284 4166 a
3335 4112 3668 4182 providendo

2081 4222 2276 4262 nomen
2301 4206 2520 4277 accipit,
2551 4205 2747 4262 stultus
2786 4212 2871 4260 est
2911 4203 3073 4275 igitur
3097 4203 3188 4273 qui
3233 4205 3430 4274 gaudet
3459 4205 3512 4259 in
3561 4220 3671 4261 sce-
3771 4192 3781 4205 ’

2080 4299 2211 4355 lere.
2243 4297 2514 4369 Sapientis
2554 4305 2734 4352 autem
2779 4302 2864 4350 est
2904 4303 2961 4350 et
3005 4293 3141 4366 ejus,
3173 4294 3266 4366 qui
3306 4294 3408 4349 viri
3456 4295 3672 4351 nomine

2081 4391 2274 4460 dignus
2300 4390 2370 4444 sit
2403 4389 2718 4460 praevidere,
2749 4391 2874 4458 quia
2923 4387 3063 4443 risus
3093 4386 3277 4442 dolore
3324 4387 3667 4452 miscebitur,

2081 4493 2134 4540 et
2155 4483 2347 4553 gaudia
2380 4483 2638 4553 peccandi
2667 4497 2827 4552 poena
2851 4490 3108 4552 sequetur
3128 4481 3368 4536 ultionis.
3682 4478 3692 4488 '

2158 4575 2311 4641 Quod
2351 4577 2496 4629 timet
2525 4575 2716 4646 impius
2765 4575 2926 4630 veniet
2969 4591 3125 4644 super
3156 4591 3294 4628 eum.
3340 4573 3671 4628 Desiderium

2083 4683 2239 4722 suum
2272 4667 2434 4737 justis
2470 4666 2701 4719 dabitur.
2735 4666 2811 4720 De
2842 4665 2931 4720 illo
2962 4665 3124 4734 impio
3152 4663 3315 4728 dicit,
3361 4664 3451 4732 qui
3495 4664 3672 4716 sciens

2084 4766 2292 4828 peccat,
2323 4759 2477 4812 timet
2497 4773 2624 4828 ergo
2649 4758 2847 4828 impius
2865 4757 3050 4812 videre
3072 4756 3377 4810 districtum
3400 4753 3668 4823 judicent:

2087 4849 2554 4919 Desideraut'justi
2590 4849 2809 4904 dissolvi
2837 4857 2892 4902 et
2919 4863 3037 4903 esse
3060 4862 3183 4901 cum
3217 4844 3453 4900 Christo.
3483 4844 3573 4898 llle
3606 4861 3671 4898 ne

2089 4941 2318 4995 terrenis
2346 4938 2558 5010 gaudiis
2585 4941 2845 5011 privetur,
2875 4949 2931 4994 et
2965 4937 3290 5008 sempiterna
3335 4937 3538 4992 ultione
3567 4937 3673 5007 plc-

2088 5042 2312 5088 clatur:
2355 5032 2443 5087 isti
2497 5048 2563 5087 ne
2601 5031 2866 5086 incolatus
2915 5045 3101 5086 eorum
3143 5027 3528 5099 prolongetur,
3576 5030 3669 5083 sed

2083 5125 2307 5195 pnemia
2360 5140 2456 5195 pro
2497 5124 2691 5195 quibus
2743 5133 3019 5179 certavere
3060 5119 3381 5191 percipiant.
3418 5119 3670 5190 Utrisque

2085 5225 2264 5271 autem
2289 5215 2429 5286 quod
2460 5217 2623 5272 corde
2657 5224 2842 5270 tenent
2868 5214 3136 5270 adveniet.

2156 5308 2361 5374 ’ρειαεὲ
2391 5319 2666 5379 tempestas
2703 5308 2961 5361 transiens
2991 5323 3093 5360 non
3120 5306 3219 5359 erit
3247 5306 3458 5376 impius.
3482 5303 3516 5357 Ι
3523 5314 3669 5359 ustus

2085 5410 2260 5454 autem
2281 5401 2432 5470 quasi
2459 5399 2856 5469 fundamentum
2888 5398 3274 5466 sempiternum.
3308 5395 3382 5451 De
3413 5412 3667 5467 persecu-

2089 5491 2324 5546 tionibns
2346 5489 2598 5545 Ecclesia:
2624 5489 2777 5550 dicit,
2798 5489 2890 5558 qui
2935 5489 3154 5544 domum
3192 5486 3314 5543 ﬁdei
3357 5488 3671 5544 subvertere

2087 5591 2351 5654 quaerunt,
2380 5582 2470 5637 sed
2529 5581 2616 5635 illa
2661 5581 2715 5634 in
2745 5595 2876 5635 vero
2910 5579 3277 5645 fundamento,
3309 5579 3410 5633 hoc
3451 5588 3565 5642 est,
3617 5579 3670 5632 in

2085 5674 2304 5730 Christo
2331 5673 2591 5728 collocata
2619 5685 2632 5724 :
2666 5671 2763 5740 ipsi
2793 5671 3064 5741 extemplo
3093 5671 3424 5740 dispereunt.

2157 5764 2301 5820 Sicut
2333 5753 2536 5820 doctum
2559 5764 2822 5830 dentibus,
2845 5773 2891 5817 et
2934 5764 3110 5833 fumus
3144 5760 3308 5816 oculis
3335 5800 3350 5824 ,
3403 5762 3478 5814 sic
3525 5761 3660 5828 pigci

2084 5857 2164 5914 his
2215 5860 2304 5930 qui
2339 5860 2590 5915 miserunt
2639 5874 2776 5914 sum.
2823 5856 2976 5913 Sicut
3020 5855 3394 6003 luerosicorum
3443 5849 3666 5923 perﬁdia

3157 5947 3173 5975 ‘
3199 5944 3233 6003 3

3157 5944 3233 6003 ‘23
