4100 6324
466 365 568 420 715

1111 358 1172 416 Β.
1209 359 1462 418 ΒΑΒΔΝΙ
1499 355 1720 416 MAURl
1753 356 2076 415 ARCHIEP.
2115 355 2428 416 MOGUNT.
2453 355 2740 416 OPERUM
2777 356 2956 414 PARS
2990 351 3080 414 IlI.

3623 357 3730 420 710

459 481 619 538 bonis
637 478 952 536 doctoribus
980 475 1282 536 molestiam
1325 485 1550 549 generat
1572 487 1628 532 et
1652 476 1941 546 lacrymas,
1965 471 2045 528 sic
2071 473 2125 534 Α
2148 469 2260 524 sive
2284 469 2642 542 ignorantiam
2669 467 2988 539 disciplinae,
3016 467 3102 524 vel
3137 467 3402 540 proximis
3445 475 3733 524 contume-

461 575 601 631 male
631 575 815 629 vivens
857 569 1168 627 Catholicus
1211 571 1291 626 eis
1331 571 1423 642 qui
1469 586 1528 628 se
1581 569 1740 626 ﬁdem
1787 582 1940 622 suam
1981 579 2048 618 ex

462 671 714 744 operibus
766 667 1053 725 ostendere
1095 664 1376 734 jusserunt
1419 680 1518 736 per
1563 663 1816 720 inertiam
1867 659 2049 732 gravis

461 771 562 820 est.
593 761 746 818 Oculi
771 759 968 830 Quippe
989 766 1045 812 et
1093 757 1284 814 dentes
1302 754 1734 828 praedicationes
1772 759 1897 807 sunt
1925 765 2048 805 san-

463 863 561 910 ctae
600 851 875 916 Ecclesiae,
897 849 990 919 qui
1019 856 1072 904 et
1104 856 1254 905 recta
1285 847 1482 902 itinera
1534 841 1830 915 praevidere
1859 851 1915 894 et
1947 837 2048 892 ali-

461 953 645 1002 menta
660 943 922 1016 spiritalia
945 955 1231 1014 suggerere
1249 938 1423 996 solent
1447 951 1463 994 :
1489 951 1650 1008 porro
1671 943 1883 990 acetum
1905 929 2050 1002 quod

461 1056 495 1094 a
519 1039 646 1094 vino
673 1037 964 1108 degenerat
985 1074 1000 1100 ,
1031 1041 1089 1089 et
1130 1031 1308 1091 fumus
1337 1031 1429 1106 qui
1467 1028 1537 1084 ab
1576 1030 1700 1100 igne
1746 1025 2050 1082 ascendens

385 1130 397 1138 ’
461 1128 760 1195 evanescit,
799 1141 894 1182 eos
921 1125 1014 1198 qui
1038 1125 1105 1180 ab
1133 1121 1514 1179 Ecclesiastica
1544 1118 1810 1177 suavitate
1835 1123 1891 1171 et
1915 1110 2046 1171 cha-

466 1225 625 1280 ritate
648 1237 746 1294 per
771 1218 1079 1293 superbiam
1117 1225 1174 1274 et
1214 1215 1513 1274 socordiam
1551 1212 1866 1269 recedentes
1909 1208 2051 1262 hanc

463 1314 626 1369 etiam
645 1310 828 1368 verbis
848 1310 1165 1382 impugnant
1185 1306 1416 1378 ﬁgurate
1440 1303 1780 1360 denuntiant.
1817 1300 1893 1354 De
1922 1297 2045 1368 qui-

461 1407 564 1462 bus
586 1404 718 1461 dicit
761 1402 998 1476 Joaunes
1026 1418 1042 1456 :
1071 1399 1159 1454 Ea:
1187 1399 1336 1454 nobis
1362 1397 1622 1462 exierunt,
1642 1392 1732 1450 sed
1762 1408 1869 1447 non
1897 1396 2051 1445 erant.

462 1514 526 1552 ex
551 1497 720 1562 nobis,
752 1501 856 1551 etc.
1581 1483 1584 1488 ’

536 1588 718 1645 Timor
742 1586 956 1644 Domini
983 1591 1206 1658 apponet
1235 1581 1366 1649 dies,
1391 1585 1440 1635 et
1476 1577 1603 1633 anni
1624 1575 1906 1647 impiorum
1934 1570 2049 1626 bre-

463 1683 758 1741 viabuntur.
789 1679 893 1753 Qui
935 1677 1046 1734 Deo
1083 1674 1312 1732 ﬁdeliter
1361 1672 1629 1735 serviunt,
1687 1675 1891 1723 aeterna
1928 1664 2048 1719 luce

467 1774 808 1829 donabuntur
837 1788 852 1824 :
882 1778 938 1824 at
968 1767 1060 1837 qui
1083 1765 1346 1846 impietati
1368 1763 1768 1833 mancipantur,
1795 1771 1917 1812 cum
1945 1753 2049 1809 hac

463 1867 574 1921 vita
595 1856 826 1936 perdunt
843 1861 984 1917 bona
1013 1875 1132 1932 quae
1171 1856 1444 1916 amabant.

541 1952 1172 2034 Easpectatiojustorum,
1195 1947 1400 2014 lwtitia,
1426 1963 1540 2018 spes
1565 1954 1738 2000 autem
1765 1941 2046 2034 impiorum

462 2046 666 2120 peribit.
690 2044 845 2100 Patet
874 2029 1018 2114 rquia
1059 2039 1191 2109 justi
1233 2039 1503 2093 laetantur
1549 2037 1601 2089 in
1645 2029 2047 2104 exspectatione

461 2139 587 2193 vita:
637 2135 950 2206 sequentis,
1011 2129 1256 2202 quamvis
1319 2127 1708 2184 contristentur
1757 2119 2046 2204 atllictione

462 2242 730 2299 pressura:
753 2223 1064 2298 praesentis;
1111 2221 1252 2276 unde
1290 2227 1374 2274 est
1413 2216 1546 2272 illud
1573 2233 1586 2270 :
1617 2213 1696 2268 Tu
1728 2229 1782 2266 es
1809 2211 1938 2264 mihi
1964 2227 2046 2264 re-

463 2321 668 2392 fugium
712 2335 745 2372 a
779 2331 1026 2389 pressura
1067 2319 1184 2384 quae
1233 2306 1576 2365 circumdedit
1626 2321 1731 2370 me,
1762 2299 2044 2392 exsultatio

463 2388 576 2466 mea
603 2388 792 2480 (Eccli.
828 2403 924 2478 LI).
963 2403 1036 2459 At
1060 2418 1189 2458 vero
1237 2400 1386 2471 impii
1409 2398 1501 2468 qui
1547 2412 1605 2452 se
1631 2399 1842 2468 putant,
1872 2392 1924 2446 in
1955 2388 2043 2444 fu-

460 2512 586 2560 turo
611 2499 972 2572 requietums,
1008 2503 1101 2550 aut
1128 2501 1275 2550 certe
1298 2491 1474 2547 nullos
1511 2496 1634 2560 post
1679 2491 1913 2545 mortem
1953 2480 2041 2535 fu-

462 2606 648 2663 turos,
701 2593 980 2650 falluntur.
1016 2585 1204 2660 Neque
1255 2587 1381 2642 huic
1432 2590 1698 2655 repugnat
1737 2579 2042 2644 sentcntiae,

463 2689 607 2761 quod
631 2702 794 2759 supra
839 2685 1042 2740 dictum
1066 2692 1168 2746 est,
1192 2679 1329 2752 quod
1353 2679 1494 2734 timet
1524 2675 1732 2747 impius,
1765 2673 1924 2728 veniet
1947 2687 2040 2726 su-

460 2799 553 2853 per
574 2795 712 2843 eum,
750 2785 876 2834 sunt
905 2775 1048 2830 enim
1087 2773 1179 2844 qui
1207 2772 1440 2827 scientes
1491 2767 1733 2824 futurum
1774 2765 2040 2821 bonorum

462 2873 833 2942 malorumque
879 2867 1142 2941 judicium
1181 2864 1532 2920 nihilominus
1577 2859 1905 2932 negligentia
1955 2855 2042 2912 vel

462 2961 836 3068 despgratione
873 2957 956 3013 vel
983 2955 1145 3011 etiam
1183 2955 1251 3010 de
1280 2951 1542 3012 industria
1598 2957 1865 3022 peccant:
1897 2946 2042 3002 Tali-

462 3055 475 3068 .
513 3036 556 3068 α
736 3052 748 3064 ο
795 3049 978 3068 μέμ--
1028 3062 1177 3068 ___-n-
1211 3047 1403 3068 .zﬂ.-_.
1435 3043 1710 3068 -,ι......τι.ι.
1769 3047 1888 3068 οη...
1946 3038 2035 3068 ,ηις

461 3036 564 3110 Βῶ
583 3036 710 3124 ἆεο
733 3049 983 3106 interitus
1021 3062 1183 3120 quem
1211 3047 1407 3102 timent
1432 3043 1712 3110 adveniet;
1769 3047 1912 3104 sunt,
1945 3038 2037 3108 qui

460 3145 603 3200 mala
635 3159 756 3214 qua:
786 3139 990 3196 iaciunt
1013 3147 1106 3194 aut
1129 3152 1403 3209 nunquam
1442 3133 1711 3211 punienda
1745 3133 2034 3196 aestimant,

2146 557 2248 615 lias
2276 561 2550 632 ingerunt,
2571 557 2657 615 vel
2681 567 2830 615 certe
2869 559 2997 632 quia
3031 559 3198 616 omnis
3225 558 3316 629 qui
3346 575 3400 614 se
3421 557 3619 613 exultat
3641 558 3746 620 Itu-

2147 651 2437 708 miliabitur
2459 650 2675 726 (Matth.
2706 650 2886 726 mu).

2222 743 2320 800 Ubi
2341 755 2514 801 autem
2541 743 2830 810 humilitas,
2855 743 2930 799 ibi
2967 745 3242 816 sapientia.
3265 741 3620 811 Abscondislt,
3645 743 3736 800 iti-

2146 841 2283 912 quit,
2309 840 2420 894 [nec
2449 859 2482 894 a
2511 836 2832 912 sapientibus
2869 849 2918 895 et
2944 839 3312 914 prudentibus,
3335 849 3385 894 et
3409 835 3645 895 revelain
3669 855 3735 896 ea

2143 923 2376 1004 parvulis
2407 931 2624 1004 (Matth.
2659 929 2760 1004 xl),
2789 931 2843 988 id
2866 941 2972 998 est,
2994 929 3304 988 humilibus.

2221 1021 2432 1078 Mortuo
2457 1024 2667 1080 homine
2715 1023 2896 1094 impio,
2925 1019 3071 1078 nulla
3125 1024 3224 1078 erit
3269 1021 3409 1078 ultra
3434 1039 3568 1095 spes.
3616 1021 3736 1080 Heu

2109 1121 2343 1182 .misere
2373 1120 2513 1176 hanc
2539 1121 2863 1176 sententiam
2890 1119 3188 1190 pertransit
3207 1119 3491 1192 Origenes,
3508 1117 3738 1190 quipost

2138 1212 2454 1284 universale
2513 1220 2928 1281 extremumque
2980 1211 3244 1282 judicium
3280 1211 3446 1266 vitam
3505 1209 3737 1268 credidit

2147 1304 2394 1359 omnibus
2435 1303 2614 1374 impiis
2650 1311 2706 1359 et
2749 1300 3124 1374 peccatoribus
3150 1301 3400 1358 dandam.
3431 1299 3734 1360 Notandum

2148 1401 2352 1460 autem,
2381 1393 2506 1464 quia
2531 1393 2632 1448 etsi
2659 1392 2840 1466 impiis
2867 1400 2990 1464 post
3021 1401 3246 1448 mortem
3269 1407 3393 1464 spes
3419 1391 3587 1446 venia:
3626 1409 3736 1448 non

2147 1492 2252 1548 est,
2285 1491 2411 1538 sunt
2454 1491 2635 1540 tamen
2663 1483 2756 1554 qui
2789 1481 2856 1539 de
2897 1476 3192 1539 levioribus
3220 1482 3463 1555 peccatis
3484 1523 3498 1546 ,
3541 1482 3737 1552 quibus

2147 1572 2367 1644 obligati
2391 1571 2631 1630 defuncti
2658 1583 2804 1640 sunt,
2834 1584 2960 1646 post
3000 1585 3230 1630 mortem
3254 1583 3480 1645 possunt
3503 1570 3730 1642 absolvi,

2149 1665 2234 1720 vel
2279 1665 2458 1734 poenis
2485 1662 2734 1725 videlicet
2777 1667 3022 1738 castigati
3061 1663 3147 1721 vel
3191 1681 3410 1722 suorum
3461 1655 3732 1737 precibus,

2149 1755 2526 1828 elcemosynis,
2558 1759 2844 1812 missarum
2873 1757 3329 1813 celebrationibus
3356 1755 3612 1824 absoluti,
3637 1756 3736 1813 sed
3811 1757 3818 1764 ’

2075 1837 2124 1898 Β
2153 1848 2269 1902 luec
2295 1848 2704 1920 quibuscunque
2743 1847 2896 1914 ﬁunt,
2924 1858 2978 1904 et
3011 1855 3138 1904 ante
3165 1847 3448 1919 judicium,
3477 1857 3532 1903 et
3556 1848 3622 1904 de
3652 1847 3731 1904 le-

2147 1938 2386 1994 vioribus
2427 1939 2564 1994 ﬁunt
2587 1939 2877 1996 erratibus.
2905 1938 3006 2008 Qui
3029 1929 3158 1996 vero
3179 1956 3238 1996 se
3258 1937 3418 2012 longo
3447 1948 3571 2013 post
3591 1938 3734 2010 judi-

2147 2018 2288 2084 cium
2332 2039 2594 2101 tempore,
2625 2030 2936 2088 liberandos
2982 2039 3198 2104 putant.
3225 2027 3486 2088 falluntur
3533 2040 3589 2088 et
3618 2030 3730 2088 for-

2149 2131 2294 2180 tasse
2325 2124 2392 2178 ad
2415 2140 2508 2180 eos
2535 2126 2770 2196 pertinet
2800 2123 2944 2196 quod
2975 2124 3237 2196 sequitur.

2216 2213 2286 2268 Et
2329 2215 2640 2286 exspectatio
2687 2214 3033 2270 sollicitarum
3090 2215 3298 2287 peribit.
3350 2213 3486 2272 Item
3513 2211 3617 2273 alia
3647 2217 3732 2273 est

2147 2315 2486 2382 sollicitudo,
2534 2331 2696 2386 quam
2735 2316 2860 2372 boui
2913 2332 3127 2386 semper
3187 2315 3255 2371 ad
3312 2315 3581 2386 implenda
3634 2307 3728 2372 Dei

2143 2411 2412 2476 praecepta
2440 2416 2562 2460 sunt
2587 2405 2818 2462 accincti
2843 2421 2858 2460 :
2885 2407 2988 2462 alia
3020 2422 3128 2477 qua
3156 2408 3391 2478 reprobi,
3417 2407 3728 2463 cumscien-

2148 2505 2229 2552 tes
2255 2505 2501 2566 peccant,
2539 2495 2754 2554 solliciti
2797 2506 3044 2554 metuunt
3093 2499 3309 2570 quando
3334 2507 3592 2556 aeternam
3621 2498 3726 2554 'ra-

2139 2588 2361 2662 piantur
2393 2589 2460 2643 ad
2494 2603 2710 2659 poenam
2734 2629 2748 2652 ,
2800 2589 3028 2660 ideoque
3079 2598 3227 2646 recte
3260 2591 3595 2661 exspectatio
3636 2605 3728 2645 eo-

2145 2697 2267 2736 rum
2312 2681 2537 2752 quiDeo
2565 2681 2794 2737 sollicita
2823 2690 3006 2738 mente
3047 2683 3292 2738 serviunt
3336 2682 3720 2738 coronabitur:

2145 2790 2334 2830 eorum
2359 2789 2490 2830 vero
2517 2774 2610 2846 qui
2637 2774 2808 2830 Deum
2855 2783 3260 2832 contemnentes
3305 2785 3361 2830 et
3402 2783 3528 2830 ante
3577 2773 3724 2844 judi-

2143 2867 2287 2923 cium
2337 2865 2453 2937 ejus
2495 2867 2711 2938 propria
2759 2868 3092 2926 conscientia
3140 2883 3200 2926 se
3258 2879 3550 2925 accusante
3599 2885 3726 2925 con-

2144 2958 2486 3014 demnantur.
2506 2959 2840 3032 Exspectatio
2853 2960 3200 3018 sollicitarum
3211 2961 3414 3017 oeribit.
3432 2961 3584 3018 Hunc
3605 2977 3725 3018 ver-

2142 3067 2260 3108 sum
2287 3053 2444 3126 longe
2467 3053 2625 3109 aliter
2651 3055 2815 3112 habet
2837 3056 3058 3125 antiqua
3093 3055 3372 3113 translatio
3393 3097 3409 3120 ,
3451 3071 3572 3128 qua:
3605 3055 3720 3114 ait:

2140 3140 2390 3214 Defuncti
2416 3145 2642 3201 hominis
2671 3145 2808 3218 justi
2840 3163 2946 3204 non
2966 3147 3152 3220 peribit
3177 3164 3314 3219 spes,
3339 3147 3506 3220 gloria
3545 3158 3724 3204 autem

461 3246 556 3293 aut
592 3239 728 3293 bene
766 3243 936 3314 gesta,
966 3233 1190 3302 ideoque
1221 3230 1364 3286 bona
1404 3224 1650 3282 mercede
1684 3237 2038 3280 remuneran-
2064 3227 2110 3292 ρ
2141 3237 2420 3308 impiorum
2446 3237 2650 3308 peram.

459 3331 527 3387 da
556 3327 826 3400 iudicant,
849 3327 914 3382 de
940 3325 1137 3397 quibus
1158 3331 1306 3379 recte
1334 3321 1533 3376 dicitur
1563 3337 1577 3370 :
1622 3315 1758 3388 Quia
1791 3333 1905 3388 spes
1929 3317 2030 3372 im-

457 3419 664 3490 piorum
683 3417 891 3488 peribit,
921 3431 1047 3470 nam
1067 3421 1124 3468 et
1147 3413 1214 3470 de
1237 3412 1324 3468 his
1353 3411 1445 3482 qui
1465 3409 1699 3466 scientes
1713 3407 2036 3480 delinquunt

458 3510 853 3579 subsequenter
874 3505 1134 3578 adjungit.

528 3597 810 3654 Fortitudo
853 3595 1102 3667 simplicis
1127 3595 1211 3648 via
1249 3591 1460 3648 Domini
1491 3633 1506 3660 ,
1559 3603 1607 3646 et
1636 3609 1796 3664 pavor
1831 3592 1913 3646 ius
1943 3591 2037 3664 qui

461 3699 744 3763 operantur
761 3687 978 3743 malum.
1035 3684 1114 3751 Si,
1147 3684 1360 3762 inquit,
1403 3682 1584 3740 abdita
1626 3681 2034 3755 Scripturarum

457 3780 914 3852 comprehendere
940 3793 1046 3833 non
1075 3777 1240 3842 vales,
1269 3791 1376 3832 non
1401 3785 1582 3832 tamen
1609 3775 1676 3832 de
1699 3775 1874 3831 salute
1913 3775 2034 3832 des-

457 3888 632 3944 peres,
658 3871 753 3928 sed
781 3869 1008 3948 gradere
1041 3865 1186 3924 viam
1224 3867 1457 3933 Domini,
1482 3881 1581 3938 age
1617 3865 1760 3922 bona
1787 3882 1907 3936 quae
1936 3883 2032 3922 no-

457 3967 558 4033 sti,
603 3973 658 4020 et
685 3963 828 4018 inter
852 3961 1022 4018 fortes
1044 3958 1558 4017 connumeraberis:
1593 3958 1689 4014 sed
1725 3959 1920 4014 merito
1939 3975 2030 4030 pa-

461 4071 620 4120 veant
637 4063 738 4129 illi,
765 4063 857 4134 qui
887 4070 1036 4118 recta
1057 4077 1178 4133 qua:
1199 4068 1398 4115 norunt
1438 4057 1619 4114 facere
1653 4063 2028 4120 contemnunt,

455 4156 578 4226 quia
600 4163 748 4212 certa
771 4162 980 4210 restant
1006 4168 1124 4222 quae
1146 4153 1423 4222 patiantur
1455 4149 1616 4205 mala.

1067 4242 1292 4300 CAPUT
1339 4241 1432 4298 X1.

529 4335 743 4390 Statera
768 4331 953 4412 dolosa
985 4331 1304 4384 abominatio
1329 4331 1470 4400 apud
1492 4330 1796 4397 Dominum,
1821 4337 1868 4384 et
1899 4346 2029 4400 pon-

453 4431 552 4480 dus
581 4440 788 4498 (equum
813 4422 1051 4478 voluntas
1105 4421 1239 4492 ejus.
1282 4421 1496 4478 Statera
1541 4423 1725 4478 dolosa
1775 4438 1880 4478 non
1909 4431 2028 4477 tan-

452 4524 565 4572 tum
590 4513 642 4570 in
681 4511 1081 4570 mensuratione
1122 4512 1382 4581 pecuniae,
1419 4511 1512 4566 sed
1558 4519 1614 4566 ct
1642 4511 1694 4566 in
1739 4511 2025 4582 judiciaria

2205 3326 2242 3382 Ι
2246 3338 2392 3386 ustus
2419 3328 2484 3384 de
2504 3329 2752 3405 angustia
2789 3329 3039 3388 liberatus
3072 3341 3170 3399 est,
3191 3340 3239 3390 et
3267 3329 3504 3386 tradetur
3526 3331 3723 3403 impius

2133 3432 2228 3488 pro
2254 3433 2334 3471 eo.
2360 3417 2562 3490 Martyr
2591 3418 2820 3490 quisque
2843 3419 2911 3476 de
2937 3421 3186 3492 angustia
3226 3420 3494 3492 passionis
3523 3420 3724 3476 libera-

2136 3517 2224 3568 tus
2257 3517 2362 3578 est,
2383 3520 2505 3582 post
2526 3520 2776 3577 mortem,
2809 3520 2864 3568 et
2893 3513 3136 3568 tradetur
3157 3513 3212 3569 in
3233 3528 3449 3584 pinnam
3475 3529 3572 3584 pro
3600 3513 3720 3585 ejus

2135 3615 2300 3658 Causa
2327 3610 2662 3670 persecutor,
2683 3602 2774 3672 qui
2808 3601 2954 3656 illum
3006 3605 3332 3675 angustavit.
3362 3603 3529 3662 Jacob
3571 3621 3717 3660 tuar-

2135 3693 2278 3764 tyrio
2305 3704 2596 3751 coronatus
2649 3703 2750 3763 est,
2777 3694 2973 3753 Petrus
3000 3697 3066 3752 de
3099 3713 3322 3754 carcere
3349 3698 3632 3765 liberatus,
3660 3705 3718 3754 et

2134 3782 2380 3839 Herodes
2407 3787 2500 3856 qui
2525 3800 2619 3842 eos
2657 3794 2973 3858 persecutus
2999 3796 3100 3855 est,
3133 3804 3163 3842 a
3192 3789 3468 3846 vermibus
3495 3789 3717 3844 visibili-

2136 3883 2218 3930 ter
2249 3885 2620 3946 consumptus,
2648 3885 2703 3932 et
2739 3877 3082 3934 invisibiliter
3121 3887 3309 3950 raptus
3353 3888 3457 3944 est,
3480 3881 3568 3934 ubi
3599 3896 3716 3934 ver-

2133 3968 2232 4023 mis
2253 3969 2365 4038 ejus
2398 3985 2504 4024 non
2533 3969 2785 4025 morietur
2822 3979 2870 4024 et
2898 3969 3034 4041 ignis
3058 3969 3174 4041 ejus
3217 3987 3323 4026 non
3357 3972 3718 4043 exstinguetur

2135 4057 2266 4129 (Isa.
2293 4058 2464 4130 LXVI).
3354 4045 3360 4048 ’

2204 4148 2500 4210 Simulator
2531 4165 2618 4205 ore
2646 4151 2835 4223 decipit
2879 4151 3108 4208 amicum
3137 4169 3290 4210 suum
3315 4192 3332 4222 ,
3368 4153 3506 4226 justi
3540 4166 3714 4210 autem

2131 4237 2489 4293 liberabuntur
2520 4239 2758 4296 scientia.
2783 4240 3080 4298 Hmreticus
3119 4243 3380 4315 simulans
3409 4245 3715 4302 doctrinam

2130 4329 2450 4386 catholicam
2477 4331 2676 4402 decipit
2703 4333 3002 4390 auditorem
3033 4349 3214 4402 suum,
3239 4337 3331 4406 qui
3364 4347 3542 4394 autem
3563 4336 3713 4406 juste

2128 4422 2414 4478 veritatem
2441 4433 2740 4494 sequuntur
2761 4425 3056 4497 Evangelii,
3083 4427 3455 4485 liberabuntur
3485 4432 3712 4486 scientia

2129 4512 2394 4569 catholica
2422 4529 2490 4569 ne
2511 4514 2754 4586 decipula
2785 4516 3063 4585 rapiantur
3083 4518 3354 4574 haeretica.

449 4603 775 4662 discretione
805 4609 970 4657 tenet.
1009 4599 1107 4667 Qui
1134 4600 1278 4654 enim
1318 4601 1474 4656 aliter
1499 4615 1718 4656 causam
1745 4602 2020 4672 pauperis,
2045 4586 2102 4650 Β
2197 4604 2302 4671 Qui
2323 4605 2538 4677 despicit
2566 4608 2791 4674 amicum
2816 4624 2992 4674 suum,
3029 4609 3264 4680 indigens
3291 4611 3444 4665 corde
3468 4621 3540 4665 est
3565 4653 3581 4678 ,
3631 4613 3710 4666 vir

446 4699 602 4753 aliter
621 4694 878 4768 potentis,
906 4691 1063 4746 aliter
1081 4689 1302 4758 sodalis,
1331 4691 1489 4746 aliter
1515 4691 1664 4750 audit
1691 4691 1874 4762 ignoti,
1907 4700 2021 4746 sta-

446 4799 562 4844 tera
587 4789 772 4858 utique
807 4785 968 4840 librat
1016 4783 1230 4854 iniqua;
1285 4783 1378 4837 sed
1405 4789 1460 4837 et
1487 4781 1534 4838 is
1581 4781 1695 4855 qui.
1727 4799 1824 4836 sua
1885 4783 2022 4840 bene

444 4897 594 4960 gesta
617 4889 839 4944 meliora
859 4901 1020 4958 quam
1045 4884 1414 4956 proximorum
1443 4893 1645 4949 suaque
1672 4885 1853 4930 errata
1873 4875 2020 4944 judi-

444 4992 530 5038 cat
556 4982 756 5038 leviora
781 4983 982 5038 trutina
1028 4979 1289 5050 ponderat
1329 4974 1533 5038 dolosa,
1566 4987 1665 5028 nec
1710 4986 1817 5025 non
1843 4978 1899 5025 et
1932 4969 2021 5025 ille

443 5075 536 5145 qui
557 5088 721 5130 onera
738 5071 1094 5144 importabilia
1119 5069 1346 5140 imponit
1365 5066 1420 5121 in
1441 5067 1696 5122 humeros
1719 5063 2014 5130 hominum,

443 5167 559 5237 ipse
579 5174 758 5222 autem
801 5183 910 5222 uno
943 5167 1110 5239 digito
1135 5179 1233 5220 suo
1263 5178 1368 5219 non
1400 5161 1516 5216 vult
1539 5175 1604 5216 ea
1635 5167 1854 5230 tangere
1880 5177 1893 5212 :
1927 5158 2018 5213 ille

442 5259 607 5314 etiam
651 5260 746 5329 qui
771 5257 911 5315 bona
957 5258 1014 5314 in
1067 5256 1280 5328 publico
1307 5262 1362 5311 et
1389 5253 1533 5308 mala
1561 5252 1672 5322 agit
1699 5251 1752 5306 in
1783 5249 2014 5316 occulto,

439 5364 542 5421 pro
569 5349 856 5422 iniquitate
893 5347 1044 5403 librae
1085 5347 1281 5404 dolosae
1316 5344 1658 5401 abominatur
1681 5358 1714 5397 a
1751 5341 2011 5408 Domino;

441 5451 501 5498 at
518 5441 612 5512 qui
635 5440 918 5498 sinceriter
937 5438 1049 5510 agit
1067 5438 1123 5492 in
1146 5435 1416 5502 omnibus,
1438 5435 1532 5505 qui
1559 5447 1778 5490 causam
1808 5439 1863 5488 et
1887 5446 2014 5487 cau-

441 5549 559 5591 sam
591 5548 744 5604 aequa
771 5531 928 5587 lance
956 5529 1231 5594 discernit,
1256 5528 1304 5584 is
1351 5527 1607 5583 nimirum
1647 5525 1782 5598 justi
1815 5524 2016 5596 judicis

438 5625 698 5686 voluntati
720 5633 778 5682 et
795 5623 995 5680 actioni
1010 5621 1280 5692 congruit.

2123 4708 2298 4752 autem
2333 4698 2562 4769 prudens
2588 4701 2794 4754 tacebit.
2823 4699 2940 4755 Non
2965 4709 3050 4756 est
3084 4701 3458 4772 despiciendus
3482 4703 3584 4771 vel.
3608 4704 3705 4758 dc-

2123 4790 2382 4846 ridendus
2405 4806 2437 4846 a
2467 4791 2641 4856 nobis,
2673 4792 2766 4862 qui
2805 4807 2902 4848 nos
2944 4792 3260 4863 simpliciter
3293 4809 3478 4868 amare
3501 4796 3704 4864 proba-

2123 4889 2230 4949 tur,
2252 4883 2464 4941 etiamsi
2513 4883 2690 4953 inepte
2737 4882 2868 4952 quid
2909 4899 3007 4953 per
3051 4885 3372 4956 imperitiam
3419 4886 3571 4942 facit.
3600 4888 3704 4956 Qui

2122 4974 2268 5030 enim
2298 4973 2402 5031 hoc
2427 4974 2582 5043 facit,
2608 4977 2856 5048 indignus
2884 4985 2968 5032 est
2992 4979 3294 5048 sapientiae,
3316 4988 3373 5034 at
3405 4995 3538 5036 vero
3571 4997 3702 5051 pru-

2121 5065 2256 5120 dens
2279 5065 2508 5136 quisque
2533 5067 2601 5122 de
2635 5066 2821 5122 talium
2847 5069 3153 5126 commissis
3181 5071 3394 5140 publice
3417 5081 3581 5138 tacet,
3605 5073 3700 5128 sed

2119 5157 2238 5214 haec
2268 5156 2480 5214 occulte
2503 5159 2755 5238 castigat,
2781 5160 2926 5231 quod
2954 5159 3098 5218 idem
3145 5162 3493 5232 sequentibus
3505 5162 3702 5220 vversi-

2119 5250 2255 5308 culis
2289 5251 2492 5308 arctius
2519 5251 2820 5308 inculcatur
2847 5251 2973 5310 dum
3003 5255 3220 5312 dicitur.

2191 5341 2294 5409 Qui
2315 5343 2548 5400 ambulat
2587 5343 2972 5416 fraudulenter,
2995 5346 3186 5403 revelat
3225 5364 3455 5413 arcana;
3476 5349 3566 5418 qui
3591 5365 3692 5402 au-

2120 5445 2220 5490 tem
2261 5433 2432 5502 fidelis
2468 5442 2564 5499 est,
2586 5435 2740 5489 amici
2770 5435 2902 5490 celat
2926 5438 3278 5492 commissum.
3328 5438 3394 5494 Et
3440 5438 3494 5492 in
3521 5437 3698 5492 Evan-

2118 5527 2259 5598 gelio
2281 5527 2577 5584 Dominus:
2619 5525 2678 5582 Si
2719 5528 3007 5597 peccauerit
3037 5528 3093 5582 in
3117 5537 3166 5582 te
3211 5528 3377 5598 frater
3397 5537 3539 5594 tuus,
3563 5529 3692 5582 vade

2111 5632 2161 5676 et
2189 5623 2392 5694 corripe
2427 5635 2544 5676 eum
2575 5621 2708 5674 inter
2734 5628 2783 5686 te
2806 5619 3042 5690 eripiam
3067 5618 3269 5686 solum;
3298 5619 3344 5674 si
3369 5627 3420 5694 te
3445 5619 3688 5684 audierit,

513 5717 614 5774 Ubi
641 5717 798 5788 fuerit
824 5713 1087 5785 superbia,
1113 5713 1186 5767 ibi
1205 5714 1302 5768 erit
1325 5723 1375 5768 et
1399 5712 1904 5782 contumelianuia
1921 5729 2012 5770 su-
2110 5715 2346 5768 lucratus
2406 5714 2511 5768 eris
2565 5713 2782 5782 fratrem
2833 5722 3012 5779 tuum,
3073 5721 3178 5768 etc.
3227 5693 3450 5784 (Manli.
3499 5712 3690 5784 mu).

437 5808 592 5880 uerbi
621 5817 710 5882 νει
731 5805 1116 5881 “inluuiem”
1139 5820 1200 5864 Se
1227 5814 1422 5877 Serum
1449 5844 1465 5872 ρ
1505 5820 1601 5876 per
1642 5814 2007 5881 contemptum
2110 5808 2264 5868 Unde
2291 5818 2345 5864 ct
2369 5809 2456 5864 hic
2486 5816 2630 5862 recte
2652 5803 2983 5862 subinfertur
3007 5821 3022 5862 τ
