  <div class='ocr_page' id='page_1' title='image "/cluster/home/n/w/nwhite01/storage/ocr_20150623/111/hvd.32044009716333/366.png"; bbox 0 0 4100 6324; ppageno 0'>
   <div class='ocr_carea' id='block_1_1' title="bbox 256 3094 295 3121">
    <p class='ocr_par' dir='ltr' id='par_1_1' title="bbox 256 3094 295 3121">
     <span class='ocr_line' id='line_1_1' title="bbox 256 3094 295 3121; baseline 0 0"><span class='ocrx_word' id='word_1_1' title='bbox 256 3106 257 3109; x_wconf 58' lang='grc' dir='ltr'><strong>π</strong></span> <span class='ocrx_word' id='word_1_2' title='bbox 284 3094 295 3121; x_wconf 67' lang='lat' dir='ltr'><strong>i</strong></span> 
     </span>
    </p>
   </div>
   <div class='ocr_carea' id='block_1_2' title="bbox 412 446 516 512">
    <p class='ocr_par' dir='ltr' id='par_1_2' title="bbox 412 446 516 512">
     <span class='ocr_line' id='line_1_2' title="bbox 412 446 516 512; baseline -0.019 0"><span class='ocrx_word' id='word_1_3' title='bbox 412 446 516 512; x_wconf 85' lang='lat' dir='ltr'><strong>7i7</strong></span> 
     </span>
    </p>
   </div>
   <div class='ocr_carea' id='block_1_3' title="bbox 1187 398 2933 531">
    <p class='ocr_par' dir='ltr' id='par_1_3' title="bbox 1187 398 2933 531">
     <span class='ocr_line' id='line_1_3' title="bbox 1187 398 2933 531; baseline -0.001 -29"><span class='ocrx_word' id='word_1_4' title='bbox 1187 426 1547 503; x_wconf 47' lang='lat' dir='ltr'><strong>“restito</strong></span> <span class='ocrx_word' id='word_1_5' title='bbox 1583 429 1651 501; x_wconf 73' lang='lat' dir='ltr'><strong>IN</strong></span> <span class='ocrx_word' id='word_1_6' title='bbox 1689 430 2081 531; x_wconf 60' lang='lat' dir='ltr'><strong>promam</strong></span> <span class='ocrx_word' id='word_1_7' title='bbox 2120 438 2526 527; x_wconf 82' lang='lat' dir='ltr'><strong>SALOMONiS.</strong></span> <span class='ocrx_word' id='word_1_8' title='bbox 2563 398 2639 488; x_wconf 7' lang='grc' dir='ltr'><strong>-Ν</strong></span> <span class='ocrx_word' id='word_1_9' title='bbox 2668 446 2795 501; x_wconf 78' lang='lat' dir='ltr'><strong>us.</strong></span> <span class='ocrx_word' id='word_1_10' title='bbox 2836 432 2933 501; x_wconf 77' lang='lat' dir='ltr'><strong>li.‘</strong></span> 
     </span>
    </p>
   </div>
   <div class='ocr_carea' id='block_1_4' title="bbox 3556 450 3660 504">
    <p class='ocr_par' dir='ltr' id='par_1_4' title="bbox 3556 450 3660 504">
     <span class='ocr_line' id='line_1_4' title="bbox 3556 450 3660 504; baseline 0.019 -2"><span class='ocrx_word' id='word_1_11' title='bbox 3556 450 3660 504; x_wconf 80' lang='grc'><strong>718</strong></span> 
     </span>
    </p>
   </div>
   <div class='ocr_carea' id='block_1_5' title="bbox 486 530 3657 629">
    <p class='ocr_par' dir='ltr' id='par_1_5' title="bbox 486 530 3657 629">
     <span class='ocr_line' id='line_1_5' title="bbox 486 530 3657 629; baseline 0 -15"><span class='ocrx_word' id='word_1_12' title='bbox 486 558 584 615; x_wconf 78' lang='lat' dir='ltr'><strong>Ubi</strong></span> <span class='ocrx_word' id='word_1_13' title='bbox 622 574 726 613; x_wconf 87' lang='lat' dir='ltr'><strong>non</strong></span> <span class='ocrx_word' id='word_1_14' title='bbox 761 538 847 612; x_wconf 25' lang='lat' dir='ltr'><strong>est.</strong></span> <span class='ocrx_word' id='word_1_15' title='bbox 878 548 1193 628; x_wconf 70' lang='lat' dir='ltr'><strong>gubernalo&#39;i</strong></span> <span class='ocrx_word' id='word_1_16' title='bbox 1212 595 1232 629; x_wconf 80' lang='lat'><strong>,</strong></span> <span class='ocrx_word' id='word_1_17' title='bbox 1272 554 1492 626; x_wconf 71' lang='lat' dir='ltr'><strong>populus</strong></span> <span class='ocrx_word' id='word_1_18' title='bbox 1545 555 1791 620; x_wconf 64' lang='lat' dir='ltr'><strong>corruet;</strong></span> <span class='ocrx_word' id='word_1_19' title='bbox 1840 530 2001 609; x_wconf 87' lang='lat' dir='ltr'><strong>salus</strong></span> <span class='ocrx_word' id='word_1_20' title='bbox 2012 558 2065 618; x_wconf 85' lang='grc' dir='ltr'><strong>Α</strong></span> <span class='ocrx_word' id='word_1_21' title='bbox 2088 538 2344 621; x_wconf 83' lang='lat' dir='ltr'><strong>tendunt,</strong></span> <span class='ocrx_word' id='word_1_22' title='bbox 2384 561 2444 610; x_wconf 91' lang='lat' dir='ltr'><strong>ut</strong></span> <span class='ocrx_word' id='word_1_23' title='bbox 2475 555 2579 610; x_wconf 88' lang='lat' dir='ltr'><strong>hoc</strong></span> <span class='ocrx_word' id='word_1_24' title='bbox 2612 530 2724 621; x_wconf 84' lang='lat' dir='ltr'><strong>est,</strong></span> <span class='ocrx_word' id='word_1_25' title='bbox 2758 555 2901 626; x_wconf 88' lang='lat' dir='ltr'><strong>quod</strong></span> <span class='ocrx_word' id='word_1_26' title='bbox 2929 571 3093 626; x_wconf 85' lang='lat' dir='ltr'><strong>supra</strong></span> <span class='ocrx_word' id='word_1_27' title='bbox 3120 558 3336 613; x_wconf 90' lang='lat' dir='ltr'><strong>dicitur.</strong></span> <span class='ocrx_word' id='word_1_28' title='bbox 3371 559 3564 618; x_wconf 72' lang='lat' dir='ltr'><strong>Manus</strong></span> <span class='ocrx_word' id='word_1_29' title='bbox 3602 562 3657 614; x_wconf 89' lang='lat' dir='ltr'><strong>in</strong></span> 
     </span>
    </p>
   </div>
   <div class='ocr_carea' id='block_1_6' title="bbox 412 634 1990 715">
    <p class='ocr_par' dir='ltr' id='par_1_6' title="bbox 412 634 1990 715">
     <span class='ocr_line' id='line_1_6' title="bbox 412 634 1990 715; baseline -0.005 -10"><span class='ocrx_word' id='word_1_30' title='bbox 412 660 586 705; x_wconf 86' lang='lat' dir='ltr'><strong>autem</strong></span> <span class='ocrx_word' id='word_1_31' title='bbox 630 647 720 702; x_wconf 85' lang='lat' dir='ltr'><strong>ubi</strong></span> <span class='ocrx_word' id='word_1_32' title='bbox 744 645 908 701; x_wconf 86' lang='lat' dir='ltr'><strong>multa</strong></span> <span class='ocrx_word' id='word_1_33' title='bbox 938 642 1177 699; x_wconf 83' lang='lat' dir='ltr'><strong>consilia.</strong></span> <span class='ocrx_word' id='word_1_34' title='bbox 1206 638 1283 699; x_wconf 75' lang='lat' dir='ltr'><strong>Ne</strong></span> <span class='ocrx_word' id='word_1_35' title='bbox 1314 643 1457 699; x_wconf 82' lang='lat' dir='ltr'><strong>enim</strong></span> <span class='ocrx_word' id='word_1_36' title='bbox 1495 634 1549 699; x_wconf 85' lang='lat' dir='ltr'><strong>te</strong></span> <span class='ocrx_word' id='word_1_37' title='bbox 1579 640 1800 715; x_wconf 77' lang='lat' dir='ltr'><strong>putares</strong></span> <span class='ocrx_word' id='word_1_38' title='bbox 1826 640 1990 698; x_wconf 63' lang='grc' dir='ltr'><strong>τὰὼίὸὶ</strong></span> 
     </span>
    </p>
   </div>
   <div class='ocr_carea' id='block_1_7' title="bbox 413 726 1985 806">
    <p class='ocr_par' dir='ltr' id='par_1_7' title="bbox 413 726 1985 806">
     <span class='ocr_line' id='line_1_7' title="bbox 413 726 1985 806; baseline -0.005 -10"><span class='ocrx_word' id='word_1_39' title='bbox 413 738 701 797; x_wconf 75' lang='lat' dir='ltr'><strong>‘c&#39;ommissa</strong></span> <span class='ocrx_word' id='word_1_40' title='bbox 725 735 770 791; x_wconf 90' lang='lat' dir='ltr'><strong>si</strong></span> <span class='ocrx_word' id='word_1_41' title='bbox 796 734 1068 806; x_wconf 76' lang='lat' dir='ltr'><strong>corrigere</strong></span> <span class='ocrx_word' id='word_1_42' title='bbox 1089 740 1195 795; x_wconf 86' lang='lat' dir='ltr'><strong>non‘</strong></span> <span class='ocrx_word' id='word_1_43' title='bbox 1223 726 1377 805; x_wconf 80' lang='lat' dir='ltr'><strong>potes&#39;</strong></span> <span class='ocrx_word' id='word_1_44' title='bbox 1403 733 1544 788; x_wconf 79' lang='lat' dir='ltr'><strong>ultra</strong></span> <span class='ocrx_word' id='word_1_45' title='bbox 1567 730 1743 790; x_wconf 88' lang='lat' dir='ltr'><strong>celare</strong></span> <span class='ocrx_word' id='word_1_46' title='bbox 1770 733 1985 799; x_wconf 87' lang='lat' dir='ltr'><strong>debere,</strong></span> 
     </span>
    </p>
   </div>
   <div class='ocr_carea' id='block_1_8' title="bbox 415 822 1989 900">
    <p class='ocr_par' dir='ltr' id='par_1_8' title="bbox 415 822 1989 900">
     <span class='ocr_line' id='line_1_8' title="bbox 415 822 1989 900; baseline -0.008 -10"><span class='ocrx_word' id='word_1_47' title='bbox 415 840 565 890; x_wconf 89' lang='lat' dir='ltr'><strong>recte</strong></span> <span class='ocrx_word' id='word_1_48' title='bbox 586 830 715 886; x_wconf 91' lang='lat' dir='ltr'><strong>dicit</strong></span> <span class='ocrx_word' id='word_1_49' title='bbox 741 826 998 900; x_wconf 89' lang='lat' dir='ltr'><strong>populum</strong></span> <span class='ocrx_word' id='word_1_50' title='bbox 1040 827 1159 889; x_wconf 90' lang='lat' dir='ltr'><strong>sine</strong></span> <span class='ocrx_word' id='word_1_51' title='bbox 1188 824 1550 897; x_wconf 79' lang='lat' dir='ltr'><strong>gubernatore</strong></span> <span class='ocrx_word' id='word_1_52' title='bbox 1570 826 1849 891; x_wconf 81' lang='lat' dir='ltr'><strong>eorruere,</strong></span> <span class='ocrx_word' id='word_1_53' title='bbox 1874 822 1989 880; x_wconf 91' lang='lat' dir='ltr'><strong>sal-</strong></span> 
     </span>
    </p>
   </div>
   <div class='ocr_carea' id='block_1_9' title="bbox 417 912 1991 985">
    <p class='ocr_par' dir='ltr' id='par_1_9' title="bbox 417 912 1991 985">
     <span class='ocr_line' id='line_1_9' title="bbox 417 912 1991 985; baseline -0.008 -3"><span class='ocrx_word' id='word_1_54' title='bbox 417 926 529 982; x_wconf 81' lang='lat' dir='ltr'><strong>vari</strong></span> <span class='ocrx_word' id='word_1_55' title='bbox 575 919 877 980; x_wconf 62' lang='lat' dir='ltr'><strong>autem‘ub‘i</strong></span> <span class='ocrx_word' id='word_1_56' title='bbox 923 917 1092 975; x_wconf 77' lang='lat' dir='ltr'><strong>multa</strong></span> <span class='ocrx_word' id='word_1_57' title='bbox 1142 912 1269 975; x_wconf 64' lang='lat' dir='ltr'><strong>aunt</strong></span> <span class='ocrx_word' id='word_1_58' title='bbox 1314 916 1571 985; x_wconf 83' lang='lat' dir='ltr'><strong>consilia,</strong></span> <span class='ocrx_word' id='word_1_59' title='bbox 1612 914 1674 973; x_wconf 90' lang='lat' dir='ltr'><strong>ut</strong></span> <span class='ocrx_word' id='word_1_60' title='bbox 1719 919 1991 984; x_wconf 77' lang='lat' dir='ltr'><strong>ostendat,</strong></span> 
     </span>
    </p>
   </div>
   <div class='ocr_carea' id='block_1_10' title="bbox 2094 647 3667 720">
    <p class='ocr_par' dir='ltr' id='par_1_10' title="bbox 2094 647 3667 720">
     <span class='ocr_line' id='line_1_10' title="bbox 2094 647 3667 720; baseline 0.003 -21"><span class='ocrx_word' id='word_1_61' title='bbox 2094 662 2254 700; x_wconf 90' lang='lat' dir='ltr'><strong>manu</strong></span> <span class='ocrx_word' id='word_1_62' title='bbox 2301 664 2405 701; x_wconf 90' lang='lat' dir='ltr'><strong>non</strong></span> <span class='ocrx_word' id='word_1_63' title='bbox 2448 647 2543 700; x_wconf 91' lang='lat' dir='ltr'><strong>erit</strong></span> <span class='ocrx_word' id='word_1_64' title='bbox 2588 648 2837 701; x_wconf 75' lang='lat' dir='ltr'><strong>innocens</strong></span> <span class='ocrx_word' id='word_1_65' title='bbox 2884 664 3102 712; x_wconf 85' lang='lat' dir='ltr'><strong>manus,</strong></span> <span class='ocrx_word' id='word_1_66' title='bbox 3154 649 3316 715; x_wconf 91' lang='lat' dir='ltr'><strong>item,</strong></span> <span class='ocrx_word' id='word_1_67' title='bbox 3347 650 3667 720; x_wconf 78' lang='lat' dir='ltr'><strong>prwstolatio</strong></span> 
     </span>
    </p>
   </div>
   <div class='ocr_carea' id='block_1_11' title="bbox 2091 726 3666 809">
    <p class='ocr_par' dir='ltr' id='par_1_11' title="bbox 2091 726 3666 809">
     <span class='ocr_line' id='line_1_11' title="bbox 2091 726 3666 809; baseline 0.005 -22"><span class='ocrx_word' id='word_1_68' title='bbox 2091 734 2374 805; x_wconf 88' lang='lat' dir='ltr'><strong>impiorum</strong></span> <span class='ocrx_word' id='word_1_69' title='bbox 2407 732 2583 806; x_wconf 78' lang='lat' dir='ltr'><strong>furor,</strong></span> <span class='ocrx_word' id='word_1_70' title='bbox 2614 737 2741 806; x_wconf 84' lang='lat' dir='ltr'><strong>quia</strong></span> <span class='ocrx_word' id='word_1_71' title='bbox 2785 726 3102 807; x_wconf 87' lang='lat' dir='ltr'><strong>plerumque</strong></span> <span class='ocrx_word' id='word_1_72' title='bbox 3149 730 3230 793; x_wconf 85' lang='lat' dir='ltr'><strong>ira</strong></span> <span class='ocrx_word' id='word_1_73' title='bbox 3262 754 3361 809; x_wconf 86' lang='lat' dir='ltr'><strong>per</strong></span> <span class='ocrx_word' id='word_1_74' title='bbox 3388 740 3666 797; x_wconf 89' lang='lat' dir='ltr'><strong>silentium</strong></span> 
     </span>
    </p>
   </div>
   <div class='ocr_carea' id='block_1_12' title="bbox 2093 825 3353 903">
    <p class='ocr_par' dir='ltr' id='par_1_12' title="bbox 2093 825 3353 903">
     <span class='ocr_line' id='line_1_12' title="bbox 2093 825 3353 903; baseline 0.005 -22"><span class='ocrx_word' id='word_1_75' title='bbox 2093 825 2274 882; x_wconf 89' lang='lat' dir='ltr'><strong>clausa</strong></span> <span class='ocrx_word' id='word_1_76' title='bbox 2307 828 2447 883; x_wconf 91' lang='lat' dir='ltr'><strong>intra</strong></span> <span class='ocrx_word' id='word_1_77' title='bbox 2479 838 2713 903; x_wconf 87' lang='lat' dir='ltr'><strong>mentem</strong></span> <span class='ocrx_word' id='word_1_78' title='bbox 2740 831 3113 889; x_wconf 83' lang='lat' dir='ltr'><strong>vehementius</strong></span> <span class='ocrx_word' id='word_1_79' title='bbox 3142 839 3353 887; x_wconf 64' lang='lat' dir='ltr'><strong>aestuat.</strong></span> 
     </span>
    </p>
   </div>
   <div class='ocr_carea' id='block_1_13' title="bbox 2165 906 3670 999">
    <p class='ocr_par' dir='ltr' id='par_1_13' title="bbox 2165 906 3670 999">
     <span class='ocr_line' id='line_1_13' title="bbox 2165 906 3670 999; baseline 0.006 -26"><span class='ocrx_word' id='word_1_80' title='bbox 2165 917 2271 973; x_wconf 78' lang='lat' dir='ltr'><strong>Alii</strong></span> <span class='ocrx_word' id='word_1_81' title='bbox 2308 918 2547 974; x_wconf 88' lang='lat' dir='ltr'><strong>dividunt</strong></span> <span class='ocrx_word' id='word_1_82' title='bbox 2572 922 2783 992; x_wconf 88' lang='lat' dir='ltr'><strong>propria</strong></span> <span class='ocrx_word' id='word_1_83' title='bbox 2813 931 2858 977; x_wconf 91' lang='lat' dir='ltr'><strong>et</strong></span> <span class='ocrx_word' id='word_1_84' title='bbox 2890 921 3103 976; x_wconf 87' lang='lat' dir='ltr'><strong>ditiores</strong></span> <span class='ocrx_word' id='word_1_85' title='bbox 3132 906 3286 992; x_wconf 71' lang='lat' dir='ltr'><strong>fiunt.</strong></span> <span class='ocrx_word' id='word_1_86' title='bbox 3316 924 3452 993; x_wconf 85' lang='lat' dir='ltr'><strong>Quia</strong></span> <span class='ocrx_word' id='word_1_87' title='bbox 3483 935 3670 999; x_wconf 76' lang='lat' dir='ltr'><strong>centu-</strong></span> 
     </span>
    </p>
   </div>
   <div class='ocr_carea' id='block_1_14' title="bbox 416 1004 3670 1088">
    <p class='ocr_par' dir='ltr' id='par_1_14' title="bbox 416 1004 3670 1088">
     <span class='ocr_line' id='line_1_14' title="bbox 416 1004 3670 1088; baseline 0.001 -17"><span class='ocrx_word' id='word_1_88' title='bbox 416 1012 555 1088; x_wconf 87' lang='lat' dir='ltr'><strong>quod</strong></span> <span class='ocrx_word' id='word_1_89' title='bbox 583 1013 731 1072; x_wconf 87' lang='lat' dir='ltr'><strong>solus</strong></span> <span class='ocrx_word' id='word_1_90' title='bbox 757 1006 1045 1069; x_wconf 79' lang='lat' dir='ltr'><strong>emendare</strong></span> <span class='ocrx_word' id='word_1_91' title='bbox 1068 1012 1176 1067; x_wconf 84' lang='lat' dir='ltr'><strong>iion</strong></span> <span class='ocrx_word' id='word_1_92' title='bbox 1198 1012 1364 1078; x_wconf 81' lang='lat' dir='ltr'><strong>vales,</strong></span> <span class='ocrx_word' id='word_1_93' title='bbox 1388 1010 1632 1084; x_wconf 79' lang='lat' dir='ltr'><strong>pluribus</strong></span> <span class='ocrx_word' id='word_1_94' title='bbox 1671 1026 1791 1067; x_wconf 90' lang='lat' dir='ltr'><strong>esse</strong></span> <span class='ocrx_word' id='word_1_95' title='bbox 1841 1026 1996 1067; x_wconf 91' lang='lat' dir='ltr'><strong>reve-</strong></span> <span class='ocrx_word' id='word_1_96' title='bbox 2094 1012 2242 1084; x_wconf 90' lang='lat' dir='ltr'><strong>plum</strong></span> <span class='ocrx_word' id='word_1_97' title='bbox 2283 1006 2567 1086; x_wconf 86' lang='lat' dir='ltr'><strong>accipiunt</strong></span> <span class='ocrx_word' id='word_1_98' title='bbox 2593 1014 2645 1068; x_wconf 89' lang='lat' dir='ltr'><strong>in</strong></span> <span class='ocrx_word' id='word_1_99' title='bbox 2680 1004 2785 1070; x_wconf 80' lang='lat' dir='ltr'><strong>hoc</strong></span> <span class='ocrx_word' id='word_1_100' title='bbox 2822 1022 3098 1086; x_wconf 84' lang='lat' dir='ltr'><strong>tempore,</strong></span> <span class='ocrx_word' id='word_1_101' title='bbox 3136 1016 3277 1074; x_wconf 87' lang='lat' dir='ltr'><strong>etin</strong></span> <span class='ocrx_word' id='word_1_102' title='bbox 3311 1019 3506 1075; x_wconf 75' lang='lat' dir='ltr'><strong>saeculo</strong></span> <span class='ocrx_word' id='word_1_103' title='bbox 3536 1034 3670 1075; x_wconf 92' lang='lat' dir='ltr'><strong>ven-</strong></span> 
     </span>
    </p>
   </div>
   <div class='ocr_carea' id='block_1_15' title="bbox 416 1092 1919 1177">
    <p class='ocr_par' dir='ltr' id='par_1_15' title="bbox 416 1092 1919 1177">
     <span class='ocr_line' id='line_1_15' title="bbox 416 1092 1919 1177; baseline -0.005 -12"><span class='ocrx_word' id='word_1_104' title='bbox 416 1104 653 1175; x_wconf 85' lang='lat' dir='ltr'><strong>iaiidum,</strong></span> <span class='ocrx_word' id='word_1_105' title='bbox 690 1114 749 1162; x_wconf 86' lang='lat' dir='ltr'><strong>ut</strong></span> <span class='ocrx_word' id='word_1_106' title='bbox 768 1104 1009 1177; x_wconf 59' lang='lat' dir='ltr'><strong>iniaigiiiii</strong></span> <span class='ocrx_word' id='word_1_107' title='bbox 1039 1102 1281 1161; x_wconf 69' lang='lat' dir='ltr'><strong>animum</strong></span> <span class='ocrx_word' id='word_1_108' title='bbox 1307 1096 1610 1177; x_wconf 71' lang='lat' dir='ltr'><strong>corrigalur</strong></span> <span class='ocrx_word' id='word_1_109' title='bbox 1635 1092 1919 1160; x_wconf 89' lang='lat' dir='ltr'><strong>industria.</strong></span> 
     </span>
    </p>
   </div>
   <div class='ocr_carea' id='block_1_16' title="bbox 456 1164 1994 1271">
    <p class='ocr_par' dir='ltr' id='par_1_16' title="bbox 456 1164 1994 1271">
     <span class='ocr_line' id='line_1_16' title="bbox 456 1164 1994 1271; baseline -0.004 -19"><span class='ocrx_word' id='word_1_110' title='bbox 456 1164 753 1271; x_wconf 43' lang='lat' dir='ltr'><strong>&#39;Aﬂligetul&#39;</strong></span> <span class='ocrx_word' id='word_1_111' title='bbox 793 1164 933 1250; x_wconf 76' lang='lat' dir='ltr'><strong>inalo</strong></span> <span class='ocrx_word' id='word_1_112' title='bbox 972 1193 1062 1267; x_wconf 86' lang='lat' dir='ltr'><strong>qui</strong></span> <span class='ocrx_word' id='word_1_113' title='bbox 1091 1182 1249 1266; x_wconf 72' lang='lat' dir='ltr'><strong>[idem</strong></span> <span class='ocrx_word' id='word_1_114' title='bbox 1303 1192 1429 1264; x_wconf 79' lang='lat' dir='ltr'><strong>facit</strong></span> <span class='ocrx_word' id='word_1_115' title='bbox 1453 1164 1572 1264; x_wconf 43' lang='lat' dir='ltr'><strong>&quot;pro</strong></span> <span class='ocrx_word' id='word_1_116' title='bbox 1616 1203 1883 1247; x_wconf 77' lang='lat' dir='ltr'><strong>extraneo.</strong></span> <span class='ocrx_word' id='word_1_117' title='bbox 1933 1174 1994 1246; x_wconf 79' lang='lat' dir='ltr'><strong>in</strong></span> 
     </span>
    </p>
   </div>
   <div class='ocr_carea' id='block_1_17' title="bbox 416 1278 2073 1373">
    <p class='ocr_par' dir='ltr' id='par_1_17' title="bbox 416 1278 2073 1373">
     <span class='ocr_line' id='line_1_17' title="bbox 416 1278 2073 1373; baseline -0.002 -30"><span class='ocrx_word' id='word_1_118' title='bbox 416 1296 664 1360; x_wconf 90' lang='lat' dir='ltr'><strong>promptu</strong></span> <span class='ocrx_word' id='word_1_119' title='bbox 687 1290 778 1373; x_wconf 68' lang='lat' dir='ltr'><strong>est</strong></span> <span class='ocrx_word' id='word_1_120' title='bbox 803 1284 997 1341; x_wconf 65' lang='lat' dir='ltr'><strong>littera:</strong></span> <span class='ocrx_word' id='word_1_121' title='bbox 1022 1286 1232 1352; x_wconf 75' lang='lat' dir='ltr'><strong>Sensus,</strong></span> <span class='ocrx_word' id='word_1_122' title='bbox 1263 1278 1358 1341; x_wconf 79' lang='lat' dir='ltr'><strong>‘sed</strong></span> <span class='ocrx_word' id='word_1_123' title='bbox 1400 1284 1484 1340; x_wconf 86' lang='lat' dir='ltr'><strong>est</strong></span> <span class='ocrx_word' id='word_1_124' title='bbox 1521 1282 1553 1341; x_wconf 82' lang='lat' dir='ltr'><strong>a</strong></span> <span class='ocrx_word' id='word_1_125' title='bbox 1590 1284 1734 1342; x_wconf 91' lang='lat' dir='ltr'><strong>sorte</strong></span> <span class='ocrx_word' id='word_1_126' title='bbox 1780 1294 1998 1342; x_wconf 88' lang='lat' dir='ltr'><strong>sancto-</strong></span> <span class='ocrx_word' id='word_1_127' title='bbox 2066 1282 2073 1288; x_wconf 83' lang='grc'><strong>’</strong></span> 
     </span>
    </p>
   </div>
   <div class='ocr_carea' id='block_1_18' title="bbox 416 1370 1999 1449">
    <p class='ocr_par' dir='ltr' id='par_1_18' title="bbox 416 1370 1999 1449">
     <span class='ocr_line' id='line_1_18' title="bbox 416 1370 1999 1449; baseline -0.003 -13"><span class='ocrx_word' id='word_1_128' title='bbox 416 1397 535 1436; x_wconf 86' lang='lat' dir='ltr'><strong>rum</strong></span> <span class='ocrx_word' id='word_1_129' title='bbox 567 1370 857 1435; x_wconf 84' lang='lat' dir='ltr'><strong>extraneus</strong></span> <span class='ocrx_word' id='word_1_130' title='bbox 882 1378 971 1448; x_wconf 85' lang='lat' dir='ltr'><strong>qui</strong></span> <span class='ocrx_word' id='word_1_131' title='bbox 1009 1378 1229 1448; x_wconf 82' lang='lat' dir='ltr'><strong>peccata</strong></span> <span class='ocrx_word' id='word_1_132' title='bbox 1260 1393 1355 1433; x_wconf 90' lang='lat' dir='ltr'><strong>sua</strong></span> <span class='ocrx_word' id='word_1_133' title='bbox 1386 1376 1698 1449; x_wconf 78' lang='lat' dir='ltr'><strong>paenitendo</strong></span> <span class='ocrx_word' id='word_1_134' title='bbox 1722 1370 1999 1448; x_wconf 78' lang='lat' dir='ltr'><strong>cerrigere</strong></span> 
     </span>
    </p>
   </div>
   <div class='ocr_carea' id='block_1_19' title="bbox 420 1460 2075 1539">
    <p class='ocr_par' dir='ltr' id='par_1_19' title="bbox 420 1460 2075 1539">
     <span class='ocr_line' id='line_1_19' title="bbox 420 1460 2075 1539; baseline -0.004 -12"><span class='ocrx_word' id='word_1_135' title='bbox 420 1464 722 1527; x_wconf 74' lang='lat' dir='ltr'><strong>dissimulat</strong></span> <span class='ocrx_word' id='word_1_136' title='bbox 763 1468 873 1525; x_wconf 84' lang='lat' dir='ltr'><strong>:Et</strong></span> <span class='ocrx_word' id='word_1_137' title='bbox 896 1466 1205 1539; x_wconf 79' lang='lat' dir='ltr'><strong>quicunque</strong></span> <span class='ocrx_word' id='word_1_138' title='bbox 1253 1464 1449 1523; x_wconf 87' lang='lat' dir='ltr'><strong>talibus</strong></span> <span class='ocrx_word' id='word_1_139' title='bbox 1477 1460 1563 1523; x_wconf 88' lang='lat' dir='ltr'><strong>vel</strong></span> <span class='ocrx_word' id='word_1_140' title='bbox 1600 1464 1997 1524; x_wconf 82' lang='lat' dir='ltr'><strong>communionis</strong></span> <span class='ocrx_word' id='word_1_141' title='bbox 2072 1464 2075 1469; x_wconf 73' lang='grc'><em>’</em></span> 
     </span>
    </p>
   </div>
   <div class='ocr_carea' id='block_1_20' title="bbox 418 1540 2000 1637">
    <p class='ocr_par' dir='ltr' id='par_1_20' title="bbox 418 1540 2000 1637">
     <span class='ocr_line' id='line_1_20' title="bbox 418 1540 2000 1637; baseline -0.004 -17"><span class='ocrx_word' id='word_1_142' title='bbox 418 1566 649 1637; x_wconf 76' lang='lat' dir='ltr'><strong>gratiam</strong></span> <span class='ocrx_word' id='word_1_143' title='bbox 672 1564 937 1629; x_wconf 87' lang='lat' dir='ltr'><strong>concedit,</strong></span> <span class='ocrx_word' id='word_1_144' title='bbox 964 1562 1046 1618; x_wconf 90' lang='lat' dir='ltr'><strong>vel</strong></span> <span class='ocrx_word' id='word_1_145' title='bbox 1075 1563 1238 1617; x_wconf 84' lang='lat' dir='ltr'><strong>vitam</strong></span> <span class='ocrx_word' id='word_1_146' title='bbox 1268 1559 1534 1632; x_wconf 82' lang='lat' dir='ltr'><strong>promittit</strong></span> <span class='ocrx_word' id='word_1_147' title='bbox 1568 1560 1853 1625; x_wconf 64' lang='lat' dir='ltr'><strong>:eter&#39;n‘ain&#39;,</strong></span> <span class='ocrx_word' id='word_1_148' title='bbox 1874 1540 2000 1629; x_wconf 82' lang='lat' dir='ltr'><strong>quia</strong></span> 
     </span>
    </p>
   </div>
   <div class='ocr_carea' id='block_1_21' title="bbox 354 1640 2001 1728">
    <p class='ocr_par' dir='ltr' id='par_1_21' title="bbox 354 1640 2001 1728">
     <span class='ocr_line' id='line_1_21' title="bbox 354 1640 2001 1728; baseline -0.004 -17"><span class='ocrx_word' id='word_1_149' title='bbox 354 1671 363 1677; x_wconf 84' lang='lat'>&#39;</span> <span class='ocrx_word' id='word_1_150' title='bbox 418 1660 517 1728; x_wconf 79' lang='lat' dir='ltr'><strong>pro</strong></span> <span class='ocrx_word' id='word_1_151' title='bbox 537 1652 796 1712; x_wconf 77' lang='lat' dir='ltr'><strong>extraneo</strong></span> <span class='ocrx_word' id='word_1_152' title='bbox 842 1653 1003 1710; x_wconf 81' lang='lat' dir='ltr'><strong>iidem</strong></span> <span class='ocrx_word' id='word_1_153' title='bbox 1032 1640 1188 1718; x_wconf 68' lang='lat' dir='ltr'><strong>fecit,</strong></span> <span class='ocrx_word' id='word_1_154' title='bbox 1218 1653 1455 1723; x_wconf 87' lang='lat' dir='ltr'><strong>seipsum</strong></span> <span class='ocrx_word' id='word_1_155' title='bbox 1498 1649 1744 1723; x_wconf 80' lang='lat' dir='ltr'><strong>profecto</strong></span> <span class='ocrx_word' id='word_1_156' title='bbox 1771 1656 1897 1706; x_wconf 85' lang='lat' dir='ltr'><strong>ante</strong></span> <span class='ocrx_word' id='word_1_157' title='bbox 1920 1650 2001 1706; x_wconf 93' lang='lat' dir='ltr'><strong>di-</strong></span> 
     </span>
    </p>
   </div>
   <div class='ocr_carea' id='block_1_22' title="bbox 421 1740 1795 1819">
    <p class='ocr_par' dir='ltr' id='par_1_22' title="bbox 421 1740 1795 1819">
     <span class='ocr_line' id='line_1_22' title="bbox 421 1740 1795 1819; baseline -0.006 -14"><span class='ocrx_word' id='word_1_158' title='bbox 421 1749 598 1806; x_wconf 77' lang='lat' dir='ltr'><strong>Stricti</strong></span> <span class='ocrx_word' id='word_1_159' title='bbox 628 1746 828 1819; x_wconf 69' lang='lat' dir='ltr'><strong>iudicis</strong></span> <span class='ocrx_word' id='word_1_160' title='bbox 851 1740 1034 1801; x_wconf 68' lang='lat' dir='ltr'><strong>oculos</strong></span> <span class='ocrx_word' id='word_1_161' title='bbox 1066 1742 1269 1800; x_wconf 80' lang='lat' dir='ltr'><strong>ultione</strong></span> <span class='ocrx_word' id='word_1_162' title='bbox 1293 1744 1513 1814; x_wconf 82' lang='lat' dir='ltr'><strong>dignum‘</strong></span> <span class='ocrx_word' id='word_1_163' title='bbox 1543 1740 1795 1800; x_wconf 78' lang='lat' dir='ltr'><strong>reddidit.</strong></span> 
     </span>
    </p>
   </div>
   <div class='ocr_carea' id='block_1_23' title="bbox 2098 1094 2727 1161">
    <p class='ocr_par' dir='ltr' id='par_1_23' title="bbox 2098 1094 2727 1161">
     <span class='ocr_line' id='line_1_23' title="bbox 2098 1094 2727 1161; baseline 0 -3"><span class='ocrx_word' id='word_1_164' title='bbox 2098 1094 2151 1158; x_wconf 87' lang='lat' dir='ltr'><strong>tu</strong></span> <span class='ocrx_word' id='word_1_165' title='bbox 2160 1118 2220 1158; x_wconf 88' lang='lat' dir='ltr'><strong>ro</strong></span> <span class='ocrx_word' id='word_1_166' title='bbox 2249 1098 2414 1160; x_wconf 83' lang='lat' dir='ltr'><strong>vitam</strong></span> <span class='ocrx_word' id='word_1_167' title='bbox 2446 1113 2727 1161; x_wconf 57' lang='lat' dir='ltr'><strong>aeternam.</strong></span> 
     </span>
    </p>
   </div>
   <div class='ocr_carea' id='block_1_24' title="bbox 2167 1184 3747 1274">
    <p class='ocr_par' dir='ltr' id='par_1_24' title="bbox 2167 1184 3747 1274">
     <span class='ocr_line' id='line_1_24' title="bbox 2167 1184 3747 1274; baseline 0.004 -23"><span class='ocrx_word' id='word_1_168' title='bbox 2167 1197 2275 1252; x_wconf 84' lang='lat' dir='ltr'><strong>Alii</strong></span> <span class='ocrx_word' id='word_1_169' title='bbox 2314 1201 2523 1269; x_wconf 89' lang='lat' dir='ltr'><strong>rapiunt</strong></span> <span class='ocrx_word' id='word_1_170' title='bbox 2561 1190 2665 1255; x_wconf 84' lang='lat' dir='ltr'><strong>non</strong></span> <span class='ocrx_word' id='word_1_171' title='bbox 2702 1217 2799 1255; x_wconf 81' lang='lat' dir='ltr'><strong>sua</strong></span> <span class='ocrx_word' id='word_1_172' title='bbox 2834 1209 2885 1256; x_wconf 93' lang='lat' dir='ltr'><strong>et</strong></span> <span class='ocrx_word' id='word_1_173' title='bbox 2920 1217 3121 1267; x_wconf 96' lang='lat' dir='ltr'><strong>semper</strong></span> <span class='ocrx_word' id='word_1_174' title='bbox 3163 1184 3219 1257; x_wconf 84' lang='lat' dir='ltr'><strong>in</strong></span> <span class='ocrx_word' id='word_1_175' title='bbox 3266 1198 3489 1274; x_wconf 76' lang='lat' dir='ltr'><strong>egestate</strong></span> <span class='ocrx_word' id='word_1_176' title='bbox 3527 1213 3667 1260; x_wconf 88' lang='lat' dir='ltr'><strong>sunt.</strong></span> <span class='ocrx_word' id='word_1_177' title='bbox 3742 1187 3747 1193; x_wconf 56' lang='grc'><strong>’</strong></span> 
     </span>
    </p>
   </div>
   <div class='ocr_carea' id='block_1_25' title="bbox 2099 1278 3672 1363">
    <p class='ocr_par' dir='ltr' id='par_1_25' title="bbox 2099 1278 3672 1363">
     <span class='ocr_line' id='line_1_25' title="bbox 2099 1278 3672 1363; baseline 0.006 -21"><span class='ocrx_word' id='word_1_178' title='bbox 2099 1284 2328 1358; x_wconf 82' lang='lat' dir='ltr'><strong>Semper</strong></span> <span class='ocrx_word' id='word_1_179' title='bbox 2359 1286 2535 1359; x_wconf 83' lang='lat' dir='ltr'><strong>inquit</strong></span> <span class='ocrx_word' id='word_1_180' title='bbox 2566 1288 2621 1343; x_wconf 91' lang='lat' dir='ltr'><strong>in</strong></span> <span class='ocrx_word' id='word_1_181' title='bbox 2651 1297 2889 1361; x_wconf 82' lang='lat' dir='ltr'><strong>egestate</strong></span> <span class='ocrx_word' id='word_1_182' title='bbox 2916 1306 3023 1347; x_wconf 90' lang='lat' dir='ltr'><strong>non</strong></span> <span class='ocrx_word' id='word_1_183' title='bbox 3052 1278 3226 1347; x_wconf 84' lang='lat' dir='ltr'><strong>solum</strong></span> <span class='ocrx_word' id='word_1_184' title='bbox 3262 1293 3317 1349; x_wconf 91' lang='lat' dir='ltr'><strong>in</strong></span> <span class='ocrx_word' id='word_1_185' title='bbox 3354 1295 3672 1363; x_wconf 84' lang='lat' dir='ltr'><strong>tormentis,</strong></span> 
     </span>
    </p>
   </div>
   <div class='ocr_carea' id='block_1_26' title="bbox 2100 1366 3677 1458">
    <p class='ocr_par' dir='ltr' id='par_1_26' title="bbox 2100 1366 3677 1458">
     <span class='ocr_line' id='line_1_26' title="bbox 2100 1366 3677 1458; baseline 0.006 -25"><span class='ocrx_word' id='word_1_186' title='bbox 2100 1378 2191 1434; x_wconf 90' lang='lat' dir='ltr'><strong>ubi</strong></span> <span class='ocrx_word' id='word_1_187' title='bbox 2228 1390 2327 1436; x_wconf 90' lang='lat' dir='ltr'><strong>nec</strong></span> <span class='ocrx_word' id='word_1_188' title='bbox 2366 1379 2563 1435; x_wconf 87' lang='lat' dir='ltr'><strong>stillam</strong></span> <span class='ocrx_word' id='word_1_189' title='bbox 2598 1384 2783 1458; x_wconf 63' lang='lat' dir='ltr'><strong>aquae,</strong></span> <span class='ocrx_word' id='word_1_190' title='bbox 2834 1382 2975 1437; x_wconf 91' lang='lat' dir='ltr'><strong>unde</strong></span> <span class='ocrx_word' id='word_1_191' title='bbox 3021 1383 3088 1438; x_wconf 91' lang='lat' dir='ltr'><strong>ad</strong></span> <span class='ocrx_word' id='word_1_192' title='bbox 3134 1366 3405 1440; x_wconf 86' lang='lat' dir='ltr'><strong>modicum</strong></span> <span class='ocrx_word' id='word_1_193' title='bbox 3452 1384 3677 1458; x_wconf 85' lang='lat' dir='ltr'><strong>refrige-</strong></span> 
     </span>
    </p>
   </div>
   <div class='ocr_carea' id='block_1_27' title="bbox 2101 1456 3678 1549">
    <p class='ocr_par' dir='ltr' id='par_1_27' title="bbox 2101 1456 3678 1549">
     <span class='ocr_line' id='line_1_27' title="bbox 2101 1456 3678 1549; baseline 0.005 -23"><span class='ocrx_word' id='word_1_194' title='bbox 2101 1480 2310 1549; x_wconf 82' lang='lat' dir='ltr'><strong>rentur,</strong></span> <span class='ocrx_word' id='word_1_195' title='bbox 2349 1473 2643 1544; x_wconf 88' lang='lat' dir='ltr'><strong>accipiunt,</strong></span> <span class='ocrx_word' id='word_1_196' title='bbox 2684 1456 2778 1528; x_wconf 84' lang='lat' dir='ltr'><strong>sed</strong></span> <span class='ocrx_word' id='word_1_197' title='bbox 2815 1482 2870 1529; x_wconf 92' lang='lat' dir='ltr'><strong>et</strong></span> <span class='ocrx_word' id='word_1_198' title='bbox 2903 1474 2955 1530; x_wconf 92' lang='lat' dir='ltr'><strong>in</strong></span> <span class='ocrx_word' id='word_1_199' title='bbox 2995 1476 3249 1545; x_wconf 70' lang='lat' dir='ltr'><strong>prmsenti</strong></span> <span class='ocrx_word' id='word_1_200' title='bbox 3286 1475 3399 1545; x_wconf 91' lang='lat' dir='ltr'><strong>ubi,</strong></span> <span class='ocrx_word' id='word_1_201' title='bbox 3430 1456 3678 1549; x_wconf 73' lang='lat' dir='ltr'><strong>quamvis</strong></span> 
     </span>
    </p>
   </div>
   <div class='ocr_carea' id='block_1_28' title="bbox 2074 1540 3258 1645">
    <p class='ocr_par' dir='ltr' id='par_1_28' title="bbox 2074 1540 3258 1645">
     <span class='ocr_line' id='line_1_28' title="bbox 2074 1540 3258 1645; baseline 0.004 -28"><span class='ocrx_word' id='word_1_202' title='bbox 2074 1560 2077 1561; x_wconf 56' lang='grc'><strong><em>⁷</em></strong></span> <span class='ocrx_word' id='word_1_203' title='bbox 2104 1540 2388 1618; x_wconf 81' lang='lat' dir='ltr'><strong>innumera</strong></span> <span class='ocrx_word' id='word_1_204' title='bbox 2418 1562 2616 1635; x_wconf 79' lang='lat' dir='ltr'><strong>rapiat,</strong></span> <span class='ocrx_word' id='word_1_205' title='bbox 2652 1579 2866 1634; x_wconf 86' lang='lat' dir='ltr'><strong>semper</strong></span> <span class='ocrx_word' id='word_1_206' title='bbox 2895 1580 3090 1622; x_wconf 89' lang='lat' dir='ltr'><strong>avarus</strong></span> <span class='ocrx_word' id='word_1_207' title='bbox 3119 1574 3258 1645; x_wconf 82' lang='lat' dir='ltr'><strong>eget.</strong></span> 
     </span>
    </p>
   </div>
   <div class='ocr_carea' id='block_1_29' title="bbox 2173 1648 3678 1729">
    <p class='ocr_par' dir='ltr' id='par_1_29' title="bbox 2173 1648 3678 1729">
     <span class='ocr_line' id='line_1_29' title="bbox 2173 1648 3678 1729; baseline 0.007 -23"><span class='ocrx_word' id='word_1_208' title='bbox 2173 1650 2365 1707; x_wconf 83' lang='lat' dir='ltr'><strong>Anima</strong></span> <span class='ocrx_word' id='word_1_209' title='bbox 2409 1671 2527 1727; x_wconf 70' lang='lat' dir='ltr'><strong>qua:</strong></span> <span class='ocrx_word' id='word_1_210' title='bbox 2572 1648 2825 1708; x_wconf 80' lang='lat' dir='ltr'><strong>benedicit</strong></span> <span class='ocrx_word' id='word_1_211' title='bbox 2873 1655 3301 1726; x_wconf 87' lang='lat' dir='ltr'><strong>impinguabitur,</strong></span> <span class='ocrx_word' id='word_1_212' title='bbox 3344 1668 3392 1712; x_wconf 93' lang='lat' dir='ltr'><strong>et</strong></span> <span class='ocrx_word' id='word_1_213' title='bbox 3434 1658 3523 1729; x_wconf 96' lang='lat' dir='ltr'><strong>qui</strong></span> <span class='ocrx_word' id='word_1_214' title='bbox 3563 1659 3678 1717; x_wconf 84' lang='lat' dir='ltr'><strong>ine-</strong></span> 
     </span>
    </p>
   </div>
   <div class='ocr_carea' id='block_1_30' title="bbox 2107 1724 3679 1821">
    <p class='ocr_par' dir='ltr' id='par_1_30' title="bbox 2107 1724 3679 1821">
     <span class='ocr_line' id='line_1_30' title="bbox 2107 1724 3679 1821; baseline 0.006 -23"><span class='ocrx_word' id='word_1_215' title='bbox 2107 1724 2244 1799; x_wconf 69' lang='lat' dir='ltr'><strong>briat</strong></span> <span class='ocrx_word' id='word_1_216' title='bbox 2264 1785 2279 1810; x_wconf 91' lang='lat'><strong>,</strong></span> <span class='ocrx_word' id='word_1_217' title='bbox 2319 1724 2430 1816; x_wconf 79' lang='lat' dir='ltr'><strong>ipse</strong></span> <span class='ocrx_word' id='word_1_218' title='bbox 2458 1761 2661 1817; x_wconf 88' lang='lat' dir='ltr'><strong>quoque</strong></span> <span class='ocrx_word' id='word_1_219' title='bbox 2687 1724 3053 1800; x_wconf 52' lang='lat' dir='ltr'><strong>inebriabitur;</strong></span> <span class='ocrx_word' id='word_1_220' title='bbox 3084 1745 3185 1814; x_wconf 90' lang='lat' dir='ltr'><strong>Qui</strong></span> <span class='ocrx_word' id='word_1_221' title='bbox 3216 1724 3456 1807; x_wconf 79' lang='lat' dir='ltr'><strong>exterius</strong></span> <span class='ocrx_word' id='word_1_222' title='bbox 3480 1736 3679 1821; x_wconf 60' lang='lat' dir='ltr'><strong>praedi-</strong></span> 
     </span>
    </p>
   </div>
   <div class='ocr_carea' id='block_1_31' title="bbox 499 1824 3683 1917">
    <p class='ocr_par' dir='ltr' id='par_1_31' title="bbox 499 1824 3683 1917">
     <span class='ocr_line' id='line_1_31' title="bbox 499 1824 3683 1917; baseline 0.002 -24"><span class='ocrx_word' id='word_1_223' title='bbox 499 1838 604 1906; x_wconf 83' lang='lat' dir='ltr'><strong>Qui</strong></span> <span class='ocrx_word' id='word_1_224' title='bbox 626 1838 795 1893; x_wconf 76' lang='lat' dir='ltr'><strong>autem</strong></span> <span class='ocrx_word' id='word_1_225' title='bbox 829 1830 968 1893; x_wconf 75' lang='lat' dir='ltr'><strong>cdbel</strong></span> <span class='ocrx_word' id='word_1_226' title='bbox 990 1835 1199 1908; x_wconf 81' lang='lat' dir='ltr'><strong>laqueos</strong></span> <span class='ocrx_word' id='word_1_227' title='bbox 1219 1848 1430 1892; x_wconf 87' lang='lat' dir='ltr'><strong>securus</strong></span> <span class='ocrx_word' id='word_1_228' title='bbox 1455 1837 1573 1890; x_wconf 85' lang='lat' dir='ltr'><strong>erit.</strong></span> <span class='ocrx_word' id='word_1_229' title='bbox 1624 1834 1859 1891; x_wconf 82' lang='lat' dir='ltr'><strong>Sec‘urus</strong></span> <span class='ocrx_word' id='word_1_230' title='bbox 1896 1833 2035 1917; x_wconf 14' lang='lat' dir='ltr'><strong>erit}</strong></span> <span class='ocrx_word' id='word_1_231' title='bbox 2106 1836 2280 1893; x_wconf 90' lang='lat' dir='ltr'><strong>cando</strong></span> <span class='ocrx_word' id='word_1_232' title='bbox 2331 1824 2599 1917; x_wconf 84' lang='lat' dir='ltr'><strong>benedicit</strong></span> <span class='ocrx_word' id='word_1_233' title='bbox 2628 1880 2642 1907; x_wconf 90' lang='lat'><strong>,</strong></span> <span class='ocrx_word' id='word_1_234' title='bbox 2698 1838 2925 1895; x_wconf 91' lang='lat' dir='ltr'><strong>interius</strong></span> <span class='ocrx_word' id='word_1_235' title='bbox 2979 1842 3249 1911; x_wconf 80' lang='lat' dir='ltr'><strong>augmenti</strong></span> <span class='ocrx_word' id='word_1_236' title='bbox 3302 1826 3683 1913; x_wconf 84' lang='lat' dir='ltr'><strong>pinguedinem</strong></span> 
     </span>
    </p>
   </div>
   <div class='ocr_carea' id='block_1_32' title="bbox 424 1916 3681 2002">
    <p class='ocr_par' dir='ltr' id='par_1_32' title="bbox 424 1916 3681 2002">
     <span class='ocr_line' id='line_1_32' title="bbox 424 1916 3681 2002; baseline 0.001 -14"><span class='ocrx_word' id='word_1_237' title='bbox 424 1933 481 1988; x_wconf 92' lang='lat' dir='ltr'><strong>in</strong></span> <span class='ocrx_word' id='word_1_238' title='bbox 505 1931 686 1988; x_wconf 80' lang='lat' dir='ltr'><strong>futuro</strong></span> <span class='ocrx_word' id='word_1_239' title='bbox 722 1930 812 2002; x_wconf 89' lang='lat' dir='ltr'><strong>qui</strong></span> <span class='ocrx_word' id='word_1_240' title='bbox 847 1938 992 1985; x_wconf 84' lang='lat' dir='ltr'><strong>nunc</strong></span> <span class='ocrx_word' id='word_1_241' title='bbox 1038 1930 1174 1984; x_wconf 85' lang='lat' dir='ltr'><strong>bene</strong></span> <span class='ocrx_word' id='word_1_242' title='bbox 1205 1927 1584 1985; x_wconf 75' lang='lat' dir='ltr'><strong>formidolosds</strong></span> <span class='ocrx_word' id='word_1_243' title='bbox 1622 1931 1677 1983; x_wconf 78' lang='lat' dir='ltr'><strong>et</strong></span> <span class='ocrx_word' id='word_1_244' title='bbox 1705 1928 1800 1983; x_wconf 72' lang='lat' dir='ltr'><strong>sua</strong></span> <span class='ocrx_word' id='word_1_245' title='bbox 1840 1924 2003 1982; x_wconf 86' lang='lat' dir='ltr'><strong>sedu-</strong></span> <span class='ocrx_word' id='word_1_246' title='bbox 2031 1919 2080 1979; x_wconf 88' lang='grc' dir='ltr'><strong>Β</strong></span> <span class='ocrx_word' id='word_1_247' title='bbox 2107 1932 2320 2001; x_wconf 84' lang='lat' dir='ltr'><strong>recipit.</strong></span> <span class='ocrx_word' id='word_1_248' title='bbox 2364 1931 2432 1987; x_wconf 88' lang='lat' dir='ltr'><strong>Et</strong></span> <span class='ocrx_word' id='word_1_249' title='bbox 2466 1916 2593 1987; x_wconf 89' lang='lat' dir='ltr'><strong>dum</strong></span> <span class='ocrx_word' id='word_1_250' title='bbox 2623 1946 2780 1988; x_wconf 90' lang='lat' dir='ltr'><strong>sacro</strong></span> <span class='ocrx_word' id='word_1_251' title='bbox 2808 1930 2929 1987; x_wconf 91' lang='lat' dir='ltr'><strong>oleo</strong></span> <span class='ocrx_word' id='word_1_252' title='bbox 2956 1942 3193 1987; x_wconf 88' lang='lat' dir='ltr'><strong>mentem</strong></span> <span class='ocrx_word' id='word_1_253' title='bbox 3226 1916 3530 1990; x_wconf 87' lang='lat' dir='ltr'><strong>auditorum</strong></span> <span class='ocrx_word' id='word_1_254' title='bbox 3563 1936 3681 1992; x_wconf 90' lang='lat' dir='ltr'><strong>ine-</strong></span> 
     </span>
    </p>
   </div>
   <div class='ocr_carea' id='block_1_33' title="bbox 424 2008 2003 2093">
    <p class='ocr_par' dir='ltr' id='par_1_33' title="bbox 424 2008 2003 2093">
     <span class='ocr_line' id='line_1_33' title="bbox 424 2008 2003 2093; baseline -0.003 -14"><span class='ocrx_word' id='word_1_255' title='bbox 424 2023 510 2079; x_wconf 79' lang='lat' dir='ltr'><strong>ius</strong></span> <span class='ocrx_word' id='word_1_256' title='bbox 534 2031 711 2079; x_wconf 88' lang='lat' dir='ltr'><strong>errata</strong></span> <span class='ocrx_word' id='word_1_257' title='bbox 739 2018 837 2093; x_wconf 75' lang='lat' dir='ltr'><strong>per</strong></span> <span class='ocrx_word' id='word_1_258' title='bbox 855 2019 1227 2092; x_wconf 63' lang='lat' dir='ltr'><strong>paenitentiam</strong></span> <span class='ocrx_word' id='word_1_259' title='bbox 1273 2028 1450 2087; x_wconf 85' lang='lat' dir='ltr'><strong>curat,</strong></span> <span class='ocrx_word' id='word_1_260' title='bbox 1470 2010 1526 2073; x_wconf 88' lang='lat' dir='ltr'><strong>et</strong></span> <span class='ocrx_word' id='word_1_261' title='bbox 1564 2008 1632 2074; x_wconf 88' lang='lat' dir='ltr'><strong>ab</strong></span> <span class='ocrx_word' id='word_1_262' title='bbox 1660 2017 2003 2093; x_wconf 75' lang='lat' dir='ltr'><strong>impaeniten-</strong></span> 
     </span>
    </p>
   </div>
   <div class='ocr_carea' id='block_1_34' title="bbox 425 2108 1555 2190">
    <p class='ocr_par' dir='ltr' id='par_1_34' title="bbox 425 2108 1555 2190">
     <span class='ocr_line' id='line_1_34' title="bbox 425 2108 1555 2190; baseline -0.003 -21"><span class='ocrx_word' id='word_1_263' title='bbox 425 2114 559 2170; x_wconf 86' lang='lat' dir='ltr'><strong>tium</strong></span> <span class='ocrx_word' id='word_1_264' title='bbox 588 2129 647 2170; x_wconf 88' lang='lat' dir='ltr'><strong>se</strong></span> <span class='ocrx_word' id='word_1_265' title='bbox 666 2108 926 2169; x_wconf 83' lang='lat' dir='ltr'><strong>societate</strong></span> <span class='ocrx_word' id='word_1_266' title='bbox 947 2120 1126 2168; x_wconf 81' lang='lat' dir='ltr'><strong>servat</strong></span> <span class='ocrx_word' id='word_1_267' title='bbox 1147 2110 1459 2167; x_wconf 77' lang='lat' dir='ltr'><strong>immunem.</strong></span> <span class='ocrx_word' id='word_1_268' title='bbox 1551 2186 1555 2190; x_wconf 12' lang='lat'><strong><em>&gt;</em></strong></span> 
     </span>
    </p>
   </div>
   <div class='ocr_carea' id='block_1_35' title="bbox 498 2200 2006 2270">
    <p class='ocr_par' dir='ltr' id='par_1_35' title="bbox 498 2200 2006 2270">
     <span class='ocr_line' id='line_1_35' title="bbox 498 2200 2006 2270; baseline -0.005 -8"><span class='ocrx_word' id='word_1_269' title='bbox 498 2202 692 2262; x_wconf 73' lang='lat' dir='ltr'><strong>Manus</strong></span> <span class='ocrx_word' id='word_1_270' title='bbox 713 2206 766 2261; x_wconf 84' lang='lat' dir='ltr'><strong>in</strong></span> <span class='ocrx_word' id='word_1_271' title='bbox 782 2206 939 2262; x_wconf 79' lang='lat' dir='ltr'><strong>mdnu</strong></span> <span class='ocrx_word' id='word_1_272' title='bbox 958 2208 1060 2260; x_wconf 81' lang='lat' dir='ltr'><strong>non</strong></span> <span class='ocrx_word' id='word_1_273' title='bbox 1077 2208 1172 2261; x_wconf 84' lang='lat' dir='ltr'><strong>erit</strong></span> <span class='ocrx_word' id='word_1_274' title='bbox 1187 2204 1434 2261; x_wconf 72' lang='lat' dir='ltr'><strong>inlioceni</strong></span> <span class='ocrx_word' id='word_1_275' title='bbox 1457 2202 1648 2257; x_wconf 89' lang='lat' dir='ltr'><strong>malus.</strong></span> <span class='ocrx_word' id='word_1_276' title='bbox 1665 2200 1766 2270; x_wconf 85' lang='lat' dir='ltr'><strong>Qui</strong></span> <span class='ocrx_word' id='word_1_277' title='bbox 1786 2202 2006 2256; x_wconf 82' lang='lat' dir='ltr'><strong>inanuin</strong></span> 
     </span>
    </p>
   </div>
   <div class='ocr_carea' id='block_1_36' title="bbox 336 2286 2007 2369">
    <p class='ocr_par' dir='ltr' id='par_1_36' title="bbox 336 2286 2007 2369">
     <span class='ocr_line' id='line_1_36' title="bbox 336 2286 2007 2369; baseline -0.004 -16"><span class='ocrx_word' id='word_1_278' title='bbox 336 2286 343 2291; x_wconf 64' lang='grc'><strong>’</strong></span> <span class='ocrx_word' id='word_1_279' title='bbox 420 2294 601 2369; x_wconf 78' lang='lat' dir='ltr'><strong>jungit</strong></span> <span class='ocrx_word' id='word_1_280' title='bbox 631 2296 685 2352; x_wconf 86' lang='lat' dir='ltr'><strong>in</strong></span> <span class='ocrx_word' id='word_1_281' title='bbox 712 2312 874 2353; x_wconf 90' lang='lat' dir='ltr'><strong>manu</strong></span> <span class='ocrx_word' id='word_1_282' title='bbox 901 2296 975 2352; x_wconf 85' lang='lat' dir='ltr'><strong>nil</strong></span> <span class='ocrx_word' id='word_1_283' title='bbox 992 2294 1176 2367; x_wconf 78' lang='lat' dir='ltr'><strong>utique</strong></span> <span class='ocrx_word' id='word_1_284' title='bbox 1196 2298 1475 2369; x_wconf 72' lang='lat' dir='ltr'><strong>operatur,</strong></span> <span class='ocrx_word' id='word_1_285' title='bbox 1495 2294 1588 2350; x_wconf 81' lang='lat' dir='ltr'><strong>sed</strong></span> <span class='ocrx_word' id='word_1_286' title='bbox 1612 2294 1872 2349; x_wconf 87' lang='lat' dir='ltr'><strong>manusin</strong></span> <span class='ocrx_word' id='word_1_287' title='bbox 1893 2309 2007 2347; x_wconf 91' lang='lat' dir='ltr'><strong>ma-</strong></span> 
     </span>
    </p>
   </div>
   <div class='ocr_carea' id='block_1_37' title="bbox 429 2372 2011 2458">
    <p class='ocr_par' dir='ltr' id='par_1_37' title="bbox 429 2372 2011 2458">
     <span class='ocr_line' id='line_1_37' title="bbox 429 2372 2011 2458; baseline -0.004 -14"><span class='ocrx_word' id='word_1_288' title='bbox 429 2398 501 2444; x_wconf 82' lang='lat' dir='ltr'><strong>nu</strong></span> <span class='ocrx_word' id='word_1_289' title='bbox 525 2386 631 2445; x_wconf 80' lang='lat' dir='ltr'><strong>iIOn</strong></span> <span class='ocrx_word' id='word_1_290' title='bbox 648 2389 753 2444; x_wconf 88' lang='lat' dir='ltr'><strong>erit</strong></span> <span class='ocrx_word' id='word_1_291' title='bbox 766 2378 1026 2445; x_wconf 60' lang='lat' dir='ltr'><strong>indoctius</strong></span> <span class='ocrx_word' id='word_1_292' title='bbox 1047 2372 1240 2453; x_wconf 79' lang='lat' dir='ltr'><strong>iiialus,</strong></span> <span class='ocrx_word' id='word_1_293' title='bbox 1258 2387 1382 2458; x_wconf 88' lang='lat' dir='ltr'><strong>quia</strong></span> <span class='ocrx_word' id='word_1_294' title='bbox 1398 2374 1499 2441; x_wconf 84' lang='lat' dir='ltr'><strong>&#39;etsi</strong></span> <span class='ocrx_word' id='word_1_295' title='bbox 1515 2382 1582 2440; x_wconf 91' lang='lat' dir='ltr'><strong>ab</strong></span> <span class='ocrx_word' id='word_1_296' title='bbox 1599 2385 1781 2455; x_wconf 86' lang='lat' dir='ltr'><strong>iniqua</strong></span> <span class='ocrx_word' id='word_1_297' title='bbox 1797 2383 2011 2439; x_wconf 88' lang='lat' dir='ltr'><strong>actione</strong></span> 
     </span>
    </p>
   </div>
   <div class='ocr_carea' id='block_1_38' title="bbox 428 2472 2011 2547">
    <p class='ocr_par' dir='ltr' id='par_1_38' title="bbox 428 2472 2011 2547">
     <span class='ocr_line' id='line_1_38' title="bbox 428 2472 2011 2547; baseline -0.004 -10"><span class='ocrx_word' id='word_1_298' title='bbox 428 2496 619 2537; x_wconf 89' lang='lat' dir='ltr'><strong>manus</strong></span> <span class='ocrx_word' id='word_1_299' title='bbox 662 2476 730 2538; x_wconf 80' lang='lat' dir='ltr'><strong>ad</strong></span> <span class='ocrx_word' id='word_1_300' title='bbox 758 2480 951 2539; x_wconf 73' lang='lat' dir='ltr'><strong>horam</strong></span> <span class='ocrx_word' id='word_1_301' title='bbox 992 2480 1279 2547; x_wconf 77' lang='lat' dir='ltr'><strong>Subtrahit,</strong></span> <span class='ocrx_word' id='word_1_302' title='bbox 1310 2474 1489 2535; x_wconf 85' lang='lat' dir='ltr'><strong>cordis</strong></span> <span class='ocrx_word' id='word_1_303' title='bbox 1526 2472 1704 2533; x_wconf 82' lang='lat' dir='ltr'><strong>tamen</strong></span> <span class='ocrx_word' id='word_1_304' title='bbox 1753 2476 2011 2532; x_wconf 82' lang='lat' dir='ltr'><strong>innocen-</strong></span> 
     </span>
    </p>
   </div>
   <div class='ocr_carea' id='block_1_39' title="bbox 431 2566 2007 2638">
    <p class='ocr_par' dir='ltr' id='par_1_39' title="bbox 431 2566 2007 2638">
     <span class='ocr_line' id='line_1_39' title="bbox 431 2566 2007 2638; baseline -0.004 -12"><span class='ocrx_word' id='word_1_305' title='bbox 431 2572 559 2627; x_wconf 92' lang='lat' dir='ltr'><strong>tiam</strong></span> <span class='ocrx_word' id='word_1_306' title='bbox 590 2566 764 2628; x_wconf 86' lang='lat' dir='ltr'><strong>malus</strong></span> <span class='ocrx_word' id='word_1_307' title='bbox 789 2566 991 2628; x_wconf 79' lang='lat' dir='ltr'><strong>habere</strong></span> <span class='ocrx_word' id='word_1_308' title='bbox 1030 2576 1138 2627; x_wconf 82' lang='lat' dir='ltr'><strong>non</strong></span> <span class='ocrx_word' id='word_1_309' title='bbox 1170 2570 1307 2626; x_wconf 65' lang='lat' dir='ltr'><strong>Valet</strong></span> <span class='ocrx_word' id='word_1_310' title='bbox 1334 2589 1347 2624; x_wconf 90' lang='lat'><strong>:</strong></span> <span class='ocrx_word' id='word_1_311' title='bbox 1384 2569 1524 2625; x_wconf 90' lang='lat' dir='ltr'><strong>unde</strong></span> <span class='ocrx_word' id='word_1_312' title='bbox 1552 2574 1607 2624; x_wconf 89' lang='lat' dir='ltr'><strong>e&#39;t</strong></span> <span class='ocrx_word' id='word_1_313' title='bbox 1638 2568 2007 2638; x_wconf 65' lang='lat' dir='ltr'><strong>prazmittitur.</strong></span> 
     </span>
    </p>
   </div>
   <div class='ocr_carea' id='block_1_40' title="bbox 501 2656 2013 2733">
    <p class='ocr_par' dir='ltr' id='par_1_40' title="bbox 501 2656 2013 2733">
     <span class='ocr_line' id='line_1_40' title="bbox 501 2656 2013 2733; baseline -0.005 -15"><span class='ocrx_word' id='word_1_314' title='bbox 501 2661 861 2718; x_wconf 71' lang='lat' dir='ltr'><strong>Abomindbile</strong></span> <span class='ocrx_word' id='word_1_315' title='bbox 895 2658 1119 2719; x_wconf 80' lang='lat' dir='ltr'><strong>Doinilio</strong></span> <span class='ocrx_word' id='word_1_316' title='bbox 1173 2664 1263 2717; x_wconf 72' lang='lat' dir='ltr'><strong>cor</strong></span> <span class='ocrx_word' id='word_1_317' title='bbox 1312 2675 1550 2733; x_wconf 79' lang='lat' dir='ltr'><strong>pravum.</strong></span> <span class='ocrx_word' id='word_1_318' title='bbox 1601 2656 1787 2715; x_wconf 84' lang='lat' dir='ltr'><strong>Semen</strong></span> <span class='ocrx_word' id='word_1_319' title='bbox 1838 2665 2013 2712; x_wconf 88' lang='lat' dir='ltr'><strong>autem</strong></span> 
     </span>
    </p>
   </div>
   <div class='ocr_carea' id='block_1_41' title="bbox 425 2743 2011 2826">
    <p class='ocr_par' dir='ltr' id='par_1_41' title="bbox 425 2743 2011 2826">
     <span class='ocr_line' id='line_1_41' title="bbox 425 2743 2011 2826; baseline -0.003 -19"><span class='ocrx_word' id='word_1_320' title='bbox 425 2754 692 2826; x_wconf 82' lang='lat' dir='ltr'><strong>justurum</strong></span> <span class='ocrx_word' id='word_1_321' title='bbox 739 2748 1042 2809; x_wconf 71' lang='lat' dir='ltr'><strong>sdlvabitui&#39;.</strong></span> <span class='ocrx_word' id='word_1_322' title='bbox 1075 2743 1191 2809; x_wconf 68' lang='lat' dir='ltr'><strong>[ibe</strong></span> <span class='ocrx_word' id='word_1_323' title='bbox 1239 2752 1341 2819; x_wconf 79' lang='lat' dir='ltr'><strong>est,</strong></span> <span class='ocrx_word' id='word_1_324' title='bbox 1374 2747 1515 2822; x_wconf 81' lang='lat' dir='ltr'><strong>quod</strong></span> <span class='ocrx_word' id='word_1_325' title='bbox 1562 2758 1725 2821; x_wconf 82' lang='lat' dir='ltr'><strong>supra</strong></span> <span class='ocrx_word' id='word_1_326' title='bbox 1772 2748 2011 2804; x_wconf 88' lang='lat' dir='ltr'><strong>dicitur:</strong></span> 
     </span>
    </p>
   </div>
   <div class='ocr_carea' id='block_1_42' title="bbox 436 2842 2017 2917">
    <p class='ocr_par' dir='ltr' id='par_1_42' title="bbox 436 2842 2017 2917">
     <span class='ocr_line' id='line_1_42' title="bbox 436 2842 2017 2917; baseline -0.001 -17"><span class='ocrx_word' id='word_1_327' title='bbox 436 2843 727 2902; x_wconf 81' lang='lat' dir='ltr'><strong>Seminanti</strong></span> <span class='ocrx_word' id='word_1_328' title='bbox 773 2848 945 2902; x_wconf 79' lang='lat' dir='ltr'><strong>autem</strong></span> <span class='ocrx_word' id='word_1_329' title='bbox 980 2844 1246 2917; x_wconf 80' lang='lat' dir='ltr'><strong>justitiam</strong></span> <span class='ocrx_word' id='word_1_330' title='bbox 1292 2856 1485 2902; x_wconf 74' lang='lat' dir='ltr'><strong>merces</strong></span> <span class='ocrx_word' id='word_1_331' title='bbox 1532 2845 1724 2916; x_wconf 74' lang='lat' dir='ltr'><strong>ﬁdelis,</strong></span> <span class='ocrx_word' id='word_1_332' title='bbox 1753 2844 1839 2899; x_wconf 87' lang='lat' dir='ltr'><strong>vel</strong></span> <span class='ocrx_word' id='word_1_333' title='bbox 1869 2842 2017 2900; x_wconf 84' lang='lat' dir='ltr'><strong>certe</strong></span> 
     </span>
    </p>
   </div>
   <div class='ocr_carea' id='block_1_43' title="bbox 436 2934 2018 3010">
    <p class='ocr_par' dir='ltr' id='par_1_43' title="bbox 436 2934 2018 3010">
     <span class='ocr_line' id='line_1_43' title="bbox 436 2934 2018 3010; baseline -0.001 -18"><span class='ocrx_word' id='word_1_334' title='bbox 436 2944 622 2993; x_wconf 85' lang='lat' dir='ltr'><strong>semen</strong></span> <span class='ocrx_word' id='word_1_335' title='bbox 654 2935 924 3006; x_wconf 80' lang='lat' dir='ltr'><strong>justbrum</strong></span> <span class='ocrx_word' id='word_1_336' title='bbox 954 2934 1266 3005; x_wconf 65' lang='lat' dir='ltr'><strong>saltabitur,</strong></span> <span class='ocrx_word' id='word_1_337' title='bbox 1299 2937 1423 3010; x_wconf 85' lang='lat' dir='ltr'><strong>quia</strong></span> <span class='ocrx_word' id='word_1_338' title='bbox 1464 2939 1555 3008; x_wconf 87' lang='lat' dir='ltr'><strong>qui</strong></span> <span class='ocrx_word' id='word_1_339' title='bbox 1601 2936 2018 3008; x_wconf 64' lang='lat' dir='ltr'><strong>praecedentium</strong></span> 
     </span>
    </p>
   </div>
   <div class='ocr_carea' id='block_1_44' title="bbox 415 3028 2021 3103">
    <p class='ocr_par' dir='ltr' id='par_1_44' title="bbox 415 3028 2021 3103">
     <span class='ocr_line' id='line_1_44' title="bbox 415 3028 2021 3103; baseline 0.001 -19"><span class='ocrx_word' id='word_1_340' title='bbox 415 3028 696 3100; x_wconf 77' lang='lat' dir='ltr'><strong>.justormn</strong></span> <span class='ocrx_word' id='word_1_341' title='bbox 727 3028 970 3103; x_wconf 75' lang='lat' dir='ltr'><strong>exempla</strong></span> <span class='ocrx_word' id='word_1_342' title='bbox 1004 3028 1313 3097; x_wconf 83' lang='lat' dir='ltr'><strong>seetantur,</strong></span> <span class='ocrx_word' id='word_1_343' title='bbox 1364 3032 1559 3088; x_wconf 89' lang='lat' dir='ltr'><strong>borum</strong></span> <span class='ocrx_word' id='word_1_344' title='bbox 1598 3047 1812 3103; x_wconf 87' lang='lat' dir='ltr'><strong>quoque</strong></span> <span class='ocrx_word' id='word_1_345' title='bbox 1856 3030 2021 3086; x_wconf 71' lang='lat' dir='ltr'><strong>Vesti-</strong></span> 
     </span>
    </p>
   </div>
   <div class='ocr_carea' id='block_1_45' title="bbox 439 3112 2021 3197">
    <p class='ocr_par' dir='ltr' id='par_1_45' title="bbox 439 3112 2021 3197">
     <span class='ocr_line' id='line_1_45' title="bbox 439 3112 2021 3197; baseline 0.002 -22"><span class='ocrx_word' id='word_1_346' title='bbox 439 3122 522 3194; x_wconf 80' lang='lat' dir='ltr'><strong>gia</strong></span> <span class='ocrx_word' id='word_1_347' title='bbox 548 3122 617 3178; x_wconf 81' lang='lat' dir='ltr'><strong>ad</strong></span> <span class='ocrx_word' id='word_1_348' title='bbox 643 3121 870 3180; x_wconf 72' lang='lat' dir='ltr'><strong>videnda</strong></span> <span class='ocrx_word' id='word_1_349' title='bbox 902 3123 1091 3181; x_wconf 83' lang='lat' dir='ltr'><strong>salutis</strong></span> <span class='ocrx_word' id='word_1_350' title='bbox 1120 3134 1333 3181; x_wconf 66' lang='lat' dir='ltr'><strong>aeterna:</strong></span> <span class='ocrx_word' id='word_1_351' title='bbox 1369 3124 1562 3197; x_wconf 81' lang='lat' dir='ltr'><strong>gaudia</strong></span> <span class='ocrx_word' id='word_1_352' title='bbox 1594 3122 1913 3193; x_wconf 80' lang='lat' dir='ltr'><strong>sequuntur,</strong></span> <span class='ocrx_word' id='word_1_353' title='bbox 1955 3112 2021 3178; x_wconf 90' lang='lat' dir='ltr'><strong>de</strong></span> 
     </span>
    </p>
   </div>
   <div class='ocr_carea' id='block_1_46' title="bbox 438 3213 2017 3289">
    <p class='ocr_par' dir='ltr' id='par_1_46' title="bbox 438 3213 2017 3289">
     <span class='ocr_line' id='line_1_46' title="bbox 438 3213 2017 3289; baseline -0.001 -20"><span class='ocrx_word' id='word_1_354' title='bbox 438 3214 633 3284; x_wconf 81' lang='lat' dir='ltr'><strong>quibus</strong></span> <span class='ocrx_word' id='word_1_355' title='bbox 651 3214 818 3271; x_wconf 74' lang='lat' dir='ltr'><strong>isaias</strong></span> <span class='ocrx_word' id='word_1_356' title='bbox 843 3214 858 3269; x_wconf 76' lang='grc' dir='ltr'><strong><em>ἑ</em></strong></span> <span class='ocrx_word' id='word_1_357' title='bbox 881 3213 1074 3271; x_wconf 84' lang='lat' dir='ltr'><strong>Omnes</strong></span> <span class='ocrx_word' id='word_1_358' title='bbox 1090 3218 1181 3289; x_wconf 81' lang='lat' dir='ltr'><strong>qui</strong></span> <span class='ocrx_word' id='word_1_359' title='bbox 1204 3217 1421 3270; x_wconf 80' lang='lat' dir='ltr'><strong>viderint</strong></span> <span class='ocrx_word' id='word_1_360' title='bbox 1442 3231 1548 3282; x_wconf 88' lang='lat' dir='ltr'><strong>eos,</strong></span> <span class='ocrx_word' id='word_1_361' title='bbox 1578 3222 1885 3287; x_wconf 77' lang='lat' dir='ltr'><strong>cogndscent</strong></span> <span class='ocrx_word' id='word_1_362' title='bbox 1909 3231 2017 3280; x_wconf 87' lang='lat' dir='ltr'><strong>eos,</strong></span> 
     </span>
    </p>
   </div>
   <div class='ocr_carea' id='block_1_47' title="bbox 2105 2020 3686 2093">
    <p class='ocr_par' dir='ltr' id='par_1_47' title="bbox 2105 2020 3686 2093">
     <span class='ocr_line' id='line_1_47' title="bbox 2105 2020 3686 2093; baseline 0.001 -15"><span class='ocrx_word' id='word_1_363' title='bbox 2105 2020 2289 2078; x_wconf 89' lang='lat' dir='ltr'><strong>briare</strong></span> <span class='ocrx_word' id='word_1_364' title='bbox 2336 2037 2445 2076; x_wconf 89' lang='lat' dir='ltr'><strong>non</strong></span> <span class='ocrx_word' id='word_1_365' title='bbox 2497 2022 2725 2089; x_wconf 87' lang='lat' dir='ltr'><strong>desiuit,</strong></span> <span class='ocrx_word' id='word_1_366' title='bbox 2776 2029 2906 2092; x_wconf 91' lang='lat' dir='ltr'><strong>potu</strong></span> <span class='ocrx_word' id='word_1_367' title='bbox 2953 2020 3236 2093; x_wconf 85' lang='lat' dir='ltr'><strong>multiplici</strong></span> <span class='ocrx_word' id='word_1_368' title='bbox 3279 2024 3522 2081; x_wconf 90' lang='lat' dir='ltr'><strong>muneris</strong></span> <span class='ocrx_word' id='word_1_369' title='bbox 3567 2024 3686 2080; x_wconf 86' lang='lat' dir='ltr'><strong>ine-</strong></span> 
     </span>
    </p>
   </div>
   <div class='ocr_carea' id='block_1_48' title="bbox 2109 2104 2885 2169">
    <p class='ocr_par' dir='ltr' id='par_1_48' title="bbox 2109 2104 2885 2169">
     <span class='ocr_line' id='line_1_48' title="bbox 2109 2104 2885 2169; baseline -0.005 0"><span class='ocrx_word' id='word_1_370' title='bbox 2109 2104 2315 2169; x_wconf 84' lang='lat' dir='ltr'><strong>briatus</strong></span> <span class='ocrx_word' id='word_1_371' title='bbox 2342 2113 2626 2169; x_wconf 74' lang='lat' dir='ltr'><strong>excrescit.</strong></span> <span class='ocrx_word' id='word_1_372' title='bbox 2872 2119 2885 2125; x_wconf 82' lang='lat'><strong>&#39;</strong></span> 
     </span>
    </p>
   </div>
   <div class='ocr_carea' id='block_1_49' title="bbox 2183 2188 3692 2277">
    <p class='ocr_par' dir='ltr' id='par_1_49' title="bbox 2183 2188 3692 2277">
     <span class='ocr_line' id='line_1_49' title="bbox 2183 2188 3692 2277; baseline 0.003 -20"><span class='ocrx_word' id='word_1_373' title='bbox 2183 2204 2286 2270; x_wconf 85' lang='lat' dir='ltr'><strong>Qui</strong></span> <span class='ocrx_word' id='word_1_374' title='bbox 2339 2204 2609 2259; x_wconf 79' lang='lat' dir='ltr'><strong>abscondit</strong></span> <span class='ocrx_word' id='word_1_375' title='bbox 2660 2204 2923 2274; x_wconf 79' lang='lat' dir='ltr'><strong>frumenta</strong></span> <span class='ocrx_word' id='word_1_376' title='bbox 2975 2202 3308 2260; x_wconf 82' lang='lat' dir='ltr'><strong>maledicitur</strong></span> <span class='ocrx_word' id='word_1_377' title='bbox 3350 2188 3407 2260; x_wconf 87' lang='lat' dir='ltr'><strong>in</strong></span> <span class='ocrx_word' id='word_1_378' title='bbox 3447 2204 3692 2277; x_wconf 76' lang='lat' dir='ltr'><strong>populis,</strong></span> 
     </span>
    </p>
   </div>
   <div class='ocr_carea' id='block_1_50' title="bbox 2113 2295 3686 2367">
    <p class='ocr_par' dir='ltr' id='par_1_50' title="bbox 2113 2295 3686 2367">
     <span class='ocr_line' id='line_1_50' title="bbox 2113 2295 3686 2367; baseline 0 -16"><span class='ocrx_word' id='word_1_379' title='bbox 2113 2296 2400 2352; x_wconf 84' lang='lat' dir='ltr'><strong>benedictio</strong></span> <span class='ocrx_word' id='word_1_380' title='bbox 2435 2306 2612 2350; x_wconf 88' lang='lat' dir='ltr'><strong>autem</strong></span> <span class='ocrx_word' id='word_1_381' title='bbox 2646 2313 2803 2367; x_wconf 89' lang='lat' dir='ltr'><strong>super</strong></span> <span class='ocrx_word' id='word_1_382' title='bbox 2835 2305 2991 2367; x_wconf 88' lang='lat' dir='ltr'><strong>caput</strong></span> <span class='ocrx_word' id='word_1_383' title='bbox 3026 2295 3375 2353; x_wconf 84' lang='lat' dir='ltr'><strong>vendentium.</strong></span> <span class='ocrx_word' id='word_1_384' title='bbox 3416 2295 3518 2363; x_wconf 87' lang='lat' dir='ltr'><strong>Qui</strong></span> <span class='ocrx_word' id='word_1_385' title='bbox 3557 2312 3686 2353; x_wconf 89' lang='lat' dir='ltr'><strong>san-</strong></span> 
     </span>
    </p>
   </div>
   <div class='ocr_carea' id='block_1_51' title="bbox 2114 2374 3687 2458">
    <p class='ocr_par' dir='ltr' id='par_1_51' title="bbox 2114 2374 3687 2458">
     <span class='ocr_line' id='line_1_51' title="bbox 2114 2374 3687 2458; baseline 0.001 -16"><span class='ocrx_word' id='word_1_386' title='bbox 2114 2398 2215 2442; x_wconf 71' lang='lat' dir='ltr'><strong>cta:</strong></span> <span class='ocrx_word' id='word_1_387' title='bbox 2252 2374 2655 2458; x_wconf 63' lang='lat' dir='ltr'><strong>praedicationis</strong></span> <span class='ocrx_word' id='word_1_388' title='bbox 2690 2378 2831 2457; x_wconf 77' lang='lat' dir='ltr'><strong>apud</strong></span> <span class='ocrx_word' id='word_1_389' title='bbox 2864 2401 2924 2442; x_wconf 93' lang='lat' dir='ltr'><strong>se</strong></span> <span class='ocrx_word' id='word_1_390' title='bbox 2952 2385 3121 2441; x_wconf 90' lang='lat' dir='ltr'><strong>verba</strong></span> <span class='ocrx_word' id='word_1_391' title='bbox 3155 2385 3544 2454; x_wconf 39' lang='lat' dir='ltr'><strong>retinet,‘talis</strong></span> <span class='ocrx_word' id='word_1_392' title='bbox 3575 2404 3687 2443; x_wconf 90' lang='lat' dir='ltr'><strong>ma-</strong></span> 
     </span>
    </p>
   </div>
   <div class='ocr_carea' id='block_1_52' title="bbox 2092 2474 3691 2551">
    <p class='ocr_par' dir='ltr' id='par_1_52' title="bbox 2092 2474 3691 2551">
     <span class='ocr_line' id='line_1_52' title="bbox 2092 2474 3691 2551; baseline 0.001 -19"><span class='ocrx_word' id='word_1_393' title='bbox 2092 2474 2365 2535; x_wconf 88' lang='lat' dir='ltr'><strong>ledicitur</strong></span> <span class='ocrx_word' id='word_1_394' title='bbox 2409 2479 2462 2534; x_wconf 89' lang='lat' dir='ltr'><strong>in</strong></span> <span class='ocrx_word' id='word_1_395' title='bbox 2510 2478 2755 2549; x_wconf 84' lang='lat' dir='ltr'><strong>populis,</strong></span> <span class='ocrx_word' id='word_1_396' title='bbox 2809 2479 2934 2549; x_wconf 87' lang='lat' dir='ltr'><strong>quia</strong></span> <span class='ocrx_word' id='word_1_397' title='bbox 2982 2478 3038 2534; x_wconf 89' lang='lat' dir='ltr'><strong>in</strong></span> <span class='ocrx_word' id='word_1_398' title='bbox 3082 2478 3248 2536; x_wconf 87' lang='lat' dir='ltr'><strong>solius</strong></span> <span class='ocrx_word' id='word_1_399' title='bbox 3291 2478 3447 2551; x_wconf 87' lang='lat' dir='ltr'><strong>culpa</strong></span> <span class='ocrx_word' id='word_1_400' title='bbox 3486 2479 3691 2534; x_wconf 90' lang='lat' dir='ltr'><strong>silentii</strong></span> 
     </span>
    </p>
   </div>
   <div class='ocr_carea' id='block_1_53' title="bbox 2113 2570 3692 2643">
    <p class='ocr_par' dir='ltr' id='par_1_53' title="bbox 2113 2570 3692 2643">
     <span class='ocr_line' id='line_1_53' title="bbox 2113 2570 3692 2643; baseline 0.002 -19"><span class='ocrx_word' id='word_1_401' title='bbox 2113 2586 2214 2643; x_wconf 92' lang='lat' dir='ltr'><strong>pro</strong></span> <span class='ocrx_word' id='word_1_402' title='bbox 2248 2570 2540 2627; x_wconf 90' lang='lat' dir='ltr'><strong>multorum</strong></span> <span class='ocrx_word' id='word_1_403' title='bbox 2576 2586 2710 2642; x_wconf 92' lang='lat' dir='ltr'><strong>quos</strong></span> <span class='ocrx_word' id='word_1_404' title='bbox 2744 2571 3018 2642; x_wconf 86' lang='lat' dir='ltr'><strong>corrigere</strong></span> <span class='ocrx_word' id='word_1_405' title='bbox 3050 2571 3225 2641; x_wconf 90' lang='lat' dir='ltr'><strong>potuit</strong></span> <span class='ocrx_word' id='word_1_406' title='bbox 3260 2585 3418 2641; x_wconf 74' lang='lat' dir='ltr'><strong>poena</strong></span> <span class='ocrx_word' id='word_1_407' title='bbox 3470 2570 3692 2628; x_wconf 89' lang='lat' dir='ltr'><strong>damna-</strong></span> 
     </span>
    </p>
   </div>
   <div class='ocr_carea' id='block_1_54' title="bbox 2118 2654 3695 2749">
    <p class='ocr_par' dir='ltr' id='par_1_54' title="bbox 2118 2654 3695 2749">
     <span class='ocr_line' id='line_1_54' title="bbox 2118 2654 3695 2749; baseline 0.001 -33"><span class='ocrx_word' id='word_1_408' title='bbox 2118 2654 2225 2728; x_wconf 82' lang='lat' dir='ltr'><strong>tur,</strong></span> <span class='ocrx_word' id='word_1_409' title='bbox 2263 2662 2377 2749; x_wconf 86' lang='lat' dir='ltr'><strong>ipse</strong></span> <span class='ocrx_word' id='word_1_410' title='bbox 2410 2670 2495 2719; x_wconf 89' lang='lat' dir='ltr'><strong>est</strong></span> <span class='ocrx_word' id='word_1_411' title='bbox 2524 2677 2712 2747; x_wconf 79' lang='lat' dir='ltr'><strong>servus</strong></span> <span class='ocrx_word' id='word_1_412' title='bbox 2745 2662 2898 2734; x_wconf 89' lang='lat' dir='ltr'><strong>piger</strong></span> <span class='ocrx_word' id='word_1_413' title='bbox 2935 2669 2990 2717; x_wconf 90' lang='lat' dir='ltr'><strong>et</strong></span> <span class='ocrx_word' id='word_1_414' title='bbox 3023 2662 3225 2727; x_wconf 90' lang='lat' dir='ltr'><strong>malus,</strong></span> <span class='ocrx_word' id='word_1_415' title='bbox 3259 2662 3351 2745; x_wconf 83' lang='lat' dir='ltr'><strong>qui</strong></span> <span class='ocrx_word' id='word_1_416' title='bbox 3380 2677 3480 2733; x_wconf 92' lang='lat' dir='ltr'><strong>pro</strong></span> <span class='ocrx_word' id='word_1_417' title='bbox 3515 2672 3695 2720; x_wconf 89' lang='lat' dir='ltr'><strong>reten-</strong></span> 
     </span>
    </p>
   </div>
   <div class='ocr_carea' id='block_1_55' title="bbox 2120 2753 3696 2827">
    <p class='ocr_par' dir='ltr' id='par_1_55' title="bbox 2120 2753 3696 2827">
     <span class='ocr_line' id='line_1_55' title="bbox 2120 2753 3696 2827; baseline 0.001 -18"><span class='ocrx_word' id='word_1_418' title='bbox 2120 2753 2264 2809; x_wconf 88' lang='lat' dir='ltr'><strong>tione</strong></span> <span class='ocrx_word' id='word_1_419' title='bbox 2302 2754 2521 2821; x_wconf 87' lang='lat' dir='ltr'><strong>talenti,</strong></span> <span class='ocrx_word' id='word_1_420' title='bbox 2561 2755 2703 2827; x_wconf 84' lang='lat' dir='ltr'><strong>quod</strong></span> <span class='ocrx_word' id='word_1_421' title='bbox 2741 2754 2979 2823; x_wconf 85' lang='lat' dir='ltr'><strong>accepit,</strong></span> <span class='ocrx_word' id='word_1_422' title='bbox 3015 2753 3069 2809; x_wconf 92' lang='lat' dir='ltr'><strong>in</strong></span> <span class='ocrx_word' id='word_1_423' title='bbox 3105 2753 3404 2809; x_wconf 80' lang='lat' dir='ltr'><strong>exteriores</strong></span> <span class='ocrx_word' id='word_1_424' title='bbox 3443 2756 3696 2812; x_wconf 79' lang='lat' dir='ltr'><strong>tenebras</strong></span> 
     </span>
    </p>
   </div>
   <div class='ocr_carea' id='block_1_56' title="bbox 2119 2843 3696 2917">
    <p class='ocr_par' dir='ltr' id='par_1_56' title="bbox 2119 2843 3696 2917">
     <span class='ocr_line' id='line_1_56' title="bbox 2119 2843 3696 2917; baseline 0.003 -17"><span class='ocrx_word' id='word_1_425' title='bbox 2119 2845 2317 2901; x_wconf 90' lang='lat' dir='ltr'><strong>missus</strong></span> <span class='ocrx_word' id='word_1_426' title='bbox 2349 2854 2454 2901; x_wconf 90' lang='lat' dir='ltr'><strong>est.</strong></span> <span class='ocrx_word' id='word_1_427' title='bbox 2488 2845 2739 2903; x_wconf 84' lang='lat' dir='ltr'><strong>Vendunt</strong></span> <span class='ocrx_word' id='word_1_428' title='bbox 2774 2852 2956 2901; x_wconf 90' lang='lat' dir='ltr'><strong>autem</strong></span> <span class='ocrx_word' id='word_1_429' title='bbox 2990 2843 3321 2901; x_wconf 87' lang='lat' dir='ltr'><strong>frumentum</strong></span> <span class='ocrx_word' id='word_1_430' title='bbox 3351 2846 3444 2917; x_wconf 89' lang='lat' dir='ltr'><strong>qui</strong></span> <span class='ocrx_word' id='word_1_431' title='bbox 3472 2848 3696 2904; x_wconf 80' lang='lat' dir='ltr'><strong>verbum</strong></span> 
     </span>
    </p>
   </div>
   <div class='ocr_carea' id='block_1_57' title="bbox 2096 2926 3697 3008">
    <p class='ocr_par' dir='ltr' id='par_1_57' title="bbox 2096 2926 3697 3008">
     <span class='ocr_line' id='line_1_57' title="bbox 2096 2926 3697 3008; baseline 0.001 -18"><span class='ocrx_word' id='word_1_432' title='bbox 2096 2926 2248 2991; x_wconf 46' lang='lat' dir='ltr'><strong>&#39;vitae</strong></span> <span class='ocrx_word' id='word_1_433' title='bbox 2289 2936 2631 2993; x_wconf 85' lang='lat' dir='ltr'><strong>audientibus</strong></span> <span class='ocrx_word' id='word_1_434' title='bbox 2662 2937 2979 3003; x_wconf 80' lang='lat' dir='ltr'><strong>conferunt,</strong></span> <span class='ocrx_word' id='word_1_435' title='bbox 3013 2952 3045 2992; x_wconf 84' lang='lat' dir='ltr'><strong>a</strong></span> <span class='ocrx_word' id='word_1_436' title='bbox 3079 2937 3276 3008; x_wconf 88' lang='lat' dir='ltr'><strong>quibus</strong></span> <span class='ocrx_word' id='word_1_437' title='bbox 3301 2935 3536 3007; x_wconf 87' lang='lat' dir='ltr'><strong>pretium</strong></span> <span class='ocrx_word' id='word_1_438' title='bbox 3571 2934 3697 2992; x_wconf 78' lang='lat' dir='ltr'><strong>fidei</strong></span> 
     </span>
    </p>
   </div>
   <div class='ocr_carea' id='block_1_58' title="bbox 2122 3020 3701 3113">
    <p class='ocr_par' dir='ltr' id='par_1_58' title="bbox 2122 3020 3701 3113">
     <span class='ocr_line' id='line_1_58' title="bbox 2122 3020 3701 3113; baseline 0.002 -31"><span class='ocrx_word' id='word_1_439' title='bbox 2122 3034 2180 3082; x_wconf 91' lang='lat' dir='ltr'><strong>et</strong></span> <span class='ocrx_word' id='word_1_440' title='bbox 2215 3026 2576 3109; x_wconf 81' lang='lat' dir='ltr'><strong>confessionis</strong></span> <span class='ocrx_word' id='word_1_441' title='bbox 2610 3028 2915 3113; x_wconf 80' lang='lat' dir='ltr'><strong>accipiant,</strong></span> <span class='ocrx_word' id='word_1_442' title='bbox 2956 3020 3167 3085; x_wconf 79' lang='lat' dir='ltr'><strong>dicente</strong></span> <span class='ocrx_word' id='word_1_443' title='bbox 3200 3027 3430 3085; x_wconf 88' lang='lat' dir='ltr'><strong>Domino</strong></span> <span class='ocrx_word' id='word_1_444' title='bbox 3464 3046 3489 3095; x_wconf 35' lang='grc' dir='ltr'><strong>ς,</strong></span> <span class='ocrx_word' id='word_1_445' title='bbox 3522 3028 3701 3113; x_wconf 53' lang='grc' dir='ltr'><strong>φοο-</strong></span> 
     </span>
    </p>
   </div>
   <div class='ocr_carea' id='block_1_59' title="bbox 2123 3118 3704 3205">
    <p class='ocr_par' dir='ltr' id='par_1_59' title="bbox 2123 3118 3704 3205">
     <span class='ocr_line' id='line_1_59' title="bbox 2123 3118 3704 3205; baseline 0.004 -34"><span class='ocrx_word' id='word_1_446' title='bbox 2123 3118 2330 3173; x_wconf 88' lang='lat' dir='ltr'><strong>tiomini</strong></span> <span class='ocrx_word' id='word_1_447' title='bbox 2365 3118 2488 3174; x_wconf 86' lang='lat' dir='ltr'><strong>dum</strong></span> <span class='ocrx_word' id='word_1_448' title='bbox 2522 3121 2668 3205; x_wconf 80' lang='lat' dir='ltr'><strong>venio</strong></span> <span class='ocrx_word' id='word_1_449' title='bbox 2719 3118 2892 3192; x_wconf 87' lang='lat' dir='ltr'><strong>(Luc.</strong></span> <span class='ocrx_word' id='word_1_450' title='bbox 2924 3120 3099 3192; x_wconf 78' lang='lat' dir='ltr'><strong>nx),</strong></span> <span class='ocrx_word' id='word_1_451' title='bbox 3148 3136 3378 3193; x_wconf 90' lang='lat' dir='ltr'><strong>quorum</strong></span> <span class='ocrx_word' id='word_1_452' title='bbox 3412 3121 3576 3193; x_wconf 89' lang='lat' dir='ltr'><strong>capiti</strong></span> <span class='ocrx_word' id='word_1_453' title='bbox 3609 3122 3704 3178; x_wconf 82' lang='lat' dir='ltr'><strong>be-</strong></span> 
     </span>
    </p>
   </div>
   <div class='ocr_carea' id='block_1_60' title="bbox 2124 3207 3702 3286">
    <p class='ocr_par' dir='ltr' id='par_1_60' title="bbox 2124 3207 3702 3286">
     <span class='ocr_line' id='line_1_60' title="bbox 2124 3207 3702 3286; baseline 0.005 -24"><span class='ocrx_word' id='word_1_454' title='bbox 2124 3207 2360 3263; x_wconf 90' lang='lat' dir='ltr'><strong>nedictio</strong></span> <span class='ocrx_word' id='word_1_455' title='bbox 2394 3212 2739 3285; x_wconf 81' lang='lat' dir='ltr'><strong>supervenit,</strong></span> <span class='ocrx_word' id='word_1_456' title='bbox 2785 3211 2912 3268; x_wconf 93' lang='lat' dir='ltr'><strong>dum</strong></span> <span class='ocrx_word' id='word_1_457' title='bbox 2959 3212 3186 3286; x_wconf 85' lang='lat' dir='ltr'><strong>singulis</strong></span> <span class='ocrx_word' id='word_1_458' title='bbox 3237 3212 3303 3268; x_wconf 93' lang='lat' dir='ltr'><strong>de</strong></span> <span class='ocrx_word' id='word_1_459' title='bbox 3347 3213 3443 3269; x_wconf 91' lang='lat' dir='ltr'><strong>tali</strong></span> <span class='ocrx_word' id='word_1_460' title='bbox 3487 3213 3702 3285; x_wconf 80' lang='lat' dir='ltr'><strong>negotio</strong></span> 
     </span>
    </p>
   </div>
   <div class='ocr_carea' id='block_1_61' title="bbox 439 3280 3702 3378">
    <p class='ocr_par' dir='ltr' id='par_1_61' title="bbox 439 3280 3702 3378">
     <span class='ocr_line' id='line_1_61' title="bbox 439 3280 3702 3378; baseline 0 -19"><span class='ocrx_word' id='word_1_461' title='bbox 439 3280 561 3376; x_wconf 76' lang='lat' dir='ltr'><strong>quia</strong></span> <span class='ocrx_word' id='word_1_462' title='bbox 593 3305 679 3360; x_wconf 81' lang='lat' dir='ltr'><strong>isti</strong></span> <span class='ocrx_word' id='word_1_463' title='bbox 701 3312 823 3360; x_wconf 86' lang='lat' dir='ltr'><strong>sunt</strong></span> <span class='ocrx_word' id='word_1_464' title='bbox 844 3314 1018 3361; x_wconf 72' lang='lat' dir='ltr'><strong>sernen</strong></span> <span class='ocrx_word' id='word_1_465' title='bbox 1043 3280 1128 3362; x_wconf 71' lang='lat' dir='ltr'><strong>cui</strong></span> <span class='ocrx_word' id='word_1_466' title='bbox 1154 3305 1410 3362; x_wconf 69' lang='lat' dir='ltr'><strong>benedixit</strong></span> <span class='ocrx_word' id='word_1_467' title='bbox 1439 3280 1694 3360; x_wconf 73' lang='lat' dir='ltr'><strong>Dominus</strong></span> <span class='ocrx_word' id='word_1_468' title='bbox 1714 3300 1849 3378; x_wconf 85' lang='lat' dir='ltr'><strong>(Isa.</strong></span> <span class='ocrx_word' id='word_1_469' title='bbox 1881 3302 2015 3378; x_wconf 77' lang='lat' dir='ltr'><strong>ut).</strong></span> <span class='ocrx_word' id='word_1_470' title='bbox 2049 3280 2095 3343; x_wconf 62' lang='grc' dir='ltr'>Ε</span> <span class='ocrx_word' id='word_1_471' title='bbox 2128 3280 2473 3356; x_wconf 82' lang='lat' dir='ltr'><strong>redeuntium</strong></span> <span class='ocrx_word' id='word_1_472' title='bbox 2504 3280 2765 3358; x_wconf 87' lang='lat' dir='ltr'><strong>Dominus</strong></span> <span class='ocrx_word' id='word_1_473' title='bbox 2799 3303 2971 3359; x_wconf 86' lang='lat' dir='ltr'><strong>dicit:</strong></span> <span class='ocrx_word' id='word_1_474' title='bbox 3008 3280 3179 3376; x_wconf 63' lang='lat' dir='ltr'><strong>Euge,</strong></span> <span class='ocrx_word' id='word_1_475' title='bbox 3203 3320 3348 3360; x_wconf 85' lang='lat' dir='ltr'><strong>serve</strong></span> <span class='ocrx_word' id='word_1_476' title='bbox 3385 3305 3514 3360; x_wconf 83' lang='lat' dir='ltr'><strong>bone</strong></span> <span class='ocrx_word' id='word_1_477' title='bbox 3547 3280 3595 3360; x_wconf 62' lang='lat' dir='ltr'><strong>et</strong></span> <span class='ocrx_word' id='word_1_478' title='bbox 3631 3305 3702 3376; x_wconf 78' lang='lat' dir='ltr'><strong>ﬁ-</strong></span> 
     </span>
    </p>
   </div>
   <div class='ocr_carea' id='block_1_62' title="bbox 512 3394 2025 3468">
    <p class='ocr_par' dir='ltr' id='par_1_62' title="bbox 512 3394 2025 3468">
     <span class='ocr_line' id='line_1_62' title="bbox 512 3394 2025 3468; baseline -0.001 -17"><span class='ocrx_word' id='word_1_479' title='bbox 512 3395 756 3452; x_wconf 83' lang='lat' dir='ltr'><strong>Circulus</strong></span> <span class='ocrx_word' id='word_1_480' title='bbox 781 3402 975 3454; x_wconf 69' lang='lat' dir='ltr'><strong>aureus</strong></span> <span class='ocrx_word' id='word_1_481' title='bbox 1007 3399 1062 3453; x_wconf 88' lang='lat' dir='ltr'><strong>in</strong></span> <span class='ocrx_word' id='word_1_482' title='bbox 1089 3394 1304 3453; x_wconf 81' lang='lat' dir='ltr'><strong>naribus</strong></span> <span class='ocrx_word' id='word_1_483' title='bbox 1331 3399 1440 3453; x_wconf 76' lang='lat' dir='ltr'><strong>suis</strong></span> <span class='ocrx_word' id='word_1_484' title='bbox 1484 3396 1674 3453; x_wconf 71' lang='lat' dir='ltr'><strong>Mulier</strong></span> <span class='ocrx_word' id='word_1_485' title='bbox 1714 3395 1937 3468; x_wconf 82' lang='lat' dir='ltr'><strong>pulchra</strong></span> <span class='ocrx_word' id='word_1_486' title='bbox 1976 3405 2025 3450; x_wconf 86' lang='lat' dir='ltr'><strong>et</strong></span> 
     </span>
    </p>
   </div>
   <div class='ocr_carea' id='block_1_63' title="bbox 443 3484 2029 3558">
    <p class='ocr_par' dir='ltr' id='par_1_63' title="bbox 443 3484 2029 3558">
     <span class='ocr_line' id='line_1_63' title="bbox 443 3484 2029 3558; baseline 0 -17"><span class='ocrx_word' id='word_1_487' title='bbox 443 3488 614 3558; x_wconf 72' lang='lat' dir='ltr'><strong>fatua.</strong></span> <span class='ocrx_word' id='word_1_488' title='bbox 638 3484 911 3544; x_wconf 77' lang='lat' dir='ltr'><strong>Circuiuin</strong></span> <span class='ocrx_word' id='word_1_489' title='bbox 937 3494 1163 3547; x_wconf 83' lang='lat' dir='ltr'><strong>aureum</strong></span> <span class='ocrx_word' id='word_1_490' title='bbox 1185 3488 1230 3545; x_wconf 81' lang='lat' dir='ltr'><strong>si</strong></span> <span class='ocrx_word' id='word_1_491' title='bbox 1256 3488 1311 3544; x_wconf 81' lang='lat' dir='ltr'><strong>lii</strong></span> <span class='ocrx_word' id='word_1_492' title='bbox 1339 3490 1560 3545; x_wconf 87' lang='lat' dir='ltr'><strong>naribus</strong></span> <span class='ocrx_word' id='word_1_493' title='bbox 1586 3489 1699 3545; x_wconf 83' lang='lat' dir='ltr'><strong>suis</strong></span> <span class='ocrx_word' id='word_1_494' title='bbox 1720 3487 1927 3554; x_wconf 61' lang='lat' dir='ltr'><strong>literis,</strong></span> <span class='ocrx_word' id='word_1_495' title='bbox 1943 3485 2029 3542; x_wconf 89' lang='lat' dir='ltr'><strong>ui-</strong></span> 
     </span>
    </p>
   </div>
   <div class='ocr_carea' id='block_1_64' title="bbox 378 3568 2029 3638">
    <p class='ocr_par' dir='ltr' id='par_1_64' title="bbox 378 3568 2029 3638">
     <span class='ocr_line' id='line_1_64' title="bbox 378 3568 2029 3638; baseline -0.002 -2"><span class='ocrx_word' id='word_1_496' title='bbox 378 3624 387 3629; x_wconf 91' lang='lat'><strong>-</strong></span> <span class='ocrx_word' id='word_1_497' title='bbox 446 3568 735 3637; x_wconf 74' lang='lat' dir='ltr'><strong>bilotltinus</strong></span> <span class='ocrx_word' id='word_1_498' title='bbox 763 3581 853 3638; x_wconf 86' lang='lat' dir='ltr'><strong>ille</strong></span> <span class='ocrx_word' id='word_1_499' title='bbox 889 3582 1091 3638; x_wconf 70' lang='lat' dir='ltr'><strong>terram</strong></span> <span class='ocrx_word' id='word_1_500' title='bbox 1117 3584 1332 3638; x_wconf 64' lang='lat' dir='ltr'><strong>vertere</strong></span> <span class='ocrx_word' id='word_1_501' title='bbox 1358 3584 1492 3638; x_wconf 77' lang='lat' dir='ltr'><strong>naso</strong></span> <span class='ocrx_word' id='word_1_502' title='bbox 1534 3584 1589 3637; x_wconf 89' lang='lat' dir='ltr'><strong>et</strong></span> <span class='ocrx_word' id='word_1_503' title='bbox 1616 3581 1902 3636; x_wconf 66' lang='lat' dir='ltr'><strong>tolutabro</strong></span> <span class='ocrx_word' id='word_1_504' title='bbox 1931 3578 2029 3633; x_wconf 89' lang='lat' dir='ltr'><strong>luti</strong></span> 
     </span>
    </p>
   </div>
   <div class='ocr_carea' id='block_1_65' title="bbox 446 3662 2030 3743">
    <p class='ocr_par' dir='ltr' id='par_1_65' title="bbox 446 3662 2030 3743">
     <span class='ocr_line' id='line_1_65' title="bbox 446 3662 2030 3743; baseline -0.002 -15"><span class='ocrx_word' id='word_1_505' title='bbox 446 3662 989 3743; x_wconf 8' lang='lat' dir='ltr'><strong>prepewtgimmergi;</strong></span> <span class='ocrx_word' id='word_1_506' title='bbox 1014 3673 1089 3727; x_wconf 82' lang='lat' dir='ltr'><strong>ita</strong></span> <span class='ocrx_word' id='word_1_507' title='bbox 1112 3670 1305 3728; x_wconf 71' lang='lat' dir='ltr'><strong>iuuii’ér</strong></span> <span class='ocrx_word' id='word_1_508' title='bbox 1332 3672 1479 3727; x_wconf 72' lang='lat' dir='ltr'><strong>fatua</strong></span> <span class='ocrx_word' id='word_1_509' title='bbox 1501 3672 1546 3727; x_wconf 90' lang='lat' dir='ltr'><strong>si</strong></span> <span class='ocrx_word' id='word_1_510' title='bbox 1575 3670 2030 3743; x_wconf 78' lang='lat' dir='ltr'><strong>pulchritudinem</strong></span> 
     </span>
    </p>
   </div>
   <div class='ocr_carea' id='block_1_66' title="bbox 447 3752 2031 3833">
    <p class='ocr_par' dir='ltr' id='par_1_66' title="bbox 447 3752 2031 3833">
     <span class='ocr_line' id='line_1_66' title="bbox 447 3752 2031 3833; baseline 0 -17"><span class='ocrx_word' id='word_1_511' title='bbox 447 3762 630 3817; x_wconf 77' lang='lat' dir='ltr'><strong>vultus</strong></span> <span class='ocrx_word' id='word_1_512' title='bbox 659 3761 739 3815; x_wconf 62' lang='lat' dir='ltr'><strong>rei</strong></span> <span class='ocrx_word' id='word_1_513' title='bbox 767 3752 985 3819; x_wconf 71' lang='lat' dir='ltr'><strong>habitus</strong></span> <span class='ocrx_word' id='word_1_514' title='bbox 1010 3763 1298 3833; x_wconf 73' lang='lat' dir='ltr'><strong>acceperit,</strong></span> <span class='ocrx_word' id='word_1_515' title='bbox 1330 3777 1482 3818; x_wconf 89' lang='lat' dir='ltr'><strong>suam</strong></span> <span class='ocrx_word' id='word_1_516' title='bbox 1507 3771 1688 3817; x_wconf 88' lang='lat' dir='ltr'><strong>tamen</strong></span> <span class='ocrx_word' id='word_1_517' title='bbox 1732 3760 1925 3816; x_wconf 78' lang='lat' dir='ltr'><strong>faciem</strong></span> <span class='ocrx_word' id='word_1_518' title='bbox 1964 3762 2031 3816; x_wconf 91' lang='lat' dir='ltr'><strong>ad</strong></span> 
     </span>
    </p>
   </div>
   <div class='ocr_carea' id='block_1_67' title="bbox 449 3851 2033 3927">
    <p class='ocr_par' dir='ltr' id='par_1_67' title="bbox 449 3851 2033 3927">
     <span class='ocr_line' id='line_1_67' title="bbox 449 3851 2033 3927; baseline 0.001 -20"><span class='ocrx_word' id='word_1_519' title='bbox 449 3853 633 3908; x_wconf 82' lang='lat' dir='ltr'><strong>intima</strong></span> <span class='ocrx_word' id='word_1_520' title='bbox 656 3853 951 3922; x_wconf 79' lang='lat' dir='ltr'><strong>declinare,</strong></span> <span class='ocrx_word' id='word_1_521' title='bbox 974 3868 1126 3909; x_wconf 78' lang='lat' dir='ltr'><strong>suam</strong></span> <span class='ocrx_word' id='word_1_522' title='bbox 1168 3854 1564 3927; x_wconf 82' lang='lat' dir='ltr'><strong>speciositatem</strong></span> <span class='ocrx_word' id='word_1_523' title='bbox 1604 3851 1671 3907; x_wconf 89' lang='lat' dir='ltr'><strong>ad</strong></span> <span class='ocrx_word' id='word_1_524' title='bbox 1712 3851 2033 3909; x_wconf 81' lang='lat' dir='ltr'><strong>evertendos</strong></span> 
     </span>
    </p>
   </div>
   <div class='ocr_carea' id='block_1_68' title="bbox 448 3942 2033 4015">
    <p class='ocr_par' dir='ltr' id='par_1_68' title="bbox 448 3942 2033 4015">
     <span class='ocr_line' id='line_1_68' title="bbox 448 3942 2033 4015; baseline 0 -16"><span class='ocrx_word' id='word_1_525' title='bbox 448 3945 649 4015; x_wconf 86' lang='lat' dir='ltr'><strong>ubique</strong></span> <span class='ocrx_word' id='word_1_526' title='bbox 678 3946 949 4002; x_wconf 87' lang='lat' dir='ltr'><strong>castitatis</strong></span> <span class='ocrx_word' id='word_1_527' title='bbox 977 3944 1246 4011; x_wconf 77' lang='lat' dir='ltr'><strong>ﬂosculos,</strong></span> <span class='ocrx_word' id='word_1_528' title='bbox 1273 3944 1645 4009; x_wconf 75' lang='lat' dir='ltr'><strong>circumferre,</strong></span> <span class='ocrx_word' id='word_1_529' title='bbox 1671 3956 1729 3998; x_wconf 91' lang='lat' dir='ltr'><strong>se</strong></span> <span class='ocrx_word' id='word_1_530' title='bbox 1764 3954 1921 3998; x_wconf 72' lang='lat' dir='ltr'><strong>emno</strong></span> <span class='ocrx_word' id='word_1_531' title='bbox 1939 3942 2033 3999; x_wconf 70' lang='lat' dir='ltr'><strong>iro-</strong></span> 
     </span>
    </p>
   </div>
   <div class='ocr_carea' id='block_1_69' title="bbox 448 4036 2034 4112">
    <p class='ocr_par' dir='ltr' id='par_1_69' title="bbox 448 4036 2034 4112">
     <span class='ocr_line' id='line_1_69' title="bbox 448 4036 2034 4112; baseline -0.003 -19"><span class='ocrx_word' id='word_1_532' title='bbox 448 4038 669 4109; x_wconf 81' lang='lat' dir='ltr'><strong>luptatls</strong></span> <span class='ocrx_word' id='word_1_533' title='bbox 708 4040 989 4110; x_wconf 87' lang='lat' dir='ltr'><strong>inquinare</strong></span> <span class='ocrx_word' id='word_1_534' title='bbox 1038 4036 1226 4112; x_wconf 88' lang='lat' dir='ltr'><strong>diligit.</strong></span> <span class='ocrx_word' id='word_1_535' title='bbox 1267 4038 1459 4094; x_wconf 80' lang='lat' dir='ltr'><strong>Aliter.</strong></span> <span class='ocrx_word' id='word_1_536' title='bbox 1498 4037 1602 4106; x_wconf 85' lang='lat' dir='ltr'><strong>Qui</strong></span> <span class='ocrx_word' id='word_1_537' title='bbox 1654 4044 2034 4094; x_wconf 82' lang='lat' dir='ltr'><strong>ornamentum</strong></span> 
     </span>
    </p>
   </div>
   <div class='ocr_carea' id='block_1_70' title="bbox 450 4129 2036 4211">
    <p class='ocr_par' dir='ltr' id='par_1_70' title="bbox 450 4129 2036 4211">
     <span class='ocr_line' id='line_1_70' title="bbox 450 4129 2036 4211; baseline -0.003 -24"><span class='ocrx_word' id='word_1_538' title='bbox 450 4131 754 4187; x_wconf 88' lang='lat' dir='ltr'><strong>divinorum</strong></span> <span class='ocrx_word' id='word_1_539' title='bbox 792 4132 1127 4203; x_wconf 86' lang='lat' dir='ltr'><strong>eloquiorum</strong></span> <span class='ocrx_word' id='word_1_540' title='bbox 1162 4130 1472 4187; x_wconf 86' lang='lat' dir='ltr'><strong>meditando</strong></span> <span class='ocrx_word' id='word_1_541' title='bbox 1527 4129 1896 4201; x_wconf 76' lang='lat' dir='ltr'><strong>consequitur,</strong></span> 
     </span>
    </p>
   </div>
   <div class='ocr_carea' id='block_1_71' title="bbox 452 4216 2033 4294">
    <p class='ocr_par' dir='ltr' id='par_1_71' title="bbox 452 4216 2033 4294">
     <span class='ocr_line' id='line_1_71' title="bbox 452 4216 2033 4294; baseline -0.002 -17"><span class='ocrx_word' id='word_1_542' title='bbox 452 4222 569 4278; x_wconf 76' lang='lat' dir='ltr'><strong>lucc</strong></span> <span class='ocrx_word' id='word_1_543' title='bbox 597 4223 735 4277; x_wconf 90' lang='lat' dir='ltr'><strong>male</strong></span> <span class='ocrx_word' id='word_1_544' title='bbox 761 4222 989 4279; x_wconf 79' lang='lat' dir='ltr'><strong>vivendo</strong></span> <span class='ocrx_word' id='word_1_545' title='bbox 1015 4222 1342 4294; x_wconf 72' lang='lat' dir='ltr'><strong>insedultur,</strong></span> <span class='ocrx_word' id='word_1_546' title='bbox 1366 4221 1626 4278; x_wconf 85' lang='lat' dir='ltr'><strong>circulum</strong></span> <span class='ocrx_word' id='word_1_547' title='bbox 1669 4222 1894 4277; x_wconf 76' lang='lat' dir='ltr'><strong>aureum</strong></span> <span class='ocrx_word' id='word_1_548' title='bbox 1932 4216 2033 4275; x_wconf 81' lang='lat' dir='ltr'><strong>ha-</strong></span> 
     </span>
    </p>
   </div>
   <div class='ocr_carea' id='block_1_72' title="bbox 453 4313 2036 4384">
    <p class='ocr_par' dir='ltr' id='par_1_72' title="bbox 453 4313 2036 4384">
     <span class='ocr_line' id='line_1_72' title="bbox 453 4313 2036 4384; baseline -0.003 -15"><span class='ocrx_word' id='word_1_549' title='bbox 453 4314 547 4370; x_wconf 86' lang='lat' dir='ltr'><strong>bet</strong></span> <span class='ocrx_word' id='word_1_550' title='bbox 576 4315 629 4369; x_wconf 88' lang='lat' dir='ltr'><strong>in</strong></span> <span class='ocrx_word' id='word_1_551' title='bbox 662 4315 904 4379; x_wconf 88' lang='lat' dir='ltr'><strong>naribus,</strong></span> <span class='ocrx_word' id='word_1_552' title='bbox 930 4315 1025 4371; x_wconf 84' lang='lat' dir='ltr'><strong>sed</strong></span> <span class='ocrx_word' id='word_1_553' title='bbox 1057 4330 1208 4370; x_wconf 90' lang='lat' dir='ltr'><strong>more</strong></span> <span class='ocrx_word' id='word_1_554' title='bbox 1236 4315 1351 4369; x_wconf 77' lang='lat' dir='ltr'><strong>‘suis</strong></span> <span class='ocrx_word' id='word_1_555' title='bbox 1392 4322 1591 4368; x_wconf 85' lang='lat' dir='ltr'><strong>terram</strong></span> <span class='ocrx_word' id='word_1_556' title='bbox 1631 4313 1881 4384; x_wconf 70' lang='lat' dir='ltr'><strong>Subigere</strong></span> <span class='ocrx_word' id='word_1_557' title='bbox 1924 4322 2036 4366; x_wconf 81' lang='lat' dir='ltr'><strong>non</strong></span> 
     </span>
    </p>
   </div>
   <div class='ocr_carea' id='block_1_73' title="bbox 456 4403 2036 4475">
    <p class='ocr_par' dir='ltr' id='par_1_73' title="bbox 456 4403 2036 4475">
     <span class='ocr_line' id='line_1_73' title="bbox 456 4403 2036 4475; baseline -0.003 -14"><span class='ocrx_word' id='word_1_558' title='bbox 456 4406 691 4472; x_wconf 87' lang='lat' dir='ltr'><strong>desistit,</strong></span> <span class='ocrx_word' id='word_1_559' title='bbox 723 4405 848 4475; x_wconf 88' lang='lat' dir='ltr'><strong>quia</strong></span> <span class='ocrx_word' id='word_1_560' title='bbox 872 4406 1013 4475; x_wconf 84' lang='lat' dir='ltr'><strong>quod</strong></span> <span class='ocrx_word' id='word_1_561' title='bbox 1039 4407 1207 4461; x_wconf 91' lang='lat' dir='ltr'><strong>odore</strong></span> <span class='ocrx_word' id='word_1_562' title='bbox 1231 4406 1438 4460; x_wconf 74' lang='lat' dir='ltr'><strong>notitia:</strong></span> <span class='ocrx_word' id='word_1_563' title='bbox 1465 4404 1724 4475; x_wconf 77' lang='lat' dir='ltr'><strong>percepit,</strong></span> <span class='ocrx_word' id='word_1_564' title='bbox 1759 4403 2036 4458; x_wconf 89' lang='lat' dir='ltr'><strong>immunda</strong></span> 
     </span>
    </p>
   </div>
   <div class='ocr_carea' id='block_1_74' title="bbox 454 4494 2038 4566">
    <p class='ocr_par' dir='ltr' id='par_1_74' title="bbox 454 4494 2038 4566">
     <span class='ocr_line' id='line_1_74' title="bbox 454 4494 2038 4566; baseline -0.001 -15"><span class='ocrx_word' id='word_1_565' title='bbox 454 4498 663 4552; x_wconf 88' lang='lat' dir='ltr'><strong>actione</strong></span> <span class='ocrx_word' id='word_1_566' title='bbox 691 4498 1003 4553; x_wconf 82' lang='lat' dir='ltr'><strong>sordidavit.</strong></span> <span class='ocrx_word' id='word_1_567' title='bbox 1036 4498 1266 4566; x_wconf 84' lang='lat' dir='ltr'><strong>ldeoqlle</strong></span> <span class='ocrx_word' id='word_1_568' title='bbox 1300 4497 1422 4553; x_wconf 82' lang='lat' dir='ltr'><strong>talis</strong></span> <span class='ocrx_word' id='word_1_569' title='bbox 1465 4497 1642 4551; x_wconf 78' lang='lat' dir='ltr'><strong>anima</strong></span> <span class='ocrx_word' id='word_1_570' title='bbox 1679 4496 1875 4552; x_wconf 81' lang='lat' dir='ltr'><strong>mulier</strong></span> <span class='ocrx_word' id='word_1_571' title='bbox 1919 4494 2038 4566; x_wconf 77' lang='lat' dir='ltr'><strong>pul-</strong></span> 
     </span>
    </p>
   </div>
   <div class='ocr_carea' id='block_1_75' title="bbox 455 4584 2036 4659">
    <p class='ocr_par' dir='ltr' id='par_1_75' title="bbox 455 4584 2036 4659">
     <span class='ocr_line' id='line_1_75' title="bbox 455 4584 2036 4659; baseline 0.001 -16"><span class='ocrx_word' id='word_1_572' title='bbox 455 4591 584 4645; x_wconf 78' lang='lat' dir='ltr'><strong>rhra</strong></span> <span class='ocrx_word' id='word_1_573' title='bbox 625 4599 677 4645; x_wconf 92' lang='lat' dir='ltr'><strong>et</strong></span> <span class='ocrx_word' id='word_1_574' title='bbox 725 4584 867 4645; x_wconf 78' lang='lat' dir='ltr'><strong>fatua</strong></span> <span class='ocrx_word' id='word_1_575' title='bbox 905 4606 1022 4645; x_wconf 85' lang='lat' dir='ltr'><strong>esse</strong></span> <span class='ocrx_word' id='word_1_576' title='bbox 1048 4601 1313 4653; x_wconf 87' lang='lat' dir='ltr'><strong>censetur,</strong></span> <span class='ocrx_word' id='word_1_577' title='bbox 1346 4591 1470 4659; x_wconf 90' lang='lat' dir='ltr'><strong>quia</strong></span> <span class='ocrx_word' id='word_1_578' title='bbox 1516 4590 1824 4645; x_wconf 83' lang='lat' dir='ltr'><strong>carnalibus</strong></span> <span class='ocrx_word' id='word_1_579' title='bbox 1852 4588 2036 4644; x_wconf 79' lang='lat' dir='ltr'><strong>dedita</strong></span> 
     </span>
    </p>
   </div>
   <div class='ocr_carea' id='block_1_76' title="bbox 457 4678 2036 4752">
    <p class='ocr_par' dir='ltr' id='par_1_76' title="bbox 457 4678 2036 4752">
     <span class='ocr_line' id='line_1_76' title="bbox 457 4678 2036 4752; baseline -0.001 -17"><span class='ocrx_word' id='word_1_580' title='bbox 457 4681 750 4749; x_wconf 86' lang='lat' dir='ltr'><strong>illecebris,</strong></span> <span class='ocrx_word' id='word_1_581' title='bbox 773 4682 996 4752; x_wconf 81' lang='lat' dir='ltr'><strong>pulchra</strong></span> <span class='ocrx_word' id='word_1_582' title='bbox 1024 4689 1106 4736; x_wconf 88' lang='lat' dir='ltr'><strong>est</strong></span> <span class='ocrx_word' id='word_1_583' title='bbox 1131 4695 1231 4750; x_wconf 88' lang='lat' dir='ltr'><strong>per</strong></span> <span class='ocrx_word' id='word_1_584' title='bbox 1265 4680 1546 4735; x_wconf 84' lang='lat' dir='ltr'><strong>scientiam</strong></span> <span class='ocrx_word' id='word_1_585' title='bbox 1566 4720 1580 4743; x_wconf 91' lang='lat'><strong>,</strong></span> <span class='ocrx_word' id='word_1_586' title='bbox 1610 4680 1704 4734; x_wconf 81' lang='lat' dir='ltr'><strong>sed</strong></span> <span class='ocrx_word' id='word_1_587' title='bbox 1732 4694 1830 4749; x_wconf 87' lang='lat' dir='ltr'><strong>per</strong></span> <span class='ocrx_word' id='word_1_588' title='bbox 1868 4678 2036 4734; x_wconf 78' lang='lat' dir='ltr'><strong>actio-</strong></span> 
     </span>
    </p>
   </div>
   <div class='ocr_carea' id='block_1_77' title="bbox 460 4769 2038 4841">
    <p class='ocr_par' dir='ltr' id='par_1_77' title="bbox 460 4769 2038 4841">
     <span class='ocr_line' id='line_1_77' title="bbox 460 4769 2038 4841; baseline -0.001 -16"><span class='ocrx_word' id='word_1_589' title='bbox 460 4788 582 4826; x_wconf 88' lang='lat' dir='ltr'><strong>nem</strong></span> <span class='ocrx_word' id='word_1_590' title='bbox 610 4771 777 4825; x_wconf 81' lang='lat' dir='ltr'><strong>fatua.</strong></span> <span class='ocrx_word' id='word_1_591' title='bbox 816 4771 1006 4837; x_wconf 80' lang='lat' dir='ltr'><strong>Aliter,</strong></span> <span class='ocrx_word' id='word_1_592' title='bbox 1048 4772 1171 4841; x_wconf 91' lang='lat' dir='ltr'><strong>quia</strong></span> <span class='ocrx_word' id='word_1_593' title='bbox 1201 4771 1499 4826; x_wconf 86' lang='lat' dir='ltr'><strong>doctrinam</strong></span> <span class='ocrx_word' id='word_1_594' title='bbox 1525 4770 1837 4823; x_wconf 68' lang='lat' dir='ltr'><strong>breretieam</strong></span> <span class='ocrx_word' id='word_1_595' title='bbox 1863 4769 2038 4824; x_wconf 87' lang='lat' dir='ltr'><strong>nitore</strong></span> 
     </span>
    </p>
   </div>
   <div class='ocr_carea' id='block_1_78' title="bbox 460 4859 2037 4932">
    <p class='ocr_par' dir='ltr' id='par_1_78' title="bbox 460 4859 2037 4932">
     <span class='ocr_line' id='line_1_78' title="bbox 460 4859 2037 4932; baseline -0.001 -18"><span class='ocrx_word' id='word_1_596' title='bbox 460 4862 594 4916; x_wconf 83' lang='lat' dir='ltr'><strong>vidit</strong></span> <span class='ocrx_word' id='word_1_597' title='bbox 620 4861 822 4932; x_wconf 87' lang='lat' dir='ltr'><strong>eloquii</strong></span> <span class='ocrx_word' id='word_1_598' title='bbox 848 4861 1209 4932; x_wconf 83' lang='lat' dir='ltr'><strong>resplendere,</strong></span> <span class='ocrx_word' id='word_1_599' title='bbox 1239 4877 1338 4916; x_wconf 88' lang='lat' dir='ltr'><strong>nec</strong></span> <span class='ocrx_word' id='word_1_600' title='bbox 1369 4868 1549 4915; x_wconf 85' lang='lat' dir='ltr'><strong>tamen</strong></span> <span class='ocrx_word' id='word_1_601' title='bbox 1585 4859 1869 4929; x_wconf 64' lang='lat' dir='ltr'><strong>sapientiae</strong></span> <span class='ocrx_word' id='word_1_602' title='bbox 1911 4867 2037 4929; x_wconf 87' lang='lat' dir='ltr'><strong>apto</strong></span> 
     </span>
    </p>
   </div>
   <div class='ocr_carea' id='block_1_79' title="bbox 462 4947 2036 5023">
    <p class='ocr_par' dir='ltr' id='par_1_79' title="bbox 462 4947 2036 5023">
     <span class='ocr_line' id='line_1_79' title="bbox 462 4947 2036 5023; baseline -0.003 -18"><span class='ocrx_word' id='word_1_603' title='bbox 462 4951 737 5007; x_wconf 86' lang='lat' dir='ltr'><strong>intellectu</strong></span> <span class='ocrx_word' id='word_1_604' title='bbox 773 4964 1090 5023; x_wconf 85' lang='lat' dir='ltr'><strong>congruere.</strong></span> <span class='ocrx_word' id='word_1_605' title='bbox 1124 4949 1385 5014; x_wconf 75' lang='lat' dir='ltr'><strong>Circulus,</strong></span> <span class='ocrx_word' id='word_1_606' title='bbox 1412 4947 1604 5018; x_wconf 86' lang='lat' dir='ltr'><strong>inquit,</strong></span> <span class='ocrx_word' id='word_1_607' title='bbox 1630 4958 1822 5003; x_wconf 80' lang='lat' dir='ltr'><strong>aureus</strong></span> <span class='ocrx_word' id='word_1_608' title='bbox 1851 4949 1905 5002; x_wconf 78' lang='lat' dir='ltr'><strong>in</strong></span> <span class='ocrx_word' id='word_1_609' title='bbox 1939 4963 2036 5001; x_wconf 82' lang='lat' dir='ltr'><strong>na-</strong></span> 
     </span>
    </p>
   </div>
   <div class='ocr_carea' id='block_1_80' title="bbox 463 5034 2038 5112">
    <p class='ocr_par' dir='ltr' id='par_1_80' title="bbox 463 5034 2038 5112">
     <span class='ocr_line' id='line_1_80' title="bbox 463 5034 2038 5112; baseline -0.004 -15"><span class='ocrx_word' id='word_1_610' title='bbox 463 5044 604 5099; x_wconf 86' lang='lat' dir='ltr'><strong>ribus</strong></span> <span class='ocrx_word' id='word_1_611' title='bbox 634 5044 765 5108; x_wconf 84' lang='lat' dir='ltr'><strong>suis,</strong></span> <span class='ocrx_word' id='word_1_612' title='bbox 791 5043 846 5098; x_wconf 82' lang='lat' dir='ltr'><strong>id</strong></span> <span class='ocrx_word' id='word_1_613' title='bbox 872 5049 977 5107; x_wconf 88' lang='lat' dir='ltr'><strong>est,</strong></span> <span class='ocrx_word' id='word_1_614' title='bbox 1004 5041 1224 5112; x_wconf 80' lang='lat' dir='ltr'><strong>pulchra</strong></span> <span class='ocrx_word' id='word_1_615' title='bbox 1252 5047 1307 5095; x_wconf 87' lang='lat' dir='ltr'><strong>ct</strong></span> <span class='ocrx_word' id='word_1_616' title='bbox 1349 5038 1692 5094; x_wconf 70' lang='lat' dir='ltr'><strong>circumﬂexu</strong></span> <span class='ocrx_word' id='word_1_617' title='bbox 1743 5034 1941 5093; x_wconf 77' lang='lat' dir='ltr'><strong>locutio</strong></span> <span class='ocrx_word' id='word_1_618' title='bbox 1983 5037 2038 5091; x_wconf 92' lang='lat' dir='ltr'><strong>in</strong></span> 
     </span>
    </p>
   </div>
   <div class='ocr_carea' id='block_1_81' title="bbox 461 5130 2034 5201">
    <p class='ocr_par' dir='ltr' id='par_1_81' title="bbox 461 5130 2034 5201">
     <span class='ocr_line' id='line_1_81' title="bbox 461 5130 2034 5201; baseline -0.004 -10"><span class='ocrx_word' id='word_1_619' title='bbox 461 5137 711 5193; x_wconf 82' lang='lat' dir='ltr'><strong>sensibus</strong></span> <span class='ocrx_word' id='word_1_620' title='bbox 748 5134 946 5190; x_wconf 84' lang='lat' dir='ltr'><strong>mentis</strong></span> <span class='ocrx_word' id='word_1_621' title='bbox 977 5132 1171 5198; x_wconf 72' lang='lat' dir='ltr'><strong>stultae,</strong></span> <span class='ocrx_word' id='word_1_622' title='bbox 1203 5132 1290 5187; x_wconf 85' lang='lat' dir='ltr'><strong>cui</strong></span> <span class='ocrx_word' id='word_1_623' title='bbox 1328 5140 1397 5188; x_wconf 65' lang='lat' dir='ltr'><strong>es</strong></span> <span class='ocrx_word' id='word_1_624' title='bbox 1435 5130 1617 5201; x_wconf 89' lang='lat' dir='ltr'><strong>loquio</strong></span> <span class='ocrx_word' id='word_1_625' title='bbox 1658 5138 1848 5185; x_wconf 83' lang='lat' dir='ltr'><strong>aurum</strong></span> <span class='ocrx_word' id='word_1_626' title='bbox 1899 5138 2034 5199; x_wconf 85' lang='lat' dir='ltr'><strong>pen-</strong></span> 
     </span>
    </p>
   </div>
   <div class='ocr_carea' id='block_1_82' title="bbox 465 5224 2039 5293">
    <p class='ocr_par' dir='ltr' id='par_1_82' title="bbox 465 5224 2039 5293">
     <span class='ocr_line' id='line_1_82' title="bbox 465 5224 2039 5293; baseline -0.002 -12"><span class='ocrx_word' id='word_1_627' title='bbox 465 5226 570 5291; x_wconf 85' lang='lat' dir='ltr'><strong>det,</strong></span> <span class='ocrx_word' id='word_1_628' title='bbox 603 5227 698 5282; x_wconf 85' lang='lat' dir='ltr'><strong>sed</strong></span> <span class='ocrx_word' id='word_1_629' title='bbox 730 5235 911 5281; x_wconf 83' lang='lat' dir='ltr'><strong>tamen</strong></span> <span class='ocrx_word' id='word_1_630' title='bbox 939 5240 1004 5280; x_wconf 80' lang='lat' dir='ltr'><strong>ex</strong></span> <span class='ocrx_word' id='word_1_631' title='bbox 1029 5226 1260 5281; x_wconf 74' lang='lat' dir='ltr'><strong>terrenie</strong></span> <span class='ocrx_word' id='word_1_632' title='bbox 1282 5224 1598 5280; x_wconf 87' lang='lat' dir='ltr'><strong>intentionis</strong></span> <span class='ocrx_word' id='word_1_633' title='bbox 1623 5224 1862 5293; x_wconf 85' lang='lat' dir='ltr'><strong>pondere</strong></span> <span class='ocrx_word' id='word_1_634' title='bbox 1889 5234 2039 5278; x_wconf 90' lang='lat' dir='ltr'><strong>more</strong></span> 
     </span>
    </p>
   </div>
   <div class='ocr_carea' id='block_1_83' title="bbox 466 5312 2043 5387">
    <p class='ocr_par' dir='ltr' id='par_1_83' title="bbox 466 5312 2043 5387">
     <span class='ocr_line' id='line_1_83' title="bbox 466 5312 2043 5387; baseline -0.002 -17"><span class='ocrx_word' id='word_1_635' title='bbox 466 5316 579 5372; x_wconf 84' lang='lat' dir='ltr'><strong>suis</strong></span> <span class='ocrx_word' id='word_1_636' title='bbox 598 5318 664 5372; x_wconf 88' lang='lat' dir='ltr'><strong>ad</strong></span> <span class='ocrx_word' id='word_1_637' title='bbox 682 5317 961 5387; x_wconf 78' lang='lat' dir='ltr'><strong>superiora</strong></span> <span class='ocrx_word' id='word_1_638' title='bbox 985 5330 1091 5370; x_wconf 86' lang='lat' dir='ltr'><strong>non</strong></span> <span class='ocrx_word' id='word_1_639' title='bbox 1120 5314 1357 5383; x_wconf 79' lang='lat' dir='ltr'><strong>respicit,</strong></span> <span class='ocrx_word' id='word_1_640' title='bbox 1378 5314 1521 5383; x_wconf 89' lang='lat' dir='ltr'><strong>quod</strong></span> <span class='ocrx_word' id='word_1_641' title='bbox 1554 5322 1771 5369; x_wconf 88' lang='lat' dir='ltr'><strong>secutus</strong></span> <span class='ocrx_word' id='word_1_642' title='bbox 1793 5312 2043 5383; x_wconf 80' lang='lat' dir='ltr'><strong>exposuit</strong></span> 
     </span>
    </p>
   </div>
   <div class='ocr_carea' id='block_1_84' title="bbox 470 5402 1859 5479">
    <p class='ocr_par' dir='ltr' id='par_1_84' title="bbox 470 5402 1859 5479">
     <span class='ocr_line' id='line_1_84' title="bbox 470 5402 1859 5479; baseline -0.003 -18"><span class='ocrx_word' id='word_1_643' title='bbox 470 5407 671 5471; x_wconf 89' lang='lat' dir='ltr'><strong>dicens,</strong></span> <span class='ocrx_word' id='word_1_644' title='bbox 697 5408 888 5462; x_wconf 76' lang='lat' dir='ltr'><strong>Mulier</strong></span> <span class='ocrx_word' id='word_1_645' title='bbox 911 5406 1130 5479; x_wconf 72' lang='lat' dir='ltr'><strong>pulchra</strong></span> <span class='ocrx_word' id='word_1_646' title='bbox 1155 5415 1203 5459; x_wconf 82' lang='lat' dir='ltr'><strong>et</strong></span> <span class='ocrx_word' id='word_1_647' title='bbox 1243 5404 1394 5473; x_wconf 74' lang='lat' dir='ltr'><strong>{am</strong></span> <span class='ocrx_word' id='word_1_648' title='bbox 1415 5402 1859 5475; x_wconf 63' lang='lat' dir='ltr'><strong>perintellectum.</strong></span> 
     </span>
    </p>
   </div>
   <div class='ocr_carea' id='block_1_85' title="bbox 546 5496 2040 5569">
    <p class='ocr_par' dir='ltr' id='par_1_85' title="bbox 546 5496 2040 5569">
     <span class='ocr_line' id='line_1_85' title="bbox 546 5496 2040 5569; baseline -0.001 -19"><span class='ocrx_word' id='word_1_649' title='bbox 546 5497 870 5554; x_wconf 80' lang='lat' dir='ltr'><strong>Desiderium</strong></span> <span class='ocrx_word' id='word_1_650' title='bbox 900 5499 1165 5569; x_wconf 80' lang='lat' dir='ltr'><strong>justorum</strong></span> <span class='ocrx_word' id='word_1_651' title='bbox 1200 5513 1351 5551; x_wconf 85' lang='lat' dir='ltr'><strong>omne</strong></span> <span class='ocrx_word' id='word_1_652' title='bbox 1386 5496 1577 5551; x_wconf 71' lang='lat' dir='ltr'><strong>bonum</strong></span> <span class='ocrx_word' id='word_1_653' title='bbox 1604 5504 1713 5561; x_wconf 74' lang='lat' dir='ltr'><strong>est,</strong></span> <span class='ocrx_word' id='word_1_654' title='bbox 1743 5505 1790 5550; x_wconf 77' lang='lat' dir='ltr'><strong>et</strong></span> <span class='ocrx_word' id='word_1_655' title='bbox 1821 5504 2040 5565; x_wconf 63' lang='grc' dir='ltr'><strong>νηριτο-</strong></span> 
     </span>
    </p>
   </div>
   <div class='ocr_carea' id='block_1_86' title="bbox 470 5585 2042 5660">
    <p class='ocr_par' dir='ltr' id='par_1_86' title="bbox 470 5585 2042 5660">
     <span class='ocr_line' id='line_1_86' title="bbox 470 5585 2042 5660; baseline -0.002 -19"><span class='ocrx_word' id='word_1_656' title='bbox 470 5586 599 5642; x_wconf 86' lang='lat' dir='ltr'><strong>latio</strong></span> <span class='ocrx_word' id='word_1_657' title='bbox 633 5588 910 5660; x_wconf 82' lang='lat' dir='ltr'><strong>impiorum</strong></span> <span class='ocrx_word' id='word_1_658' title='bbox 940 5590 1112 5660; x_wconf 77' lang='lat' dir='ltr'><strong>furor.</strong></span> <span class='ocrx_word' id='word_1_659' title='bbox 1141 5587 1369 5658; x_wconf 88' lang='lat' dir='ltr'><strong>Semper</strong></span> <span class='ocrx_word' id='word_1_660' title='bbox 1388 5586 1519 5656; x_wconf 80' lang='lat' dir='ltr'><strong>justi</strong></span> <span class='ocrx_word' id='word_1_661' title='bbox 1540 5587 1809 5658; x_wconf 81' lang='lat' dir='ltr'><strong>justitiam</strong></span> <span class='ocrx_word' id='word_1_662' title='bbox 1845 5585 2042 5654; x_wconf 85' lang='lat' dir='ltr'><strong>ubique</strong></span> 
     </span>
    </p>
   </div>
   <div class='ocr_carea' id='block_1_87' title="bbox 470 5679 2044 5752">
    <p class='ocr_par' dir='ltr' id='par_1_87' title="bbox 470 5679 2044 5752">
     <span class='ocr_line' id='line_1_87' title="bbox 470 5679 2044 5752; baseline -0.001 -18"><span class='ocrx_word' id='word_1_663' title='bbox 470 5696 699 5752; x_wconf 84' lang='lat' dir='ltr'><strong>regnare</strong></span> <span class='ocrx_word' id='word_1_664' title='bbox 732 5683 1079 5748; x_wconf 89' lang='lat' dir='ltr'><strong>desiderant,</strong></span> <span class='ocrx_word' id='word_1_665' title='bbox 1119 5689 1177 5736; x_wconf 88' lang='lat' dir='ltr'><strong>at</strong></span> <span class='ocrx_word' id='word_1_666' title='bbox 1211 5680 1365 5751; x_wconf 87' lang='lat' dir='ltr'><strong>impii</strong></span> <span class='ocrx_word' id='word_1_667' title='bbox 1398 5680 1566 5735; x_wconf 85' lang='lat' dir='ltr'><strong>etiam</strong></span> <span class='ocrx_word' id='word_1_668' title='bbox 1597 5694 1724 5735; x_wconf 88' lang='lat' dir='ltr'><strong>cum</strong></span> <span class='ocrx_word' id='word_1_669' title='bbox 1761 5679 2044 5748; x_wconf 86' lang='lat' dir='ltr'><strong>quiescere</strong></span> 
     </span>
    </p>
   </div>
   <div class='ocr_carea' id='block_1_88' title="bbox 472 5770 2043 5845">
    <p class='ocr_par' dir='ltr' id='par_1_88' title="bbox 472 5770 2043 5845">
     <span class='ocr_line' id='line_1_88' title="bbox 472 5770 2043 5845; baseline -0.003 -19"><span class='ocrx_word' id='word_1_670' title='bbox 472 5772 542 5827; x_wconf 84' lang='lat' dir='ltr'><strong>ab</strong></span> <span class='ocrx_word' id='word_1_671' title='bbox 588 5773 885 5845; x_wconf 84' lang='lat' dir='ltr'><strong>impietatis</strong></span> <span class='ocrx_word' id='word_1_672' title='bbox 920 5772 1238 5830; x_wconf 71' lang='lat' dir='ltr'><strong>executione</strong></span> <span class='ocrx_word' id='word_1_673' title='bbox 1275 5771 1497 5836; x_wconf 81' lang='lat' dir='ltr'><strong>vident,</strong></span> <span class='ocrx_word' id='word_1_674' title='bbox 1535 5770 1812 5841; x_wconf 86' lang='lat' dir='ltr'><strong>proposito</strong></span> <span class='ocrx_word' id='word_1_675' title='bbox 1862 5778 2043 5822; x_wconf 87' lang='lat' dir='ltr'><strong>tamen</strong></span> 
     </span>
    </p>
   </div>
   <div class='ocr_carea' id='block_1_89' title="bbox 475 5858 2073 5940">
    <p class='ocr_par' dir='ltr' id='par_1_89' title="bbox 475 5858 2073 5940">
     <span class='ocr_line' id='line_1_89' title="bbox 475 5858 2073 5940; baseline -0.004 -21"><span class='ocrx_word' id='word_1_676' title='bbox 475 5863 606 5920; x_wconf 71' lang='lat' dir='ltr'><strong>dim</strong></span> <span class='ocrx_word' id='word_1_677' title='bbox 633 5868 831 5921; x_wconf 74' lang='lat' dir='ltr'><strong>utentis</strong></span> <span class='ocrx_word' id='word_1_678' title='bbox 859 5868 925 5919; x_wconf 82' lang='lat' dir='ltr'><strong>ad</strong></span> <span class='ocrx_word' id='word_1_679' title='bbox 958 5862 1295 5920; x_wconf 75' lang='lat' dir='ltr'><strong>inferendam</strong></span> <span class='ocrx_word' id='word_1_680' title='bbox 1329 5861 1551 5917; x_wconf 88' lang='lat' dir='ltr'><strong>cuilibet</strong></span> <span class='ocrx_word' id='word_1_681' title='bbox 1579 5861 1688 5916; x_wconf 86' lang='lat' dir='ltr'><strong>vim</strong></span> <span class='ocrx_word' id='word_1_682' title='bbox 1727 5860 1926 5915; x_wconf 76' lang='lat' dir='ltr'><strong>furoris</strong></span> <span class='ocrx_word' id='word_1_683' title='bbox 1961 5858 2073 5940; x_wconf 85' lang='lat' dir='ltr'><strong>in-_</strong></span> 
     </span>
    </p>
   </div>
   <div class='ocr_carea' id='block_1_90' title="bbox 2125 3390 3704 3475">
    <p class='ocr_par' dir='ltr' id='par_1_90' title="bbox 2125 3390 3704 3475">
     <span class='ocr_line' id='line_1_90' title="bbox 2125 3390 3704 3475; baseline 0.003 -28"><span class='ocrx_word' id='word_1_684' title='bbox 2125 3390 2257 3447; x_wconf 87' lang='lat' dir='ltr'><strong>delis</strong></span> <span class='ocrx_word' id='word_1_685' title='bbox 2277 3434 2292 3459; x_wconf 96' lang='lat'><strong>,</strong></span> <span class='ocrx_word' id='word_1_686' title='bbox 2323 3395 2447 3465; x_wconf 88' lang='lat' dir='ltr'><strong>quia</strong></span> <span class='ocrx_word' id='word_1_687' title='bbox 2484 3411 2639 3466; x_wconf 82' lang='lat' dir='ltr'><strong>super</strong></span> <span class='ocrx_word' id='word_1_688' title='bbox 2664 3413 2834 3467; x_wconf 85' lang='lat' dir='ltr'><strong>pauca</strong></span> <span class='ocrx_word' id='word_1_689' title='bbox 2865 3397 3012 3466; x_wconf 77' lang='lat' dir='ltr'><strong>fuisti</strong></span> <span class='ocrx_word' id='word_1_690' title='bbox 3042 3396 3243 3468; x_wconf 83' lang='lat' dir='ltr'><strong>fidelis,</strong></span> <span class='ocrx_word' id='word_1_691' title='bbox 3275 3413 3430 3475; x_wconf 86' lang='lat' dir='ltr'><strong>super</strong></span> <span class='ocrx_word' id='word_1_692' title='bbox 3456 3396 3623 3452; x_wconf 87' lang='lat' dir='ltr'><strong>multa</strong></span> <span class='ocrx_word' id='word_1_693' title='bbox 3655 3407 3704 3454; x_wconf 88' lang='lat' dir='ltr'><strong>te</strong></span> 
     </span>
    </p>
   </div>
   <div class='ocr_carea' id='block_1_91' title="bbox 2128 3482 3593 3558">
    <p class='ocr_par' dir='ltr' id='par_1_91' title="bbox 2128 3482 3593 3558">
     <span class='ocr_line' id='line_1_91' title="bbox 2128 3482 3593 3558; baseline 0.003 -24"><span class='ocrx_word' id='word_1_694' title='bbox 2128 3482 2479 3549; x_wconf 88' lang='lat' dir='ltr'><strong>constituam;</strong></span> <span class='ocrx_word' id='word_1_695' title='bbox 2511 3482 2649 3536; x_wconf 83' lang='lat' dir='ltr'><strong>intra</strong></span> <span class='ocrx_word' id='word_1_696' title='bbox 2677 3483 2731 3536; x_wconf 91' lang='lat' dir='ltr'><strong>in</strong></span> <span class='ocrx_word' id='word_1_697' title='bbox 2758 3483 3009 3554; x_wconf 85' lang='lat' dir='ltr'><strong>gaudium</strong></span> <span class='ocrx_word' id='word_1_698' title='bbox 3038 3484 3235 3539; x_wconf 85' lang='lat' dir='ltr'><strong>domini</strong></span> <span class='ocrx_word' id='word_1_699' title='bbox 3264 3486 3341 3539; x_wconf 90' lang='lat' dir='ltr'><strong>tui</strong></span> <span class='ocrx_word' id='word_1_700' title='bbox 3380 3482 3593 3558; x_wconf 86' lang='lat' dir='ltr'><strong>(Ibid.).</strong></span> 
     </span>
    </p>
   </div>
   <div class='ocr_carea' id='block_1_92' title="bbox 2197 3570 3706 3648">
    <p class='ocr_par' dir='ltr' id='par_1_92' title="bbox 2197 3570 3706 3648">
     <span class='ocr_line' id='line_1_92' title="bbox 2197 3570 3706 3648; baseline 0.004 -23"><span class='ocrx_word' id='word_1_701' title='bbox 2197 3570 2339 3627; x_wconf 89' lang='lat' dir='ltr'><strong>Bene</strong></span> <span class='ocrx_word' id='word_1_702' title='bbox 2365 3574 2629 3644; x_wconf 87' lang='lat' dir='ltr'><strong>consurgit</strong></span> <span class='ocrx_word' id='word_1_703' title='bbox 2658 3572 2891 3630; x_wconf 82' lang='lat' dir='ltr'><strong>diluculo</strong></span> <span class='ocrx_word' id='word_1_704' title='bbox 2914 3616 2928 3641; x_wconf 91' lang='lat'><strong>,</strong></span> <span class='ocrx_word' id='word_1_705' title='bbox 2954 3576 3044 3648; x_wconf 87' lang='lat' dir='ltr'><strong>qui</strong></span> <span class='ocrx_word' id='word_1_706' title='bbox 3069 3577 3257 3647; x_wconf 75' lang='lat' dir='ltr'><strong>qutrrit</strong></span> <span class='ocrx_word' id='word_1_707' title='bbox 3287 3576 3421 3631; x_wconf 79' lang='lat' dir='ltr'><strong>bona</strong></span> <span class='ocrx_word' id='word_1_708' title='bbox 3440 3617 3455 3644; x_wconf 95' lang='lat'><strong>,</strong></span> <span class='ocrx_word' id='word_1_709' title='bbox 3482 3577 3574 3648; x_wconf 88' lang='lat' dir='ltr'><strong>qui</strong></span> <span class='ocrx_word' id='word_1_710' title='bbox 3610 3594 3706 3632; x_wconf 88' lang='lat' dir='ltr'><strong>au-</strong></span> 
     </span>
    </p>
   </div>
   <div class='ocr_carea' id='block_1_93' title="bbox 2129 3654 3708 3740">
    <p class='ocr_par' dir='ltr' id='par_1_93' title="bbox 2129 3654 3708 3740">
     <span class='ocr_line' id='line_1_93' title="bbox 2129 3654 3708 3740; baseline 0.002 -22"><span class='ocrx_word' id='word_1_711' title='bbox 2129 3670 2231 3718; x_wconf 89' lang='lat' dir='ltr'><strong>tem</strong></span> <span class='ocrx_word' id='word_1_712' title='bbox 2254 3663 2586 3734; x_wconf 85' lang='lat' dir='ltr'><strong>investigator</strong></span> <span class='ocrx_word' id='word_1_713' title='bbox 2614 3663 2871 3719; x_wconf 88' lang='lat' dir='ltr'><strong>malorum</strong></span> <span class='ocrx_word' id='word_1_714' title='bbox 2901 3674 2976 3721; x_wconf 89' lang='lat' dir='ltr'><strong>est</strong></span> <span class='ocrx_word' id='word_1_715' title='bbox 3000 3667 3317 3740; x_wconf 76' lang='lat' dir='ltr'><strong>opprimetur</strong></span> <span class='ocrx_word' id='word_1_716' title='bbox 3344 3666 3408 3719; x_wconf 88' lang='lat' dir='ltr'><strong>ab</strong></span> <span class='ocrx_word' id='word_1_717' title='bbox 3437 3668 3531 3721; x_wconf 88' lang='lat' dir='ltr'><strong>eis.</strong></span> <span class='ocrx_word' id='word_1_718' title='bbox 3561 3654 3708 3721; x_wconf 77' lang='lat' dir='ltr'><strong>Bona</strong></span> 
     </span>
    </p>
   </div>
   <div class='ocr_carea' id='block_1_94' title="bbox 2132 3742 3708 3833">
    <p class='ocr_par' dir='ltr' id='par_1_94' title="bbox 2132 3742 3708 3833">
     <span class='ocr_line' id='line_1_94' title="bbox 2132 3742 3708 3833; baseline 0.005 -29"><span class='ocrx_word' id='word_1_719' title='bbox 2132 3767 2373 3821; x_wconf 80' lang='lat' dir='ltr'><strong>quaerere</strong></span> <span class='ocrx_word' id='word_1_720' title='bbox 2424 3767 2544 3822; x_wconf 78' lang='lat' dir='ltr'><strong>quae</strong></span> <span class='ocrx_word' id='word_1_721' title='bbox 2592 3750 2773 3810; x_wconf 76' lang='lat' dir='ltr'><strong>facere</strong></span> <span class='ocrx_word' id='word_1_722' title='bbox 2817 3742 3059 3822; x_wconf 87' lang='lat' dir='ltr'><strong>debeas;</strong></span> <span class='ocrx_word' id='word_1_723' title='bbox 3108 3754 3304 3833; x_wconf 85' lang='lat' dir='ltr'><strong>quibus</strong></span> <span class='ocrx_word' id='word_1_724' title='bbox 3351 3757 3418 3811; x_wconf 86' lang='lat' dir='ltr'><strong>ad</strong></span> <span class='ocrx_word' id='word_1_725' title='bbox 3466 3755 3708 3812; x_wconf 73' lang='lat' dir='ltr'><strong>cmlestia</strong></span> 
     </span>
    </p>
   </div>
   <div class='ocr_carea' id='block_1_95' title="bbox 2131 3836 3706 3919">
    <p class='ocr_par' dir='ltr' id='par_1_95' title="bbox 2131 3836 3706 3919">
     <span class='ocr_line' id='line_1_95' title="bbox 2131 3836 3706 3919; baseline 0.003 -21"><span class='ocrx_word' id='word_1_726' title='bbox 2131 3840 2272 3898; x_wconf 88' lang='lat' dir='ltr'><strong>bona</strong></span> <span class='ocrx_word' id='word_1_727' title='bbox 2302 3844 2589 3915; x_wconf 84' lang='lat' dir='ltr'><strong>pervenias</strong></span> <span class='ocrx_word' id='word_1_728' title='bbox 2608 3886 2624 3911; x_wconf 94' lang='lat'><strong>,</strong></span> <span class='ocrx_word' id='word_1_729' title='bbox 2655 3845 2758 3900; x_wconf 88' lang='lat' dir='ltr'><strong>hoc</strong></span> <span class='ocrx_word' id='word_1_730' title='bbox 2785 3855 2896 3913; x_wconf 91' lang='lat' dir='ltr'><strong>est,</strong></span> <span class='ocrx_word' id='word_1_731' title='bbox 2926 3845 3063 3902; x_wconf 89' lang='lat' dir='ltr'><strong>bene</strong></span> <span class='ocrx_word' id='word_1_732' title='bbox 3090 3836 3322 3901; x_wconf 86' lang='lat' dir='ltr'><strong>diluculo</strong></span> <span class='ocrx_word' id='word_1_733' title='bbox 3348 3846 3672 3919; x_wconf 84' lang='lat' dir='ltr'><strong>consurgere</strong></span> <span class='ocrx_word' id='word_1_734' title='bbox 3690 3888 3706 3913; x_wconf 92' lang='lat'><strong>,</strong></span> 
     </span>
    </p>
   </div>
   <div class='ocr_carea' id='block_1_96' title="bbox 2134 3930 3707 4008">
    <p class='ocr_par' dir='ltr' id='par_1_96' title="bbox 2134 3930 3707 4008">
     <span class='ocr_line' id='line_1_96' title="bbox 2134 3930 3707 4008; baseline 0.003 -19"><span class='ocrx_word' id='word_1_735' title='bbox 2134 3934 2189 3990; x_wconf 89' lang='lat' dir='ltr'><strong>id</strong></span> <span class='ocrx_word' id='word_1_736' title='bbox 2222 3940 2306 3990; x_wconf 88' lang='lat' dir='ltr'><strong>cst</strong></span> <span class='ocrx_word' id='word_1_737' title='bbox 2340 3945 2616 3991; x_wconf 89' lang='lat' dir='ltr'><strong>crescente</strong></span> <span class='ocrx_word' id='word_1_738' title='bbox 2653 3936 2774 3992; x_wconf 91' lang='lat' dir='ltr'><strong>luce</strong></span> <span class='ocrx_word' id='word_1_739' title='bbox 2811 3937 3051 3993; x_wconf 80' lang='lat' dir='ltr'><strong>scientiae</strong></span> <span class='ocrx_word' id='word_1_740' title='bbox 3090 3930 3156 3993; x_wconf 86' lang='lat' dir='ltr'><strong>ad</strong></span> <span class='ocrx_word' id='word_1_741' title='bbox 3192 3936 3391 3993; x_wconf 88' lang='lat' dir='ltr'><strong>bonum</strong></span> <span class='ocrx_word' id='word_1_742' title='bbox 3431 3953 3565 4008; x_wconf 85' lang='lat' dir='ltr'><strong>opus</strong></span> <span class='ocrx_word' id='word_1_743' title='bbox 3614 3954 3707 3993; x_wconf 86' lang='lat' dir='ltr'><strong>ac-</strong></span> 
     </span>
    </p>
   </div>
   <div class='ocr_carea' id='block_1_97' title="bbox 2136 4024 3708 4100">
    <p class='ocr_par' dir='ltr' id='par_1_97' title="bbox 2136 4024 3708 4100">
     <span class='ocr_line' id='line_1_97' title="bbox 2136 4024 3708 4100; baseline 0.003 -22"><span class='ocrx_word' id='word_1_744' title='bbox 2136 4024 2308 4095; x_wconf 83' lang='lat' dir='ltr'><strong>cingi,</strong></span> <span class='ocrx_word' id='word_1_745' title='bbox 2349 4024 2435 4080; x_wconf 83' lang='lat' dir='ltr'><strong>vel</strong></span> <span class='ocrx_word' id='word_1_746' title='bbox 2471 4034 2621 4081; x_wconf 87' lang='lat' dir='ltr'><strong>certe</strong></span> <span class='ocrx_word' id='word_1_747' title='bbox 2657 4026 2829 4093; x_wconf 90' lang='lat' dir='ltr'><strong>bene,</strong></span> <span class='ocrx_word' id='word_1_748' title='bbox 2862 4026 2916 4082; x_wconf 91' lang='lat' dir='ltr'><strong>id</strong></span> <span class='ocrx_word' id='word_1_749' title='bbox 2951 4034 3065 4094; x_wconf 80' lang='lat' dir='ltr'><strong>est,</strong></span> <span class='ocrx_word' id='word_1_750' title='bbox 3095 4026 3161 4083; x_wconf 88' lang='lat' dir='ltr'><strong>ad</strong></span> <span class='ocrx_word' id='word_1_751' title='bbox 3198 4027 3362 4082; x_wconf 85' lang='lat' dir='ltr'><strong>vitam</strong></span> <span class='ocrx_word' id='word_1_752' title='bbox 3398 4024 3708 4100; x_wconf 84' lang='lat' dir='ltr'><strong>consurgit,</strong></span> 
     </span>
    </p>
   </div>
   <div class='ocr_carea' id='block_1_98' title="bbox 2136 4118 3711 4197">
    <p class='ocr_par' dir='ltr' id='par_1_98' title="bbox 2136 4118 3711 4197">
     <span class='ocr_line' id='line_1_98' title="bbox 2136 4118 3711 4197; baseline 0.002 -26"><span class='ocrx_word' id='word_1_753' title='bbox 2136 4118 2192 4172; x_wconf 91' lang='lat' dir='ltr'><strong>in</strong></span> <span class='ocrx_word' id='word_1_754' title='bbox 2222 4122 2463 4189; x_wconf 82' lang='lat' dir='ltr'><strong>tempore</strong></span> <span class='ocrx_word' id='word_1_755' title='bbox 2492 4122 2937 4188; x_wconf 89' lang='lat' dir='ltr'><strong>resurrectionis,</strong></span> <span class='ocrx_word' id='word_1_756' title='bbox 2968 4123 3060 4197; x_wconf 77' lang='lat' dir='ltr'><strong>qui</strong></span> <span class='ocrx_word' id='word_1_757' title='bbox 3090 4138 3233 4177; x_wconf 89' lang='lat' dir='ltr'><strong>nunc</strong></span> <span class='ocrx_word' id='word_1_758' title='bbox 3262 4123 3401 4178; x_wconf 91' lang='lat' dir='ltr'><strong>bona</strong></span> <span class='ocrx_word' id='word_1_759' title='bbox 3427 4122 3621 4192; x_wconf 69' lang='lat' dir='ltr'><strong>quaerit</strong></span> <span class='ocrx_word' id='word_1_760' title='bbox 3654 4121 3711 4175; x_wconf 90' lang='lat' dir='ltr'><strong>in</strong></span> 
     </span>
    </p>
   </div>
   <div class='ocr_carea' id='block_1_99' title="bbox 2138 4212 3713 4285">
    <p class='ocr_par' dir='ltr' id='par_1_99' title="bbox 2138 4212 3713 4285">
     <span class='ocr_line' id='line_1_99' title="bbox 2138 4212 3713 4285; baseline 0.003 -21"><span class='ocrx_word' id='word_1_761' title='bbox 2138 4217 2381 4285; x_wconf 89' lang='lat' dir='ltr'><strong>tempore</strong></span> <span class='ocrx_word' id='word_1_762' title='bbox 2428 4212 2795 4282; x_wconf 83' lang='lat' dir='ltr'><strong>Operationis,</strong></span> <span class='ocrx_word' id='word_1_763' title='bbox 2846 4214 2938 4284; x_wconf 90' lang='lat' dir='ltr'><strong>qui</strong></span> <span class='ocrx_word' id='word_1_764' title='bbox 2987 4223 3165 4270; x_wconf 89' lang='lat' dir='ltr'><strong>autem</strong></span> <span class='ocrx_word' id='word_1_765' title='bbox 3212 4215 3352 4270; x_wconf 89' lang='lat' dir='ltr'><strong>mala</strong></span> <span class='ocrx_word' id='word_1_766' title='bbox 3396 4230 3517 4285; x_wconf 71' lang='lat' dir='ltr'><strong>qua:</strong></span> <span class='ocrx_word' id='word_1_767' title='bbox 3567 4214 3713 4271; x_wconf 90' lang='lat' dir='ltr'><strong>dicat</strong></span> 
     </span>
    </p>
   </div>
   <div class='ocr_carea' id='block_1_100' title="bbox 2137 4300 3714 4377">
    <p class='ocr_par' dir='ltr' id='par_1_100' title="bbox 2137 4300 3714 4377">
     <span class='ocr_line' id='line_1_100' title="bbox 2137 4300 3714 4377; baseline 0.005 -22"><span class='ocrx_word' id='word_1_768' title='bbox 2137 4300 2249 4355; x_wconf 66' lang='lat' dir='ltr'><strong>Sive</strong></span> <span class='ocrx_word' id='word_1_769' title='bbox 2288 4300 2445 4374; x_wconf 81' lang='lat' dir='ltr'><strong>agat,</strong></span> <span class='ocrx_word' id='word_1_770' title='bbox 2486 4302 2642 4359; x_wconf 89' lang='lat' dir='ltr'><strong>modo</strong></span> <span class='ocrx_word' id='word_1_771' title='bbox 2678 4302 2847 4360; x_wconf 90' lang='lat' dir='ltr'><strong>solers</strong></span> <span class='ocrx_word' id='word_1_772' title='bbox 2881 4306 3134 4375; x_wconf 85' lang='lat' dir='ltr'><strong>inquirit,</strong></span> <span class='ocrx_word' id='word_1_773' title='bbox 3172 4315 3299 4363; x_wconf 90' lang='lat' dir='ltr'><strong>tunc</strong></span> <span class='ocrx_word' id='word_1_774' title='bbox 3346 4322 3534 4363; x_wconf 90' lang='lat' dir='ltr'><strong>eorum</strong></span> <span class='ocrx_word' id='word_1_775' title='bbox 3580 4304 3714 4377; x_wconf 86' lang='lat' dir='ltr'><strong>pon-</strong></span> 
     </span>
    </p>
   </div>
   <div class='ocr_carea' id='block_1_101' title="bbox 2138 4386 3441 4467">
    <p class='ocr_par' dir='ltr' id='par_1_101' title="bbox 2138 4386 3441 4467">
     <span class='ocr_line' id='line_1_101' title="bbox 2138 4386 3441 4467; baseline 0.006 -22"><span class='ocrx_word' id='word_1_776' title='bbox 2138 4386 2266 4447; x_wconf 79' lang='lat' dir='ltr'><strong>dere</strong></span> <span class='ocrx_word' id='word_1_777' title='bbox 2294 4391 2363 4448; x_wconf 89' lang='lat' dir='ltr'><strong>ad</strong></span> <span class='ocrx_word' id='word_1_778' title='bbox 2391 4393 2588 4449; x_wconf 87' lang='lat' dir='ltr'><strong>altiora</strong></span> <span class='ocrx_word' id='word_1_779' title='bbox 2620 4394 2770 4465; x_wconf 79' lang='lat' dir='ltr'><strong>regni</strong></span> <span class='ocrx_word' id='word_1_780' title='bbox 2800 4398 3084 4467; x_wconf 86' lang='lat' dir='ltr'><strong>perveniat</strong></span> <span class='ocrx_word' id='word_1_781' title='bbox 3116 4396 3441 4453; x_wconf 83' lang='lat' dir='ltr'><strong>retardatur.</strong></span> 
     </span>
    </p>
   </div>
   <div class='ocr_carea' id='block_1_102' title="bbox 2210 4482 3713 4558">
    <p class='ocr_par' dir='ltr' id='par_1_102' title="bbox 2210 4482 3713 4558">
     <span class='ocr_line' id='line_1_102' title="bbox 2210 4482 3713 4558; baseline 0.003 -20"><span class='ocrx_word' id='word_1_782' title='bbox 2210 4482 2314 4549; x_wconf 84' lang='lat' dir='ltr'><strong>Qui</strong></span> <span class='ocrx_word' id='word_1_783' title='bbox 2352 4485 2576 4557; x_wconf 78' lang='lat' dir='ltr'><strong>conﬁdet</strong></span> <span class='ocrx_word' id='word_1_784' title='bbox 2619 4486 2674 4540; x_wconf 92' lang='lat' dir='ltr'><strong>in</strong></span> <span class='ocrx_word' id='word_1_785' title='bbox 2714 4485 2910 4541; x_wconf 83' lang='lat' dir='ltr'><strong>divitiis</strong></span> <span class='ocrx_word' id='word_1_786' title='bbox 2950 4487 3058 4541; x_wconf 87' lang='lat' dir='ltr'><strong>suis</strong></span> <span class='ocrx_word' id='word_1_787' title='bbox 3097 4498 3332 4555; x_wconf 85' lang='lat' dir='ltr'><strong>corruet,</strong></span> <span class='ocrx_word' id='word_1_788' title='bbox 3367 4488 3504 4558; x_wconf 87' lang='lat' dir='ltr'><strong>justi</strong></span> <span class='ocrx_word' id='word_1_789' title='bbox 3538 4498 3713 4544; x_wconf 86' lang='lat' dir='ltr'><strong>autem</strong></span> 
     </span>
    </p>
   </div>
   <div class='ocr_carea' id='block_1_103' title="bbox 2137 4576 3714 4650">
    <p class='ocr_par' dir='ltr' id='par_1_103' title="bbox 2137 4576 3714 4650">
     <span class='ocr_line' id='line_1_103' title="bbox 2137 4576 3714 4650; baseline 0.003 -21"><span class='ocrx_word' id='word_1_790' title='bbox 2137 4576 2289 4646; x_wconf 76' lang='lat' dir='ltr'><strong>quasi</strong></span> <span class='ocrx_word' id='word_1_791' title='bbox 2331 4579 2498 4634; x_wconf 79' lang='lat' dir='ltr'><strong>virens</strong></span> <span class='ocrx_word' id='word_1_792' title='bbox 2542 4577 2727 4649; x_wconf 78' lang='lat' dir='ltr'><strong>folium</strong></span> <span class='ocrx_word' id='word_1_793' title='bbox 2773 4580 3158 4649; x_wconf 86' lang='lat' dir='ltr'><strong>germinabunt.</strong></span> <span class='ocrx_word' id='word_1_794' title='bbox 3208 4576 3309 4648; x_wconf 79' lang='lat' dir='ltr'><strong>Qui</strong></span> <span class='ocrx_word' id='word_1_795' title='bbox 3358 4581 3714 4650; x_wconf 60' lang='lat' dir='ltr'><strong>praesentibus</strong></span> 
     </span>
    </p>
   </div>
   <div class='ocr_carea' id='block_1_104' title="bbox 2060 4628 3712 4739">
    <p class='ocr_par' dir='ltr' id='par_1_104' title="bbox 2060 4628 3712 4739">
     <span class='ocr_line' id='line_1_104' title="bbox 2149 4628 3712 4650; baseline 0.002 -4"><span class='ocrx_word' id='word_1_796' title='bbox 3215 4628 3309 4648; x_wconf 55' lang='lat' dir='ltr'><strong>v-</strong></span> <span class='ocrx_word' id='word_1_797' title='bbox 3358 4628 3712 4650; x_wconf 68' lang='lat' dir='ltr'><strong>r&#39;&quot;&quot;&quot;&quot;&quot;—&quot;</strong></span> 
     </span>
     <span class='ocr_line' id='line_1_105' title="bbox 2060 4628 3712 4739; baseline 0.002 -20"><span class='ocrx_word' id='word_1_798' title='bbox 2060 4628 2114 4695; x_wconf 69' lang='grc' dir='ltr'><strong>Β</strong></span> <span class='ocrx_word' id='word_1_799' title='bbox 2141 4664 2297 4720; x_wconf 79' lang='lat' dir='ltr'><strong>bonis</strong></span> <span class='ocrx_word' id='word_1_800' title='bbox 2328 4666 2575 4731; x_wconf 74' lang='lat' dir='ltr'><strong>initialis,</strong></span> <span class='ocrx_word' id='word_1_801' title='bbox 2615 4665 2791 4721; x_wconf 78' lang='lat' dir='ltr'><strong>futura</strong></span> <span class='ocrx_word' id='word_1_802' title='bbox 2830 4684 2938 4723; x_wconf 89' lang='lat' dir='ltr'><strong>non</strong></span> <span class='ocrx_word' id='word_1_803' title='bbox 2974 4669 3205 4739; x_wconf 89' lang='lat' dir='ltr'><strong>cogitat,</strong></span> <span class='ocrx_word' id='word_1_804' title='bbox 3240 4669 3483 4738; x_wconf 89' lang='lat' dir='ltr'><strong>utrisque</strong></span> <span class='ocrx_word' id='word_1_805' title='bbox 3518 4669 3572 4722; x_wconf 90' lang='lat' dir='ltr'><strong>in</strong></span> <span class='ocrx_word' id='word_1_806' title='bbox 3613 4685 3712 4722; x_wconf 87' lang='lat' dir='ltr'><strong>no-</strong></span> 
     </span>
    </p>
   </div>
   <div class='ocr_carea' id='block_1_105' title="bbox 2140 4752 3717 4829">
    <p class='ocr_par' dir='ltr' id='par_1_105' title="bbox 2140 4752 3717 4829">
     <span class='ocr_line' id='line_1_106' title="bbox 2140 4752 3717 4829; baseline 0.002 -19"><span class='ocrx_word' id='word_1_807' title='bbox 2140 4755 2363 4811; x_wconf 80' lang='lat' dir='ltr'><strong>vissimo</strong></span> <span class='ocrx_word' id='word_1_808' title='bbox 2392 4752 2600 4813; x_wconf 80' lang='lat' dir='ltr'><strong>carebit</strong></span> <span class='ocrx_word' id='word_1_809' title='bbox 2630 4776 2643 4812; x_wconf 87' lang='lat'><strong>:</strong></span> <span class='ocrx_word' id='word_1_810' title='bbox 2678 4757 2770 4828; x_wconf 92' lang='lat' dir='ltr'><strong>qui</strong></span> <span class='ocrx_word' id='word_1_811' title='bbox 2800 4768 2977 4812; x_wconf 89' lang='lat' dir='ltr'><strong>autem</strong></span> <span class='ocrx_word' id='word_1_812' title='bbox 3009 4774 3104 4827; x_wconf 91' lang='lat' dir='ltr'><strong>spe</strong></span> <span class='ocrx_word' id='word_1_813' title='bbox 3133 4758 3433 4814; x_wconf 89' lang='lat' dir='ltr'><strong>futurorum</strong></span> <span class='ocrx_word' id='word_1_814' title='bbox 3467 4759 3717 4829; x_wconf 68' lang='lat' dir='ltr'><strong>praemio-</strong></span> 
     </span>
    </p>
   </div>
   <div class='ocr_carea' id='block_1_106' title="bbox 2143 4844 3714 4919">
    <p class='ocr_par' dir='ltr' id='par_1_106' title="bbox 2143 4844 3714 4919">
     <span class='ocr_line' id='line_1_107' title="bbox 2143 4844 3714 4919; baseline 0.004 -21"><span class='ocrx_word' id='word_1_815' title='bbox 2143 4856 2261 4899; x_wconf 90' lang='lat' dir='ltr'><strong>rum</strong></span> <span class='ocrx_word' id='word_1_816' title='bbox 2301 4847 2438 4900; x_wconf 89' lang='lat' dir='ltr'><strong>bona</strong></span> <span class='ocrx_word' id='word_1_817' title='bbox 2477 4844 2683 4901; x_wconf 81' lang='lat' dir='ltr'><strong>faciunt</strong></span> <span class='ocrx_word' id='word_1_818' title='bbox 2717 4846 2769 4901; x_wconf 92' lang='lat' dir='ltr'><strong>in</strong></span> <span class='ocrx_word' id='word_1_819' title='bbox 2810 4850 3095 4916; x_wconf 59' lang='lat' dir='ltr'><strong>prensanti,</strong></span> <span class='ocrx_word' id='word_1_820' title='bbox 3130 4848 3275 4919; x_wconf 87' lang='lat' dir='ltr'><strong>juste</strong></span> <span class='ocrx_word' id='word_1_821' title='bbox 3323 4865 3443 4918; x_wconf 66' lang='lat' dir='ltr'><strong>quae</strong></span> <span class='ocrx_word' id='word_1_822' title='bbox 3493 4857 3714 4919; x_wconf 82' lang='lat' dir='ltr'><strong>sperant</strong></span> 
     </span>
    </p>
   </div>
   <div class='ocr_carea' id='block_1_107' title="bbox 2142 4934 3715 5009">
    <p class='ocr_par' dir='ltr' id='par_1_107' title="bbox 2142 4934 3715 5009">
     <span class='ocr_line' id='line_1_108' title="bbox 2142 4934 3715 5009; baseline 0.003 -20"><span class='ocrx_word' id='word_1_823' title='bbox 2142 4935 2430 5005; x_wconf 86' lang='lat' dir='ltr'><strong>accipiunt.</strong></span> <span class='ocrx_word' id='word_1_824' title='bbox 2487 4934 2683 4993; x_wconf 86' lang='lat' dir='ltr'><strong>Virens</strong></span> <span class='ocrx_word' id='word_1_825' title='bbox 2734 4939 2931 5009; x_wconf 90' lang='lat' dir='ltr'><strong>quippe</strong></span> <span class='ocrx_word' id='word_1_826' title='bbox 2981 4939 3034 4992; x_wconf 92' lang='lat' dir='ltr'><strong>in</strong></span> <span class='ocrx_word' id='word_1_827' title='bbox 3071 4936 3264 4993; x_wconf 86' lang='lat' dir='ltr'><strong>arbore</strong></span> <span class='ocrx_word' id='word_1_828' title='bbox 3296 4936 3481 4993; x_wconf 81' lang='lat' dir='ltr'><strong>folium</strong></span> <span class='ocrx_word' id='word_1_829' title='bbox 3510 4937 3715 4994; x_wconf 82' lang='lat' dir='ltr'><strong>fructus</strong></span> 
     </span>
    </p>
   </div>
   <div class='ocr_carea' id='block_1_108' title="bbox 2142 5028 3714 5099">
    <p class='ocr_par' dir='ltr' id='par_1_108' title="bbox 2142 5028 3714 5099">
     <span class='ocr_line' id='line_1_109' title="bbox 2142 5028 3714 5099; baseline 0.003 -18"><span class='ocrx_word' id='word_1_830' title='bbox 2142 5038 2276 5096; x_wconf 83' lang='lat' dir='ltr'><strong>quos</strong></span> <span class='ocrx_word' id='word_1_831' title='bbox 2312 5028 2546 5082; x_wconf 89' lang='lat' dir='ltr'><strong>nondum</strong></span> <span class='ocrx_word' id='word_1_832' title='bbox 2589 5030 2873 5085; x_wconf 87' lang='lat' dir='ltr'><strong>ostendere</strong></span> <span class='ocrx_word' id='word_1_833' title='bbox 2914 5030 3111 5095; x_wconf 89' lang='lat' dir='ltr'><strong>habet,</strong></span> <span class='ocrx_word' id='word_1_834' title='bbox 3145 5029 3321 5099; x_wconf 86' lang='lat' dir='ltr'><strong>signat</strong></span> <span class='ocrx_word' id='word_1_835' title='bbox 3362 5030 3429 5085; x_wconf 89' lang='lat' dir='ltr'><strong>ad</strong></span> <span class='ocrx_word' id='word_1_836' title='bbox 3468 5028 3714 5096; x_wconf 75' lang='lat' dir='ltr'><strong>futuros,</strong></span> 
     </span>
    </p>
   </div>
   <div class='ocr_carea' id='block_1_109' title="bbox 2143 5118 3717 5193">
    <p class='ocr_par' dir='ltr' id='par_1_109' title="bbox 2143 5118 3717 5193">
     <span class='ocr_line' id='line_1_110' title="bbox 2143 5118 3717 5193; baseline 0.003 -22"><span class='ocrx_word' id='word_1_837' title='bbox 2143 5126 2189 5171; x_wconf 85' lang='lat' dir='ltr'><strong>et</strong></span> <span class='ocrx_word' id='word_1_838' title='bbox 2212 5118 2351 5189; x_wconf 78' lang='lat' dir='ltr'><strong>justi</strong></span> <span class='ocrx_word' id='word_1_839' title='bbox 2377 5120 2529 5189; x_wconf 79' lang='lat' dir='ltr'><strong>quasi</strong></span> <span class='ocrx_word' id='word_1_840' title='bbox 2560 5119 2727 5175; x_wconf 75' lang='lat' dir='ltr'><strong>virens</strong></span> <span class='ocrx_word' id='word_1_841' title='bbox 2757 5120 2939 5190; x_wconf 83' lang='lat' dir='ltr'><strong>folium</strong></span> <span class='ocrx_word' id='word_1_842' title='bbox 2971 5122 3263 5193; x_wconf 86' lang='lat' dir='ltr'><strong>germinant</strong></span> <span class='ocrx_word' id='word_1_843' title='bbox 3291 5121 3417 5191; x_wconf 92' lang='lat' dir='ltr'><strong>quia</strong></span> <span class='ocrx_word' id='word_1_844' title='bbox 3446 5137 3542 5192; x_wconf 88' lang='lat' dir='ltr'><strong>spe</strong></span> <span class='ocrx_word' id='word_1_845' title='bbox 3580 5120 3717 5176; x_wconf 86' lang='lat' dir='ltr'><strong>salvi</strong></span> 
     </span>
    </p>
   </div>
   <div class='ocr_carea' id='block_1_110' title="bbox 2145 5198 3717 5284">
    <p class='ocr_par' dir='ltr' id='par_1_110' title="bbox 2145 5198 3717 5284">
     <span class='ocr_line' id='line_1_111' title="bbox 2145 5198 3717 5284; baseline 0.003 -20"><span class='ocrx_word' id='word_1_846' title='bbox 2145 5209 2272 5265; x_wconf 78' lang='lat' dir='ltr'><strong>faeti</strong></span> <span class='ocrx_word' id='word_1_847' title='bbox 2291 5252 2306 5278; x_wconf 94' lang='lat'><strong>,</strong></span> <span class='ocrx_word' id='word_1_848' title='bbox 2340 5212 2393 5266; x_wconf 91' lang='lat' dir='ltr'><strong>in</strong></span> <span class='ocrx_word' id='word_1_849' title='bbox 2428 5210 2549 5267; x_wconf 84' lang='lat' dir='ltr'><strong>lidei</strong></span> <span class='ocrx_word' id='word_1_850' title='bbox 2580 5227 2643 5269; x_wconf 92' lang='lat' dir='ltr'><strong>ac</strong></span> <span class='ocrx_word' id='word_1_851' title='bbox 2674 5213 2934 5267; x_wconf 87' lang='lat' dir='ltr'><strong>virtutum</strong></span> <span class='ocrx_word' id='word_1_852' title='bbox 2964 5212 3135 5284; x_wconf 85' lang='lat' dir='ltr'><strong>gratia</strong></span> <span class='ocrx_word' id='word_1_853' title='bbox 3164 5210 3427 5283; x_wconf 86' lang='lat' dir='ltr'><strong>prolicere</strong></span> <span class='ocrx_word' id='word_1_854' title='bbox 3454 5228 3563 5267; x_wconf 93' lang='lat' dir='ltr'><strong>non</strong></span> <span class='ocrx_word' id='word_1_855' title='bbox 3594 5198 3717 5269; x_wconf 67' lang='lat' dir='ltr'><strong>ces-</strong></span> 
     </span>
    </p>
   </div>
   <div class='ocr_carea' id='block_1_111' title="bbox 2143 5303 3717 5370">
    <p class='ocr_par' dir='ltr' id='par_1_111' title="bbox 2143 5303 3717 5370">
     <span class='ocr_line' id='line_1_112' title="bbox 2143 5303 3717 5370; baseline 0.001 -11"><span class='ocrx_word' id='word_1_856' title='bbox 2143 5306 2300 5370; x_wconf 85' lang='lat' dir='ltr'><strong>sant,</strong></span> <span class='ocrx_word' id='word_1_857' title='bbox 2353 5303 2528 5361; x_wconf 88' lang='lat' dir='ltr'><strong>donec</strong></span> <span class='ocrx_word' id='word_1_858' title='bbox 2578 5304 2646 5361; x_wconf 86' lang='lat' dir='ltr'><strong>ad</strong></span> <span class='ocrx_word' id='word_1_859' title='bbox 2696 5303 2931 5360; x_wconf 77' lang='lat' dir='ltr'><strong>fructum</strong></span> <span class='ocrx_word' id='word_1_860' title='bbox 2978 5303 3296 5360; x_wconf 69' lang='lat' dir='ltr'><strong>desiderata:</strong></span> <span class='ocrx_word' id='word_1_861' title='bbox 3344 5303 3717 5361; x_wconf 78' lang='lat' dir='ltr'><strong>retributionis</strong></span> 
     </span>
    </p>
   </div>
   <div class='ocr_carea' id='block_1_112' title="bbox 2142 5396 2427 5468">
    <p class='ocr_par' dir='ltr' id='par_1_112' title="bbox 2142 5396 2427 5468">
     <span class='ocr_line' id='line_1_113' title="bbox 2142 5396 2427 5468; baseline 0 -19"><span class='ocrx_word' id='word_1_862' title='bbox 2142 5396 2427 5468; x_wconf 72' lang='lat' dir='ltr'><strong>attingant.</strong></span> 
     </span>
    </p>
   </div>
   <div class='ocr_carea' id='block_1_113' title="bbox 2214 5472 3718 5559">
    <p class='ocr_par' dir='ltr' id='par_1_113' title="bbox 2214 5472 3718 5559">
     <span class='ocr_line' id='line_1_114' title="bbox 2214 5472 3718 5559; baseline 0.003 -19"><span class='ocrx_word' id='word_1_863' title='bbox 2214 5487 2318 5553; x_wconf 77' lang='lat' dir='ltr'><strong>Qui</strong></span> <span class='ocrx_word' id='word_1_864' title='bbox 2362 5486 2635 5541; x_wconf 76' lang='lat' dir='ltr'><strong>conturbat</strong></span> <span class='ocrx_word' id='word_1_865' title='bbox 2670 5486 2881 5541; x_wconf 76' lang='lat' dir='ltr'><strong>domum</strong></span> <span class='ocrx_word' id='word_1_866' title='bbox 2918 5505 3069 5541; x_wconf 82' lang='lat' dir='ltr'><strong>suam</strong></span> <span class='ocrx_word' id='word_1_867' title='bbox 3107 5472 3385 5559; x_wconf 81' lang='lat' dir='ltr'><strong>possidebit</strong></span> <span class='ocrx_word' id='word_1_868' title='bbox 3426 5499 3631 5554; x_wconf 79' lang='lat' dir='ltr'><strong>uentos,</strong></span> <span class='ocrx_word' id='word_1_869' title='bbox 3668 5498 3718 5544; x_wconf 85' lang='lat' dir='ltr'><strong>et</strong></span> 
     </span>
    </p>
   </div>
   <div class='ocr_carea' id='block_1_114' title="bbox 2142 5578 3717 5651">
    <p class='ocr_par' dir='ltr' id='par_1_114' title="bbox 2142 5578 3717 5651">
     <span class='ocr_line' id='line_1_115' title="bbox 2142 5578 3717 5651; baseline -0.001 -18"><span class='ocrx_word' id='word_1_870' title='bbox 2142 5580 2232 5650; x_wconf 86' lang='lat' dir='ltr'><strong>qui</strong></span> <span class='ocrx_word' id='word_1_871' title='bbox 2273 5579 2465 5635; x_wconf 63' lang='lat' dir='ltr'><strong>stultus</strong></span> <span class='ocrx_word' id='word_1_872' title='bbox 2503 5586 2608 5646; x_wconf 81' lang='lat' dir='ltr'><strong>est,</strong></span> <span class='ocrx_word' id='word_1_873' title='bbox 2648 5581 2831 5633; x_wconf 82' lang='lat' dir='ltr'><strong>serviet</strong></span> <span class='ocrx_word' id='word_1_874' title='bbox 2868 5580 3107 5651; x_wconf 86' lang='lat' dir='ltr'><strong>sapienti.</strong></span> <span class='ocrx_word' id='word_1_875' title='bbox 3149 5578 3250 5648; x_wconf 86' lang='lat' dir='ltr'><strong>Qui</strong></span> <span class='ocrx_word' id='word_1_876' title='bbox 3288 5589 3525 5634; x_wconf 90' lang='lat' dir='ltr'><strong>mentem</strong></span> <span class='ocrx_word' id='word_1_877' title='bbox 3565 5594 3717 5634; x_wconf 89' lang='lat' dir='ltr'><strong>suam</strong></span> 
     </span>
    </p>
   </div>
   <div class='ocr_carea' id='block_1_115' title="bbox 2146 5665 3712 5743">
    <p class='ocr_par' dir='ltr' id='par_1_115' title="bbox 2146 5665 3712 5743">
     <span class='ocr_line' id='line_1_116' title="bbox 2146 5665 3712 5743; baseline -0.002 -18"><span class='ocrx_word' id='word_1_878' title='bbox 2146 5665 2467 5727; x_wconf 84' lang='lat' dir='ltr'><strong>tmnultibus</strong></span> <span class='ocrx_word' id='word_1_879' title='bbox 2520 5669 2853 5743; x_wconf 77' lang='lat' dir='ltr'><strong>cogitatuum</strong></span> <span class='ocrx_word' id='word_1_880' title='bbox 2908 5672 3192 5728; x_wconf 74' lang='lat' dir='ltr'><strong>noxiorum</strong></span> <span class='ocrx_word' id='word_1_881' title='bbox 3243 5671 3556 5728; x_wconf 70' lang='lat' dir='ltr'><strong>conturbari</strong></span> <span class='ocrx_word' id='word_1_882' title='bbox 3610 5683 3712 5725; x_wconf 87' lang='lat' dir='ltr'><strong>nor</strong></span> 
     </span>
    </p>
   </div>
   <div class='ocr_carea' id='block_1_116' title="bbox 2148 5756 3711 5837">
    <p class='ocr_par' dir='ltr' id='par_1_116' title="bbox 2148 5756 3711 5837">
     <span class='ocr_line' id='line_1_117' title="bbox 2148 5756 3711 5837; baseline 0 -20"><span class='ocrx_word' id='word_1_883' title='bbox 2148 5764 2371 5831; x_wconf 86' lang='lat' dir='ltr'><strong>metuit,</strong></span> <span class='ocrx_word' id='word_1_884' title='bbox 2405 5765 2547 5833; x_wconf 71' lang='lat' dir='ltr'><strong>hanc</strong></span> <span class='ocrx_word' id='word_1_885' title='bbox 2574 5764 2762 5834; x_wconf 89' lang='lat' dir='ltr'><strong>utique</strong></span> <span class='ocrx_word' id='word_1_886' title='bbox 2791 5765 3148 5837; x_wconf 88' lang='lat' dir='ltr'><strong>malignorum</strong></span> <span class='ocrx_word' id='word_1_887' title='bbox 3184 5763 3468 5835; x_wconf 89' lang='lat' dir='ltr'><strong>spirituum</strong></span> <span class='ocrx_word' id='word_1_888' title='bbox 3507 5756 3711 5817; x_wconf 71' lang='lat' dir='ltr'><strong>[latibus</strong></span> 
     </span>
    </p>
   </div>
   <div class='ocr_carea' id='block_1_117' title="bbox 2147 5852 3712 5929">
    <p class='ocr_par' dir='ltr' id='par_1_117' title="bbox 2147 5852 3712 5929">
     <span class='ocr_line' id='line_1_118' title="bbox 2147 5852 3712 5929; baseline -0.005 -15"><span class='ocrx_word' id='word_1_889' title='bbox 2147 5854 2362 5929; x_wconf 60' lang='lat' dir='ltr'><strong>Quibus</strong></span> <span class='ocrx_word' id='word_1_890' title='bbox 2390 5856 2656 5914; x_wconf 86' lang='lat' dir='ltr'><strong>obruatur</strong></span> <span class='ocrx_word' id='word_1_891' title='bbox 2703 5857 2906 5927; x_wconf 90' lang='lat' dir='ltr'><strong>aperit,</strong></span> <span class='ocrx_word' id='word_1_892' title='bbox 2946 5864 3001 5911; x_wconf 90' lang='lat' dir='ltr'><strong>ct</strong></span> <span class='ocrx_word' id='word_1_893' title='bbox 3043 5857 3134 5925; x_wconf 86' lang='lat' dir='ltr'><strong>qui</strong></span> <span class='ocrx_word' id='word_1_894' title='bbox 3182 5856 3376 5912; x_wconf 88' lang='lat' dir='ltr'><strong>stultus</strong></span> <span class='ocrx_word' id='word_1_895' title='bbox 3422 5852 3712 5923; x_wconf 65' lang='grc' dir='ltr'><strong>διῳίειιιοςῖι</strong></span> 
     </span>
    </p>
   </div>
  </div>
