4100 6324
451 393 552 446 7I9
627 425 630 428 -

1090 393 1149 447 Β.
1190 392 1444 448 RABANI
1482 391 1700 448 MAURI
1737 388 2054 448 ARCHIEP.
2095 387 2401 445 MOGUNT.
2445 388 2731 446 OPERUM
2767 387 2949 444 PARS
2987 388 3073 442 Ill.

3593 390 3700 436 ut;

366 551 368 554 τ
447 507 788 580 persequitur
835 521 934 575 per
980 505 1082 559 hoc
1129 501 1179 560 ei
1230 505 1393 560 etiam
1443 504 1769 560 dominando
1820 503 2016 568 servit,
2047 504 2102 564 Α
2126 518 2322 573 magno
2352 502 2635 560 sacerdote
2666 503 2780 572 ipse
2806 508 2957 556 stans
2983 497 3138 568 juxta
3179 512 3330 552 aram
3371 505 3427 552 et
3466 497 3610 551 circa
3640 496 3708 552 il-

446 603 571 672 quia
604 599 918 671 patientiam
945 596 1062 665 ejus
1088 596 1382 666 premendo
1416 596 1780 664 probatiorem
1810 594 2018 659 reddit,

444 699 504 746 ut
533 706 592 746 se
631 689 882 744 videlicet
908 687 1161 743 damnato
1182 725 1197 752 ,
1231 684 1320 740 ille
1348 685 1596 740 bravium
1625 701 1725 756 pro
1760 701 1867 756 quo
1904 699 2024 740 cer-

445 783 594 838 tabat
621 779 870 850 accipiat.

514 871 744 926 Fructus
764 869 935 941 justi,
969 865 1170 940 lignum
1200 867 1336 923 vitaz.
1375 865 1585 922 Merces
1608 865 1742 936 justi
1771 865 1907 921 visio
1941 872 2023 920 est

441 965 672 1030 Christi,
702 965 817 1034 ipse
845 976 1077 1032 namque
1104 968 1187 1016 est
1217 959 1482 1030 sapientia
1504 1000 1520 1024 ,
1569 959 1636 1014 de
1674 974 1779 1028 qua
1819 957 2024 1012 dictum

442 1071 559 1125 est,
607 1059 812 1130 lignum
859 1056 983 1110 vita:
1028 1062 1113 1110 est
1154 1052 1607 1124 amplectentibus
1654 1066 1816 1116 eam,
1866 1058 1923 1104 et
1966 1049 2023 1104 in

436 1147 794 1222 Apocalypsi,
843 1148 932 1219 qui
979 1147 1186 1211 vicerit,
1232 1145 1436 1215 inquit,
1484 1144 1618 1198 dabo
1666 1142 1714 1196 ei
1760 1143 1911 1197 edere
1959 1141 2023 1196 de

437 1245 578 1316 ligno
601 1245 747 1309 vim,
778 1240 916 1311 quod
942 1248 1016 1294 est
1048 1241 1104 1294 in
1157 1237 1405 1309 paradiso
1435 1236 1532 1291 Dei
1558 1237 1658 1290 mei
1684 1234 1884 1306 (Apoc.
1916 1250 1954 1288 tt
1977 1232 2018 1306 ).

439 1336 505 1388 Et
549 1335 692 1389 hunc
731 1333 966 1386 fructum
995 1329 1155 1384 modo
1193 1328 1326 1400 justi
1357 1333 1709 1398 exspectant,
1747 1325 2017 1395 quandiu,

437 1427 576 1482 sicut
601 1424 916 1496 praedictum
943 1428 1057 1486 est,
1088 1421 1242 1490 quasi
1266 1419 1452 1474 virens
1475 1417 1660 1472 folium
1688 1417 2016 1488 germinant.

506 1518 576 1573 Et
614 1518 704 1589 qui
731 1516 947 1586 suscipit
977 1513 1181 1568 animas
1212 1512 1417 1583 sapiens
1448 1521 1542 1566 est.
1577 1509 1680 1578 Qui
1714 1511 2020 1564 animarum

433 1625 620 1666 curam
659 1625 758 1680 pro
800 1608 1032 1663 Domino
1077 1605 1319 1675 suscipit.
1355 1603 1427 1660 Ut
1452 1618 1547 1659 eas
1575 1603 1786 1658 scilicet
1816 1601 1899 1656 vel
1931 1617 2019 1656 er-

435 1710 618 1758 rantes
647 1702 868 1766 doceat,
899 1699 987 1753 vel
1014 1707 1238 1753 mmstas
1269 1696 1492 1761 soletur,
1524 1695 1611 1751 vel
1636 1703 1856 1766 agentes
1881 1703 2018 1750 tem-

2124 594 2235 648 lum
2263 609 2464 650 corona
2493 593 2723 648 fratrum
2739 632 2756 659 ,
2781 601 2876 647 aut
2899 606 3022 647 ossa
3042 631 3057 658 ,
3089 589 3142 644 id
3167 596 3284 654 est,
3311 588 3543 643 virtutes
3567 603 3705 658 quas

2124 679 2502 740 htereticorum
2544 682 2712 739 factio
2762 682 3003 739 cernitur
3041 681 3245 737 habere
3281 681 3510 751 putredo
3549 681 3705 752 pravi

2123 773 2392 845 dogmatis
2422 774 2741 844 corrumpit.

2194 863 2545 935 Cogitationes
2576 865 2880 936 justorum,
2911 864 3160 936 judicia;
3189 874 3236 919 et
3275 865 3495 931 consilia
3521 865 3707 938 impio-

2123 972 2240 1010 rum
2269 955 2630 1026 fraudulenta.
2659 955 2797 1014 Justi
2827 973 2924 1013 sua
2956 958 3099 1015 facta
3126 959 3172 1015 si
3197 960 3427 1017 Domino
3453 961 3707 1031 placeant

2123 1046 2309 1102 sedula
2336 1048 2692 1105 meditatione
2724 1048 3058 1118 dijudicant,
3088 1064 3158 1105 ne
3185 1049 3326 1106 forte
3354 1051 3486 1120 ipsis
3526 1052 3706 1107 minus

2123 1137 2368 1194 sollicitis
2393 1154 2659 1209 supernus
2684 1140 2888 1196 arbiter
2911 1150 3102 1198 contra
3129 1157 3224 1198 eos
3246 1141 3588 1198 invisibiliter
3613 1146 3708 1200 ad-

2122 1244 2279 1285 versa
2304 1229 2586 1300 disponat,
2611 1229 2767 1299 juxta
2800 1232 2931 1288 illud
2959 1231 3202 1303 Apostoli
3231 1251 3243 1286 :
3277 1231 3336 1288 Si
3365 1236 3702 1305 nosmetipsos

2122 1320 2539 1391 dijudicaremus
2559 1363 2573 1388 ,
2603 1340 2706 1378 non
2733 1324 2910 1396 utique
2927 1325 3297 1395 judicaremur
3327 1325 3345 1397 (
3370 1325 3400 1379 Ι
3427 1325 3550 1381 Cor.
3579 1345 3634 1384 x1
3661 1328 3702 1400 ).

2119 1411 2190 1466 At
2227 1413 2442 1483 reprobi
2483 1414 2648 1469 divini
2682 1415 2892 1472 timoris
2922 1416 3076 1473 obliti
3109 1417 3177 1473 de
3206 1416 3397 1473 fraude
3426 1435 3590 1490 quam
3620 1419 3702 1474 fa-

2121 1507 2302 1574 ciant,
2333 1523 2429 1564 sua
2456 1508 2682 1564 consilia
2715 1519 2934 1582 cogunt.

2199 1600 2352 1656 Verte
2380 1603 2566 1673 impios
2596 1612 2644 1657 et
2677 1619 2781 1658 non
2809 1615 2994 1671 erunt,
3024 1604 3211 1660 domus
3239 1615 3414 1661 autem
3433 1611 3702 1678 justorum

2116 1695 2454 1765 permanebit.
2486 1693 2642 1751 Versi
2675 1695 2742 1751 de
2771 1695 2875 1751 hac
2899 1696 3012 1751 vita
3041 1697 3192 1768 impii
3223 1713 3331 1753 non
3359 1707 3542 1764 erunt,
3561 1700 3705 1769 quod

428 1792 705 1863 poralibus
729 1791 885 1846 bonis
912 1796 1209 1853 sustentet,
1238 1787 1322 1841 vel
1351 1787 1647 1842 renitentes
1677 1787 1744 1842 ad
1777 1785 2016 1840 remedia
2118 1783 2369 1852 fuerant,
2413 1785 2538 1856 quia
2581 1793 2705 1856 post
2751 1796 2979 1842 mortem
3031 1802 3138 1842 non
3185 1789 3365 1858 qualia
3413 1791 3705 1845 credebant

431 1883 622 1938 salutis
651 1881 966 1952 protrahat,
995 1878 1080 1932 vel
1125 1885 1344 1948 pastore
1385 1877 1672 1932 destitutas
1711 1877 2010 1945 gubernet,
2042 1863 2092 1926 Β
2118 1875 2432 1942 inveniunt,
2473 1876 2568 1932 sed
2605 1892 2699 1948 spe
2738 1893 2834 1932 sua
2878 1877 3126 1934 frustrati
3165 1895 3264 1950 pro
3302 1881 3543 1950 praemiis
3595 1891 3705 1936 tor-

430 1988 539 2043 quo
566 1986 676 2026 una
705 1985 887 2026 secum
915 1968 1097 2040 plures
1129 1968 1196 2022 ad
1227 1967 1515 2022 Dominum
1537 1965 1806 2037 perducat
1827 2007 1844 2033 ,
1877 1966 1970 2036 qui
1996 2005 2012 2032 ,

427 2063 652 2132 inquam
672 2101 687 2127 ,
719 2059 794 2114 ita
823 2059 1033 2114 animas
1061 2057 1324 2127 suscipit,
1357 2057 1572 2127 sapiens
1601 2064 1719 2122 est,
1762 2056 1891 2127 quia
1931 2055 2015 2110 ui-

429 2155 629 2210 ittirum
653 2168 764 2208 sua:
790 2151 985 2206 animae
1009 2167 1108 2221 per
1129 2150 1247 2205 haec
1268 2151 1414 2206 unde
1442 2148 1727 2205 sublimius
1751 2164 1877 2204 cum
1903 2148 2011 2204 Do-

427 2246 578 2300 mino
607 2250 799 2316 regnet
825 2251 1100 2313 procurat.

497 2337 558 2394 Si
596 2337 775 2407 justus
815 2336 872 2388 in
914 2344 1056 2389 terra
1098 2334 1321 2406 recipit,
1361 2343 1557 2405 quanto
1604 2333 1771 2403 magis
1819 2333 2012 2403 impius

421 2438 470 2484 et
514 2427 803 2498 peccator?
829 2425 886 2480 Si
933 2427 1104 2480 sancti
1147 2434 1416 2497 martyres
1465 2433 1614 2479 tanta
1643 2423 1808 2498 passi
1853 2432 2008 2491 sunt,

417 2519 582 2588 justi,
615 2525 820 2588 quanta
847 2525 1008 2586 putas
1037 2531 1131 2571 eos
1162 2530 1381 2570 manere
1425 2521 1692 2570 tormenta
1715 2554 1728 2578 ,
1760 2514 1852 2583 qui
1892 2512 2010 2567 illos

421 2609 728 2682 aﬂligebant
769 2607 991 2678 injusti,
1023 2606 1213 2662 si-Job
1243 2615 1298 2662 et
1325 2606 1525 2661 Tobias
1575 2605 1866 2674 czeterique
1913 2603 2008 2660 Dei

418 2701 609 2765 electi,
644 2708 795 2754 tanta
833 2700 889 2754 in
931 2697 1034 2754 bac
1072 2699 1185 2753 vita
1228 2707 1553 2770 receperunt
1582 2698 1841 2763 adversa,
1880 2697 2010 2766 quid

421 2791 797 2857 contristaris,
841 2791 887 2846 si
932 2798 983 2846 te
1023 2791 1115 2860 qui
1154 2798 1264 2843 tam
1306 2789 1463 2860 longe
1495 2788 1636 2844 infra
1669 2789 1883 2845 illorum
1919 2803 2011 2842 ve-

416 2884 575 2955 stigia
599 2881 778 2952 jaces,
812 2889 1028 2937 tentans
1052 2881 1121 2935 ad
1150 2880 1420 2935 modicum
1452 2879 1669 2933 afﬂictio
1699 2879 1914 2951 tangit?
1943 2878 2012 2932 Et

419 2973 642 3041 quidem
677 2982 731 3027 te
757 2971 861 3027 etsi
891 2971 1116 3041 impium
1147 2971 1328 3026 dicere
1369 2977 1463 3023 aut
1503 2969 1728 3024 credere
1763 2984 1872 3023 non
1919 2968 2012 3022 de-

417 3066 546 3132 beas
581 3073 924 3135 peccatorem
954 3073 1136 3118 tamen
1167 3072 1220 3117 te
1248 3079 1402 3129 esse,
1442 3063 1496 3118 id
1537 3073 1654 3129 est,
1697 3063 1876 3132 aliqua
1905 3061 2006 3115 ha-

417 3155 552 3210 bere
590 3162 845 3225 peccata,
887 3169 1054 3224 parva
1091 3154 1203 3208 sive
1248 3168 1479 3224 magna,
1527 3161 1713 3222 aperta
1757 3153 1871 3207 sive
1910 3167 2006 3207 oc-

2120 1976 2303 2023 menta
2340 1969 2629 2038 recipiunt.
2673 1969 2874 2025 Domus
2915 1980 3097 2026 autem
3131 1971 3405 2042 justorum
3432 2013 3446 2038 ,
3493 1972 3544 2026 id
3587 1982 3700 2039 est,

2117 2058 2360 2116 Ecclesia
2398 2077 2519 2131 quae
2557 2061 2755 2133 partim
2787 2065 3166 2134 peregrinatur
3205 2064 3468 2132 interius,
3503 2067 3700 2136 partim

2118 2162 2313 2224 regnat
2360 2155 2414 2208 in
2445 2154 2602 2222 coelo,
2640 2171 2918 2225 nunquam
2956 2156 3172 2224 deficit;
3222 2157 3317 2213 sed
3369 2174 3707 2229 quaecunque

2115 2249 2362 2303 membra
2389 2247 2507 2316 ejus
2534 2249 2662 2303 hinc
2688 2249 2779 2304 illo
2807 2251 3163 2319 perveniunt,
3192 2250 3392 2305 ibidem
3423 2252 3476 2306 in
3508 2251 3702 2322 gaudia

2115 2357 2236 2411 qua:
2266 2341 2558 2411 sperabant
2590 2341 2890 2396 inveniunt.
2920 2341 3115 2409 Aliter,
3147 2351 3283 2396 verte
3308 2343 3494 2414 impios
3521 2353 3569 2397 et
3598 2361 3703 2398 non

2115 2441 2286 2486 erunt.
2329 2430 2466 2498 Quia
2503 2431 2671 2486 multa
2708 2431 2962 2501 impietas
2998 2432 3053 2486 in
3085 2432 3188 2488 diis
3229 2433 3470 2505 gentium
3493 2475 3507 2501 ,
3535 2435 3702 2490 multa

2114 2519 2174 2574 in
2213 2521 2378 2576 sectis
2421 2522 2802 2576 haereticorum
2826 2563 2841 2589 ,
2883 2521 3052 2577 multa
3091 2523 3146 2577 in
3189 2524 3479 2595 prastigiis
3520 2542 3704 2597 mago-

2113 2629 2265 2680 rum,
2313 2613 2480 2668 multa
2527 2615 2580 2668 in
2607 2615 3077 2684 persecutionibus
3105 2617 3316 2671 exstitit
3342 2632 3698 2688 paganorum.

2115 2704 2221 2762 Sed
2259 2707 2375 2774 his,
2407 2707 2636 2763 Domino
2665 2710 2923 2776 donante,
2952 2709 3258 2775 subversis,
3290 2709 3470 2764 ablata
3497 2721 3578 2766 est
3612 2728 3703 2782 pa-

2114 2800 2249 2856 riter
2274 2801 2438 2856 etiam
2473 2801 2735 2857 memoria
2765 2801 3062 2870 impietatis
3091 2816 3278 2857 eorum
3302 2841 3318 2868 ,
3358 2809 3415 2857 et
3441 2800 3555 2870 jam
3599 2803 3698 2873 ip‘Si

2113 2893 2296 2962 apices
2322 2893 2502 2958 stulti,
2531 2893 2645 2964 ipsa
2673 2893 2927 2964 dogmata
2953 2893 3078 2965 igne
3104 2904 3258 2966 rapta
3276 2937 3290 2961 ,
3320 2905 3380 2951 ut
3409 2896 3463 2951 in
3489 2896 3701 2967 Epheso

2113 2993 2293 3041 actum
2325 2993 2569 3056 tempore
2598 2985 2969 3056 apostolorum
2998 2986 3249 3058 legimus.
3286 2987 3484 3042 Domus
3524 2997 3700 3043 autem

2101 3078 2374 3148 justorum
2397 3080 2751 3150 permanebit,
2779 3081 2904 3150 quia
2933 3089 3125 3136 sancta
3151 3082 3394 3138 Ecclesia
3424 3098 3698 3152 nunquam

2111 3173 2197 3227 vel
2227 3173 2488 3228 abscondi
2521 3172 2606 3228 vel
2635 3173 2810 3244 potuit
2842 3173 3076 3240 auferri,
3105 3174 3182 3229 nil
3207 3189 3274 3229 ex
3304 3175 3422 3246 ejus
3453 3190 3700 3230 corrum-

416 3248 596 3313 culta,
643 3246 875 3302 inficiari
933 3262 1041 3302 non
1099 3245 1296 3311 debes,
1342 3246 1452 3301 imo
1504 3245 1751 3300 confiteri
1809 3243 2003 3312 debes,

2111 3280 2240 3334 pere
2280 3263 2612 3333 Scripturis,
2635 3239 2698 3319 in
2727 3265 2874 3320 nullo
2913 3265 3032 3336 ejus
3063 3239 3226 3322 fidem
3268 3239 3504 3333 violare,
3548 3274 3695 3321 tanta

414 3359 485 3398 ne
515 3351 568 3398 te
608 3343 724 3412 ipse
768 3341 996 3396 seducas
1025 3349 1081 3395 ct
1109 3341 1314 3394 veritas
1343 3340 1399 3393 in
1431 3348 1483 3393 te
1522 3353 1641 3395 esse
1668 3353 1774 3393 non
1807 3338 1998 3409 possit.

416 3434 477 3490 Si
508 3449 639 3505 ergo
663 3432 800 3501 justi
833 3433 886 3486 in
919 3440 1064 3486 terra
1096 3440 1418 3501 receperunt
1453 3429 1588 3486 Abel
1631 3431 1874 3502 martyrii
1904 3471 1918 3496 ,
1948 3438 2004 3485 et

369 3511 372 3514 Α
417 3522 518 3582 Job
549 3525 828 3594 exemplar
856 3525 1131 3595 patientia:
1151 3565 1164 3589 ,
1197 3534 1400 3595 quanto
1430 3524 1605 3594 magis
1636 3523 1784 3594 impii
1814 3523 2005 3579 Antio-

411 3617 550 3672 chus
576 3622 739 3684 atque
770 3614 1011 3670 Herodes
1039 3625 1093 3670 ct
1122 3624 1433 3685 peccatores
1462 3617 1517 3670 in
1548 3616 1840 3687 Evangelia
1859 3657 1874 3682 ,
1905 3631 2002 3686 pa-

412 3709 626 3780 ralytici
647 3749 661 3774 ,
691 3711 780 3778 qui
813 3726 920 3765 non
949 3710 1051 3764 nisi
1083 3710 1318 3765 dimissis
1347 3710 1524 3780 primo
1555 3711 1792 3779 peccatis
1822 3711 2002 3765 curari

412 3802 701 3872 a-Domino
731 3809 1040 3870 potuerunt.
1072 3800 1377 3856 Notandum
1419 3802 1566 3872 quod
1606 3803 1747 3857 hanc
1786 3811 2004 3857 senten-

367 3933 369 3936 .
408 3892 547 3947 tiam
582 3893 778 3948 Petrus
807 3893 862 3946 in
889 3891 1160 3963 Epistola,
1186 3890 1342 3961 juxta
1373 3892 1652 3962 antiquam
1681 3891 2000 3946 translatio-

412 4003 563 4055 nem,
588 3987 769 4059 posuit
797 3987 984 4043 dicens
1014 3987 1124 4041 :Et
1155 3988 1200 4040 si
1223 3987 1400 4056 justus
1442 3988 1529 4041 vix
1565 3985 1876 4054 salvabitur,
1908 3985 1995 4039 im.

413 4077 531 4146 pius
562 4085 610 4131 et
638 4087 880 4146 peccator
903 4074 995 4130 ubi
1021 4076 1273 4145 parebunt
1299 4077 1324 4128 .9
1353 4073 1402 4146 (I
1433 4071 1551 4129 Pet.
1583 4073 1683 4146 tv.)

409 4153 411 4155 ’
1008 4165 1236 4221 CAPUT
1274 4165 1387 4220 XII.

486 4261 592 4327 Qui
640 4259 804 4314 bonus
854 4268 962 4324 est,
1016 4256 1220 4310 hauriet
1250 4257 1532 4312 aDomino
1586 4260 1863 4328 gratiam:
1909 4276 1998 4330 qui

412 4359 587 4402 autem
627 4348 840 4416 conlidit
880 4346 1281 4416 cogitationibus
1321 4348 1431 4401 suis
1457 4387 1472 4413 ,
1507 4349 1668 4419 impie
1698 4351 1829 4420 agit.
1881 4348 1993 4407 Ho-

412 4454 534 4492 rum
561 4436 952 4490 versiculorum
989 4437 1255 4492 connexio
1289 4436 1410 4491 talis
1439 4448 1553 4506 est,
1584 4441 1678 4510 qui
1710 4442 1886 4497 bonus
1914 4451 2000 4499 est

411 4544 520 4584 non
562 4527 785 4583 conlidit
832 4529 1250 4601 cogitationibus
1288 4531 1429 4598 suis,
1485 4532 1581 4588 sed
1615 4535 1830 4590 Domini
1873 4553 1999 4609 gra-

413 4622 540 4676 tiam
585 4621 807 4691 quzerit,
857 4637 921 4677 ac
966 4637 1065 4692 per
1113 4622 1258 4677 illam
1305 4624 1532 4694 accipit,
1584 4635 1644 4680 ut
1687 4627 1775 4698 pie
1813 4628 1996 4686 vivere
2026 4617 2080 4677 D

405 4716 608 4785 possit,
638 4716 730 4786 qui
762 4723 942 4770 autem
975 4716 1399 4786 cogitationibus
1427 4719 1541 4775 suis
1567 4720 1790 4776 confidit
1817 4722 1993 4780 bonus

405 4821 526 4862 esse
559 4806 766 4876 nequit.
802 4805 938 4860 Nam
969 4807 1060 4876 qui
1091 4807 1322 4878 gratiam
1353 4810 1575 4880 superni
1605 4811 1867 4880 adjutoris
1895 4829 1993 4885 pe-

405 4907 520 4952 tere
550 4915 659 4952 non
689 4906 874 4962 curat,
908 4898 1102 4952 merito
1131 4898 1295 4967 impia
1326 4901 1539 4956 actione
1567 4903 1844 4973 perdurat.

481 4987 677 5043 Mulier
718 4987 974 5057 diligens,
1011 5004 1205 5041 corona
1245 4998 1319 5043 est
1361 4991 1471 5044 viro
1508 5009 1603 5046 suo
1632 5007 1650 5044 :
1690 5002 1736 5047 et
1772 4996 1992 5065 putredo

403 5079 459 5130 in
509 5077 710 5130 ossibus
761 5077 874 5144 eius
903 5119 917 5144 ,
965 5095 1082 5149 qua:
1125 5080 1430 5150 confusione
1479 5101 1559 5138 res
1603 5087 1791 5156 dignas
1839 5090 1991 5159 gerit.

346 5172 350 5176 ⁴
406 5169 568 5225 Pater
596 5171 790 5226 litterae
819 5188 1010 5228 sensus
1030 5215 1044 5240 ,
1077 5175 1203 5245 quia
1231 5178 1424 5234 mulier
1449 5181 1590 5236 bona
1620 5189 1677 5235 et
1703 5193 1853 5236 casta
1896 5183 1992 5238 ho-

405 5279 594 5318 norem
634 5265 752 5319 viro
780 5279 879 5320 suo
907 5267 1132 5336 prtebet.
1163 5269 1220 5324 lu
1247 5273 1530 5340 omnibus,
1563 5273 1786 5344 ejusque
1815 5279 1989 5334 virtu-

405 5353 549 5406 tibus
584 5353 698 5422 ipsa
725 5353 945 5409 domum
973 5357 1113 5412 bene
1144 5375 1367 5431 regens,
1397 5365 1552 5435 quasi
1581 5368 1810 5436 gratiam
1843 5371 1994 5426 addit

405 5457 660 5497 coronae:
696 5453 754 5498 at
793 5461 923 5502 vero
965 5449 1238 5520 adultera,
1279 5462 1334 5509 et
1364 5455 1409 5510 si
1459 5455 1591 5512 foris
1620 5461 1865 5530 speciosa
1895 5479 1989 5534 pa-

405 5542 518 5600 ret,
559 5535 704 5592 intus
741 5537 912 5593 fetore
953 5541 1178 5599 luxuriae
1228 5563 1323 5602 sua
1362 5552 1604 5608 membra
1637 5556 1986 5628 coinquinat,

402 5643 593 5682 verum
641 5630 962 5700 spiritaliter
1017 5633 1260 5694 Ecclesia
1311 5659 1568 5700 coronam
1623 5647 1822 5706 Christi
1878 5667 1984 5708 non

404 5719 562 5814 aliam
592 5737 756 5814 quam
786 5727 1018 5798 seipsam
1049 5730 1225 5788 offert.
1256 5736 1456 5793 Omnes
1486 5741 1630 5796 enim
1661 5745 1753 5814 qui
1785 5746 1836 5800 in
1881 5748 1988 5802 cir-

403 5811 548 5868 cuitu
579 5811 696 5885 ejus
727 5826 851 5873 sunt
878 5820 1107 5879 oll‘crcnt
1136 5843 1360 5884 munera
1381 5869 1395 5896 ,
1429 5840 1478 5887 et
1509 5834 1647 5890 ﬁlius
1676 5811 1866 5894 Sirach
1918 5842 1984 5896 de

2115 3365 2418 3430 temporum
2448 3357 2726 3430 longitudo
2748 3359 3066 3428 praevaluit,
3105 3366 3281 3431 potest
3320 3368 3376 3414 et
3414 3359 3487 3413 ita
3529 3359 3698 3415 intel-

2105 3454 2197 3523 ligi
2215 3495 2229 3518 ,
2263 3463 2399 3508 verte
2425 3454 2614 3523 impios
2653 3462 2700 3507 et
2737 3469 2846 3508 non
2872 3462 3024 3508 erunt
3045 3494 3061 3522 ,
3091 3464 3347 3510 converte
3374 3468 3467 3509 eos
3497 3454 3566 3508 ab
3595 3455 3698 3508 im-

2105 3549 2308 3618 pietate
2341 3557 2397 3602 et
2428 3562 2536 3602 non
2574 3554 2737 3601 erunt
2769 3546 2885 3616 jam
2925 3547 3108 3617 impii,
3143 3547 3236 3602 sed
3260 3547 3429 3618 justi,
3463 3562 3562 3618 pro
3590 3563 3695 3618 qua

2105 3640 2212 3695 alia
2244 3639 2530 3695 translatio
2558 3639 2722 3705 dicit,
2755 3655 3060 3711 quocunque
3087 3657 3139 3694 se
3163 3639 3412 3693 convertit
3449 3638 3693 3694 scelestus

2106 3729 2557 3785 exterminabitur.
2595 3728 2692 3784 Cui
2721 3738 2910 3784 contra
2953 3730 3019 3785 de
3061 3730 3266 3785 sanctis
3305 3729 3522 3795 dicitur,
3565 3747 3694 3801 quo-

2106 3824 2248 3878 niam
2276 3822 2609 3894 diligentibus
2641 3822 2808 3878 Deum
2834 3825 3010 3878 omnia
3043 3835 3388 3895 cooperantur
3413 3825 3469 3877 in
3501 3823 3692 3878 bonum

2058 3978 2059 3981 γ
2105 3917 2300 3990 (Rom.
2332 3933 2430 3972 vui
2453 3916 2492 3989 ).

2179 4009 2435 4063 Doctrina
2464 4025 2562 4064 sua
2591 4018 2833 4064 nascetur
2861 4010 2961 4064 vir.
2992 4010 3151 4065 Viros
3177 4024 3374 4064 vocare
3405 4009 3685 4081 Scriptura

2104 4101 2242 4157 solet
2273 4116 2366 4158 eos
2401 4102 2494 4172 qui
2529 4101 2823 4157 virtutibus
2859 4110 2986 4157 sunt
3018 4101 3230 4172 praediti
3265 4101 3484 4156 divinis.
3537 4100 3685 4157 Unde

2107 4191 2432 4263 Apostolus:
2477 4191 2733 4264 Vigilate,
2779 4201 2912 4247 state
2941 4193 2995 4246 in
3020 4191 3155 4260 ﬁde,
3190 4190 3410 4246 viriliter
3450 4193 3585 4262 agite
3613 4189 3683 4261 (I

2103 4285 2228 4341 Cor.
2257 4283 2412 4360 xw).
2457 4284 2713 4341 Doctrina
2751 4300 2881 4355 ergo
2921 4300 3016 4340 sua
3064 4284 3294 4354 quisque
3321 4284 3404 4338 vir
3431 4297 3551 4338 esse
3591 4296 3689 4337 no-

2103 4385 2307 4433 scetur.
2354 4375 2490 4444 Quia
2529 4376 2576 4431 si
2615 4384 2670 4430 et
2703 4384 2855 4431 recta
2883 4376 3041 4432 docet
3068 4383 3126 4430 et
3154 4375 3269 4430 luec
3296 4375 3552 4445 operibus
3581 4374 3683 4428 im-

2102 4467 2249 4538 plet,
2279 4476 2501 4522 sanctus
2529 4481 2649 4522 esse
2679 4467 2970 4539 colligitur.
3188 4459 3194 4464 ’

2178 4556 2283 4623 Qui
2329 4567 2502 4612 autem
2545 4575 2712 4614 vanus
2760 4568 2808 4613 et
2857 4575 3039 4613 excors
3093 4568 3169 4615 est
3219 4559 3413 4630 patebit
3463 4568 3686 4613 contem-

2103 4651 2237 4722 ptui.
2287 4650 2424 4718 Quia
2467 4651 2673 4707 scilicet
2713 4651 2830 4722 ipse
2876 4651 3051 4708 virilis
3096 4652 3263 4710 animi
3309 4651 3683 4708 fortitudinem

2099 4743 2300 4799 habere
2329 4744 2676 4814 contempsit.

2170 4833 2362 4890 Melior
2401 4845 2474 4890 est
2513 4853 2712 4907 pauper
2740 4847 2788 4891 et
2818 4838 3074 4908 suﬁiciens
3105 4839 3206 4894 sibi
3231 4855 3391 4908 quam
3417 4838 3679 4909 gloriosus

2097 4935 2146 4980 et
2182 4926 2421 5000 indigens
2462 4943 2616 4996 pane.
2663 4926 2850 4982 Melior
2888 4936 2974 4983 est
3017 4929 3186 4984 idiota
3213 4937 3269 4984 et
3297 4929 3524 5000 simplex
3566 4928 3683 4982 fra-

2103 5026 2204 5081 ter,
2240 5017 2332 5086 qui
2365 5017 2506 5071 boua
2541 5033 2660 5087 qua:
2692 5019 2844 5073 novit
2878 5035 3114 5090 operans
3149 5021 3316 5076 vitam
3350 5029 3588 5075 meretur
3623 5021 3680 5074 in

2099 5109 2286 5174 cmlis,
2335 5125 2497 5180 quam
2543 5113 2633 5182 qui
2676 5111 2856 5168 clarus
2899 5115 3236 5181 eruditione,
3271 5114 3678 5184 Scripturarum

2097 5202 2182 5257 vel
2218 5203 2383 5257 etiam
2423 5202 3120 5282 doctoris‘functuspilicio
3150 5207 3352 5278 indiget
3382 5221 3520 5278 pane
3549 5205 3680 5262 dile-

2097 5295 2327 5360 ctionis,
2373 5295 2439 5350 de
2480 5295 2634 5367 cujus
2667 5295 2973 5353 dilectionis
3003 5312 3067 5352 ea
3093 5311 3248 5370 parte
3267 5340 3281 5365 ,
3308 5313 3430 5369 qute
3458 5299 3522 5354 ad
3554 5313 3680 5369 pro-

2095 5389 2302 5443 ximum
2330 5390 2564 5459 pertinet
2595 5391 2988 5461 subsequenter
3016 5391 3280 5466 adiungit.

2169 5480 2328 5534 Novit
2356 5481 2537 5551 justus
2579 5483 2782 5536 animus
2811 5483 3172 5553 jumentorum
3196 5503 3429 5542 suorum.
3474 5477 3536 5544 Id
3560 5498 3674 5557 est,

2093 5571 2317 5626 miseret
2357 5583 2414 5627 et
2454 5575 2782 5643 oompatitur
2807 5576 3118 5638 hebetudini
3149 5596 3214 5636 ac
3240 5580 3519 5654 fragilitati
3545 5599 3671 5654 pro-

2081 5663 2363 5722 .ximorum
2395 5667 2497 5722 sibi
2526 5671 2959 5726 commissorum.

2169 5754 2382 5811 Viscera
2422 5769 2594 5814 autem
2626 5762 2906 5833 impiorum
2936 5767 3189 5822 crudelia.
3226 5768 3328 5836 Qui
3357 5787 3466 5826 non
3496 5772 3671 5828 solum

2090 5865 2196 5905 non
2221 5853 2620 5920 compatiuntur
2641 5855 2889 5921 subditis,
2917 5860 3011 5917 sed
3038 5858 3197 5918 etiam
3217 5860 3373 5935 juxta
3398 5861 3500 5923 hoc
3527 5859 3670 5937 quod
