4100 6324
428 431 524 490 721

1201 427 1562 486 exposmo
1597 427 1662 484 lN
1701 426 2095 486 PROVEBBIA
2134 383 2544 484 SALOMONlS.
2581 457 2652 470 -
2689 425 2816 480 LIB.
2860 423 2922 478 ιι.

3583 412 3692 470 798

429 549 686 608 Dominus
713 549 789 604 ait
821 565 834 603 :
865 545 1174 602 Percutiunl
1199 563 1388 620 pueros
1414 557 1461 601 et
1491 546 1712 602 ancillas
1742 549 1970 603 dicentes
1989 587 2005 613 ,
2035 548 2086 609 Α
2113 555 2221 603 tein
2262 554 2482 618 repente
2523 561 2662 602 nova
2697 544 2951 615 dogmata
2989 541 3151 596 infert
3180 537 3444 596 mendacii
3474 545 3558 623 est
3586 535 3692 592 mi-

434 641 637 697 Moram
667 639 792 710 facit
818 637 1060 692 dominus
1085 653 1230 691 meus
1257 639 1426 692 venire
1453 637 1471 708 (
1495 635 1686 692 Matth.
1717 653 1844 692 xxrv
1869 637 1910 709 ).

435 720 450 730 ”
505 731 609 800 Qui
647 737 895 801 operatur
929 738 1126 784 terram
1159 745 1346 794 suam,
1387 728 1712 782 saturabitur
1743 727 2008 799 panibus;

431 824 522 895 qui
551 830 723 877 autem
749 828 979 875 sectatur
1003 820 1166 874 otium
1187 859 1203 885 ,
1233 817 1569 874 stultissimus
1596 828 1693 874 est.
1723 818 1826 886 Qui
1854 835 2012 877 exer-

434 923 522 971 cet
557 915 791 968 animam
827 926 981 967 suam
1011 910 1349 982 apiritalibus
1385 911 1581 966 studiis
1604 953 1619 977 ,
1647 920 1702 966 et
1733 927 1876 967 nunc
1902 913 2012 968 vir-

437 1015 609 1062 tutum
633 1017 690 1061 et
713 1014 844 1061 tunc
872 1003 1098 1075 dapibus
1129 1003 1463 1060 saturabitur
1496 1004 1843 1072 praemiorum
1871 1022 1885 1059 :
1918 1004 2011 1076 qui

435 1110 613 1157 autem
661 1114 762 1170 pro
808 1097 980 1154 salute
1031 1096 1226 1152 animae
1277 1111 1387 1151 suae
1427 1095 1676 1152 laborare
1714 1095 2010 1162 detrectat,

436 1203 562 1250 tunc
590 1193 734 1247 inter
761 1189 953 1246 stultos
980 1189 1341 1260 reputabitur,
1376 1189 1592 1244 tametsi
1636 1204 1779 1244 nunc
1820 1188 1904 1245 vel
1933 1188 2015 1244 di-

435 1287 556 1341 vina
588 1283 670 1340 vel
703 1282 970 1338 mundana
1002 1281 1266 1352 sapientia
1299 1280 1571 1356 gloriosus
1599 1280 1837 1336 videtur.

505 1374 835 1430 Desiderium
883 1373 1030 1445 impii
1083 1373 1462 1427 munimentum
1520 1383 1595 1428 est
1644 1375 2012 1445 pessimorum.
2087 1379 2089 1382 ‘

435 1469 713 1525 Desiderat
740 1467 936 1537 impius
969 1466 1339 1538 praecedentes
1378 1466 1549 1522 malos
1590 1467 1829 1532 imitari,
1860 1475 1916 1521 et
1946 1467 2015 1522 de

436 1563 644 1617 illorum
681 1560 790 1614 vita
832 1567 996 1630 atque
1040 1559 1251 1614 actibus
1295 1558 1477 1628 loqui,
1507 1559 1595 1614 vel
1624 1567 1772 1614 certe
1805 1557 2020 1614 deside-

437 1655 575 1708 rium
625 1652 776 1722 impii
829 1650 1220 1706 munimentum
1279 1658 1363 1705 est
1421 1649 1827 1720 pessimorum,
1888 1648 2018 1718 quia

436 1759 597 1800 omne
628 1741 952 1800 desiderium
983 1739 1098 1811 ejus
1125 1756 1190 1796 eo
1219 1741 1423 1806 tendit,
1465 1741 1710 1810 quamvis
1758 1741 1875 1811 ipso
1917 1753 2017 1795 ne-

438 1838 682 1903 sciente,
731 1844 792 1890 ut
834 1849 956 1890 cum
1002 1833 1274 1903 prioribus
1315 1831 1530 1900 injustis
1567 1842 1784 1889 :eternae
1827 1832 2021 1888 mortis

2115 640 2286 694 nister
2331 637 2590 694 haeretici.

2188 733 2361 790 Homo
2398 742 2632 790 versutus
2661 733 2792 787 celat
2821 731 3111 786 scientiam.
3143 728 3407 783 Versatus
3434 725 3538 781 hoc
3572 724 3693 780 loco

2116 828 2171 882 in
2219 829 2360 883 bono
2405 825 2745 898 intelligitur,
2794 824 2846 878 id
2889 831 3006 887 est,
3058 821 3276 891 sapiens
3316 826 3372 873 et
3419 815 3690 888 prudens,

2115 921 2209 992 qui
2254 934 2661 991 nonnumquam
2711 919 2776 973 de
2828 913 3092 971 industria
3134 927 3286 968 suam
3335 908 3472 964 celat
3520 907 3698 962 scien-

2115 1017 2290 1082 tiam,
2347 1013 2544 1085 duplici
2593 1012 2850 1068 nimirum
2904 1009 3158 1073 ratione,
3214 1003 3297 1059 vel
3356 1018 3463 1058 non
3510 1000 3698 1056 valens

2117 1109 2347 1163 inﬁrmis
2396 1107 2731 1163 auditoribus
2778 1105 2924 1176 loqui
2971 1103 3127 1174 quasi
3180 1099 3545 1172 spiritalibus,
3601 1095 3697 1150 sed

2115 1201 2270 1270 quasi
2320 1198 2658 1264 carnalibus,
2707 1197 2792 1252 vel
2835 1196 3024 1252 nolens
3078 1195 3209 1249 dare
3253 1199 3500 1248 sanctum
3541 1187 3697 1244 cani-

2115 1294 2254 1358 bus,
2312 1308 2488 1362 neque
2536 1300 2662 1346 ante
2709 1305 2902 1362 porcos
2948 1285 3275 1359 margaritas
3320 1283 3606 1354 projicere.

2190 1385 2259 1439 Et
2305 1401 2395 1438 cor
2439 1383 2796 1454 insipientium
2841 1388 3084 1451 provocat
3125 1376 3425 1432 stultitiam.
3475 1371 3703 1440 Quando

2117 1477 2202 1532 vel
2252 1475 2402 1546 impii
2452 1475 2574 1544 plus
2635 1480 2951 1544 appetentes
3020 1457 3244 1542 sapere“
3275 1483 3438 1537 quam
3487 1475 3702 1536 oportet

2121 1585 2330 1639 sapere,
2373 1583 2438 1622 eo
2462 1581 2632 1636 usque
2672 1563 2982 1619 meditando
3021 1561 3344 1632 prosiliunt,
3382 1567 3443 1612 ut
3477 1573 3576 1627 pro
3618 1572 3707 1612 sa-

2119 1662 2323 1734 pientia
2361 1660 2648 1715 stultitiam
2689 1664 2938 1720 teneant,
2969 1656 3048 1710 vel
3085 1662 3230 1710 certe
3257 1654 3390 1708 alios
3425 1665 3545 1722 quae
3582 1666 3706 1704 nec~

2123 1753 2249 1808 dum
2296 1767 2491 1822 capere
2540 1757 2744 1820 queunt
2791 1748 2985 1802 docere
3035 1747 3288 1810 nitentes,
3323 1746 3389 1798 ad
3441 1743 3704 1812 majorem

2123 1833 2218 1898 eos
2268 1841 2552 1898 stultitiam
2599 1848 2930 1912 provocant,
2978 1845 3032 1893 et
3083 1837 3239 1907 quasi
3291 1835 3492 1890 sauciis
3537 1832 3709 1887 oculis

439 1943 662 1985 carcere
703 1927 1004 1982 claudatur.
1049 1925 1248 1979 Verum
1277 1925 1401 1995 quia
1431 1925 1568 1981 tales
1608 1926 1813 1981 exitum
1856 1940 2016 1995 quem
2046 1911 2094 1972 Β
2125 1935 2307 1990 lumen
2351 1936 2661 2006 ingerentes
2705 1931 2866 1996 solis,
2913 1929 3187 1984 modicum
3230 1926 3366 1980 lucis
3407 1923 3549 1994 quod
3593 1938 3714 1976 cer-

442 2019 664 2074 minime
696 2016 994 2088 prmvident
1030 2015 1349 2080 incurrunt,
1379 2015 1456 2070 ait
1479 2030 1511 2070 e
1537 2023 1726 2071 contra
1752 2015 1817 2070 de
1841 2015 2017 2070 bonis.

510 2098 686 2164 Radix
734 2117 907 2161 autem
947 2107 1215 2178 justorum
1263 2107 1518 2178 proﬁciet.
1575 2106 1712 2174 Quia
1765 2107 2022 2162 nimirum

442 2203 573 2256 ﬁdes
619 2208 674 2256 et
722 2199 962 2254 charitas
1008 2197 1304 2254 electorum
1356 2215 1462 2268 qua
1511 2198 1739 2254 radicati
1791 2207 1918 2254 sunt
1967 2199 2023 2253 in

439 2295 655 2351 Christo
697 2308 1037 2363 nequaquam
1081 2307 1176 2348 eos
1215 2290 1387 2357 fallit,
1433 2293 1528 2348 sed
1572 2292 1641 2347 ad
1687 2291 2020 2363 perfectiora

439 2403 652 2460 semper
681 2401 994 2442 accrescens
1029 2384 1150 2455 plus
1175 2400 1338 2455 quam
1383 2399 1604 2456 sperare
1644 2384 1798 2440 novit
1839 2385 1894 2440 in
1937 2384 2026 2438 fu-

442 2489 561 2536 turo
599 2478 878 2550 percipiet.

515 2567 588 2623 De
634 2567 809 2639 fructu
855 2568 963 2622 oris
1011 2569 1094 2623 sui
1139 2568 1491 2639 unusquisque
1532 2566 1813 2639 replebitur
1854 2565 2024 2621 bonis.

441 2662 670 2717 Fructus
714 2662 826 2716 oris
869 2671 954 2718 est
998 2677 1180 2719 sermo
1225 2662 1427 2727 bonus,
1461 2676 1587 2715 nam
1631 2661 1724 2730 qui
1768 2659 1912 2714 mala
1953 2657 2030 2711 lo-

444 2755 628 2824 quitur
691 2769 798 2809 non
854 2752 1089 2809 fructum
1143 2768 1238 2808 ore
1292 2758 1543 2824 generat,
1598 2750 1692 2806 sed
1749 2752 2026 2805 damnum.

444 2846 634 2900 Omnis
682 2844 849 2915 igitur
893 2844 987 2914 qui
1033 2844 1174 2899 bona
1226 2843 1486 2912 loquitur,
1536 2841 1694 2896 bonis
1740 2840 2032 2895 donabitur

448 2936 700 3002 aeternis,
749 2937 795 2990 si
841 2943 1022 2990 tamen
1071 2935 1157 2990 his
1201 2950 1322 3004 quae
1365 2934 1600 3004 loquitur
1640 2941 1761 2987 actu
1803 2947 1908 2987 non
1948 2947 2033 2987 re-

445 3035 681 3098 pugnat,
729 3027 834 3082 hoc
872 3033 956 3081 est
996 3025 1198 3081 etenim
1245 3023 1470 3098 [quod]
1513 3024 1799 3096 vigilanter
1834 3024 2031 3096 adjun-

455 3119 531 3190 git
576 3133 700 3173 cum
750 3117 881 3173 dicit
909 3135 921 3172 :

519 3209 587 3264 Et
605 3212 766 3281 juxta
792 3226 950 3280 opera
979 3227 1228 3264 manuum
1253 3227 1470 3265 suarum
1498 3208 1812 3264 retribuetur
1835 3209 1904 3264 ei.
1933 3207 2035 3265 Ne-

2125 2043 2256 2082 nere
2299 2027 2624 2082 videbantur
2667 2023 2934 2078 auferunt.

2197 2117 2392 2171 Manus
2437 2115 2655 2186 fortium
2695 2113 3073 2177 dominabitur,
3115 2127 3232 2182 quia
3278 2117 3454 2163 autent
3495 2105 3715 2160 remissa

2126 2217 2200 2262 est
2235 2206 2442 2260 tributis
2479 2205 2681 2260 serviet.
2718 2203 2951 2258 Perlecti
2977 2203 3179 2273 quique
3213 2216 3318 2260 non
3360 2199 3530 2254 solum
3560 2195 3722 2252 vitio-

2128 2315 2248 2354 rum
2275 2298 2412 2353 bella
2438 2305 2725 2367 superant,
2755 2296 2850 2350 sed
2891 2305 2947 2348 et
2987 2293 3176 2348 electis
3220 2291 3486 2346 fratribus
3524 2288 3718 2360 majori

2127 2394 2388 2448 virtutum
2432 2390 2604 2463 gratia
2660 2388 3069 2460 principantur;
3117 2383 3208 2454 qui
3258 2390 3440 2436 autem
3468 2379 3718 2435 dissoluti

2130 2482 2312 2536 animo
2359 2479 2597 2551 peccatis
2649 2475 2919 2548 implicari
2974 2489 3080 2528 non
3130 2479 3422 2536 metuunt,
3475 2469 3717 2539 pessimo

2131 2573 2374 2630 exactori
2415 2569 2628 2626 diabolo
2666 2568 2869 2623 tributa
2902 2567 3160 2622 vitiorum
3199 2562 3441 2635 quotidie
3479 2562 3715 2618 solvunt.

2133 2664 2271 2720 Et-si
2300 2679 2407 2718 non
2451 2661 2748 2716 dominium
2777 2658 2892 2727 ejus
2931 2660 3174 2713 viventes
3230 2655 3543 2727 paenitendo
3593 2669 3721 2708 eva-

2135 2765 2342 2822 serunt,
2366 2763 2490 2826 post
2515 2761 2745 2808 mortem
2777 2751 2957 2806 traditi
2985 2749 3160 2804 cidem
3184 2748 3238 2802 in
3259 2759 3536 2800 carcerem
3565 2744 3633 2798 ab
3659 2758 3724 2797 eo

2134 2863 2420 2920 pmnarum
2463 2845 2751 2899 mittuntur
2777 2851 3142 2905 mternarum,
3173 2837 3332 2906 juxta
3369 2835 3512 2906 quod
3551 2833 3727 2888 Domi.

2136 2955 2239 2995 nus
2281 2938 2336 2993 in
2382 2935 2701 3007 Evangelica
2755 2932 3014 3005 parabola
3066 2938 3310 2986 testatur.
3355 2926 3541 2998 Neque
3581 2925 3725 2980 enim

2137 3035 2204 3089 de
2236 3031 2425 3088 talium
2453 3030 2793 3086 correctione
2824 3026 3219 3097 desperandum
3251 3033 3368 3088 est,
3399 3035 3524 3076 cum
3558 3018 3728 3091 protio

2137 3142 2242 3182 nus
2272 3123 2622 3197 adjungatur.

2213 3216 2409 3273 Maeror
2442 3217 2496 3270 in
2537 3215 2692 3271 corde
2727 3213 2826 3268 viri
2859 3211 3158 3266 humiliabit
3194 3207 3346 3263 illum
3367 3249 3381 3274 ,
3407 3216 3455 3261 et
3490 3221 3730 3262 sermone

451 3319 555 3374 que
585 3305 732 3358 enim
766 3303 928 3358 aliter
955 3303 1264 3360 fructuosus
1300 3303 1359 3360 lit
1401 3320 1531 3359 suus
1566 3319 1745 3359 sermo
1781 3304 2032 3371 doctori,
2063 3279 2109 3343 Ο
2145 3310 2278 3364 bono
2328 3307 2704 3378 lani/imbitur.
2764 3303 2900 3372 Quia
2956 3303 3213 3356 nimirum
3265 3315 3491 3355 necesse
3543 3307 3626 3354 est
3673 3305 3734 3351 ut

451 3396 556 3451 nisi
603 3396 648 3450 si
697 3397 812 3467 ipse
860 3397 1010 3466 prior
1057 3396 1222 3452 faciat
1267 3396 1406 3452 bona
1453 3411 1573 3466 qum
1617 3397 1793 3452 docet.

522 3484 730 3539 Fatuus
759 3486 936 3539 statim
966 3487 1165 3541 indicat
1192 3488 1328 3542 iram
1357 3505 1541 3555 suam,
1583 3490 1674 3560 qui
1711 3499 1886 3544 autem
1933 3489 2042 3544 dis-

451 3573 664 3630 simulat
709 3575 994 3645 injuriam,
1038 3576 1262 3632 callidus
1303 3589 1408 3645 est,
1443 3579 1535 3649 qui
1585 3595 1644 3635 se
1693 3581 1746 3634 in
1788 3581 2042 3650 praesenti

453 3665 724 3720 desiderat
764 3665 951 3721 ulcisci
992 3665 1173 3723 fatuus
1211 3677 1321 3734 est,
1355 3670 1446 3739 qui
1475 3678 1654 3724 autem
1685 3686 1784 3740 pro
1810 3671 2043 3728 Domino

455 3755 711 3827 injuriam
747 3758 1048 3812 contemnit
1086 3759 1320 3830 sapiens.
1368 3760 1531 3816 Hunc
1571 3763 1902 3817 versiculum
1934 3763 2042 3819 alia

455 3845 737 3901 translatio
767 3847 847 3902 sic
873 3848 1037 3904 habet
1068 3867 1081 3904 :
1126 3848 1334 3905 Stultus
1362 3852 1543 3906 eadem
1575 3852 1707 3907 hora
1736 3855 2044 3924 pronuntiat

455 3937 592 3990 iram
631 3954 812 4003 suam,
860 3938 1082 3996 occultat
1125 3951 1298 3995 autem
1343 3943 1685 4013 ignominiam
1715 3961 1864 3999 suam
1893 3956 2042 4001 astu-

455 4035 558 4081 tus.
619 4026 736 4083 Non
791 4036 973 4083 autem
1029 4030 1442 4102 ignominiosam
1495 4033 1789 4089 iracundia:
1840 4035 2046 4104 passio-

455 4134 618 4186 nem,
661 4119 846 4190 itaque
893 4121 1227 4190 sapientibus
1281 4123 1660 4180 occultandam
1691 4141 1813 4182 esse
1855 4128 2044 4182 decer-

457 4209 570 4275 nit,
601 4219 662 4264 ut
688 4208 807 4279 ejus
833 4211 1176 4268 velocitatem
1205 4214 1429 4285 culparis
1471 4231 1578 4271 non
1619 4217 1906 4287 prohibeat
1935 4228 2048 4274 tar-

459 4300 717 4366 ditatem,
749 4316 914 4373 quam
946 4303 1130 4374 utique
1159 4305 1203 4360 si
1247 4321 1344 4376 per
1372 4309 1750 4364 necessitatem
1793 4309 2047 4366 humanae

461 4393 794 4450 infirmitatis
825 4395 1078 4462 irruerit,
1122 4397 1242 4452 ideo
1271 4400 1487 4454 censuit
1529 4400 1907 4456 occultandam
1929 4443 1945 4468 ,
1989 4412 2051 4458 ut

461 4483 588 4538 dum
616 4486 682 4540 ad
705 4501 946 4556 praesens
965 4488 1240 4560 sapienter
1259 4489 1550 4561 obtegitur,
1574 4493 1875 4562 sapientius
1899 4509 2050 4550 amo-

461 4584 653 4632 veatur
699 4586 756 4634 et
807 4580 861 4634 in
909 4589 1230 4652 perpetuum
1285 4582 1548 4638 deleatur.
1603 4583 1729 4641 Haec
1773 4587 1918 4640 enim
1963 4595 2050 4644 est

461 4679 670 4727 naturae
715 4673 789 4728 ita
829 4682 892 4728 ut
934 4674 1100 4730 dilata
1141 4674 1456 4747 languescat
1487 4685 1543 4732 et
1577 4687 1806 4748 pereat,
1839 4679 2050 4751 prolata

461 4779 592 4822 vero
635 4767 807 4838 magis
847 4767 1129 4838 magisque
1172 4768 1486 4840 conﬂagret.

535 4857 630 4912 Est
655 4859 745 4930 qui
769 4860 1037 4930 promittat
1064 4868 1111 4914 et
1136 4862 1288 4930 quasi
1311 4861 1488 4932 gladio
1513 4865 1764 4934 pungitur
1787 4864 2053 4919 conscien-

464 4951 570 5005 tiaz.
620 4950 952 5006 Promittunt
999 4966 1058 5006 se
1098 4952 1338 5007 nonnulli
1380 4953 1601 5010 obedire
1651 4955 1902 5022 veritati,
1957 4957 2052 5012 sed

467 5043 556 5098 ubi
596 5045 829 5100 tentatio
873 5054 1086 5100 terrens
1125 5046 1240 5102 sive
1281 5046 1565 5105 blandiens
1602 5049 2050 5120 impedimentum

466 5137 823 5206 praestiterit,
876 5137 1130 5194 deserunt
1178 5138 1396 5208 quidem
1448 5149 1625 5212 coepta
1655 5182 1669 5207 ,
1723 5144 1818 5198 sed
1869 5152 2049 5198 tamen

469 5228 803 5284 conscientia
841 5229 1096 5300 promissi
1144 5232 1297 5300 quasi
1340 5231 1519 5303 gladio
1558 5234 1835 5304 pungitur.

541 5319 747 5392 Lingua
773 5330 948 5377 autem
974 5322 1286 5392 sapientium
1313 5325 1514 5378 sanitas
1540 5335 1637 5379 est.
1669 5325 1806 5394 Quia
1832 5335 1887 5382 et
1912 5327 2054 5382 bona

474 5427 596 5482 qua:
637 5413 958 5485 promittunt
997 5413 1136 5485 ipsi,
1180 5413 1514 5484 proﬁciendo
1559 5417 1627 5471 ad
1666 5417 1834 5472 vitam
1855 5433 2049 5488 perve-

475 5503 661 5572 niunt,
696 5511 751 5560 et
790 5504 912 5560 aliis
949 5520 1070 5576 quae
1109 5514 1408 5576 sequantur
1449 5507 1794 5577 praedicando
1834 5507 2055 5564 demon-

475 5603 668 5653 strant.

545 5685 768 5744 Labium
809 5690 1042 5744 veritatis
1076 5689 1288 5759 ﬁrmum
1330 5694 1428 5748 erit
1464 5695 1519 5748 in
1571 5703 1878 5767 perpetuum
1903 5737 1919 5764 ,
1969 5697 2059 5768 qui

477 5789 651 5834 autem
689 5782 837 5854 testis
876 5792 950 5835 est
993 5783 1289 5851 repentinus
1327 5786 1603 5840 concinnat
1643 5785 1877 5857 linguam
1917 5803 2061 5841 men-

666 5871 828 5930 Fides
852 5872 1222 5930 ecclesiastica
1267 5890 1479 5945 semper
1512 5876 1787 5944 manebit,
1827 5875 1920 5945 qui
1962 5891 2060 5932 au-

2143 3401 2296 3473 prius
2325 3408 2666 3472 peccatorem
2699 3412 2902 3452 mteror
2937 3394 3273 3466 ptenitentize
3309 3391 3598 3446 salubriter
3632 3391 3734 3446 hu—

2144 3492 2343 3558 millet,
2402 3499 2458 3548 et
2506 3490 2578 3546 ita
2607 3489 2948 3560 postmodum
2989 3498 3086 3556 per
3123 3484 3388 3554 judicium
3424 3481 3730 3539 sacerdotis

2146 3597 2326 3640 sermo
2374 3581 2516 3636 datae
2566 3567 3026 3634 reconciliaiionis
3076 3575 3334 3630 laetificet.

2219 3672 2322 3739 Qui
2360 3671 2572 3743 negligit
2619 3670 2871 3724 damnum
2907 3676 3118 3739 propter
3157 3667 3383 3721 amicum
3412 3666 3592 3736 justus
3635 3673 3735 3720 est.

2148 3765 2204 3821 Si
2248 3765 2352 3820 hoc
2391 3764 2458 3819 de
2493 3762 2729 3835 generali
2768 3759 3013 3832 pecuniae
3054 3757 3346 3829 largitione
3381 3765 3435 3813 et
3469 3771 3606 3828 puro
3643 3755 3741 3811 ho-

2148 3861 2294 3914 mine
2340 3859 2514 3913 amico
2560 3863 2707 3911 recte
2755 3855 2975 3918 dicitur,
3029 3861 3234 3922 quanto
3289 3851 3461 3921 magis
3504 3847 3734 3918 justitiaa

2148 3967 2349 4009 corona
2390 3951 2643 4022 dignatus
2686 3958 2801 4013 est,
2846 3948 2937 4017 qui
2980 3953 3201 4016 propter
3245 3959 3370 3999 eum
3409 3942 3502 4013 qui
3554 3941 3736 3996 dixit:

2147 4044 2280 4098 Dico
2311 4043 2451 4097 vobis
2485 4041 2668 4095 amicis
2697 4040 2858 4105 meis,
2891 4036 3290 4092 ne‘terreamini
3321 4035 3386 4089 ab
3417 4035 3498 4088 his
3528 4035 3618 4105 qui
3649 4048 3739 4089 oc-

2149 4139 2332 4193 cidunt
2360 4153 2548 4208 corpus
2579 4133 2805 4207 (Matth.
2838 4149 2871 4187 ι
2892 4132 2934 4202 ),
2967 4131 3052 4186 vel
3080 4130 3318 4184 vendens
3345 4144 3466 4198 quae
3494 4127 3737 4198 possidet

2146 4228 2476 4300 pauperibus
2516 4225 2735 4290 tribuit,
2782 4223 2868 4279 vel
2912 4221 3162 4292 rapinam
3204 4219 3470 4274 bonorum
3514 4232 3738 4272 suorum

2148 4338 2273 4378 cum
2311 4321 2506 4391 gaudio
2551 4317 2810 4388 suscipit,
2861 4315 2944 4372 vel
2984 4322 3134 4370 certe
3172 4313 3345 4384 ipsam
3388 4312 3444 4366 in
3485 4311 3740 4384 passione

2151 4429 2372 4470 carnem
2412 4410 2848 4468 mortilicandam
2886 4408 3001 4464 sive
3045 4406 3398 4463 occidendam
3438 4405 3626 4460 tradit.

2220 4504 2335 4560 Iter
2377 4513 2552 4558 autem
2596 4502 2877 4572 impiorum
2915 4499 3134 4570 decipiet
3186 4513 3294 4552 eos.
3343 4495 3479 4552 Cum
3521 4495 3608 4551 vel
3641 4485 3740 4552 sua

2155 4599 2393 4656 retinere
2448 4595 2532 4650 vel
2588 4594 2760 4648 aliena
2817 4607 3010 4662 rapere
3069 4589 3325 4661 gaudent.
3386 4587 3541 4644 Unde
3592 4595 3742 4644 recte

2157 4687 2522 4758 subjungitur.

2231 4779 2357 4833 Non
2401 4777 2627 4832 inveniet
2673 4774 3044 4846 fraudulentus
3083 4773 3322 4837 lucrum,
3358 4780 3406 4826 et
3447 4771 3742 4830 substantia

2157 4869 2384 4924 hominis
2420 4868 2516 4922 erit
2550 4867 2669 4920 auri
2697 4865 2940 4936 pretium.
2976 4863 3191 4919 Fraude
3218 4877 3451 4932 namque
3479 4861 3745 4932 acquisita

2158 4958 2386 5030 pecunia
2427 4957 2546 5028 plus
2589 4955 2644 5010 in
2678 4955 2857 5010 anima
2886 4955 3070 5010 damni
3111 4969 3276 5026 quam
3307 4953 3445 5008 lucri
3484 4953 3540 5008 in
3583 4968 3744 5019 arca,

2159 5059 2215 5106 et
2240 5050 2330 5120 qui
2364 5047 2637 5120 propriam
2678 5061 2777 5116 pro
2809 5046 3036 5102 Domino
3074 5044 3434 5101 substantiam
3474 5044 3624 5098 novit
3667 5044 3747 5099 di-

2159 5156 2416 5214 spensare
2461 5146 2843 5195 remunerante
2898 5139 3016 5208 ipso
3069 5151 3170 5206 pro
3220 5135 3453 5190 terrenis
3503 5134 3747 5192 caelestia

2159 5235 2301 5290 dona
2361 5232 2606 5303 recipiet.
2656 5229 2868 5285 Aliter:
2923 5228 3050 5302 Non
3098 5227 3318 5282 inveniet
3369 5225 3743 5296 fraudulentus

2158 5325 2364 5380 lucrum
2383 5365 2399 5390 ,
2427 5333 2474 5378 et
2503 5322 2798 5378 substantia
2826 5321 3054 5375 hominis
3083 5319 3180 5373 erit
3211 5318 3331 5372 auri
3359 5318 3584 5388 pretium
3603 5357 3620 5382 ,
3653 5317 3748 5386 qui

2159 5416 2500 5474 fraudulenta
2532 5422 2713 5471 mente
2739 5413 2958 5469 simulat
2989 5427 3048 5467 se
3082 5427 3204 5468 esse
3228 5411 3431 5466 bonum
3455 5450 3471 5476 ,
3497 5409 3750 5480 nequiter

2161 5509 2348 5564 vivens
2385 5509 2440 5562 in
2478 5505 2690 5564 occulto
2727 5520 2836 5562 non
2863 5505 3069 5561 invenit
3093 5505 3234 5559 bona
3258 5503 3385 5558 vita:
3413 5502 3697 5573 sequentis
3726 5519 3741 5555 :

2162 5600 2264 5670 Qui
2305 5611 2485 5658 autem
2529 5600 2885 5657 substantiam
2913 5599 3175 5656 virtutum
3213 5597 3544 5670 spiritalium
3583 5610 3744 5651 vera-

2163 5695 2299 5752 citer
2339 5695 2604 5766 acquirit,
2647 5695 2980 5751 mercabitur
3017 5711 3080 5751 ex
3122 5710 3186 5751 ea
3235 5693 3540 5751 claritatem
3590 5692 3744 5763 regni

2163 5785 2416 5858 perennis
2436 5825 2452 5851 ,
2482 5785 2626 5856 quod
2654 5786 2836 5843 verbis
2862 5785 3479 5858 sequentibusapertius
3513 5773 3670 5838 dicit.

2235 5875 2304 5931 In
2327 5876 2511 5932 semita
2527 5876 2755 5947 justitia:
2781 5879 2909 5948 vita,
2939 5879 3040 5934 iter
3066 5887 3242 5934 autem
3269 5877 3478 5932 devium
3505 5875 3650 5929 ducit
3675 5873 3750 5931 ad
