4100 6324
363 378 466 435 725

991 373 1052 428 Β.
1083 371 1342 434 ΒΛΒΔΝΙ
1381 369 1608 432 MAUN
1644 365 1970 429 ARCHIEP.
2011 365 2322 428 IGGUN'F.
2363 369 2648 431 OPERUI
2679 369 2862 431 PARS
2895 375 2985 434 Ill.

3529 366 3637 438 Ὧι

361 499 600 551 mortem.
635 487 855 548 ‘Semits
889 487 1035 548 enim
1055 486 1282 556 iustitiae
1306 487 1667 548 substantiam
1705 483 1941 564 aeuuirit
1967 483 2020 550 Α
2045 496 2277 554 cessant.
2320 499 2582 561 reguntur
2619 490 2992 549 moderatione
3037 493 3338 566 sapientiae,
3377 511 3499 569 quae
3539 511 3636 556 eos

359 585 653 652 virtutum,
683 583 881 655 quibus
909 589 1110 638 aeterna
1139 581 1268 637 vitae
1306 581 1526 640 claritas
1567 595 1702 638 auro
1743 581 1946 652 pretio-

359 677 474 736 sior
513 677 732 743 emitur,
779 675 883 732 iter
921 681 1100 733 autem
1139 688 1378 744 pramm»
1415 688 1524 744 quo
1570 671 1947 731 fraudulentus

359 769 561 828 incedit
601 769 814 840 perdito
857 768 1009 824 lucro
1057 765 1378 837 temporali,
1422 764 1568 838 quod
1609 763 1835 835 appetiit
1879 763 1948 820 ad

358 869 592 918 utortem
619 876 783 933 quam
811 860 1096 932 providere
1125 858 1297 916 noluit
1329 857 1502 914 tendit
1530 856 1942 940 sempiternam.

947 950 1175 1008 CAPUT
1211 949 1351 1010 Xlll.

427 1049 604 1111 Filius
642 1053 850 1122 sapiens
895 1051 1134 1106 doctrina
1163 1052 1370 1125 patris;
1404 1051 1496 1122 qui
1531 1059 1711 1106 autem
1753 1037 1946 1102 illuior

355 1153 432 1200 est
455 1184 472 1210 ,
514 1161 620 1200 non
663 1144 812 1200 audit
839 1160 958 1200 cum
987 1144 1248 1213 arguitur.
1281 1142 1517 1206 Tantum
1546 1143 1690 1200 inter
1715 1141 1936 1211 sapien-

356 1244 468 1292 tem
495 1235 662 1292 distat
684 1244 742 1290 et
767 1234 1008 1298 stultum,
1026 1243 1085 1290 ut
1107 1234 1206 1290 hic
1219 1233 1510 1304 aliquando
1537 1232 1788 1304 proiectu
1817 1248 1944 1287 eru-

357 1326 580 1384 ditionis
607 1328 674 1382 ad
701 1342 822 1382 eum
841 1365 857 1392 ,
890 1327 982 1396 qui
1013 1341 1074 1385 se
1101 1327 1364 1384 docuerat
1399 1327 1700 1408 docendum
1737 1341 1937 1396 prove-

354 1417 505 1484 niat.
533 1417 622 1475 ille
646 1433 747 1476 nee
769 1433 895 1475 cum
920 1419 1172 1488 arguitur
1201 1419 1414 1479 noverit
1441 1418 1650 1475 audire.

433 1509 556 1566 Vult
587 1519 638 1565 et
674 1528 778 1566 non
819 1509 926 1566 vult
963 1510 1132 1582 piger,
1172 1510 1354 1565 anima
1391 1519 1568 1566 autem
1607 1511 1942 1581 operantium

350 1599 781 1671 impinguabitur.
823 1599 990 1658 Recte
1027 1600 1167 1672 pigri
1209 1599 1472 1656 vocabulo
1499 1601 1811 1667 denotatur,
1841 1602 1935 1674 qui

349 1689 467 1744 vult
509 1703 738 1761 regnare
779 1705 903 1748 cum
944 1691 1091 1757 Deo,
1136 1697 1191 1746 et
1234 1707 1344 1746 non
1387 1692 1501 1750 vult
1544 1693 1791 1750 laborare
1834 1709 1936 1764 pro

347 1785 496 1851 Deo,
527 1785 798 1842 delectant
837 1786 1061 1856 praemia
1103 1801 1226 1844 cum
1270 1786 1612 1858 pollicentur,
1659 1788 1937 1845 deterrent

2043 581 2254 653 iurgari
2281 598 2390 638 non
2423 583 2572 640 sinit.

2055 695 2060 700 ν
2119 671 2428 730 Substantia
2454 677 2715 748 pestinata
2739 679 3026 746 minuetur,
3055 681 3146 752 qui
3172 689 3346 737 autem
3375 682 3634 754 paulatim

2047 762 2242 834 colligit
2265 781 2451 834 manu,
2481 766 2929 837 multiplicabitur.
2981 767 3090 836 Qui
3109 771 3287 828 volunt
3311 768 3494 829 diuites
3517 775 3638 845 ﬁeri

2047 855 2284 920 incidunt
2309 857 2367 912 in
2404 858 2740 912 tentationem
2777 857 2830 930 (I
2863 857 2998 915 Tim.
3030 860 3127 934 vi),
3170 877 3349 933 neque
3381 865 3526 936 ipsas
3553 867 3636 921 tli-

2055 945 2208 1002 ritias
2227 961 2366 1016 quas
2391 947 2477 1002 vel
2505 949 2810 1024 acquirunt,
2843 951 2929 1005 vel
2968 953 3192 1024 cupiunt
3223 963 3487 1026 perpetuo
3514 973 3634 1028 pos-

2047 1037 2246 1104 sident,
2271 1040 2362 1110 qui
2389 1049 2568 1094 autem
2593 1055 2694 1110 pro
2717 1043 3028 1112 accipienda
3049 1047 3348 1102 substantia
3379 1049 3632 1120 pra-mio-

2047 1143 2167 1185 rum
2189 1129 2491 1185 calestium
2523 1131 2686 1202 iustis
2720 1127 2922 1189 insistit
2967 1135 3265 1204 laboribus,
3312 1139 3632 1211 multiplicia

2045 1239 2292 1294 superna:
2319 1224 2667 1282 beatitudinis
2693 1242 2916 1284 munera
2952 1229 3232 1300 percipiet,
3271 1231 3338 1288 de
3371 1249 3478 1304 quo
3509 1243 3634 1308 apte

2044 1314 2312 1371 subditur.
3543 1317 3550 1324 ’

2115 1403 2247 1476 Spes
2279 1414 2454 1461 autem
2494 1423 2614 1479 qua:
2652 1409 2896 1479 diﬁcrtur
2928 1411 3104 1483 apligit
3145 1414 3400 1483 animant,
3431 1415 3633 1489 lignum

2043 1497 2160 1552 vitae
2176 1497 2494 1554 desiderium
2513 1501 2740 1556 veniens.
2789 1501 2923 1569 Quia
2945 1504 3198 1560 nimirum
3223 1509 3461 1578 quandiu
3479 1509 3634 1566 dife-

2041 1595 2193 1654 retnr
2231 1604 2356 1660 Spes
2399 1597 2728 1646 aeternorum
2768 1591 2952 1663 allligit
2977 1595 3216 1651 animam
3244 1583 3502 1664 ﬁdelium,
3544 1579 3636 1657 vel

2037 1695 2140 1749 pro
2173 1679 2431 1736 dilatione
2464 1682 2714 1738 videlicet
2739 1683 3002 1740 bonorum
3041 1703 3162 1758 quae
3201 1699 3368 1756 amat,
3405 1692 3491 1746 vel
3527 1707 3626 1762 pro

2039 1770 2281 1828 iilatione
2309 1772 2576 1828 malorum
2603 1788 2722 1843 quae
2770 1774 2984 1830 tolerat.
3029 1777 3098 1832 At
3123 1777 3214 1834 ubi
3249 1782 3458 1836 venerit
3486 1783 3630 1852 quod

349 1878 650 1934 certamina
703 1894 826 1934 cum
869 1877 1147 1948 iubemur.
1201 1880 1278 1936 De
1325 1896 1434 1950 quo
1478 1879 1648 1938 ,ιποδ
1693 1881 1806 1936 ait:
1843 1878 1938 1936 νίν
1964 1863 2015 1924 Β
2041 1861 2335 1929 desiderat,
2362 1864 2520 1920 facile
2547 1865 2885 1922 obliviscitur
2909 1869 3054 1938 quod
3102 1871 3456 1938 sustinuerat,
3503 1874 3628 1943 quia

348 1970 548 2041 duplici
595 1971 772 2025 animo
815 1971 1118 2026 inconstans
1165 1979 1240 2028 est
1288 1973 1346 2028 in
1394 1973 1634 2028 omnibus
1679 1973 1776 2030 viis
1825 1973 1940 2029 suis

349 2060 514 2136 (Jac.
548 2061 645 2131 r);
697 2071 753 2118 et
799 2061 944 2120 ﬁlius
989 2062 1230 2122 Sirach:
1285 2063 1372 2119 Va:
1423 2066 1686 2136 peccaturi
1739 2075 1934 2120 terram

253 2173 256 2175 λ
346 2151 664 2222 ingredienti
689 2152 894 2210 duabus
923 2153 1020 2208 viis
1053 2151 1264 2225 (Eccli.
1300 2155 1405 2228 ιι).
1438 2155 1540 2224 Qui
1573 2165 1754 2214 autem
1778 2157 1934 2227 iussa

345 2253 605 2316 Operatur
647 2245 958 2313 Dominica,
1007 2247 1130 2304 ideo
1173 2248 1380 2305 faciunt
1421 2251 1550 2322 quia
1598 2252 1782 2307 anima
1812 2251 1934 2306 illo-

345 2353 466 2394 rum
496 2339 736 2412 peri‘ecta
774 2357 1132 2413 supernorum
1171 2343 1456 2402 dulcedine
1499 2345 1743 2402 reﬁcitur
1773 2345 1931 2416 juxta

346 2446 472 2488 eum
523 2433 617 2504 qui
663 2434 953 2490 Dominum
1007 2435 1263 2494 obsecrat
1313 2439 1538 2506 dicens,
1592 2441 1727 2496 sicut
1779 2441 1934 2512 adipe

344 2525 677 2596 pinguedinis
721 2526 984 2598 repleatur
1025 2531 1206 2584 anima
1245 2547 1361 2585 mea
1391 2529 1575 2603 (Psal.
1608 2532 1793 2602 LXII),
1843 2532 1928 2587 vel

342 2622 494 2670 certe
537 2615 718 2671 anima
768 2620 1111 2688 operantium
1163 2621 1604 2693 impinguabitur,
1657 2623 1786 2692 quia
1833 2625 1943 2693 qui

339 2707 444 2778 piis
468 2722 569 2778 pro
597 2707 828 2766 Domino
855 2711 1132 2768 laboribus
1168 2713 1464 2780 insudant,
1500 2715 1712 2772 etelesti
1740 2723 1795 2772 et
1828 2717 1931 2771 im-

340 2801 702 2858 marcescibili
735 2811 858 2874 post
886 2804 1100 2860 labores
1130 2808 1380 2864 mercede
1408 2809 1776 2866 donabuntur.

410 2891 510 2946 Est
538 2895 691 2964 quasi
718 2895 858 2952 dives
884 2913 1004 2952 cum
1034 2899 1166 2953 nihil
1191 2899 1412 2966 habeat,
1439 2909 1487 2954 et
1515 2911 1590 2956 est
1617 2903 1771 2973 quasi
1793 2920 1929 2974 pau-

336 2999 448 3054 per,
480 3000 598 3043 cum
626 2985 683 3039 in
713 2986 892 3042 multis
929 2989 1130 3044 divitiis
1165 2991 1252 3044 sit.
1297 2991 1456 3046 Dives
1497 2991 1600 3048 sibi
1643 2993 1928 3050 videbatur

337 3074 428 3131 ille
475 3077 567 3147 qui
597 3077 924 3134 induebatur
972 3096 1211 3152 purpura
1264 3091 1319 3136 et
1366 3082 1564 3154 bysso,
1597 3085 1926 3156 epulabatur

336 3165 578 3236 quotidie
627 3167 937 3238 splendide,
991 3171 1086 3226 sed
1133 3170 1261 3242 quia
1306 3171 1476 3229 Deum
1531 3191 1640 3232 non
1690 3178 1918 3245 habuit,

2040 1951 2097 2010 in
2142 1961 2403 2011 aeternum
2449 1957 2632 2014 vivere
2681 1957 2870 2029 incipit
2909 1973 3034 2015 etim
3086 1975 3184 2016 suo
3228 1961 3587 2036 Redemptore
3610 2006 3626 2032 ,

2037 2063 2198 2118 quem
2227 2057 2338 2104 tota
2364 2051 2665 2111 intentione
2683 2053 2990 2124 quaerebat,
3016 2053 3132 2126 ipse
3149 2063 3234 2113 est
3255 2056 3402 2112 enim
3425 2043 3626 2131 lignum

2035 2138 2162 2195 vita:
2185 2140 2636 2211 amplectentibus
2654 2159 2734 2201 se.

2106 2229 2213 2296 Qui
2242 2232 2468 2292 detrahit
2497 2233 2662 2290 alicui
2693 2235 2790 2302 rei,
2827 2235 2939 2307 ipse
2975 2253 3030 2292 se
3065 2238 3121 2293 in
3145 2239 3385 2310 futurum
3409 2241 3624 2314 obligat.

2033 2319 2138 2388 Qui
2173 2321 2330 2380 bona
2373 2325 2454 2382 rei
2496 2327 2733 2384 detrahit
2765 2343 2826 2384 se
2859 2328 2917 2388 in
2945 2327 3189 2386 futurum
3232 2332 3454 2404 obligat,
3499 2335 3626 2405 quia

2033 2413 2176 2485 quod
2205 2430 2312 2469 non
2341 2416 2526 2473 debuit
2551 2418 2800 2475 faciendo
2824 2435 3040 2492 poenam
3073 2423 3195 2489 sibi,
3224 2439 3332 2495 qua
3350 2427 3624 2481 constrin-

2031 2516 2190 2580 gatur
2211 2521 2501 2580 praeparat,
2533 2512 2626 2585 sed
2655 2521 2714 2568 et
2735 2513 2784 2568 is
2807 2514 2900 2583 qui
2929 2514 3084 2569 maiae
3108 2517 3188 2569 rei
3219 2515 3474 2581 detrahit,
3507 2517 3622 2588 ipse
3685 2560 3692 2564 .

2031 2617 2090 2658 se
2131 2602 2188 2658 in
2228 2601 2466 2669 futurum
2503 2605 2730 2678 obligat,
2769 2621 2879 2662 non
2909 2615 2975 2662 ut
3015 2622 3115 2678 pro
3159 2608 3252 2664 tali
3291 2609 3624 2668 detractione

2029 2709 2222 2766 prunas
2249 2696 2383 2762 luat,
2419 2697 2516 2753 sed
2546 2707 2610 2753 ut
2656 2707 2778 2769 post
2821 2694 3208 2758 detractionem
3253 2715 3373 2759 sese
3413 2706 3624 2762 cautius

2029 2802 2172 2865 agat,
2205 2795 2331 2864 quia
2377 2795 2635 2850 nimirum
2656 2811 2785 2866 quas
2826 2797 2881 2851 in
2917 2795 3040 2852 aliis
3074 2797 3220 2869 iuste
3251 2800 3618 2872 reprehendit,

2029 2883 2146 2956 ipse
2187 2885 2406 2958 impune
2444 2901 2552 2942 non
2593 2887 2830 2944 admittit
2863 2887 3135 2945 clamante
3179 2889 3481 2966 Apostolo;
3516 2890 3619 2958 Qui

2026 2979 2287 3048 praedicas
2316 2995 2418 3034 non
2449 2979 2753 3048 furandum,
2789 2980 3029 3051 (ureris;
3063 2981 3152 3053 qui
3189 2981 3321 3038 dicis
3355 2967 3462 3039 non
3497 2999 3622 3038 mae-

2027 3070 2314 3137 chandum,
2361 3059 2666 3138 inme/raris;
2707 3072 2797 3144 qui
2837 3072 3155 3128 abominaris
3196 3073 3362 3142 idola,
3407 3074 3622 3130 sacrile-

2029 3162 2174 3234 gium
2203 3161 2336 3230 facis
2369 3161 2548 3235 (Rom.
2578 3162 2664 3238 ιι).

337 3257 602 3327 comperit
641 3257 697 3314 in
738 3257 846 3315 line
884 3261 962 3315 nil
1000 3261 1168 3320 fuisse
1205 3266 1350 3332 quod
1391 3266 1610 3333 habuit,
1650 3268 1794 3324 unde
1836 3242 1922 3324 die

2104 3248 2208 3316 Qui
2229 3262 2406 3306 autem
2429 3253 2574 3307 timet
2592 3263 2930 3326 praeceptum,
2949 3255 3008 3312 in
3026 3273 3154 3328 pace
3174 3257 3474 3313 versabitur.
3507 3257 3616 3314 Me.

337 3355 484 3402 ctum
521 3355 608 3404 est
648 3348 716 3404 de
758 3349 958 3406 talibus
987 3370 1000 3406 :
1033 3352 1370 3410 Dormierunt
1393 3373 1632 3412 somnum
1659 3376 1846 3427 suum,
1872 3368 1926 3415 et

2032 3343 2135 3400 lius
2164 3354 2247 3400 est
2276 3359 2406 3416 ergo
2431 3344 2498 3400 de
2527 3360 2624 3402 sua
2654 3359 2922 3416 quemque
2943 3347 3238 3420 fragilitate
3258 3359 3512 3414 metuere,
3543 3366 3615 3420 ne

335 3438 469 3494 nihil
493 3440 796 3497 inuenerunt
820 3442 918 3497 uiri
940 3459 1116 3500 omnes
1140 3445 1444 3502 divitian
1465 3449 1522 3504 in
1544 3451 1788 3507 manibus
1813 3453 1925 3509 suis

2032 3435 2170 3492 forte
2195 3435 2375 3491 divina
2401 3435 2787 3506 prtuvaricetur
2815 3435 3060 3509 imperia,
3087 3454 3251 3510 quam
3277 3439 3506 3495 aliorum
3537 3457 3622 3496 ero

337 3529 526 3604 (Psal.
571 3531 766 3612 μιν).
811 3531 1024 3606 Pauper
1049 3551 1080 3592 θ
1106 3544 1297 3594 contra
1336 3538 1624 3595 videbatur
1657 3541 1920 3611 Lazarus,

337 3623 433 3695 qui
474 3623 692 3696 iacebat
714 3625 783 3682 ad
825 3625 1051 3697 ianuam
1085 3631 1204 3702 eius
1247 3632 1520 3690 ulceribus
1554 3635 1784 3706 plenus,
1823 3640 1920 3694 sed

335 3717 394 3773 in
429 3719 616 3775 multis
655 3727 776 3776 erat
807 3721 1044 3790 divitiis,
1073 3723 1166 3794 qui
1198 3725 1456 3782 virtutem
1493 3726 1684 3784 habuit
1709 3730 1926 3786 humili-

338 3814 504 3882 tatis,
531 3815 623 3886 qui
659 3815 994 3874 conditorem
1031 3821 1274 3877 omnium
1313 3822 1627 3880 divitiarum
1667 3827 1924 3884 videlicet

335 3909 507 3965 Deum
549 3912 712 3973 corde
751 3913 1032 3984 gestabat,
1059 3915 1192 3985 quid
1211 3924 1391 3973 autem
1421 3931 1565 3975 verae
1591 3920 1798 3976 divitiae
1826 3935 1923 3976 va-

333 3997 514 4146 :eant,
563 4002 692 4075 quid
737 4019 870 4060 vera
913 4015 1204 4078 paupertas
1247 4016 1375 4080 agat
1417 4011 1698 4068 subdendo
1740 4013 1921 4068 mani-

357 4099 522 4146 astat.
1091 4103 1112 4125 ⁸

357 4099 522 4148 'ostat.
1091 4103 1112 4125 ⁸

405 4181 714 4254 Redemptio
737 4187 928 4241 anima:
948 4187 1050 4242 uiri
1075 4187 1274 4244 diuitiis
1293 4199 1438 4258 sunt,
1468 4193 1560 4264 qui
1597 4202 1770 4249 autem
1791 4211 1926 4267 pau-

2027 3542 2149 3588 rata
2177 3531 2344 3588 stulto
2390 3546 2487 3588 ore
2533 3532 2796 3600 lacerare,
2828 3515 3040 3588 dicente
3082 3549 3271 3590 rursus
3317 3533 3612 3604 Apostolo:

2027 3621 2146 3679 Etsi
2180 3632 2576 3695 prcoccupatus
2604 3622 2762 3694 fuerit
2791 3624 2945 3680 homo
2979 3627 3033 3680 in
3067 3625 3242 3696 aliqua
3277 3627 3490 3698 delicto,
3533 3643 3616 3684 ros

2025 3717 2118 3789 qui
2139 3716 2402 3788 spiritales
2426 3718 2549 3772 estis
2578 3717 2819 3772 instruite
2845 3717 3144 3788 hujusmodi
3169 3720 3225 3790 in
3250 3719 3439 3790 spiritu
3469 3733 3616 3772 ιιιωιο

2025 3810 2320 3866 suetudinis
2347 3849 2364 3877 ,
2423 3809 2762 3866 considerans
2815 3799 3034 3882 teipsum
3085 3828 3148 3867 ne
3199 3822 3246 3868 et
3295 3821 3352 3866 tu
3405 3812 3616 3867 tenteris

2027 3902 2172 3975 (Gal.
2206 3903 2304 3975 vi).
3411 3953 3418 3960 .

2096 4001 2315 4056 Astutus
2341 3997 2518 4055 omnia
2545 3999 2652 4072 agit
2683 4015 2800 4054 cum
2826 3998 3067 4066 consilio,
3100 3999 3189 4076 gul
3221 4007 3392 4055 autem
3433 3999 3614 4076 fatuus

2025 4106 2122 4164 est,
2154 4096 2349 4168 aperiet
2381 4094 2680 4150 stultitiam.
2730 4093 2830 4152 Ubi
2855 4095 3034 4150 omnia
3063 4075 3186 4168 cum
3213 4095 3436 4152 consilio
3460 4095 3613 4166 docet

2027 4188 2252 4261 agenda,
2282 4187 2520 4260 divinum
2554 4187 2735 4258 potius
2763 4188 2905 4258 quod
2935 4188 3104 4248 sacris
3131 4187 3362 4262 eloquiis
3385 4187 3611 4256 inditum

329 4288 425 4344 per
451 4283 526 4327 est
551 4273 955 4344 increpationem
984 4294 1089 4333 non
1111 4281 1351 4335 sustinet.
1394 4281 1495 4350 Qui
1527 4298 1657 4356 ergo
1687 4265 1924 4343 animam
2025 4293 2126 4350 est,
2165 4297 2325 4353 quam
2363 4265 2663 4353 humanum
2703 4279 3004 4353 intelligere
3045 4281 3348 4351 consilium.
3409 4278 3615 4352 Fatuus

332 4375 492 4418 suam
535 4363 652 4418 vult
691 4363 883 4419 redimi
930 4381 961 4420 a
1003 4366 1186 4422 futura
1225 4368 1328 4436 ira,
1371 4385 1663 4444 congreget
1709 4377 1924 4434 divitias
2026 4384 2109 4430 est
2136 4375 2280 4429 enim
2309 4373 2402 4462 qui
2425 4380 2581 4429 extra
2609 4374 2714 4430 hoc
2739 4373 3022 4430 consilium
3059 4373 3206 4454 vivit,
3249 4373 3496 4460 quamvis
3521 4389 3615 4444 na-

329 4466 560 4522 operum
594 4453 880 4520 bonorum,
907 4457 1000 4527 qui
1031 4458 1176 4515 enim
1213 4471 1335 4532 eget
1362 4461 1670 4533 huiusmodi
1699 4468 1920 4536 divitiis,
2027 4463 2274 4521 turaliter
2294 4453 2506 4540 astutus
2529 4479 2650 4523 ease
2669 4465 2917 4536 videatur
2936 4471 2992 4522 et
3016 4453 3280 4544 prudens;
3295 4467 3363 4523 de
3391 4483 3498 4542 quo
3523 4482 3609 4540 ne-

331 4544 758 4614 increpationem
789 4548 1036 4614 districti
1068 4550 1268 4622 iudicis
1306 4556 1576 4613 sustinere
1611 4573 1716 4614 non
1757 4561 1917 4616 valet.
1947 4609 2001 4635 η
2027 4567 2112 4618 cte
2138 4559 2408 4635 subditur.
2695 4547 2716 4568 ’
3443 4631 3448 4635 ,

332 4636 412 4694 De
431 4609 535 4708 qua
559 4637 842 4696 Psalmista
864 4609 1098 4710 postula't
1135 4609 1356 4702 dicens:
1382 4609 1716 4714 amittit;
1737 4609 1918 4724 ait:
1945 4609 2001 4672 Ῑ)
2030 4609 2525 4725 "sistitur;-
2553 4654 2694 4708 cadit
2723 4654 2779 4708 in
2819 4653 3038 4726 malum.
3076 4652 3262 4726 Arium
3307 4631 3488 4728 autem
3534 4653 3611 4726 ait

331 4745 452 4786 rore
478 4740 568 4786 tuo
602 4747 799 4803 arguas
828 4749 930 4799 me,
971 4749 1134 4806 neque
1170 4736 1226 4790 in
1267 4736 1349 4792 ira
1401 4747 1495 4794 tua
1541 4742 1796 4813 corripias
1839 4761 1922 4799 me
2023 4753 2079 4802 et
2109 4745 2401 4802 Sabellium
2429 4756 2760 4824 ueteresque
2793 4745 3032 4820 angelos,
3061 4747 3116 4802 id
3144 4755 3245 4816 est,
3277 4745 3493 4817 nuntios
3515 4745 3612 4818 Βίρι-
3704 4736 3718 4748 ’

261 4897 265 4902 η
333 4821 508 4896 (Psal.
533 4824 685 4896 xxx).
732 4826 984 4897 Alioquin
1011 4841 1278 4900 pauperes
1305 4833 1496 4902 spiritu
1519 4851 1628 4890 non
1651 4837 1725 4893 ibi
1747 4838 1920 4896 incre-

251 4951 258 4980 ε
329 4925 531 4988 pantur
568 4934 600 4972 a
636 4917 886 4986 Domino,
911 4921 1006 4977 sed
1034 4920 1463 4981 benedictionem
1487 4935 1704 4984 ueterum
1742 4930 1917 4987 hatre-

331 5008 517 5064 ditatis
536 5009 856 5080 percipiunt.
1750 5001 1759 5010 ’

259 5095 262 5098 ’
402 5099 521 5155 Lua:
551 5101 820 5172 justorum
861 5103 1116 5174 la'tiﬁcat,
1156 5105 1373 5162 lucerna
1417 5117 1593 5164 autem
1637 5112 1919 5182 impiorum

329 5194 708 5264 extinguetur.
757 5197 874 5252 Lux
899 5195 1171 5266 iustorum
1210 5213 1331 5270 quae
1369 5210 1631 5274 perpetuo
1657 5205 1916 5279 laetiﬁcat,

329 5299 457 5356 spes
482 5295 564 5342 est
588 5286 913 5344 ﬁtturorum.
959 5286 1206 5344 Lucerna
1237 5291 1525 5362 impiorum
1550 5310 1670 5367 quce
1697 5309 1920 5370 repente

329 5377 696 5451 exstinguitur
714 5377 944 5434 felicitas
969 5380 1150 5435 δραιιί
1175 5381 1424 5439 labentis.

401 5466 551 5523 Inter
575 5469 820 5540 superbos
841 5484 1042 5540 semper
1055 5471 1241 5543 jurgia
1262 5481 1405 5542 sunt,
1434 5492 1525 5548 qui
1553 5487 1728 5535 autem
1751 5494 1916 5555 agunt

329 5571 520 5616 cuneta
554 5561 791 5628 consilio,
833 5572 1088 5632 reguntur
1113 5566 1390 5635 sapientia.
1443 5567 1740 5646 Jurgantur
1773 5577 1914 5632 inter

329 5663 391 5710 se
420 5667 638 5724 semper
665 5653 922 5719 haretiei,
943 5652 1234 5725 iurgantur
1261 5667 1316 5713 et
1339 5665 1518 5719 ceteri
1551 5667 1788 5736 reprobi,
1821 5668 1914 5737 qui
1939 5686 1944 5691 ’

330 5745 582 5804 videlicet
616 5759 725 5803 non
760 5748 1243 5806 nomutuuitatem
1271 5751 1393 5808 lidel
1415 5761 1472 5810 et
1490 5757 1754 5824 veritatis,
1780 5758 1914 5815 tide-

330 5835 414 5900 le's
431 5847 614 5897 sum
631 5840 727 5900 uni
741 5841 969 5900 misilio
986 5843 1292 5904 divinorum
1317 5848 1656 5926 eloquiorum
1675 5852 1782 5913 ιιυι
1804 5871 1918 5919 non

2022 4847 2162 4895 tanm
2183 4881 2197 4906 ,
2239 4840 2329 4912 qui
2370 4841 2627 4910 quoniam
2661 4840 2944 4898 consilium
2978 4839 3262 4914 neglexere
3300 4839 3604 4914 diviugrum

2023 4929 2428 5003 Scripturarum
2448 4915 2772 5003 deciderunt
2792 4933 2849 4988 in
2869 4931 3070 5002 malum
3093 4931 3467 5014 gehennalium
3501 4941 3608 5002 tor-

2020 5030 2348 5078 mentorum.

2095 5114 2322 5188 Legatus
2361 5117 2537 5170 aulem
2573 5115 2747 5188 ﬁdelis
2783 5115 3006 5172 sanitas.
3055 5113 3114 5188 Id
3163 5123 3262 5190 est,
3312 5114 3608 5190 cgtholiuus

2023 5207 2252 5280 quisque
2279 5207 2607 5278 praedicator
2633 5207 2922 5264 sanitatem
2946 5204 3072 5286 sibi,
3101 5205 3320 5298 suisque
3343 5205 3604 5278 auditori-

2021 5301 2122 5358 bus
2142 5300 2374 5370 acquirit
2397 5308 2678 5356 aeternam.

2093 5387 2440 5448 Desiderium'
2460 5396 2506 5449 si
2537 5394 2880 5478 compleatur,
2917 5394 3138 5466 delectat
3167 5395 3402 5470 animum
3427 5410 3446 5451 :
3468 5395 3608 5464 dete-

2019 5497 2230 5544 stantur
2249 5488 2400 5544 stulti
2419 5507 2505 5544 eos
2525 5490 2616 5562 qui
2635 5491 2842 5561 fugiunt
2871 5489 3034 5546 mala.
3067 5489 3238 5546 Omne
3259 5489 3608 5558 desiderium,

2021 5581 2136 5636 sive
2161 5581 2361 5636 bonum
2391 5581 2504 5637 sive
2531 5581 2729 5654 malum
2755 5583 2847 5658 sit,
2875 5583 2964 5639 ubi
2991 5584 3058 5643 ad
3081 5583 3330 5652 edoctum
3350 5599 3607 5671 pervene-

2019 5671 2094 5728 rit
2111 5671 2342 5727 delectat
2362 5671 2622 5738 animam,
2647 5675 2743 5729 sed
2765 5673 2912 5729 stulti
2941 5675 3031 5758 qui
3061 5675 3365 5740 carnalibus
3394 5675 3604 5748 deside-

2021 5765 2120 5822 riis
2162 5767 2418 5838 gandcnt,
2467 5768 2806 5823 detestantur
2847 5783 2942 5824 eos
2983 5772 3074 5855 qui
3109 5785 3210 5844 pro
3259 5785 3450 5848 arnore
3489 5785 3602 5852 cui:

2019 5857 2260 5928 testium,
2295 5860 2482 5920 intima
2522 5859 2918 5924 oblectamenta
2957 5871 3335 5933 contemnunt.
