4100 6324
442 402 546 460 725

1217 397 1581 457 EXPOSITIO
1617 398 1686 454 IN
1722 396 2110 479 PROVERBIA
2151 396 2560 456 SALOMONIS.
2599 429 2670 440 ——
2706 395 2833 453 LIB.
2875 395 2940 453 Il.

3593 395 3702 454 726

508 523 612 593 Qui
645 537 762 578 cum
800 519 1116 592 sapientibus
1148 513 1389 588 graditur
1421 516 1627 587 sapiens
1657 516 1777 581 erit,
1815 515 2014 569 amicus
2041 516 2093 576 Α
2119 517 2443 572 versiculum
2492 517 2696 589 antiqui
2731 516 3064 603 interpretes
3113 500 3501 574 tranetulerunt
3531 537 3545 574 :
3585 513 3702 577 Viri

436 621 716 679 stultorum
753 618 971 688 efficitur
1003 613 1209 669 similis.
1267 612 1398 670 Cum
1441 611 1770 680 sapientibus
1811 610 1890 664 ire
1932 617 2017 664 est
2105 609 2243 680 justi
2267 609 2460 663 divitiis
2487 610 2638 666 annis
2661 608 2839 664 multis
2867 609 3126 680 fruentur,
3161 611 3327 682 iniqui
3355 620 3529 667 autem
3551 613 3698 682 peri-

439 713 762 785 sapientiora
805 717 960 763 actus
999 705 1199 762 imitari
1225 745 1239 772 ,
1282 702 1577 774 quamlibet
1619 716 1748 773 ergo
1788 700 2016 770 simplex

438 808 666 878 quisque
690 803 760 860 sit
782 809 837 857 et
864 800 1118 864 rusticus,
1142 799 1232 868 qui
1254 814 1447 852 arcana
1471 795 1747 866 sapientiae
1771 809 2016 864 compre-

437 898 673 954 hendere
710 901 959 966 nequeat,
1000 893 1044 946 si
1084 901 1259 946 tamen
1305 889 1607 960 sapientum
1652 887 1896 957 exempla
1944 885 2020 938 vi-

435 993 609 1044 vendo
635 984 1033 1052 seclatur,jure
1061 984 1202 1037 inter
1241 981 1512 1050 sapientes
1549 979 2012 1042 annumerabitur,

436 1083 526 1154 qui
574 1097 702 1136 vero
744 1079 935 1134 stultos
963 1094 1066 1131 non
1095 1089 1312 1146 propter
1343 1083 1586 1130 naturam
1618 1073 1743 1145 quia
1773 1073 2017 1126 homines

437 1184 577 1240 sunt,
609 1174 700 1230 sed
727 1181 946 1243 propter
971 1170 1277 1235 stultitiam,
1307 1169 1432 1239 quia
1457 1169 1606 1226 mimi
1653 1176 1776 1222 sunt
1821 1167 1902 1220 vel
1931 1165 2014 1221 hi-

435 1268 688 1328 striones,
708 1265 789 1320 vel
827 1263 990 1333 aliqui
1034 1262 1186 1328 tales,
1219 1279 1320 1318 non
1356 1269 1411 1316 ut
1443 1259 1756 1318 instruendo
1783 1259 2019 1330 corrigat

435 1365 598 1419 amat,
641 1355 731 1409 sed
769 1362 824 1408 ut
856 1351 1081 1406 favendo
1124 1353 1418 1406 deteriores
1456 1351 1667 1414 clliciat,
1701 1349 1821 1404 talis
1861 1348 2016 1402 nimi-

436 1461 552 1500 rum
576 1445 675 1500 etsi
705 1460 801 1514 per
830 1443 1098 1513 ingenium
1125 1444 1204 1496 vel
1227 1443 1526 1497 doctrinam
1549 1442 1765 1512 sapiens
1786 1456 1905 1496 esse
1934 1441 2014 1494 vi-

435 1536 609 1600 detur,
651 1535 936 1590 stultorum
985 1545 1110 1589 nota
1153 1535 1346 1608 dignus
1387 1534 1547 1590 simul
1589 1543 1643 1588 et
1671 1532 2015 1588 damnatione

435 1628 725 1682 tenebitur.

506 1721 682 1774 Bonus
709 1719 946 1790 relinquit
974 1719 1200 1780 hatredes
1223 1718 1360 1788 ﬁlios
1388 1729 1435 1773 et
1463 1728 1688 1789 nepotes,
1722 1729 1768 1772 et
1793 1719 2016 1774 custodi-

435 1821 521 1864 tur
542 1811 687 1880 justo
724 1811 1016 1864 substantia
1053 1811 1354 1880 peccatoris.
1401 1812 1553 1880 Stepe
1577 1812 1822 1867 videmus
1844 1811 2015 1866 bonos

435 1903 551 1956 sine
584 1903 705 1954 liliis
732 1903 882 1956 obire
920 1902 1028 1956 imo
1077 1902 1278 1971 majora
1317 1920 1345 1956 a
1399 1903 1622 1957 Domino
1657 1903 1872 1973 praemia
1898 1902 2014 1974 pol-
2043 1894 2089 1954 Β

434 1994 604 2062 liceri,
641 1995 723 2048 his
756 1996 847 2065 qui
900 1991 1128 2048 ﬁliorum
1162 1997 1520 2065 procreationi
1559 1996 1881 2068 virginitatis
1923 2012 2015 2052 ca-
2065 2037 2075 2045 .

434 2085 740 2140 stimoniam
768 2096 1175 2156 praeposuerunt
1203 2128 1216 2152 ,
1248 2087 1339 2142 sed
1367 2097 1422 2142 et
1460 2089 1817 2148 substantiam
1835 2090 2017 2162 justo—

434 2196 552 2234 rum
586 2196 614 2232 a
640 2181 1015 2250 peccatoribus
1049 2181 1174 2236 tolli.
1224 2180 1356 2236 Nam
1395 2191 1449 2236 et
1483 2182 1768 2254 Apostolus
1809 2184 2013 2254 glorili-

436 2280 523 2324 cat
552 2286 644 2327 eos
675 2272 764 2342 qui
796 2273 1036 2346 rapinam
1079 2274 1341 2329 bonorum
1382 2291 1603 2332 suorum
1647 2291 1769 2330 cum
1819 2276 2015 2347 gaudio

435 2372 804 2435 susceperunt,
848 2365 989 2424 unde
1043 2365 1361 2436 spiritaliter
1409 2367 1838 2442 intelligendum,
1888 2369 2014 2438 quia

432 2455 605 2509 bonus
649 2465 701 2510 et
739 2455 917 2524 justus
968 2459 1224 2514 Dominus
1272 2467 1394 2525 est,
1435 2460 1526 2530 qui
1571 2476 1666 2530 per
1709 2462 2011 2529 passionem

434 2562 584 2600 suam
613 2547 910 2604 ascendens
946 2548 997 2605 in
1027 2547 1224 2604 coelum
1253 2550 1471 2621 reliquit
1498 2552 1739 2608 haeredcs
1771 2569 1878 2607 sua:
1914 2555 2012 2608 do-

433 2638 618 2692 ctrina)
655 2637 925 2712 apostolos
957 2646 1010 2694 et
1052 2656 1392 2696 successores
1429 2657 1638 2709 eorum,
1670 2646 1736 2698 ad
1764 2643 1914 2712 cujus
1948 2648 2011 2700 li-
2059 2713 2063 2719 ⁴

435 2730 554 2784 dem
590 2746 848 2802 conversa
879 2741 963 2788 est
990 2733 1275 2794 multitudo
1301 2736 1559 2804 gentium,
1592 2751 1710 2805 qua:
1741 2740 2013 2792 eratsub—

433 2825 628 2878 stantia
661 2825 880 2892 diaboli,
912 2826 1131 2888 intravit
1171 2844 1400 2898 namque
1431 2829 1485 2881 in
1519 2829 1734 2884 domum
1770 2829 2012 2900 ejusdem

433 2916 570 2969 male
599 2915 753 2972 fortis
784 2919 1108 2983 adversarii,
1141 2930 1190 2974 ct
1217 2935 1338 2975 eum
1374 2922 1562 2991 majori
1602 2925 1799 2978 virtute
1829 2933 2012 2980 conte-

434 3024 577 3075 rens,
626 3009 847 3080 diripuit
891 3025 1037 3074 arma
1086 3011 1201 3079 ejus
1251 3013 1303 3066 in
1361 3014 1554 3082 quibus
1591 3015 1914 3082 cmdidcbat,
1957 3026 2012 3072 et

431 3100 599 3170 spolia
630 3101 921 3167 distribuit,
964 3111 1023 3158 ut
1066 3103 1178 3173 ipse
1213 3105 1268 3160 in
1314 3105 1601 3178 Evangelia
1645 3119 1888 3175 testatur,
1926 3110 2010 3166 vel

431 3201 576 3248 certe
601 3195 867 3250 custodita
897 3204 978 3250 est
999 3195 1145 3268 justo
1172 3198 1430 3266 sapientia
1454 3203 1769 3269 peccatoris,
1794 3204 2008 3272 quando

2114 698 2240 753 bunt
2274 700 2509 754 breviter.
2563 701 2578 714 ⁸

2184 792 2371 846 Justus
2401 793 2643 858 comedit,
2669 800 2715 845 et
2747 792 2905 864 replet
2931 795 3163 848 animam
3188 810 3338 848 suam
3354 812 3372 860 ;
3402 805 3574 850 venter
3598 813 3667 850 au
3684 826 3698 837 -

2118 897 2219 941 tem
2242 886 2521 958 impiorum
2548 886 2925 941 insaturabilis.
2979 885 3162 943 Justus
3183 887 3414 957 percipit
3436 888 3587 944 cibos
3615 903 3701 943 sa-

2114 982 2353 1054 pientiae,
2383 984 2473 1053 qui
2509 982 2559 1035 in
2589 981 2868 1036 novalibus
2891 979 3132 1043 Patrum,
3167 982 3270 1035 hoc
3302 989 3404 1045 est,
3439 981 3492 1035 in
3523 978 3702 1049 operi-

2117 1075 2218 1130 bus
2275 1092 2338 1131 ac
2386 1076 2567 1130 verbis
2617 1075 3034 1148 praecedentium
3079 1071 3347 1141 justorum
3402 1072 3702 1142 probantur

2118 1169 2309 1232 exorti,
2329 1175 2381 1222 et
2407 1169 2507 1221 hos
2541 1167 2608 1220 ad
2624 1165 2919 1235 profectum
2947 1165 3139 1219 animae
3169 1180 3279 1218 suae
3307 1164 3444 1218 bene
3464 1162 3702 1218 vivendo

2120 1258 2322 1327 trajieit
2353 1277 2364 1312 :
2403 1257 2590 1312 Venter
2629 1270 2803 1311 autent
2841 1258 3150 1326 impiorum,
3190 1257 3242 1311 id
3281 1263 3393 1324 est,
3431 1256 3702 1326 eapacitas

2119 1365 2308 1404 sensus
2333 1349 2708 1404 lia‘rcticorum
2741 1349 3120 1412 insaturabilis,
3153 1347 3279 1419 quia
3311 1349 3448 1402 sicut
3474 1347 3702 1417 Aposto-

2118 1443 2203 1498 lus
2256 1442 2331 1495 ait
2366 1461 2378 1498 :
2418 1441 2628 1513 Semper
2681 1443 2972 1507 discentes,
3025 1458 3287 1513 nunquam
3343 1440 3412 1494 ad
3471 1440 3700 1493 veritatis

2118 1524 2387 1592 scientiam
2425 1535 2722 1606 perveniunt
2752 1532 2836 1608 (II
2863 1535 2996 1588 Tim.
3023 1535 3127 1606 ιιι).
3175 1534 3352 1602 Quare
3395 1542 3574 1600 autem
3618 1550 3702 1588 sa-

2121 1629 2288 1707 turari
2323 1629 2545 1683 scientia
2579 1644 2682 1682 non
2716 1639 3007 1693 merentur,
3051 1628 3152 1682 nisi
3192 1628 3318 1698 quia
3358 1642 3698 1696 nequaquam

2118 1718 2306 1775 refecti
2335 1720 2490 1783 cibis,
2516 1727 2755 1789 paterna:
2792 1719 3162 1785 institutionis,
3197 1719 3316 1773 aliis
3342 1719 3440 1773 hos
3471 1733 3698 1788 congre-

2119 1823 2248 1885 gant
2271 1815 2474 1884 absque
2496 1811 2718 1880 judicio.

2545 1935 2572 1956 υ
2705 1902 2928 1960 CAPUT
2975 1903 3113 1959 XIV.
3160 1953 3174 1956 -

2191 1996 2408 2066 Sapiens
2432 1996 2618 2050 mulier
2646 1996 2871 2064 rrdiﬁcat
2901 1995 3112 2049 dontum
3134 2012 3317 2061 suam;
3342 1995 3588 2065 insipiens
3615 2009 3704 2048 ex-

2116 2100 2369 2146 structam
2421 2108 2621 2162 quoque
2669 2091 2894 2146 destruet
2940 2091 3201 2145 manibus.
3257 2090 3324 2144 Et
3369 2094 3734 2158 unaquaeque

2119 2183 2295 2236 anima
2340 2181 2512 2235 fidelis
2549 2192 2601 2236 et
2634 2181 2873 2236 Ecclesia
2921 2196 3016 2251 per
3043 2181 3228 2235 orbem
3257 2179 3518 2234 catholica
3551 2193 3701 2232 man-

2116 2275 2322 2332 sionem
2354 2275 2456 2331 sibi
2487 2275 2538 2328 in
2569 2275 2740 2344 patria
2770 2273 2973 2327 caelesti
3004 2272 3161 2327 bonis
3190 2272 3397 2326 actibus
3425 2270 3654 2325 aedificat
3685 2287 3698 2324 :

2117 2374 2172 2420 at
2215 2378 2342 2422 vero
2374 2366 2582 2438 reprobi
2614 2380 2675 2419 ea
2706 2380 2824 2435 qua:
2853 2366 2988 2419 bene
3030 2373 3157 2417 sunt
3195 2380 3225 2417 a
3262 2363 3417 2418 nonis
3452 2362 3700 2416 ordinata

2115 2461 2256 2516 male
2278 2461 2526 2522 vivendo,
2563 2469 2614 2512 et
2653 2459 2941 2528 aliquando
2967 2466 3150 2529 aperte
3179 2455 3523 2527 repugnando
3545 2453 3704 2509 dissi-

2113 2561 2266 2623 pant,
2299 2567 2467 2622 quare
2504 2561 2680 2610 autem
2723 2549 2871 2606 stulti
2901 2550 3220 2619 sapientium
3254 2559 3406 2602 actus
3436 2547 3696 2612 lacerent,

2115 2645 2465 2712 sequentibus
2504 2642 2682 2695 verbis
2712 2641 3012 2694 ostenditur
3046 2656 3168 2694 cum
3197 2638 3413 2694 dicitur.

2187 2735 2474 2792 Ambulans
2514 2743 2649 2788 recto
2686 2734 2867 2786 itinere
2889 2742 2934 2785 et
2963 2732 3146 2784 timens
3192 2729 3356 2783 Deum
3393 2727 3699 2798 despicitur,

2075 2853 2084 2861 -
2115 2827 2178 2882 ab
2209 2845 2266 2880 eo
2297 2829 2384 2898 qui
2410 2826 2596 2896 infami
2633 2826 2874 2896 graditur
2912 2825 3010 2876 via.
3057 2821 3398 2877 Abominatio
3436 2830 3519 2876 est
3555 2821 3698 2876 enim

2113 2919 2387 2990 peccaturi
2446 2919 2673 2988 religio,
2726 2918 3056 2985 stultamque
3109 2915 3320 2969 videtur
3366 2912 3698 2977 incredulis,

2114 3029 2234 3070 cum
2295 3011 2477 3068 ﬁdeles
2547 3019 2764 3082 propter
2821 3011 2913 3066 Dei
2971 3011 3261 3076 timorem,
3322 3024 3428 3062 non
3491 3015 3696 3061 tantum

2113 3104 2371 3176 abjiciuut
2415 3105 2682 3171 timorem,
2735 3104 2827 3160 sed
2871 3112 2924 3158 et
2966 3109 3229 3168 tormenta
3271 3100 3469 3166 riilent,
3510 3114 3695 3154 eorum

2114 3198 2206 3266 qui
2236 3196 2487 3253 occidunt
2519 3211 2735 3266 corpus,
2770 3196 2835 3251 de
2872 3195 3066 3264 quibus
3105 3194 3279 3252 adhuc
3317 3199 3441 3262 apte
3483 3190 3697 3261 subjun-

432 3284 663 3339 ablatum
694 3295 776 3341 est
803 3302 832 3340 a
859 3267 1054 3342 Judteis
1082 3305 1302 3362 regnum
1330 3267 1529 3356 Dei,‘et
1555 3293 1736 3348 datum
1758 3267 1841 3351 est
1863 3297 2009 3368 genti
2037 3267 2082 3330 Ο
2113 3293 2275 3362 gitur.

433 3373 648 3430 facienti
683 3376 889 3433 fruetus
920 3377 1054 3451 ejus.

504 3469 659 3523 Multi
686 3470 784 3522 cibi
814 3471 866 3524 in
885 3473 1150 3528 novalibus
1170 3471 1391 3530 Patrum
1417 3488 1462 3531 et
1488 3477 1606 3534 aliis
1627 3490 2009 3550 congregantur

432 3560 624 3630 absque
645 3561 868 3630 judicio.
915 3563 1130 3635 Absque
1160 3567 1362 3637 judicio
1398 3579 1543 3626 recto
1579 3571 1725 3639 facit,
1757 3575 1849 3642 qui
1874 3575 2009 3631 divi-

433 3651 525 3706 tiis
545 3655 931 3725 congregandis
969 3657 1184 3713 sedulus
1213 3660 1430 3726 insistit,
1471 3672 1525 3718 et
1556 3664 1654 3720 has
1691 3675 2008 3737 aggregatas

435 3757 541 3796 non
591 3742 706 3812 ipse
753 3760 851 3816 pro
895 3746 1258 3818 redemptione
1296 3751 1489 3806 animae
1538 3769 1646 3808 suae
1685 3758 2008 3826 pauperibus

433 3835 727 3903 dispensat,
769 3839 859 3891 sed
904 3838 1023 3895 aliis
1067 3849 1184 3912 post
1230 3857 1288 3904 se
1335 3843 1690 3912 dispensanda
1743 3861 2002 3912 reservat,

405 3922 580 3997 juxta
609 3931 746 3999 quod
771 3931 822 3984 in
857 3933 1134 4001 superiore
1164 3951 1318 3990 versu
1343 3937 1496 4007 juxta
1521 3938 1751 3994 litteram
1781 3941 2003 4008 dicitur:

433 4018 502 4073 Et
557 4023 847 4080 custoditur
880 4023 1027 4094 justo
1079 4025 1368 4092 substantia
1424 4031 1726 4098 peccatoris.
1778 4031 2009 4089 Maxime

432 4126 553 4174 eam
594 4115 694 4170 sibi
736 4116 906 4171 victus
935 4118 1188 4194 abundet,
1223 4135 1284 4173 ex
1309 4121 1431 4191 jure
1461 4131 1698 4192 paternae
1726 4126 2009 4184 haeredita-

435 4205 520 4268 tis,
557 4223 729 4278 neque
754 4208 858 4262 ulla
886 4210 1140 4279 pecunias
1165 4213 1446 4282 colligendi
1481 4218 1778 4273 necessitas
1803 4219 2008 4275 incum-

433 4295 541 4361 bat,
572 4299 674 4353 hoc
691 4308 774 4354 est
803 4299 944 4372 quod
977 4301 1069 4368 ait,
1096 4302 1250 4370 Multi
1277 4305 1378 4358 cibi
1397 4307 1449 4360 in
1473 4307 1738 4364 novalibus
1761 4306 2003 4366 Patrum.

432 4385 588 4442 Juxta
621 4406 834 4444 sensum
867 4408 993 4446 vero
1027 4394 1320 4464 spiritalem
1349 4397 1499 4452 multi
1527 4408 1652 4454 sunt
1681 4401 1786 4457 cibi
1816 4402 2005 4458 alimo-

434 4479 533 4532 niae
563 4480 793 4535 crelestis
825 4482 877 4536 in
917 4484 1072 4538 dictis
1109 4494 1163 4538 et
1199 4489 1461 4557 exemplis
1498 4492 1878 4547 venerabilium
1914 4511 2008 4566 pa-

433 4579 589 4634 trum,
623 4581 674 4626 et
707 4575 904 4646 absque
939 4576 1147 4630 ratione
1172 4574 1316 4642 facit,
1345 4580 1434 4647 qui
1476 4580 1560 4635 his
1597 4581 1851 4654 legendis,
1895 4601 2009 4640 me-

431 4664 680 4726 ditandis,
715 4669 1041 4740 exponendis
1067 4670 1418 4738 instans,non
1447 4689 1555 4728 sua:
1576 4675 1734 4732 saluti
1761 4691 1855 4747 per
1885 4678 2005 4744 hoc,

431 4759 522 4812 sed
550 4759 772 4812 aliorum
803 4761 978 4829 potius
1016 4763 1201 4827 servit,
1231 4763 1356 4818 dum
1384 4765 1495 4833 ipse
1525 4765 1592 4819 ab
1622 4767 1705 4820 his
1741 4785 1857 4837 qum
1885 4769 2013 4840 legit

429 4849 514 4903 vel
540 4850 747 4905 actibus
775 4852 1014 4943 reprpbis
1033 4892 1048 4917 ,
1074 4854 1154 4907 vel
1182 4854 1341 4912 etiam
1374 4854 1647 4926 impietate
1675 4871 1865 4913 sensus
1896 4860 2006 4930 ba:—

432 4941 583 4996 retici
614 4941 902 5016 discrepat.
958 4943 1102 4999 Talis
1132 4961 1363 5016 namque
1394 4947 1445 5002 in
1475 4949 1776 5014 novalibus,
1816 4949 1870 5004 id
1905 4960 2006 5015 est,

429 5033 699 5104 operibus,
714 5034 827 5088 sive
845 5037 1184 5090 sermonibus
1207 5036 1424 5092 Patrum
1447 5041 1647 5108 optima
1671 5041 2008 5096 institutione

430 5126 676 5191 excultis,
721 5142 827 5180 non
855 5127 980 5192 sibi,
1010 5129 1100 5182 sed
1141 5128 1258 5182 aliis
1298 5130 1594 5184 subsidium
1626 5133 1876 5200 acquirit,
1905 5133 2008 5187 illis

429 5216 698 5281 videlicet,
726 5216 816 5285 qui
849 5225 1106 5272 tractatus
1133 5219 1248 5287 ejus
1273 5217 1507 5289 legentes
1536 5236 1753 5284 arcana,
1787 5238 1881 5290 per
1916 5237 2008 5275 cos

433 5308 689 5376 spiritalis
719 5323 908 5362 sensus
937 5309 1129 5380 quibus
1159 5311 1384 5365 interius
1423 5312 1828 5381 conspiciuntur
1863 5313 2009 5366 inve-

432 5399 607 5453 niunt.
666 5397 892 5470 Utrique
937 5406 1118 5454 autem
1162 5401 1342 5456 sensui
1393 5401 1644 5466 convenit
1691 5411 1812 5458 aute
1869 5404 2005 5458 ouod

433 5490 691 5560 sequitur.

506 5581 607 5648 Qui
627 5584 790 5654 parcit
819 5584 999 5654 virgtc,
1028 5583 1134 5637 odit
1163 5583 1332 5654 ﬁliam
1362 5601 1534 5649 suum,
1567 5585 1655 5655 qui
1682 5594 1853 5638 autem
1885 5583 2007 5639 dili-

426 5677 500 5746 git
524 5675 672 5730 i/lum
696 5677 952 5730 instanter
973 5677 1160 5729 erudit.
1203 5675 1334 5729 Nam
1366 5685 1420 5730 et
1444 5686 1596 5747 pater
1617 5677 1788 5731 bonus
1817 5675 2002 5742 lilium,

428 5774 483 5820 et
533 5767 851 5836 discipulum
898 5767 1149 5837 magister
1203 5768 1499 5823 catholicus
1539 5785 1608 5823 ne
1644 5769 1709 5821 ad
1746 5769 2001 5838 iniquita-

433 5868 541 5916 tem
574 5858 821 5916 deﬂectat
849 5859 1104 5916 sollicitus
1135 5860 1330 5914 erudit.
1383 5860 1781 5916 Praecedeutem
1821 5870 2001 5916 autem

2181 3381 2250 3438 In
2276 3399 2364 3436 ore
2390 3379 2536 3436 stulti
2557 3383 2700 3452 virga
2729 3381 3003 3453 superbire,
3035 3380 3174 3438 labia
3205 3378 3495 3450 sapientum
3521 3389 3696 3432 custoo

2110 3475 2258 3529 diunt
2282 3491 2387 3528 eos.
2437 3472 2569 3540 Quia
2606 3473 2752 3528 stulti
2787 3488 2881 3542 per
2908 3472 3272 3542 vaniloquium
3301 3470 3532 3527 humiles
3561 3488 3696 3542 quos

2113 3565 2414 3635 despiciunt
2461 3564 2721 3635 allligunt,
2762 3565 2856 3622 sed
2894 3565 3054 3622 iidem
3097 3564 3326 3624 humiles
3363 3564 3552 3634 spiritu
3599 3579 3698 3635 per

2112 3659 2413 3716 doctrinam
2460 3673 2518 3714 se
2564 3658 2841 3728 sapientia:
2880 3674 2946 3712 ne
2983 3657 3318 3727 decipiantur
3355 3658 3618 3712 muniunt.

2185 3746 2282 3802 Ubi
2313 3766 2415 3804 non
2452 3757 2570 3804 sunt
2603 3747 2769 3814 boves,
2808 3763 3033 3818 prwsepe
3076 3763 3296 3802 vacuum
3329 3756 3438 3812 est;
3470 3746 3555 3800 ubi
3592 3762 3692 3807 au-

2111 3850 2213 3895 tem
2241 3839 2480 3908 plurimm
2505 3849 2716 3909 segetes,
2746 3839 2817 3894 ibi
2845 3839 3121 3908 manifesta
3150 3847 3222 3892 est
3248 3837 3501 3910 fortitudo
3531 3838 3692 3894 bovis.

2113 3934 2330 3998 [herent
2372 3935 2486 3987 inec
2527 3931 2925 4003 superioribus,
2967 3931 3130 3994 boves
3172 3946 3404 4000 namque
3445 3931 3697 3987 doctores

2113 4025 2424 4089 catholicos,
2465 4038 2706 4094 praesepe
2743 4032 2942 4076 coetum
2975 4022 3300 4087 auditorum,
3333 4031 3540 4093 segetes
3565 4024 3694 4080 dicit

2111 4115 2319 4176 fructus
2371 4131 2594 4187 operum
2622 4115 2908 4169 bonorum.
2952 4113 3224 4176 Incassum
3255 4129 3384 4186 ergo
3418 4116 3569 4172 timet
3597 4133 3688 4174 su-

2111 4211 2346 4280 perbus,
2400 4218 2456 4263 et
2505 4209 2715 4264 indocta
2769 4208 3072 4281 eloquentia
3128 4209 3374 4264 verberat
3428 4224 3588 4266 aures
3627 4227 3690 4266 ac

2112 4302 2274 4358 corda
2302 4300 2684 4370 subjectorum,
2714 4300 2837 4370 quia
2873 4299 2961 4362 ubi
2999 4315 3103 4360 non
3147 4309 3272 4355 sunt
3311 4299 3454 4357 docti
3493 4303 3689 4371 praedi-

2113 4401 2348 4460 catores,
2387 4390 2586 4447 frustra
2636 4391 2703 4446 ad
2743 4391 3062 4452 audiendum
3117 4391 3338 4450 conﬂuit
3384 4395 3537 4452 turba
3582 4396 3692 4466 ple-

2112 4490 2259 4546 bium
2300 4509 2312 4544 :
2362 4490 2453 4544 ubi
2507 4497 2685 4542 autem
2740 4487 2983 4556 plurima).
3039 4489 3380 4560 operationes
3431 4499 3693 4561 apparent

2113 4583 2393 4647 virtutum,
2420 4581 2491 4635 ibi
2519 4578 2856 4648 apertissime
2888 4578 3074 4646 claret,
3110 4579 3235 4648 quia
3263 4596 3366 4634 non
3407 4581 3690 4635 haereticus

2114 4676 2165 4730 in
2213 4689 2404 4728 vanum
2448 4672 2692 4742 garrivit,
2741 4671 2834 4724 sed
2877 4687 2973 4742 pro
3014 4672 3162 4725 verbi
3203 4671 3352 4740 fruge
3379 4671 3684 4726 laboravit:

2107 4767 2236 4830 llle,
2278 4765 2368 4833 qui
2411 4773 2464 4818 et
2508 4765 2680 4833 ipsum
2719 4763 2939 4816 verbum
2979 4771 3130 4816 casto
3168 4777 3263 4816 ore
3301 4761 3602 4827 nominare,
3636 4772 3690 4815 et

2114 4858 2251 4911 viam
2295 4856 2539 4910 veritatis
2588 4861 2733 4908 recto
2781 4853 3122 4907 discretionis
3169 4853 3302 4922 pede
3331 4860 3515 4908 nosset
3543 4852 3688 4908 ince—

2111 4949 2256 5004 dere.
2295 4946 2402 5001 Nec
2431 4947 2735 5000 mirandum
2768 4960 2864 4998 cur
2892 4944 2945 4998 in
2973 4944 3194 5014 praescpi
3223 4943 3496 4999 auditores
3525 4944 3689 5014 signi—

2110 5042 2260 5097 licari
2286 5041 2582 5096 dixerimus
2615 5055 2737 5100 cum
2764 5040 2862 5094 bos
2887 5037 3063 5092 alatur
3099 5038 3165 5092 de
3208 5038 3452 5107 prtusepi,
3499 5038 3687 5093 doctor

2111 5141 2286 5187 autem
2328 5133 2491 5188 verbo
2521 5131 2800 5188 audientes
2837 5129 3007 5186 soleat
3051 5128 3276 5194 nutrire.
3325 5127 3429 5183 Sed
3477 5129 3688 5184 intuen-

2109 5226 2232 5280 dum
2265 5227 2387 5294 quia
2419 5225 2564 5280 etde
2593 5224 2777 5280 labore
2815 5222 2966 5278 bovis
3011 5234 3250 5292 praesepe
3293 5219 3543 5288 impletur
3566 5260 3582 5283 ,
3634 5229 3688 5274 et

2114 5315 2224 5386 ipse
2251 5317 2349 5376 bos
2382 5331 2479 5370 suo
2507 5313 2685 5369 fructu
2719 5314 2785 5369 de
2810 5312 3037 5384 praesepi
3065 5311 3336 5377 reﬁcitur;
3370 5311 3494 5380 quia
3520 5309 3683 5366 uimi—

2115 5424 2232 5462 rum
2259 5406 2580 5474 praedicator
2601 5405 2772 5460 ﬁdelis
2797 5413 2852 5460 et
2880 5405 3158 5460 audientes
3192 5405 3358 5458 verbo
3395 5403 3589 5469 reﬁcit,
3629 5412 3685 5458 et

2112 5498 2299 5551 eadem
2334 5495 2624 5550 refectione
2653 5497 2791 5564 apud
2819 5496 3099 5570 Dominum
3121 5496 3236 5570 ipse
3263 5496 3493 5568 prolicit.
3528 5496 3681 5564 Quod

2115 5588 2168 5640 in
2219 5602 2381 5655 opere
2437 5585 2696 5658 ﬁguratur
2744 5605 2756 5640 :
2800 5587 2945 5642 Elias
2987 5587 3078 5657 qui
3127 5588 3266 5656 apud
3329 5587 3679 5660 Sareptanaa;

2113 5680 2326 5732 viduam
2352 5694 2512 5746 quam
2541 5681 2732 5752 pascit,
2768 5680 2882 5750 ipse
2915 5683 3040 5736 dum
3069 5682 3327 5752 pascitur.

2182 5767 2382 5835 Quwrit
2413 5768 2612 5823 derisor
2648 5773 2954 5841 sapientiam
2986 5782 3033 5826 et
3070 5790 3174 5826 non
3208 5772 3418 5835 invenit,
3441 5770 3681 5823 doctrina

2106 5863 2436 5933 prudentium
2472 5863 2662 5935 facilis.
2701 5865 2932 5936 Caiphas
2977 5861 3067 5936 qui
3100 5865 3328 5920 Domino
3362 5863 3488 5917 d'utit
3523 5880 3540 5914 ι
3570 5861 3682 5916 Ad.-
