4100 6324
465 355 562 412 Ὶὲῗ

1099 354 1156 408 Β.
1198 354 1450 410 ΒΑΒΑΝΙ
1484 355 1702 411 MAURI
1741 355 2057 412 ARClllEP.
2098 354 2708 412 MOGUNT.OPE-RUM
2743 353 2924 410 PARS
2953 355 3038 410 Ill.

3616 364 3722 424 728

451 469 580 538 juro
608 477 655 522 te
683 482 775 536 per
798 464 965 520 Deum
993 465 1180 530 vivum,
1206 475 1258 518 ut
1295 466 1440 518 dicas
1469 465 1614 520 nobis
1646 467 1691 520 si
1722 476 1776 518 tu
1807 483 1860 520 es
1891 465 2044 519 Chri-
2070 470 2124 528 Α
2147 463 2285 521 saltu
2311 463 2450 519 velle
2472 464 2722 528 transire,
2751 465 3008 534 sapientis
3043 475 3220 522 autem
3267 471 3335 526 ad
3379 472 3598 544 planum
3638 477 3724 534 vel

457 571 572 617 stus
595 559 808 632 (Matth.
825 557 998 632 xxvi),
1014 557 1141 628 quia
1163 557 1304 614 male
1316 559 1594 628 quaerebat
1615 559 1876 622 invenire,
1892 558 2036 628 quod

458 651 682 723 rogabat
720 664 828 705 non
858 650 1084 715 meruit,
1132 655 1189 703 at
1232 648 1478 718 discipuli
1517 650 1611 719 qui
1653 665 1712 705 se
1760 649 2036 704 humiliter

455 747 661 804 auditui
687 746 933 802 veritatis
963 745 1334 810 subdiderant,
1375 752 1597 814 accepta
1637 744 1870 814 Spiritus
1913 759 2037 814 gra-

457 839 529 894 tia
559 880 574 904 ,
626 853 734 893 non
777 836 1110 893 solummodo
1151 834 1427 891 Christum
1472 836 1566 891 Dei
1603 835 1796 890 Filium
1837 851 2037 908 cogno-

455 944 626 995 scere,
659 929 753 984 sed
779 935 834 982 et
859 927 1037 982 abdita
1067 925 1470 995 Scripturarum
1496 925 1793 997 intelligere
1823 941 2036 981 merue-

456 1028 601 1074 runt.
650 1019 754 1075 Sed
791 1026 845 1073 et
881 1026 1006 1073 tunc
1031 1017 1270 1073 doctrina
1305 1017 1651 1087 prudentium
1688 1013 1862 1072 facilis
1890 1026 2028 1084 erat,

456 1115 672 1185 quando
723 1113 1000 1170 Cornelius
1049 1129 1171 1168 cum
1218 1113 1378 1166 domo
1424 1125 1521 1166 sua
1569 1119 1626 1166 et
1671 1111 1850 1166 caeteri
1896 1110 2032 1165 tales

454 1208 676 1264 verbum
705 1204 978 1260 humiliter
1003 1203 1306 1267 audientes,
1343 1216 1469 1257 mox
1495 1201 1810 1266 credebant,
1852 1208 1908 1256 et
1941 1216 2035 1257 ac-

455 1307 612 1368 cepto
657 1296 861 1367 Spiritu
906 1305 1096 1352 sancto
1132 1295 1327 1364 linguis
1371 1294 1730 1364 loquebantur
1755 1295 2026 1350 omnibus.

452 1388 604 1443 Nunc
648 1404 860 1458 quoque
915 1387 1215 1442 doctrinam
1261 1384 1393 1440 fidei
1459 1384 1736 1440 catholica:
1794 1386 2031 1456 prudens

449 1483 677 1552 quisque
726 1482 854 1537 dum
908 1480 1299 1544 catechizatur,
1348 1477 1506 1533 facile
1556 1477 1803 1548 percipit,
1865 1493 2030 1547 quam

451 1574 713 1640 luet'elici,
755 1573 881 1644 quia
912 1583 1166 1644 perverse
1198 1579 1469 1642 quaerunt,
1499 1586 1776 1641 nunquam
1804 1587 2028 1642 prorsus

449 1666 744 1721 inveniunt.

526 1756 671 1812 Vade
705 1766 888 1812 contra
914 1757 1083 1813 virum
1107 1755 1324 1810 stultum
1349 1765 1398 1810 et
1428 1757 1586 1811 nescit
1618 1755 1758 1812 labia
1799 1745 2049 1828 pruden—i

2137 561 2355 623 pontem
2380 551 2669 620 divertere,
2701 553 2775 609 ita
2804 554 2896 624 qui
2923 565 3144 625 peccata
3171 569 3431 628 quantum
3463 564 3607 621 valet
3633 567 3726 624 de-

2139 645 2318 710 clinat,
2351 646 2549 702 timens
2576 663 2646 704 ne
2670 647 2976 704 involvatur
3000 651 3177 718 malis,
3206 655 3421 725 sapiens
3443 667 3546 714 est.
3579 661 3726 717 Stulo

2140 745 2224 792 tus
2249 745 2429 794 autem
2457 739 2545 795 ille
2577 740 2668 810 qui
2698 742 3051 813 contemptim
3081 753 3290 814 peccat,
3316 745 3598 806 blandiens
3621 753 3725 808 sibi

2136 828 2261 898 quia
2293 837 2386 882 aut
2410 827 2698 900 posteriori
2731 839 2970 901 tempore
3006 834 3381 903 paenitentiam
3423 849 3550 910 agat
3577 856 3726 897 com-

2137 920 2448 985 missorum,
2500 930 2591 977 aut
2631 922 2677 977 si
2723 933 2944 994 repente
2969 926 3249 994 moriatur,
3292 927 3507 986 fortiter
3532 949 3726 1003 poenas

2137 1010 2294 1066 inferi
2337 1011 2576 1068 suﬂerat.

2205 1102 2494 1175 Impatiens
2547 1106 2848 1176 operabitur
2891 1107 3192 1176 stultitiam,
3259 1123 3308 1167 et
3350 1116 3434 1169 uir
3483 1128 3723 1176 versutus

2135 1193 2347 1249 odiosus
2377 1204 2471 1250 est.
2513 1195 2970 1266 Reprehensibilis
3004 1201 3222 1270 quidem
3251 1211 3334 1258 est
3361 1205 3525 1263 homo
3550 1207 3724 1280 impa-

2134 1288 2298 1354 tiens,
2323 1289 2419 1344 sed
2443 1289 2612 1345 multo
2650 1289 2804 1362 pejor
2838 1301 2894 1348 et
2934 1294 3173 1350 odiosior
3201 1295 3312 1351 Deo
3337 1305 3423 1352 est
3449 1309 3720 1369 versutus,

2133 1385 2347 1438 tametsi
2378 1385 2520 1455 apud
2557 1385 2803 1441 homines
2842 1387 3033 1442 melior
3069 1391 3368 1446 aestimetur
3399 1410 3413 1446 :
3446 1393 3536 1449 ille
3573 1396 3719 1451 enim

2130 1476 2308 1547 palam
2335 1477 2584 1533 omnibus
2605 1493 2760 1533 suam
2785 1479 3021 1535 ostendit
3053 1481 3357 1549 stultitiam,
3393 1484 3497 1541 iste
3535 1495 3719 1543 autem

2132 1584 2254 1623 cum
2283 1570 2354 1625 sit
2379 1570 2539 1625 corde
2568 1585 2857 1642 perversos
2893 1587 3035 1644 saepe
3071 1574 3474 1644 simplicitatem
3501 1578 3722 1635 simulat

2130 1668 2185 1715 et
2203 1661 2489 1732 justitiam,
2520 1671 2682 1734 atque
2711 1665 2850 1734 apud
2874 1666 3167 1722 humanum
3184 1666 3448 1736 judicium
3469 1682 3717 1728 sanctum

2131 1766 2191 1806 se
2218 1752 2325 1808 dici
2346 1753 2599 1821 delectat,
2624 1770 2747 1811 cum
2777 1757 2846 1813 sit
2874 1757 3055 1814 divino
3084 1762 3334 1848 examine
3363 1763 3504 1820 inter
3525 1780 3716 1836 repro-

447 1851 532 1902 ti-te
560 1850 836 1920 sapientia.
887 1849 1012 1904 ldeo
1047 1848 1257 1904 derisor
1285 1847 1605 1918 sapientiam
1639 1863 1800 1918 quam
1834 1849 2029 1918 quaerit
2053 1844 2103 1905 B
2129 1845 2228 1900 bos
2254 1846 2573 1902 aestimatus.

445 1958 552 1996 non
577 1941 796 2004 invenit,
831 1941 952 2011 quia
995 1941 1098 1996 etsi
1129 1949 1314 2011 aperte
1343 1949 1530 1995 contra
1547 1921 1705 1995 illius
1739 1940 2024 1996 stultitiam

445 2034 765 2104 disputando
792 2033 1025 2100 incedas,
1060 2035 1233 2089 nescit
1263 2033 1563 2106 intelligere
1610 2050 1729 2104 qua:
1771 2034 1930 2101 dicis,
1966 2042 2027 2090 ut

443 2121 604 2175 Arius
638 2120 726 2188 qui
767 2121 989 2174 verbum
1054 2121 1628 2175 consubstantialitatis
1668 2121 1722 2176 in
1765 2121 1928 2177 Patre
1969 2131 2026 2178 et

441 2210 580 2264 Filio
606 2251 622 2276 ,
663 2226 925 2282 nusquam
976 2209 1377 2282 Scripturarum
1422 2211 1651 2266 inveniri
1693 2227 1852 2284 posse
1891 2228 2024 2268 con-

443 2302 711 2366 tendebat,
752 2317 874 2356 cum
921 2301 971 2356 ei
1014 2301 1298 2357 manifeste
1339 2302 1602 2372 scriptum
1645 2302 1972 2372 objiceretur
2005 2323 2018 2360 :

440 2392 553 2463 Ego
585 2402 630 2446 et
662 2390 825 2446 Pater
857 2409 1018 2446 unum
1048 2409 1228 2447 sumus
1263 2391 1442 2464 (Joan.
1481 2393 1537 2465 ι)
1563 2411 1577 2460 ;
1614 2403 1711 2449 et‘:
1739 2394 1883 2448 Deus
1911 2405 2023 2451 erat

449 2479 670 2536 Verbum
715 2480 895 2552 (Joau.
942 2480 981 2554 ι)
1008 2523 1022 2547 ,
1066 2489 1120 2538 et
1157 2491 1353 2538 caetera
1395 2483 1542 2538 talia.
1600 2483 1726 2540 ldeo
1771 2485 2022 2540 doctrina

439 2571 781 2640 prudentium
811 2570 983 2626 facilis
1017 2579 1116 2636 est,
1149 2573 1272 2641 quia
1303 2573 1442 2627 labia
1480 2574 1780 2644 prudentia:
1810 2577 2021 2647 sapien-

440 2664 536 2728 tia,
567 2663 620 2717 id
646 2671 746 2727 est,
775 2663 901 2733 quia
930 2664 1071 2718 labia
1096 2679 1427 2735 quaecunque
1451 2668 1747 2735 prudentia:
1771 2669 2022 2723 modera-

438 2752 582 2807 mine
629 2761 925 2823 reguntur,
978 2754 1043 2809 de
1098 2756 1360 2826 sapientia
1409 2756 1582 2812 solum
1629 2757 1775 2828 loqui
1822 2767 1874 2813 et
1926 2775 2022 2814 au-

439 2843 553 2898 dire
582 2844 736 2900 dulce
765 2844 985 2912 habent,
1011 2844 1234 2916 ejusque
1271 2849 1609 2904 meditationi
1637 2864 1860 2920 operam
1889 2850 2020 2908 dare

437 2947 704 3008 satagunt.

507 3028 611 3083 Cor
629 3043 765 3101 quoa
788 3033 924 3086 novit
949 3032 1355 3086 amaritudinem
1380 3033 1571 3086 anima:
1590 3047 1719 3098 sure,
1745 3032 1801 3086 in
1823 3032 2019 3103 gaudio

436 3121 545 3190 ejus
570 3137 672 3176 non
696 3122 995 3176 miscebitur
1019 3131 1319 3177 extraneas.
1357 3121 1787 3177 Amaritudinem
1817 3121 2017 3176 habent

2199 1937 2454 1994 Jacebunt
2492 1940 2620 1996 mali
2649 1952 2772 1998 ante
2798 1959 2956 2000 bonos
2990 1956 3038 2001 et
3075 1948 3223 2019 impii
3263 1959 3384 2006 ante
3421 1963 3598 2024 portas
3621 1954 3718 2025 ju-

2126 2039 2346 2084 storum.
2402 2029 2461 2086 In
2512 2033 2806 2090 novissimo
2829 2033 3035 2104 judicio
3063 2041 3337 2097 coronatis
3363 2041 3531 2112 justis
3572 2046 3722 2100 dam-

2125 2120 2399 2176 nabantur
2443 2123 2683 2192 reprobi,
2730 2125 2822 2196 qui
2864 2141 2958 2182 eos
2997 2127 3053 2181 in
3091 2131 3346 2198 prasenti
3373 2135 3716 2202 premebant,

2127 2213 2267 2282 quod
2293 2212 2438 2268 enim
2467 2214 2542 2268 ait
2566 2223 2709 2281 ante,
2738 2216 2788 2270 id
2817 2225 2898 2270 est
2944 2226 3068 2273 ante
3095 2219 3263 2277 bonos
3287 2231 3342 2277 et
3375 2234 3501 2281 ante
3529 2235 3716 2296 portas

2119 2303 2387 2374 justorum
2408 2347 2422 2371 ,
2453 2321 2561 2361 non
2590 2308 2658 2362 ad
2687 2309 3018 2364 vicinitatem
3052 2311 3176 2380 loci,
3217 2316 3309 2371 scd
3347 2317 3414 2372 ad
3449 2320 3712 2378 visionem

2125 2397 2360 2467 pertinet
2401 2399 2685 2465 bonorum,
2711 2401 2836 2470 quia
2877 2402 3140 2459 malorum
3185 2414 3454 2465 tormenta
3501 2427 3715 2484 semper

2125 2489 2410 2559 aspiciunt,
2443 2499 2503 2545 ut
2534 2490 2768 2560 majores
2795 2495 3029 2563 ereptori
3066 2511 3165 2551 suo
3204 2499 3405 2570 gratias
3447 2502 3564 2558 sine
3606 2504 3713 2560 line

2126 2581 2380 2637 referant.
2429 2584 2580 2640 Unde
2617 2587 2682 2641 de
2715 2586 2817 2641 illis
2863 2586 3066 2644 Isaias:
3101 2589 3171 2644 Et
3203 2593 3530 2663 egredientur
3562 2606 3610 2653 et
3645 2598 3714 2652 vi-

2124 2672 2336 2738 debunt,
2361 2673 2554 2745 inquit,
2583 2676 2838 2731 cadavera
2861 2680 3089 2734 virorum
3115 2683 3206 2751 qui
3225 2687 3560 2753 prtevaricati
3589 2699 3710 2743 sunt

2123 2761 2178 2815 in
2210 2778 2310 2815 me.
2379 2761 2575 2818 Vermis
2603 2783 2780 2820 eorum
2818 2785 2918 2822 non
2952 2771 3224 2837 morietur,
3262 2783 3312 2828 et
3355 2777 3490 2847 ignis
3529 2795 3711 2833 eorum

2123 2870 2227 2907 non
2245 2857 2622 2927 exstinguetur,
2647 2869 2694 2912 et
2721 2871 2871 2916 erunt
2907 2879 3069 2933 usque
3091 2865 3160 2917 ad
3181 2867 3471 2922 satietatem
3494 2872 3710 2927 visionis

2122 2947 2264 3000 omni
2290 2948 2437 3002 carni
2463 2947 2597 3021 (Isa.
2630 2951 2798 3022 LXVI).
2844 2953 2996 3021 Quod
3019 2965 3200 3012 autem
3233 2959 3324 3024 ait,
3358 2963 3708 3032 egredienlur,

2120 3049 2226 3090 non
2262 3037 2459 3106 pedum
2497 3055 2832 3111 processum,
2877 3045 2970 3099 sed
3015 3047 3292 3103 oculorum
3335 3051 3595 3122 significat
3625 3055 3710 3109 in-

2121 3129 2336 3194 tuitum,
2387 3145 2545 3202 quem
2576 3135 2722 3190 intus
2757 3137 2810 3191 in
2844 3153 3007 3208 regno
3033 3141 3193 3210 positi
3221 3145 3287 3198 ad
3320 3146 3547 3202 videnda
3582 3165 3709 3220 pra-

436 3213 630 3267 animae
651 3221 707 3268 et
748 3214 926 3281 electi,
956 3215 1195 3285 quandiu
1220 3229 1252 3269 a
1273 3214 1483 3286 gaudiis
1513 3213 1836 3270 dill’eruntur
1861 3223 2018 3271 :eter-
2043 3208 2091 3271 C
2121 3235 2315 3276 vorum
2343 3225 2604 3296 supplicia
2630 3225 2776 3302 foras
2807 3245 2930 3285 cum
2955 3208 3143 3289 volunt
3166 3237 3439 3294 emittunt.

435 3300 537 3365 nis,
575 3309 632 3358 et
658 3302 872 3374 reprobi
902 3319 1024 3362 cum
1054 3303 1338 3360 desideriis
1377 3302 1686 3374 afﬂiguntur
1722 3306 2015 3374 perversis,

435 3391 531 3446 sed
577 3393 763 3459 electi,
822 3395 947 3462 quia
1000 3396 1056 3450 in
1105 3395 1225 3450 luce
1275 3395 1553 3451 ambulant
1601 3395 2012 3453 amaritudinem

432 3497 586 3538 suam
605 3525 618 3549 ,
645 3494 848 3554 quanto
876 3496 946 3542 snt
975 3487 1171 3559 gaudio
1196 3487 1453 3542 mutanda
1479 3487 1796 3559 praevident.
1845 3487 2016 3544 Porro

433 3580 644 3648 reprobi
678 3583 895 3651 propria
925 3591 1114 3654 sponte
1141 3582 1349 3648 emcati,
1385 3582 1513 3654 quid
1551 3582 1606 3637 In
1633 3583 1886 3652 praesenti
1913 3598 2014 3652 pa-

435 3669 637 3724 tiantur
680 3687 788 3727 non
829 3672 1031 3739 vident,
1069 3673 1200 3744 quid
1237 3673 1288 3726 in
1319 3671 1502 3727 futuro
1535 3671 1645 3727 sint
1663 3673 1875 3760 passuri
1904 3688 2013 3728 non

432 3763 740 3832 praevident,
775 3763 1002 3834 ideoque
1027 3780 1060 3820 a
1089 3763 1284 3820 futuris
1304 3765 1570 3819 bonorum
1598 3764 1806 3833 gaudiis
1837 3777 2016 3820 rema-

433 3851 636 3908 nebunt
672 3853 942 3918 extranei,
991 3853 1085 3923 qui
1123 3853 1499 3908 amaritudinis
1540 3867 1728 3908 eorum
1779 3869 2016 3923 praesen-

431 3943 504 3998 tis
533 3958 640 3997 non
673 3951 940 4000 noverunt
967 3958 1087 4001 esse
1119 3943 1430 4016 participes,
1463 3943 1606 3999 unde
1639 3951 1696 3998 et
1733 3951 1858 4014 apte
1881 3944 2013 4000 sub-

431 4032 594 4088 ditur.

500 4126 700 4183 Domus
747 4130 1025 4199 impiorum
1057 4129 1330 4196 delebitur,
1374 4131 1711 4186 tabernacula
1744 4132 2015 4202 justorum

434 4221 817 4290 germinabunt.
843 4220 1013 4274 Domo
1040 4221 1236 4302 quippe
1261 4221 1316 4275 in
1351 4222 1652 4288 mansione,
1683 4223 2008 4278 tabernacu-

431 4313 498 4366 lis
532 4314 609 4366 uti
643 4312 780 4366 solet
815 4312 868 4366 in
907 4312 1118 4366 itinere.
1164 4312 1364 4368 Domus
1421 4314 1584 4384 igitur
1610 4316 1895 4386 impiorum
1919 4317 2013 4372 de-

433 4403 664 4468 lcbitur,
713 4403 838 4471 quia
882 4402 1264 4461 habitationem
1305 4406 1429 4461 vita:
1471 4410 1772 4476 praesentis,
1803 4411 1858 4465 in
1906 4427 2012 4482 qua

430 4509 642 4563 semper
679 4508 897 4549 manere
925 4494 1323 4563 desiderabant,
1359 4501 1584 4568 perdent
1618 4500 1671 4555 in
1706 4510 1879 4558 morte
1923 4519 2009 4560 re-

429 4583 674 4654 probi,et
698 4584 801 4640 hoc
837 4586 980 4656 quod
1009 4601 1113 4641 non
1142 4589 1523 4656 praevidebant,
1545 4591 1794 4648 exsilium
1824 4609 2010 4665 perpe-
2034 4572 2106 4634 D-

431 4688 535 4733 tuae
571 4676 932 4733 damnationis
961 4678 1243 4747 subibunt,
1278 4681 1615 4737 tabernacula
1641 4694 1814 4738 autem
1833 4685 2008 4756 justo-

428 4785 542 4822 rum
567 4769 948 4838 germinabunt,
987 4771 1110 4840 quia
1155 4787 1392 4841 praesens
1437 4788 1622 4829 eorum
1669 4779 2008 4834 conversatio

428 4861 480 4914 in
537 4877 642 4930 qua
694 4863 880 4918 incolae
923 4871 1049 4918 sunt
1099 4867 1237 4934 apud
1288 4867 1570 4923 Dominum
1614 4878 1669 4924 et
1708 4872 2002 4942 peregrini,

426 4953 794 5007 crescentibus
831 4954 946 5008 sine
975 4956 1278 5010 cessatione
1304 4957 1514 5012 meritis
1549 4959 1616 5012 ad
1647 4958 1884 5016 fructum
1917 4977 2007 5018 us-

425 5055 530 5110 que
558 5043 933 5098 suavissimum
960 5045 1148 5113 patrias
1174 5047 1413 5104 caelestis
1434 5051 1778 5124 pertingitur.

495 5129 752 5185 Innocens
771 5134 930 5186 credit
957 5137 1097 5190 omni
1120 5137 1293 5204 verbo,
1319 5149 1525 5195 astutus
1550 5145 1840 5200 considerat
1861 5163 2003 5216 gres-

424 5236 513 5274 sus
553 5237 696 5276 suos.
743 5220 891 5279 Hanc
935 5225 1297 5284 innocentiam
1333 5233 1526 5300 vetuit,
1553 5243 1608 5290 et
1644 5237 1784 5292 hanc
1815 5239 2001 5295 haberi

426 5312 605 5367 docuit
637 5316 890 5370 astutiam
918 5315 1152 5376 Joannes
1179 5337 1302 5377 cum
1337 5323 1450 5380 ait:
1479 5326 1815 5395 CItarissimi,
1845 5332 2002 5389 nolite

424 5405 565 5458 omni
591 5407 802 5475 spiritui
827 5409 1050 5476 credere,
1074 5413 1165 5467 sed
1187 5415 1399 5484 probate
1434 5418 1648 5489 spiritus
1699 5423 1745 5476 si
1785 5441 1850 5478 ea:
1883 5425 1996 5481 Do-

423 5497 564 5549 mino
598 5507 722 5551 sunt
751 5497 804 5570 (1
830 5498 988 5556 Joan.
1021 5504 1117 5575 tv).

495 5586 715 5658 Sapiens
755 5591 899 5647 timet
931 5603 979 5648 et
1006 5596 1233 5653 declinat
1269 5601 1503 5671 malum;
1537 5605 1727 5662 stultus
1768 5613 1998 5668 transilit

419 5689 470 5736 et
498 5681 729 5750 conﬁt/it.
776 5682 930 5740 Sicut
960 5688 1107 5743 stulti
1141 5700 1225 5745 est
1259 5692 1325 5748 de
1367 5710 1464 5750 sua
1505 5696 1783 5756 alacritate
1830 5705 1998 5758 conli-

423 5773 568 5843 dere,
597 5784 652 5831 et
679 5787 973 5836 torrentem
1003 5782 1244 5851 rapidum
1273 5787 1354 5841 vel
1413 5794 1720 5862 voraginem
1749 5796 1994 5854 latiorem

2193 3312 2399 3373 Corona
2429 3322 2758 3391 sapientium,
2803 3325 2999 3381 divitiae
3030 3345 3245 3396 eorum;
3275 3331 3495 3402 fatuitas
3521 3339 3708 3394 stulto-

2120 3429 2276 3480 rum,
2334 3417 2705 3487 imprudentia.
2759 3419 3044 3492 Sapientes
3101 3441 3209 3482 non
3263 3432 3459 3486 terreni
3503 3432 3704 3504 aliquid

2118 3507 2465 3564 emolumenti
2495 3525 2594 3579 pro
2625 3511 2823 3568 divitiis
2851 3514 3069 3582 habent,
3105 3520 3197 3574 sed
3228 3535 3482 3578 coronam
3510 3525 3704 3580 solum-

2119 3599 2298 3665 modo,
2329 3616 2490 3670 quam
2527 3617 2625 3671 pro
2658 3603 2949 3662 virtutibus
2980 3607 3036 3662 in
3067 3608 3249 3666 futuro
3281 3615 3617 3684 percipiant:
3645 3627 3703 3672 at

2118 3689 2406 3747 stultorum
2434 3693 2656 3752 fatuitas
2695 3700 2928 3754 maxima
2965 3702 3079 3758 haec
3112 3714 3212 3771 est,
3249 3707 3375 3777 quia
3416 3709 3700 3780 improvidi

2116 3790 2441 3840 aaternorum
2483 3787 2550 3843 de
2593 3790 2947 3859 praesentibus
2986 3801 3194 3850 tantum
3235 3800 3531 3856 commodis
3571 3817 3702 3872 gau-

2117 3877 2265 3946 dent,
2334 3880 2690 3951 imprudentia
2746 3883 2890 3940 enim
2942 3887 3099 3956 quasi
3149 3887 3561 3960 improvidentia
3613 3895 3700 3951 di-

2115 3969 2278 4025 citur.
3137 3991 3140 3993 '

2187 4061 2396 4118 Liberat
2436 4066 2639 4121 animas
2681 4069 2825 4123 testis
2874 4070 3046 4139 ﬁdelis
3085 4083 3133 4129 et
3176 4077 3374 4147 profert
3426 4081 3700 4138 mendacia

2115 4153 2416 4223 versipellis.
2465 4157 2682 4214 Liberat
2731 4161 2939 4218 animas
2979 4163 3245 4234 Christus,
3289 4170 3380 4240 qui
3421 4180 3504 4226 est
3545 4175 3700 4232 testis

2116 4237 2304 4303 fidelis,
2341 4250 2398 4296 ut
2424 4244 2478 4297 in
2507 4243 2826 4318 Apocalypsi
2862 4249 3108 4322 legimus,
3148 4264 3202 4311 et
3234 4237 3374 4313 sicut
3409 4260 3699 4331 Apostolus

2115 4329 2231 4384 ait:
2267 4331 2639 4391 Testimonium
2681 4341 2906 4396 reddidit
2945 4345 3038 4398 sub
3078 4343 3266 4403 Pontio
3299 4329 3474 4407 Pilato
3505 4354 3695 4410 bonam

2114 4422 2487 4490 confessionem
2522 4427 2570 4498 (1
2602 4428 2734 4484 Tim.
2765 4432 2863 4503 vr).
2919 4433 2984 4489 Et
3018 4437 3224 4507 profert
3260 4445 3538 4500 mendacia
3579 4448 3697 4502 dia-

2114 4512 2289 4606 holus,
2340 4517 2431 4586 qui
2482 4527 2629 4575 recte
2679 4523 2978 4593 appellatur
3017 4530 3337 4600 vcrs’ipellis,
3381 4536 3505 4606 quia
3550 4539 3693 4595 mala

2110 4604 2504 4672 quae-facienda
2531 4614 2786 4683 suggerit,
2809 4614 2949 4672 bona
2973 4631 3091 4674 esse
3120 4604 3452 4692 pronuntiat,
3479 4637 3534 4684 et
3559 4646 3693 4701 gau-

2111 4693 2197 4749 dia
2244 4699 2513 4767 promittit
2555 4711 2756 4759 aeterna
2798 4705 2864 4762 iis
2907 4723 3042 4778 quos
3077 4712 3144 4766 ad
3198 4713 3392 4770 inferni
3425 4693 3690 4775 tormenta

2108 4799 2397 4860 praeparat.
2443 4792 2575 4848 Item
2623 4795 2815 4853 liberat
2862 4800 3072 4857 animas
3133 4806 3430 4865 catholicus
3479 4810 3686 4877 doctor,

2110 4880 2202 4949 qui
2233 4882 2542 4939 testimonia
2573 4885 2975 4958 Scripturarum
3013 4894 3258 4960 ﬁdeliter,
3301 4899 3356 4955 id
3398 4911 3500 4968 est,
3545 4913 3690 4960 recte

2109 4973 2384 5042 praedicat,
2426 4986 2480 5030 et
2515 4979 2720 5048 profert
2761 4986 3037 5042 mendacia
3078 4989 3382 5060 haereticus,
3427 4994 3510 5050 vel
3548 4997 3690 5052 sicut

2109 5061 2213 5116 alia
2240 5064 2403 5119 editio
2431 5068 2713 5128 manifeste
2744 5077 3033 5143 transtulit,
3059 5080 3294 5137 incendit
3325 5093 3502 5141 autem
3531 5102 3686 5142 men-

2109 5151 2264 5208 dacio
2294 5155 2529 5224 dolosus,
2559 5161 2894 5234 subauditur,
2936 5170 3144 5226 animas
3177 5186 3384 5242 eorum,
3415 5193 3550 5248 quos
3587 5195 3686 5236 suo

2107 5258 2296 5301 errore
2324 5249 2539 5320 decipit.

2178 5337 2246 5392 In
2290 5341 2476 5396 timore
2515 5343 2727 5401 Domini
2759 5349 2956 5419 ﬁducia
2987 5353 3306 5424 fortitudinis
3334 5368 3384 5412 et
3413 5359 3542 5428 ﬁliis
3570 5363 3684 5433 ejus

2107 5430 2202 5482 erit
2235 5447 2370 5500 spes.
2426 5433 2610 5491 Timor
2653 5439 2864 5497 Domini
2897 5443 3145 5502 ﬁduciam
3183 5447 3512 5508 fortitudinis
3547 5430 3684 5524 pra!-

2105 5529 2235 5588 stat,
2280 5525 2406 5594 quia
2452 5528 2707 5587 nimirum
2779 5551 2930 5592 mens
2977 5548 3161 5596 nostra
3217 5550 3366 5599 tanto
3414 5547 3682 5608 valentius

2104 5623 2340 5674 terrores
2373 5635 2554 5677 rerum
2593 5629 2966 5698 temporalium
2991 5635 3228 5704 dispicit,
3255 5648 3459 5707 quanto
3489 5657 3548 5696 se
3584 5658 3682 5698 au-

2103 5707 2236 5761 ctori
2265 5724 2449 5766 earum
2494 5718 2738 5772 veracius
2778 5736 2874 5789 per
2912 5721 3253 5781 formidinem
3298 5729 3554 5797 subdidit,
3586 5730 3680 5790 ﬁlii

2104 5810 2284 5855 autem
2321 5803 2529 5862 timoris
2557 5806 2767 5864 Domini
2796 5813 3069 5883 dicuntur,
3117 5819 3209 5889 qui
3255 5819 3436 5878 divino
3486 5823 3681 5882 timore
