4100 6324
357 393 459 449 729

1134 383 1490 442 EXPOSITIO
1527 385 1594 440 IN
1630 381 2025 440 PROVERBlA
2063 385 2471 445 SALOMONIS.
2501 417 2571 429 -—
2594 385 2719 441 LIB.
2761 385 2823 440 11.

3498 386 3599 445 750

358 508 630 572 reguntur,
678 499 819 556 sicut
858 499 951 553 lilii
995 500 1214 554 virtutis
1256 508 1310 557 et
1359 499 1451 554 filii
1489 497 1924 565 resurrectionis,
1953 499 2020 559 Α.
2097 501 2303 574 Lingua
2344 475 2860 573 placabilis‘lignum
2904 501 3040 567 vitae,
3081 517 3197 573 quin
3221 509 3393 556 autem
3422 502 3590 557 immo-

356 593 446 664 qui
478 591 767 646 virtutibus
792 592 1024 657 student,
1047 590 1132 645 vel
1151 591 1242 662 qui
1274 591 1342 645 ad
1366 591 1559 662 gaudia
1579 591 1931 647 resurrectio-

357 687 442 742 nis
475 686 766 757 pertinent.
815 685 1022 753 Quibus
1052 686 1157 740 erit
1194 701 1318 756 spes
1350 684 1505 754 juxta
1539 684 1665 739 illud
1701 683 1932 741 Psalmi-

358 788 454 836 stze
481 797 493 832 :
528 777 630 844 Qui
659 778 836 832 timent
859 776 1161 842 Dominum,
1188 786 1387 848 sperent
1421 777 1476 830 in
1501 774 1724 830 Domino
1754 773 1928 848 (Psal.

358 870 544 943 eam);
575 871 640 926 de
669 885 774 941 qua
804 885 897 940 spe
922 878 1315 940 consequenter
1336 867 1614 941 adjungit:

393 1013 397 1016 .
434 964 610 1029 Timor
627 961 837 1015 Domini
865 961 983 1031 fons
1001 963 1142 1026 vitae,
1173 969 1228 1014 ut
1253 943 1470 1014 declinet
1499 977 1532 1013 o
1550 957 1704 1012 ruina
1727 955 1931 1014 mortis.

359 1053 484 1110 Haec
528 1060 613 1108 est
636 1068 767 1123 ergo
808 1067 930 1123 spes
965 1067 1153 1107 eorum
1179 1051 1271 1122 qui
1300 1036 1498 1106 timent
1514 1049 1802 1105 Dominum
1821 1088 1836 1113 ,
1873 1055 1936 1103 ut

360 1144 693 1200 declinantes
717 1158 748 1196 a
776 1143 934 1196 ruina
962 1141 1185 1207 mortis,
1214 1141 1500 1212 pervenire
1523 1145 1836 1194 mereantur
1864 1135 1933 1204 ad

358 1253 480 1293 eum
499 1235 734 1306 quidicit
751 1233 896 1304 :Ego
923 1251 1040 1289 sum
1065 1233 1373 1298 via,veritas
1397 1240 1446 1286 et
1470 1232 1572 1286 vita
1589 1227 1770 1302 (loan.
1793 1225 1929 1300 xtv).

358 1331 571 1386 Dictum
593 1337 677 1384 est
714 1337 894 1383 autem
916 1341 1099 1397 supra,
1131 1323 1241 1380 Lex
1282 1323 1528 1394 sapientis
1561 1321 1677 1391 fons
1701 1319 1834 1384 vitae,
1878 1327 1934 1372 ut

358 1419 576 1474 declinet
601 1435 634 1472 a
664 1418 821 1472 ruina
858 1417 1078 1482 martis;
1115 1423 1172 1470 et
1203 1428 1348 1468 nunc
1371 1412 1589 1476 dicitur,
1625 1409 1804 1463 Timor
1825 1408 1936 1462 Do-

358 1513 484 1569 mini
512 1512 629 1581 fons
654 1513 790 1576 vine,
816 1519 869 1563 ut
897 1509 1164 1564 declineta
1193 1506 1346 1560 ruina
1372 1505 1575 1558 mortis.
1605 1493 1685 1555 Ei
1710 1514 1817 1570 quo
1840 1513 1936 1569 pa-

361 1608 437 1656 tet
461 1601 586 1671 quia
616 1599 762 1654 nulla
779 1599 941 1669 prior
966 1607 1050 1654 est
1077 1595 1162 1652 lex
1186 1595 1446 1664 sapientis
1471 1608 1576 1663 qua
1605 1599 1834 1645 mortem
1861 1588 1937 1642 vi-

361 1703 494 1758 tare,
531 1701 587 1748 et
626 1693 791 1748 vitam
831 1691 1111 1762 acquirere
1136 1690 1817 1754 deheataeternam,quam
1839 1684 1936 1738 ha-

355 1785 488 1840 bere
535 1785 784 1839 timorem
835 1781 1085 1848 Domini;
1130 1780 1271 1836 unde
1312 1785 1369 1832 et
1406 1775 1533 1831 alibi
1562 1775 1764 1830 dictum
1803 1769 1930 1828 est':

359 1872 576 1928 Initium
600 1873 868 1943 sapientia:
887 1843 1041 1926 tim'or
1065 1843 1276 1925 Domini
1300 1868 1488 1941 (Eccli.
1519 1867 1579 1942 1).

433 1964 499 2019 In
527 1963 860 2021 multitudine
883 1961 1062 2035 populi
1083 1962 1309 2032 dignitas
1345 1961 1501 2031 regis,
1525 1969 1570 2013 et
1597 1960 1653 2013 in
1673 1958 1938 2029 paucitate

357 2055 518 2127 plebis
538 2055 824 2126 ignominia
847 2054 1117 2125 principis.
1154 2052 1254 2109 Ubi
1281 2051 1565 2106 multitudo
1588 2050 1937 2106 servientium

357 2149 491 2220 Deo,
541 2149 614 2204 ibi
651 2147 958 2217 specialiter
995 2146 1195 2202 Christi
1219 2135 1420 2216 gloria;
1456 2153 1512 2200 et
1548 2145 1639 2199 ubi
1672 2144 1770 2198 soli
1793 2150 1939 2198 cate-

360 2241 641 2307 ehumeni,»
671 2240 756 2296 vel
785 2247 1151 2310 competentes
1171 2279 1185 2305 ,
1215 2239 1300 2293 vel
1330 2252 1522 2293 recens
1552 2237 1664 2291 nati
1702 2235 1940 2292 infantes

360 2333 461 2389 sub
508 2347 671 2402 regno
720 2331 894 2385 adhuc
936 2336 1188 2385 tenentur
1226 2327 1444 2390 diaboli,
1486 2334 1542 2382 et
1567 2327 1668 2397 ipsi
1696 2334 1941 2396 tempore

359 2438 600 2495 congruo
628 2423 941 2478 festinantes
971 2421 1024 2476 in
1059 2419 1276 2476 Christo
1295 2420 1525 2484 renasci,
1552 2419 1626 2473 ibi
1655 2415 1940 2473 manifesta

360 2515 653 2587 ignominia
677 2514 936 2585 principis
957 2511 1165 2577 mundi,
1189 2511 1270 2566 vel
1298 2517 1446 2566 certe
1467 2510 1523 2564 in
1551 2507 1941 2586 conventiculis

361 2605 760 2671 haereticorum,
807 2619 925 2674 qua:
981 2618 1193 2673 semper
1225 2609 1350 2657 sunt
1393 2601 1647 2672 pauciora
1697 2598 1942 2655 ecclesiis

363 2696 772 2762 catholicorum,
816 2695 1107 2766 ignominia
1160 2703 1308 2765 patet
1348 2707 1538 2748 eorum
1581 2691 1673 2762 qui
1713 2691 1830 2746 haec
1874 2691 1942 2746 ab

363 2789 726 2847 ecclesiastica
755 2789 964 2844 unitate
992 2796 1293 2860 segregant.

445 2879 562 2936 Vita
576 2882 808 2936 carnium
821 2881 1020 2936 sanitas
1038 2880 1233 2944 cordis,
1259 2877 1476 2950 putredo
1499 2877 1694 2932 ossium
1719 2874 1940 2930 invidia.

366 2973 470 3029 Per
508 2987 725 3028 carnem
751 2971 966 3027 inﬁrma
994 2971 1239 3041 quaedam
1267 2985 1330 3024 ac
1361 2978 1564 3034 tenera,
1593 2983 1656 3022 ac
1685 2983 1785 3039 per
1818 2981 1942 3022 ossa

363 3063 522 3119 fortia
552 3072 672 3118 acta
713 3064 1013 3134 signantur.
1051 3061 1194 3117 Bene
1242 3075 1373 3131 ergo
1407 3060 1541 3116 dicit
1587 3077 1599 3114 :
1661 3057 1780 3113 Vita
1827 3073 1947 3112 car-

365 3156 508 3210 nium
551 3155 749 3210 sanitas
786 3155 978 3220 cordis,
1019 3154 1143 3224 quia
1181 3153 1228 3208 si
1258 3151 1457 3207 mentis
1500 3150 1809 3207 innocentia
1852 3165 1947 3206 cu-

2027 599 2209 653 derata
2237 604 2312 651 est
2356 604 2580 650 conteret
2607 595 2866 665 spiritum.
2897 594 3103 665 Lingua
3136 595 3386 670 catholici
3417 595 3572 650 docto

2026 689 2102 745 ris
2140 688 2207 744 ad
2235 687 2471 743 fructum
2501 686 2627 741 vitae
2660 685 2807 740 ducit
2847 686 3255 756 sempiternum,
3299 685 3390 757 qui
3423 694 3599 739 autem

2026 779 2246 835 modum
2277 777 2655 834 ecclesiastica:
2694 791 2899 831 normae
2939 775 3167 847 ignorat,
3201 783 3257 830 et
3293 790 3447 830 suum
3490 775 3583 845 spi'

2025 870 2189 926 ritum
2221 877 2275 925 et
2303 884 2489 925 eorum
2523 869 2703 940 quise
2740 868 2964 923 audiunt
3003 867 3144 924 male
3184 866 3586 938 loquendocon-

2028 968 2187 1016 teret.

2069 1052 2296 1107 .Domus
2334 1053 2471 1123 justi
2516 1052 2743 1123 plurima
2796 1050 3082 1122 fortitudo,
3131 1059 3180 1106 et
3249 1050 3304 1105 in
3352 1048 3600 1120 fructibus

2025 1144 2172 1214 impii
2194 1143 2537 1198 conturbatio.
2582 1144 2782 1199 Domus
2825 1142 3059 1208 Christi,
3103 1142 3159 1197 id
3205 1150 3290 1197 est
3334 1139 3601 1205 Ecclesia,

2023 1234 2312 1306 plurimam
2344 1235 2509 1290 habet
2533 1234 2929 1302 fortitudinem,
2957 1237 3032 1291 ita
3077 1243 3136 1290 ut
3160 1234 3364 1305 pluvia,
3401 1230 3600 1296 ventis.

2026 1322 2337 1381 ﬂuminibus
2355 1325 2713 1382 tentationum
2736 1326 3096 1396 frequentium
3119 1337 3461 1394 nequaquam
3485 1335 3583 1390 pos

2035 1412 2105 1466 sit
2143 1412 2316 1476 dirui;
2357 1420 2410 1465 et
2447 1427 2501 1464 in
2540 1411 2792 1480 operibus
2825 1410 3022 1466 diaboli
3054 1408 3400 1467 conturbatio
3441 1407 3609 1462 fervet

2037 1502 2282 1568 assidua,
2319 1517 2426 1572 qua
2453 1501 2697 1557 eamdem
2723 1501 2925 1557 Christi
2961 1503 3180 1557 domum
3206 1501 3293 1557 vel
3327 1515 3424 1571 per
3452 1499 3612 1555 falsos

2038 1608 2256 1658 sensus,
2291 1592 2377 1647 vel
2403 1607 2504 1663 per
2535 1600 2750 1663 apertos
2788 1592 3128 1648 adversarios
3156 1592 3388 1664 dejicere
3421 1599 3612 1646 tentat.

2107 1683 2272 1738 Labia
2304 1683 2634 1754 sapientium
2692 1682 3101 1738 disseminabunt
3149 1683 3420 1737 scientiam
3453 1722 3469 1750 ,
3529 1697 3616 1736 cor

2039 1775 2316 1830 stultorum
2342 1773 2598 1829 dissimile
2617 1774 2733 1830 erit.
2757 1774 2926 1830 Labia
2952 1774 3342 1830 catholicorum
3367 1773 3611 1830 dissemi-

1967 1854 2017 1916 Β
2043 1867 2248 1923 nabunt
2274 1866 2619 1939 praedicando
2653 1867 2934 1922 scientiam
2959 1874 3120 1921 recta:
3151 1865 3308 1932 ﬁdei,
3332 1881 3427 1920 cor
3451 1867 3608 1920 haere-

2043 1963 2272 2019 ticorum
2319 1959 2581 2016 dissimile
2611 1960 2746 2023 erit,
2799 1959 2925 2030 quia
2965 1957 3244 2028 perfidiam
3273 1973 3372 2028 pro
3397 1958 3618 2012 scientia

2040 2052 2274 2123 concipit
2307 2061 2366 2107 ut
2401 2052 2610 2107 doceat.
2648 2051 2834 2107 Potest
2873 2058 2928 2106 et
2966 2051 3039 2104 ita
3076 2049 3340 2120 intelligi,
3371 2050 3495 2120 quia
3527 2064 3617 2104 cor

2041 2144 2327 2200 stultorum
2360 2152 2414 2199 et
2441 2143 2762 2212 sibimetipsi
2799 2142 3059 2197 dissimile
3081 2142 3208 2206 erit,
3236 2141 3362 2195 dum
3390 2141 3614 2195 mutabi-

2039 2237 2192 2292 litate
2232 2251 2290 2292 se
2325 2236 2659 2291 diversarum
2705 2235 3089 2306 cogitationum
3127 2234 3340 2288 varium
3376 2233 3617 2298 exhibet,

2041 2337 2097 2383 et
2127 2341 2402 2396 nunquam
2428 2323 2570 2380 idem
2605 2324 2747 2394 quod
2771 2322 2947 2378 fuerat
2981 2329 3184 2378 manet.
3212 2320 3310 2377 Cui
3338 2330 3527 2376 contra
3554 2320 3620 2374 de

2041 2423 2198 2476 Anna
2235 2436 2356 2476 cum
2385 2419 2612 2475 Domino
2643 2419 2850 2473 intenta
2874 2423 3053 2472 mente
3092 2415 3356 2486 supplicat
3378 2413 3578 2469 dicitur
3605 2431 3619 2468 :

2049 2514 2338 2586 Vultusque
2381 2513 2496 2584 ejus
2537 2529 2642 2567 non
2679 2519 2801 2566 sunt
2831 2509 3055 2582 amplius
3092 2510 3149 2563 in
3192 2509 3396 2563 diversa
3435 2515 3621 2562 mutatt

2045 2607 2099 2680 (ι
2122 2606 2247 2678 Reg.
2283 2607 2347 2676 ι).

2119 2697 2358 2753 Victima:
2377 2698 2657 2768 impiorum
2671 2693 3042 2750 abominabiles
3053 2693 3300 2759 Domino,
3318 2701 3438 2747 vota
3457 2691 3604 2762 justo

2045 2808 2161 2846 rum
2187 2790 2488 2862 placabilia.
2523 2788 2827 2854 Orationes,
2853 2803 3012 2860 opera
3036 2795 3091 2843 et
3116 2786 3382 2843 sacrificia
3412 2786 3602 2841 hazreti

2045 2895 2232 2938 corum
2260 2880 2606 2935 abominatur
2633 2877 2912 2941 Dominus,
2952 2885 3008 2931 et
3038 2883 3163 2930 vota
3192 2888 3378 2930 eorum
3408 2881 3622 2942 accepta

2044 2973 2226 3039 habet,
2247 2971 2340 3045 qui
2357 2969 2514 3023 fidem
2535 2968 2858 3029 catholicam
2876 2967 3040 3042 iustis
3065 2965 3319 3042 operibus
3332 2962 3618 3023 alﬁrmant.

2118 3068 2370 3122 Doctrina
2391 3067 2534 3121 mala
2567 3067 2914 3121 deserentium
2935 3066 3071 3122 viam
3096 3079 3114 3118 :
3134 3064 3224 3137 qui
3251 3063 3621 3133 increpatione'

2047 3159 2178 3225 odit,
2205 3159 2475 3213 morietur.
2509 3156 2647 3211 Mala
2676 3167 2762 3212 est
2787 3156 3033 3212 doctrina
3060 3163 3116 3213 et
3143 3169 3334 3211 eorum
3360 3153 3454 3224 qui
3487 3153 3624 3207 viarr

365 3247 624 3313 stoditur,
664 3246 878 3302 etiamsi
905 3261 1010 3316 qua
1039 3245 1174 3300 foris
1206 3243 1420 3299 infirma
1445 3250 1589 3309 sunt,
1621 3241 1946 3312 quandoque

2049 3250 2306 3307 deserunt
2338 3249 2608 3315 veritatis,
2639 3248 2706 3304 de
2727 3248 2923 3318 quibus
2957 3248 3217 3303 Dominus
3242 3247 3349 3301 ait:
3376 3244 3482 3312 Qui
3507 3259 3628 3314 ergo

365 3341 707 3395 roborantur.
748 3338 818 3394 Et
853 3346 1001 3394 recte
1032 3338 1324 3393 subditur:
1355 3334 1587 3390 Putredo
1623 3336 1818 3390 ossium
1857 3336 1942 3389 in-

363 3431 524 3514 vidia,
549 3431 676 3502 quia
695 3445 796 3500 per
813 3430 999 3485 livoris
1018 3429 1212 3485 vitium
1235 3437 1360 3484 ante
1387 3429 1480 3484 Dei
1509 3429 1696 3483 oculos
1715 3434 1946 3498 pereunt

363 3522 528 3576 etiam
574 3536 693 3590 quae
744 3520 996 3575 humanis
1039 3520 1210 3576 oculis
1265 3519 1423 3574 fortia
1470 3520 1720 3575 videntur
1760 3535 1776 3576 :
1820 3533 1946 3574 ossa

364 3611 564 3680 quippe
599 3625 698 3680 per
717 3609 992 3679 invidiam
1030 3619 1367 3681 putrescere,
1396 3616 1478 3665 est
1510 3609 1755 3679 quaedam
1782 3609 1948 3664 etiam

365 3701 588 3757 robusta
622 3699 889 3770 deperire.
1287 3765 1294 3772 _

435 3795 690 3864 Acceptus
729 3801 804 3848 est
833 3793 938 3863 regi
958 3792 1196 3847 minister
1223 3791 1532 3862 intelligens.
1565 3791 1660 3847 llle
1696 3791 1950 3848 videlicet

363 3885 448 3941 cui
497 3884 696 3940 dicitur
735 3903 748 3939 :
789 3867 926 3950 Quia
968 3899 1122 3954 super
1155 3899 1325 3953 pauca
1371 3882 1520 3953 fuisti
1570 3881 1761 3950 fidelis,
1795 3898 1952 3953 super

365 3976 530 4032 multa
576 3985 625 4031 te
655 3975 969 4030 constituam
1010 3991 1029 4031 :
1066 3975 1208 4029 intra
1237 3973 1292 4030 in
1333 3975 1586 4046 gaudium
1618 3975 1834 4030 Domini
1873 3976 1951 4031 tui

367 4066 582 4140 (Matth.
610 4065 761 4139 xxv).

415 4157 778 4237 .Iracundiam
809 4158 924 4229 ejus
961 4157 1164 4213 inutilis
1207 4157 1498 4214 sustinebit.
1530 4158 1624 4213 llle
1660 4159 1846 4229 utique
1884 4159 1952 4215 de

368 4249 649 4328 quoidem
687 4250 781 4316 ait,
824 4249 891 4304 Et
921 4249 1159 4305 inutilem
1195 4242 1400 4324 servum
1426 4251 1598 4320 ejicite
1633 4251 1688 4306 in
1714 4251 1950 4307 tenebras

368 4342 648 4412 exteriores
683 4340 896 4413 (lbid.).

406 4424 424 4511 λ
507 4505 510 4507 λ
681 4477 684 4482 .
883 4431 1190 4500 .CAPUT
1227 4431 1346 4490 xv.

442 4521 724 4593 Responsio
751 4522 922 4578 mollis
942 4523 1140 4594 frangit
1164 4525 1321 4590 iram,
1345 4541 1514 4580 sermo
1539 4526 1706 4581 durus
1731 4529 1950 4584 suscitat

2044 3341 2252 3396 solverit
2269 3355 2434 3394 unum
2459 3342 2523 3394 de
2543 3338 2807 3393 mandatis
2828 3339 2942 3393 istis
2963 3337 3277 3404 minimis,et
3298 3336 3532 3391 docuerit
3557 3335 3631 3388 sic

2046 3434 2304 3499 homines,
2331 3433 2578 3488 minimus
2599 3431 2868 3486 vocabitur
2885 3431 2941 3486 in
2961 3447 3120 3503 regno
3143 3429 3392 3485 caelorum
3415 3427 3632 3501 (Matth.

2046 3525 2127 3597 v),
2167 3526 2262 3581 sed
2294 3525 2432 3580 tales
2477 3524 2683 3589 adhuc,
2720 3525 2767 3578 si
2795 3522 3034 3594 correpti
3068 3519 3458 3593 pmnituerint,
3487 3524 3634 3589 patet

2047 3618 2254 3674 reditus
2294 3617 2360 3672 ad
2401 3616 2614 3671 veniam
2647 3633 2663 3682 ;
2707 3615 2792 3672 sin
2844 3622 3026 3670 autem
3067 3627 3168 3669 nec
3209 3611 3636 3668 correctionibus

2049 3705 2432 3763 ecclesiasticis
2461 3706 2770 3770 annuerint,
2797 3706 2914 3777 jam
2939 3711 3122 3760 certus
3141 3702 3221 3758 eis
3244 3709 3416 3758 restat
3443 3700 3636 3756 interi-

2050 3807 2160 3861 tus,
2201 3813 2392 3853 omnes
2432 3797 2550 3853 dies
2576 3797 2830 3868 pauperis
2859 3795 3023 3863 mali,
3055 3809 3248 3850 secura
3287 3807 3442 3849 mens
3481 3791 3635 3862 quasi

2046 3888 2173 3960 juge
2209 3887 2559 3943 sacrificium.
2592 3875 2764 3943 Omde
2801 3893 3013 3956 tempus
3055 3884 3237 3956 populi
3267 3883 3363 3940 Dei
3399 3881 3636 3952 quandiu

2052 3983 2108 4037 in
2154 3979 2412 4052 praaseuti
2458 3993 2665 4050 pauper
2708 3987 2795 4033 est
2839 3973 3532 4041 afﬂictionibuS‘ahundat,
3584 3980 3638 4030 et

2053 4072 2331 4137 aerumnis,
2356 4071 2483 4143 quia
2510 4070 2740 4127 necdum
2774 4067 2842 4124 ad
2865 4066 3083 4123 divitias
3109 4079 3357 4136 superum
3381 4062 3640 4120 bonitatis

2051 4174 2108 4221 et
2148 4171 2422 4235 perpetua;
2460 4159 2760 4217 mansionis
2793 4157 3068 4230 pervenit,
3100 4157 3243 4212 unde
3281 4162 3464 4212 monet
3490 4155 3640 4225 Apo-

2053 4256 2226 4312 stolus
2272 4255 2459 4311 dicens
2510 4270 2524 4308 :
2572 4252 2902 4307 Redimentes
2961 4259 3181 4319 tempus,
3235 4250 3485 4321 quoniam
3530 4247 3641 4302 dies

2053 4346 2180 4402 mali
2200 4355 2321 4402 sunt
2348 4345 2566 4418 (Ephes.
2593 4344 2672 4416 v),
2707 4351 2763 4398 at
2800 4356 2932 4398 vero
2961 4339 3214 4411 reprobi,
3252 4340 3343 4410 qui
3368 4347 3516 4394 metu
3545 4353 3639 4394 ca-

2053 4447 2236 4498 rentes
2271 4439 2486 4504 divino,
2518 4437 2698 4493 securi
2728 4435 2933 4491 mundo
2955 4441 3204 4500 muntur,
3234 4433 3388 4504 quasi
3417 4431 3640 4504 jugibus

2054 4530 2204 4586 stulti
2228 4529 2545 4586 reﬁciuntur
2578 4528 2772 4598 epulis.
2810 4527 2966 4583 Unde
2991 4534 3140 4582 recte
3170 4524 3532 4596 subiungitur.

369 4612 618 4683 furorem.
644 4612 746 4679 Qui
765 4614 930 4669 verba
952 4615 1282 4684 increpantis
1301 4615 1578 4672 humiliter
1606 4618 1812 4687 recipit,
1833 4619 1948 4689 jam
1979 4596 2048 4654 Di
2125 4623 2317 4679 Melius
2356 4632 2432 4678 est
2464 4596 2654 4695 parum
2679 4638 2799 4675 cum
2825 4621 3013 4675 timore
3045 4619 3292 4684 Domini,
3331 4634 3485 4690 quam
3526 4617 3642 4672 the-

367 4706 690 4777 propinquat
713 4707 886 4763 venia:
914 4715 1099 4763 reatus
1132 4723 1292 4779 quem
1320 4709 1520 4780 gessit;
1561 4721 1617 4766 at
1645 4713 1736 4782 qui
1763 4728 1952 4784 super-

368 4800 470 4857 bus
513 4803 760 4876 arguenti
788 4803 1032 4868 resultat,
1076 4801 1334 4874 majorem
1379 4813 1568 4862 contra
1597 4821 1656 4864 se
1697 4807 1836 4862 iram
1872 4808 1955 4862 di-

370 4895 543 4950 stricti
562 4895 760 4966 judicis
785 4903 1066 4965 provocat.

439 4985 646 5058 Lingua
679 4988 992 5057 sapientium
1027 4995 1178 5042 ornat
1227 4987 1498 5042 scientiam
1524 5028 1538 5053 ,
1593 5004 1650 5042 os
1683 4988 1954 5058 fatuorum

369 5077 548 5132 ebullit
565 5077 859 5132 stultitiam.
892 5078 1096 5150 Lingua
1131 5078 1518 5135 catholicorum
1545 5078 1768 5135 Patrum
1785 5090 1947 5136 ornat

370 5169 653 5224 scientiam
680 5168 984 5227 divinorum
1027 5169 1379 5240 eloquiorum,
1416 5169 1578 5226 latius
1629 5173 1949 5242 exponendo

371 5274 490 5328 quae
520 5258 802 5331 Scriptura
829 5262 1089 5318 canonica
1131 5271 1257 5316 ante
1281 5262 1512 5317 obscure
1547 5264 1747 5333 posuit,
1775 5265 1947 5320 haere-

373 5351 606 5407 ticorum
649 5353 836 5409 ebullit
885 5353 1166 5409 stultitiam
1195 5395 1211 5421 ,
1245 5353 1391 5410 dicta
1433 5368 1604 5410 sacrae
1651 5353 1947 5426 Scriptum.

373 5461 630 5517 perverse
652 5446 997 5519 intelligendo
1021 5461 1256 5518 suosque
1289 5462 1480 5503 sensus
1498 5445 1616 5516 ejus
1639 5448 1948 5504 auctoritati

372 5540 751 5611 praeponendo,
799 5550 978 5612 potest
1021 5550 1077 5597 et
1125 5542 1190 5597 de
1232 5556 1562 5612 paganorum
1618 5540 1954 5612 philosophis

375 5633 593 5706 intelligi
638 5636 780 5706 quod
827 5635 936 5702 ait,
989 5652 1044 5691 os
1075 5635 1365 5704 .fatuorum
1413 5634 1592 5690 ebullit
1637 5635 1949 5704 stultitiam,

373 5728 560 5798 quales
594 5728 748 5785 fuere
771 5727 1105 5800 Porphyrius
1127 5737 1184 5782 et
1208 5728 1480 5793 Julianus,
1512 5729 1603 5800 qui
1627 5738 1817 5786 contra
1844 5729 1950 5787 Ec-

371 5820 550 5876 clesia:
575 5821 824 5877 doctores
846 5819 1084 5876 stultitiae
1111 5833 1223 5876 suae
1245 5817 1441 5875 ﬂuenta
1472 5819 1786 5876 fundebant.

2054 4719 2201 4774 sauri
2247 4717 2423 4787 magni
2468 4724 2518 4769 et
2566 4711 2914 4769 insatiabiles.
2947 4711 3117 4778 Quale
3143 4719 3231 4766 est
3270 4711 3323 4764 in
3370 4709 3579 4778 psalmo
3623 4722 3641 4761 :

2057 4807 2248 4863 Melius
2276 4815 2350 4861 est
2381 4804 2643 4859 modicum
2661 4804 2844 4874 justo,
2889 4819 3044 4869 super
3066 4802 3276 4856 divitias
3311 4809 3642 4871 peccatorum

2055 4901 2247 4956 multas
2279 4897 2454 4971 (Psal.
2498 4897 2750 4969 xxxvm).
2796 4895 2984 4950 Melius
3024 4902 3108 4951 est
3152 4910 3281 4966 ergo
3324 4902 3387 4950 ut
3427 4901 3642 4949 servato

2056 4995 2253 5048 timore
2305 4991 2402 5046 Dei
2452 5005 2612 5061 egeas
2663 4989 2890 5060 opibus,
2940 4986 3025 5050 vel
3062 4986 3227 5042 etiam
3274 4985 3420 5041 victu
3467 4984 3642 5055 quoti-

2055 5088 2237 5154 diano,
2265 5100 2428 5158 quam
2451 5093 2511 5140 ut
2533 5084 2804 5140 desiderio
2829 5083 2987 5154 plura
3018 5080 3336 5150 acquirendi
3362 5078 3460 5136 Dei
3481 5080 3642 5135 timo-

2054 5196 2170 5238 rem
2198 5182 2436 5236 deseras.

2099 5269 2319 5325 .Melius
2365 5278 2438 5324 est
2485 5271 2658 5324 vocari
2703 5269 2772 5323 ad
2808 5267 2952 5322 olera
2991 5284 3109 5322 cum
3149 5255 3638 5338 charitatefquans

2055 5362 2124 5417 ad
2145 5360 2363 5417 vitulum
2389 5361 2687 5431 saginatum
2721 5376 2840 5415 cum
2865 5361 3008 5414 odio.
3041 5357 3230 5415 Omnis
3254 5359 3346 5429 qui
3375 5357 3641 5414 bonorum

2056 5467 2282 5523 operum
2317 5450 2560 5520 exempla
2597 5450 2863 5520 proximis
2908 5466 3028 5522 qua:
3064 5450 3342 5506 imitentur
3378 5450 3634 5514 ostendit,

2055 5544 2210 5614 quasi
2250 5543 2319 5598 ad
2357 5542 2545 5611 epulas
2580 5541 2776 5613 quibus
2810 5541 3128 5597 reficiantur
3164 5541 3427 5596 convivas
3455 5548 3636 5594 vocat.

2055 5634 2245 5690 Melius
2295 5642 2379 5688 est
2418 5641 2602 5688 autem
2630 5647 2828 5688 vocare
2873 5633 2943 5688 ad
2985 5632 3134 5688 olera
3181 5647 3305 5688 cum
3349 5631 3636 5696 charitate,

2055 5741 2218 5797 quam
2249 5724 2314 5779 ad
2358 5725 2585 5780 vitulum
2617 5725 2920 5797 saginatum
2949 5740 3073 5780 cum
3103 5726 3248 5780 odio.
3296 5723 3433 5792 Quia
3476 5722 3639 5778 nimi-

2055 5834 2178 5874 rum
2226 5816 2398 5874 multo
2435 5826 2522 5874 est
2567 5817 2752 5874 utilius
2787 5817 3046 5890 simplicis
3079 5816 3205 5872 vita:
3245 5814 3631 5880 innocentiam,
