4100 6324
308 444 412 501 735

1085 437 1446 497 EXPOSlTlO
1478 436 1547 495 IN
1581 434 1975 495 PROVERBIA
2014 433 2421 495 SALOMONIS.
2456 470 2529 483 —
2561 440 2691 497 LIB.
2725 439 2791 498 11.

3451 446 3556 504 734

375 558 507 615 Cum
526 530 819 631 placuerint
844 553 1065 607 Domino
1099 554 1195 607 vite
1216 552 1464 617 nominis,
1488 549 1884 621 inimicos'quo-
1912 548 1968 612 Α
1990 552 2143 621 quasi
2166 554 2580 625 obsequentium
2612 561 2869 611 oomrtum
2900 555 3087 612 cuneis
3111 557 3302 630 stipari
3333 573 3558 616 consue-

306 668 405 724 que
432 650 546 721 ejus
573 654 835 721 convertet
864 643 933 697 ad
969 659 1169 714 pacem.
1210 642 1378 696 Tanta
1407 649 1489 695 est
1517 639 1778 696 sanctitas
1803 639 1885 693 di—

305 746 447 800 vina:
472 739 751 819 religionis
770 779 784 804 ,
819 743 880 791 ut
921 731 1398 806 eam'plerumque
1439 734 1606 788 etiam
1636 732 1726 804 qui
1756 731 1887 787 foris

307 828 1045 893 suutveneratimnibabeant,
1068 835 1123 882 et
1136 841 1271 897 quos
1286 826 1526 895 perfecte
1552 826 1661 880 Deo
1681 824 1885 878 servile

306 923 700 999 perspexerint,
748 936 870 976 cum
920 920 1005 974 his
1043 934 1230 989 pacem
1256 919 1461 972 habere
1488 916 1734 987 quamvis
1755 914 1883 971 reli—

310 1018 466 1088 gione
506 1014 875 1081 discrepantes
910 1009 1192 1078 incipiant.
1234 1009 1477 1078 Denique
1506 1007 1631 1077 quia
1671 1005 1886 1077 placue-

300 1115 436 1162 runt
476 1100 704 1159 Domino
730 1103 830 1157 via:
864 1100 1102 1156 Danielis
1139 1108 1194 1155 et
1236 1100 1398 1154 trium
1427 1113 1739 1169 puerorum,
1779 1098 1853 1153 ini
1882 1130 1885 1137 -

302 1201 476 1257 micos
500 1213 712 1273 quoque
736 1212 921 1252 eorum
948 1196 1043 1267 qui
1066 1209 1161 1250 eos
1192 1194 1245 1249 in
1274 1194 1453 1265 ignem
1483 1193 1569 1248 vel
1592 1194 1658 1248 ad
1683 1194 1885 1248 bestias

307 1292 578 1347 miserunt
637 1288 905 1343 convertit
965 1287 1035 1342 ad
1097 1299 1306 1355 pacem.
1373 1283 1509 1351 Quia
1566 1283 1885 1354 placuerunt

308 1384 534 1440 Domino
575 1382 676 1437 viae
707 1391 1016 1437 sanctorum
1053 1378 1473 1449 praedicatorum
1496 1418 1511 1441 ,
1559 1378 1754 1432 multos
1793 1391 1886 1431 eo-

308 1491 425 1530 rum
464 1482 841 1547 persecutores
869 1488 974 1526 non
1024 1471 1092 1525 ad
1124 1486 1311 1542 pacem
1345 1470 1750 1533 tantummodo,
1789 1468 1883 1525 sed

306 1567 372 1620 ad
403 1566 648 1622 eamdem
678 1564 841 1618 etiam
872 1564 1031 1618 ﬁdem
1060 1571 1114 1618 et
1152 1562 1432 1634 religionis
1466 1562 1728 1615 unitatem
1755 1575 1882 1615 con-

305 1657 487 1712 vertit.
1464 1656 1478 1670 '

379 1748 571 1804 Melius
594 1757 668 1802 est
694 1765 881 1819 parum
903 1763 1019 1801 cum
1036 1749 1278 1815 justitia,
1311 1764 1469 1818 quam
1511 1745 1660 1801 multi
1682 1746 1884 1817 fructus

307 1859 425 1896 eum
448 1842 741 1913 iniquitate.
772 1841 838 1895 Et
860 1841 1158 1895 Dominus:
1184 1839 1354 1907 Beati,
1387 1840 1582 1910 inquit,
1611 1856 1881 1911 pauperes,

1984 653 2198 699 verunt.
2251 645 2327 700 De
2371 646 2622 718 qualibus
2661 645 2923 702 Dominus
2963 647 3039 717 ait
3071 664 3086 702 :
3118 648 3307 717 Multi,
3358 650 3552 727 inquit,

1982 732 2246 805 propheta!
2280 745 2326 790 et
2360 752 2502 806 reges
2533 737 2807 809 cupierunt
2848 736 3022 792 uidere
3046 754 3164 809 quae
3204 756 3295 794 vos
3321 741 3522 795 uidistis
3542 782 3557 806 ,

1984 839 2033 886 et
2080 847 2184 886 non
2235 829 2475 885 uiderunt
2526 831 2677 905 (Luc.
2731 836 2809 903 χ).
2865 818 3113 904 Alioquin
3165 850 3320 907 reges
3356 837 3561 891 terreni

1985 922 2213 978 multum
2252 938 2394 993 saepe
2438 922 2769 992 labia-iusta
2823 925 3181 991 detestantur,
3226 936 3287 981 ut
3323 926 3563 983 Herodes

1983 1013 2229 1081 Joannis,
2257 1024 2479 1087 propter
2519 1017 2663 1087 quod
2692 1032 2814 1072 cum
2830 1022 2894 1072 Et
2918 1018 3095 1089 capite
3120 1015 3347 1089 ptmivit.

2055 1107 2161 1173 Qui
2203 1120 2342 1161 recta
2386 1108 2645 1179 loquitur,
2685 1108 2957 1172 diriqetur.
2990 1104 3068 1164 Ut
3113 1108 3363 1164 videlicet
3397 1109 3563 1166 rectis

1985 1214 2207 1275 operum
2235 1200 2534 1271 gressibus,
2577 1201 2645 1255 ad
2677 1201 2847 1255 vitam
2872 1202 3146 1275 pertingat
3178 1210 3457 1256 mternam.
3495 1202 3563 1257 At

1985 1301 2171 1348 contra
2194 1292 2279 1346 vir
2305 1292 2579 1363 linguosus
2611 1307 2716 1345 non
2740 1291 3004 1367 dirigetur
3026 1307 3189 1363 super
3210 1276 3437 1358 terram,
3465 1307 3565 1347 nec

1986 1390 2249 1454 repugnat
2268 1383 2397 1438 huic
2423 1382 2727 1449 sententiae,
2764 1383 2910 1452 quod
2936 1382 3002 1437 de
3034 1382 3300 1438 Antiocho
3324 1382 3523 1437 dicitur
3547 1400 3560 1436 :

1985 1475 2051 1530 Et
2074 1474 2229 1529 dolus
2249 1475 2301 1529 in
2325 1490 2487 1553 manu
2508 1473 2625 1542 ejus
2647 1474 2935 1545 dirigetur.
2973 1472 3091 1529 Non
3120 1474 3265 1529 enim
3286 1472 3563 1553 hominem

1986 1569 2135 1624 illum
2177 1543 2516 1638 dirige’ndum
2544 1543 2825 1637 Scriptura
2854 1567 3017 1632 dicit,
3060 1564 3217 1638 quem
3247 1548 3562 1639 perversum

1987 1674 2052 1716 ac
2074 1661 2370 1731 pessimum
2400 1658 2644 1713 futurum
2672 1672 2792 1713 esse
2821 1656 3100 1728 prmvidit;
3142 1657 3235 1712 sed
3274 1657 3446 1722 dolus,
3481 1658 3569 1727 jno
3604 1666 3652 1727 ε,

1988 1753 2121 1822 quit,
2162 1751 2212 1806 in
2244 1766 2406 1804 manu
2431 1749 2548 1818 ejus
2573 1749 2860 1821 dirigetur,
2891 1749 3015 1819 quia
3045 1748 3251 1804 scilicet
3275 1748 3492 1803 fraudes
3513 1754 3570 1801 et

1988 1850 2192 1907 scelera
2227 1856 2361 1919 qum‘
2383 1846 2645 1916 disposuit
2678 1846 2745 1901 ad
2774 1844 3022 1900 effectum
3067 1858 3229 1925 quem
3267 1844 3566 1914 proposuit,

308 1909 556 2011 quoniam
578 1945 801 1989 vestrum
828 1944 900 1988 est
924 1950 1140 2009 regnum
1156 1933 1254 1988 Dei
1271 1933 1401 2006 (Luc
1423 1934 1522 2008 γι).
1547 1909 1618 1988 Et
1639 1909 1834 1989 iterum
1867 1951 1880 1988 :
1914 1909 1960 1969 Β
1988 1940 2135 1996 nullo
2175 1909 2501 2000 retardante,
2547 1936 2817 2006 perduxit,
2854 1936 3049 2007 quibus
3087 1909 3285 1989 iamen-
3307 1909 3566 2019 peractis,

318 2024 412 2081 Va:
436 2025 577 2081 vobis
596 2026 863 2089 divitibus,
879 2025 1002 2096 quia
1018 2025 1220 2079 habetis
1236 2025 1644 2080 consolationem
1664 2036 1885 2080 vestram

313 2115 526 2188 (υἱώ).
558 2115 740 2170 Potest
777 2106 832 2170 ei
864 2116 943 2171 sic
971 2116 1166 2186 accipi,
1188 2117 1316 2186 quia
1347 2116 1540 2172 melius
1569 2116 1641 2171 sit
1664 2116 1718 2170 in
1749 2116 1886 2171 sim-

307 2210 434 2281 plici
478 2210 891 2265 conversatione
928 2210 1038 2264 Deo
1064 2210 1259 2264 devote
1301 2209 1536 2273 servire,
1569 2223 1730 2277 quam
1758 2208 1886 2281 quia

313 2304 495 2361 multis
522 2305 880 2359 abundantem
910 2305 1219 2370 virtutibus,
1255 2304 1406 2359 verbi
1436 2305 1634 2376 gratia;
1657 2303 1890 2360 eleemo-

311 2398 503 2471 synis,
554 2396 929 2462 orationibus,
976 2397 1219 2468 jejuniis,
1277 2397 1552 2462 doctrina,
1615 2395 1886 2460 castitate,

306 2492 678 2565 proximorum
713 2489 856 2545 facta
893 2486 1184 2560 despicere,
1210 2496 1264 2544 et
1302 2490 1368 2546 dc
1396 2504 1493 2545 sua
1523 2489 1680 2559 quasi
1704 2489 1891 2560 singu-

308 2585 407 2640 lari
439 2585 772 2640 sublimitate
795 2578 1037 2655 gloriari.
1400 2652 1403 2653 ν

381 2677 645 2732 Divinatio
680 2676 737 2729 in
765 2674 919 2729 labiis
948 2676 1111 2746 regis,
1153 2677 1209 2730 in
1248 2675 1448 2743 iudicio
1477 2690 1580 2729 non
1604 2673 1798 2728 errabit
1834 2688 1890 2726 os

309 2770 443 2840 ejus.
474 2769 627 2823 Illum
647 2768 915 2840 signiﬁcat
942 2784 1122 2839 regem
1148 2769 1212 2822 de
1228 2786 1335 2839 quo
1355 2769 1557 2823 dictum
1581 2776 1664 2823 est
1686 2786 1700 2822 :
1726 2766 1888 2832 Deus,

311 2860 574 2933 judicium
602 2870 749 2915 tuum
797 2862 905 2931 regi
949 2862 1018 2916 da
1064 2860 1233 2933 (Pal.
1272 2861 1406 2932 ut).
1440 2861 1577 2929 Quis
1612 2868 1697 2916 est
1746 2860 1891 2915 enim

311 2967 501 3023 regum
531 2950 903 3022 temporalium
949 2953 1040 3022 qui
1087 2967 1359 3024 nunquam
1405 2960 1551 3007 erret
1580 2953 1632 3007 in
1664 2951 1890 3023 judicio,

314 3043 366 3098 in
394 3042 545 3110 cujus
570 3041 724 3097 labiis
748 3050 831 3097 est
855 3041 1135 3108 divinatio,
1160 3042 1286 3113 quia
1312 3059 1416 3098 non
1441 3034 1892 3113 suorum'solum-

314 3133 471 3190 modo
496 3149 773 3189 sermones
795 3142 850 3189 et
880 3134 1023 3189 facta
1045 3134 1248 3206 dirigit,
1278 3134 1372 3190 sed
1402 3134 1680 3207 gentilium
1712 3140 1888 3200 vates,

312 3227 401 3296 qui
438 3225 596 3297 vulgo
628 3225 798 3280 divini
825 3213 1193 3297 appellantur,
1232 3226 1322 3296 qui
1363 3225 1771 3281 sciscitantibus
1802 3239 1891 3281 re-

312 3318 631 3388 spondeant,
680 3318 773 3373 illo
808 3318 954 3373 intus
980 3316 1257 3385 iudicante
1291 3318 1617 3387 disponitur,
1657 3326 1890 3373 testante

311 3409 534 3465 Michrea
587 3412 849 3481 propheta
876 3409 968 3480 qui
1004 3408 1070 3464 ad
1117 3410 1488 3481 deceptionem
1523 3410 1710 3465 Achab
1750 3410 1891 3481 regis

314 3502 619 3574 impiissimi
660 3510 889 3558 testatur
926 3502 1153 3557 missum
1190 3519 1220 3557 a
1250 3503 1469 3574 superni
1517 3504 1718 3574 judieis
1755 3505 1890 3561 solio

312 3594 601 3665 Spiritum,
631 3594 723 3663 qui
750 3593 1136 3664 prophetarum
1165 3592 1281 3661 eius
1309 3609 1405 3648 ora
1432 3594 1702 3665 impleret,
1731 3604 1892 3666 atque

312 3686 382 3740 ad
421 3684 756 3740 suadendum
795 3698 859 3737 ea
899 3684 1095 3753 quibus
1135 3697 1230 3737 rex
1269 3684 1536 3739 nefandus
1563 3685 1766 3755 periret
1803 3702 1892 3740 ar-

310 3774 524 3833 maret?
560 3772 745 3847 Neque
770 3764 998 3830 enim'ia
1025 3775 1148 3838 hoc,
1169 3772 1396 3843 judicio,
1425 3776 1626 3829 erravit
1663 3790 1723 3831 os
1752 3778 1894 3847 regis

311 3867 539 3934 aeterni,
572 3868 666 3923 sed
696 3867 840 3938 quod
870 3883 966 3923 rex
996 3866 1195 3939 impius
1223 3867 1409 3922 audire
1433 3869 1674 3937 peccatis
1696 3880 1896 3937 prame-

315 3960 568 4017 deutibus
593 3961 811 4022 meruit,
847 3959 963 4029 ipse
996 3959 1099 4013 hoc
1126 3956 1419 4028 prophetas
1440 3957 1703 4013 erraticas
1729 3956 1778 4010 ei
1811 3956 1894 4011 lo-

312 4056 404 4127 qui
435 4052 697 4126 permis'it.
748 4051 854 4107 Sed
883 4058 937 4105 et
972 4049 1219 4107 Ezechiel
1262 4050 1507 4121 peccanti
1552 4065 1615 4105 ac
1654 4050 1895 4120 perituro

313 4146 743 4203 Ammonitarum
764 4142 959 4215 populo
985 4142 1145 4197 dicit:
1165 4141 1295 4196 Cum
1322 4141 1416 4195 tibi
1441 4141 1740 4195 viderentur
1760 4158 1894 4196 rana

314 4248 363 4294 et
384 4238 745 4292 divinarentur
767 4234 1039 4288 mendacia
1061 4231 1277 4303 (Ezecb.
1308 4233 1445 4305 xxi),
1470 4249 1576 4288 non
1601 4243 1684 4288 est
1699 4234 1895 4288 daemo-

317 4345 445 4385 num
477 4328 770 4391 divinatio,
810 4325 905 4381 sed
937 4324 1032 4380 Dei
1065 4322 1327 4392 judicium
1354 4325 1447 4394 qui
1480 4323 1734 4394 perlecta:
1778 4339 1896 4380 ma-

313 4421 443 4475 litize
482 4421 629 4475 dedit
672 4419 856 4473 liuere.
907 4416 1061 4471 Hunc
1094 4417 1420 4472 versiculum
1458 4416 1561 4471 alia
1608 4418 1895 4475 translatio

316 4517 395 4569 sic
419 4514 581 4593 habet
618 4512 857 4583 apertius
887 4511 952 4565 de
982 4508 1208 4564 Domino
1239 4523 1254 4561 :
1284 4506 1436 4562 Nihil
1469 4507 1663 4579 falsum
1693 4509 1896 4565 dicetur

316 4609 441 4679 regi,
474 4616 521 4661 et
549 4606 681 4660 nihil
716 4603 908 4675 falsum
934 4605 1067 4658 exiet
1100 4603 1166 4656 de
1194 4618 1282 4656 ore
1306 4603 1444 4672 ejus,
1480 4603 1606 4673 quia
1632 4604 1889 4658 nimirum

314 4700 427 4770 ipse
459 4714 564 4753 nec
606 4696 716 4751 ullo
748 4695 1042 4751 mentiente
1082 4692 1194 4747 falli
1238 4708 1340 4748 nec
1376 4703 1556 4764 potest
1601 4694 1894 4766 aliquando

315 4790 557 4846 mentiri.

388 4878 606 4934 Pondus
644 4888 692 4933 et
739 4887 935 4932 statera
960 4875 1170 4947 judicia
1214 4874 1425 4928 Domini
1460 4883 1602 4940 sunt,
1657 4884 1705 4929 et
1739 4892 1895 4947 opera

311 4978 425 5044 ejus
478 4988 653 5027 omnes
697 4970 896 5041 lapides
937 4968 1138 5024 swculi.
1170 4966 1404 5036 Lapides
1435 4967 1809 5038 smcttlijustos
1839 4976 1895 5024 et

316 5068 418 5121 title
457 5070 623 5121 fortes
652 5063 903 5134 appellat,
934 5060 1121 5131 quales
1154 5059 1654 5115 essedesiderabat
1679 5071 1897 5131 aposto-

228 5136 233 5145 ί
316 5160 618 5213 lus'Petrus
652 5174 778 5220 eos,
817 5155 1012 5225 quibus
1048 5154 1346 5207 admonens
1386 5152 1505 5206 ait:
1544 5151 1615 5206 Et
1646 5169 1731 5208 vos
1772 5163 1897 5208 tan-

314 5267 473 5320 quam
498 5248 695 5320 lapides
728 5248 827 5302 vivi
875 5243 1369 5315 supertediﬁeamini
1416 5244 1602 5299 domus
1634 5246 1900 5316 spiritales

318 5340 370 5412 (1
406 5338 539 5392 Pet.~
559 5338 639 5408 ιι).
670 5336 857 5392 Nullus
887 5336 1049 5407 igitur
1084 5336 1151 5389 ab
1178 5333 1335 5392 initio
1356 5335 1539 5390 surculi
1565 5351 1664 5391 sua
1693 5338 1900 5394 virtute

318 5429 524 5485 electus
559 5437 616 5483 et
640 5428 850 5483 caelesti
873 5427 1102 5484 aedilicio
1136 5436 1296 5497 aptus
1316 5435 1422 5493 est,
1454 5426 1545 5483 sed
1573 5427 1694 5497 ejus
1719 5432 1899 5501 potius

318 5534 485 5591 Opere
504 5562 517 5584 ,
545 5521 636 5590 qui
667 5520 849 5576 omnia
877 5520 931 5573 in
965 5518 1200 5589 pondere
1222 5526 1275 5573 et
1302 5533 1557 5575 mensura
1581 5512 1638 5575 et
1669 5537 1899 5579 numero

319 5614 655 5669 constituens
684 5614 975 5685 unicuique
998 5615 1138 5670 sicut
1162 5613 1333 5670 voluit
1355 5629 1668 5671 mensuram
1697 5617 1821 5673 ﬁdei
1844 5624 1900 5673 et

318 5713 615 5783 gratiarum
640 5712 935 5768 distribuit.

404 5802 654 5859 Voluntas
684 5819 862 5875 regum
893 5801 1033 5856 labia
1054 5801 1221 5872 justo.
1251 5799 1427 5873 Reges
1452 5808 1636 5857 autem
1658 5811 1899 5869 sanctos,
1919 5854 1931 5870 ,

320 5896 419 5971 qui
446 5898 596 5956 vitiis
618 5896 992 5975 principaliter
1012 5895 1282 5975 imperare
1303 5904 1365 5955 et
1386 5896 1685 5956 virtutibus
1705 5898 1904 5958 animae

1916 3276 1964 3340 C

1986 2032 2101 2101 ipse
2128 2030 2180 2085 in
2209 2040 2495 2094 aeternum,
2521 2036 2581 2081 ut
2612 2035 2907 2090 meruerat,
2934 2026 3116 2096 periit.

2059 2119 2360 2190 Indignatio
2401 2119 2555 2189 regis,
2594 2118 2763 2171 nuntii
2790 2117 2992 2171 mortis.
3024 2114 3207 2171 Nuntii
3237 2115 3429 2169 mortis
3450 2120 3574 2170 sunt

1988 2211 2160 2283 angeli
2208 2212 2443 2275 Satanae,
2483 2209 2533 2263 id
2564 2216 2666 2273 est,
2711 2205 2951 2261 haeretici
2977 2214 3033 2260 et
3066 2204 3191 2259 vani
3241 2203 3569 2274 philosOphi,

1989 2303 2099 2358 imo
2125 2314 2319 2357 omnes
2359 2298 2452 2371 qui
2482 2313 2548 2354 ea
2591 2297 2757 2353 verba
2787 2296 3037 2352 nuntiant
3070 2294 3328 2366 proximis
3367 2292 3511 2348 unde
3542 2309 3570 2347 a

1989 2403 2167 2450 morte
2210 2384 2490 2463 rapiantur
2533 2397 2764 2455 aeterna;
2810 2388 2901 2458 qui
2947 2402 3056 2452 quo
3090 2385 3320 2457 amplius
3364 2384 3571 2439 auctori

1990 2466 2182 2545 mortis
2210 2487 2472 2550 serviunt,
2523 2500 2589 2539 eo
2627 2483 2846 2555 gravius
2882 2482 3007 2536 vita:
3042 2481 3354 2552 largitorem
3398 2477 3569 2534 ofen—

1991 2582 2124 2641 dunt
2147 2598 2160 2633 :
2187 2594 2284 2634 nec
2307 2586 2487 2633 tamen
2510 2576 2706 2632 talibus
2731 2575 2833 2631 iter
2853 2574 3186 2645 ptenitentiae
3201 2571 3572 2638 meluditur,

1988 2685 2118 2727 nam
2145 2669 2394 2725 subditur
2419 2684 2435 2722 :
3434 2684 3439 2689 ι

2032 2764 2134 2819 Et
2160 2766 2241 2820 vir
2273 2764 2479 2835 sapiens
2519 2761 2747 2834 placabit
2784 2775 2921 2816 eum.
2961 2757 3147 2815 Potest
3189 2758 3332 2815 enim
3377 2756 3572 2829 resipiv

1992 2861 2193 2917 scendo
2221 2859 2507 2914 Dominum
2537 2858 2752 2928 placare
2771 2897 2786 2921 ,
2815 2870 2975 2926 quem
3016 2853 3387 2925 contigit-eum
3413 2850 3577 2907 stulte

1988 2952 2264 3024 loquendo
2293 2951 2599 3007 oll‘endisse.

2065 3044 2131 3101 In
2153 3045 2420 3099 hilaritate
2447 3041 2621 3099 uultus
2648 3040 2805 3112 regis,
2840 3040 2969 3096 vita.
3001 3039 3319 3110 Quicunque
3345 3037 3573 3093 hilarem

1994 3139 2194 3196 Christi
2244 3138 2450 3194 vultum
2498 3137 2682 3192 videre
2729 3141 3044 3199 merentur,
3088 3134 3173 3189 his
3213 3133 3269 3188 in
3310 3140 3574 3188 eternum

1994 3251 2115 3291 cum
2171 3232 2262 3289 illo
2308 3232 2492 3287 vivere
2543 3231 2777 3286 dabitur.
2835 3227 3089 3299 Alioquin
3136 3231 3191 3284 iu
3239 3226 3324 3283 die
3362 3226 3574 3295 judicii,

1994 3325 2133 3382 sicut
2155 3325 2416 3395 scriptum
2447 3331 2572 3379 est:
2600 3320 2800 3377 Videbit
2837 3321 3005 3376 omnis
3042 3336 3166 3375 caro
3208 3318 3440 3374 salutare
3480 3317 3578 3373 Dei

1994 3418 2146 3492 (Luc.
2178 3418 2283 3490 ιιι).
2330 3416 2437 3473 Sed
2464 3417 2605 3473 hunc
2638 3415 2878 3503 reprobi,
2910 3421 3038 3469 tunc
3065 3413 3300 3480 iratum,
3325 3410 3456 3481 justi
3496 3410 3578 3466 vi-

1995 3513 2125 3570 dent
2152 3512 2441 3582 placidum.

2067 3603 2135 3657 Et
2162 3602 2436 3656 clementia
2460 3600 2576 3671 ejus
2600 3600 2752 3672 quasi
2776 3598 2942 3654 imber
2983 3599 3264 3654 serotinus.
3294 3595 3579 3652 Serotinus

1994 3693 2170 3750 imber
2193 3693 2247 3747 in
2276 3690 2457 3747 Judaea
2486 3690 2601 3760 jam
2629 3679 2859 3745 maturis
2899 3688 3169 3744 messibus
3214 3696 3387 3756 usque
3419 3684 3579 3740 hodie

1993 3786 2180 3842 venire
2199 3766 2505 3840 consuevit.
2521 3780 2621 3838 Ubi
2646 3781 2902 3837 Dominus
2921 3788 2978 3836 et
2993 3779 3311 3835 matutinam
3338 3776 3575 3848 pluviam

1994 3874 2266 3947 promittit
2291 3873 2475 3929 dicens
2496 3887 2593 3942 per
2618 3872 2933 3942 prepbetam
2968 3889 2982 3925 :
3013 3870 3162 3925 Dabo
3183 3868 3324 3923 vobis
3344 3868 3577 3938 pluviam

1996 3967 2309 4023 matutinum
2341 3974 2391 4019 et
2418 3965 2698 4019 serotinum
2733 3972 2886 4017 terrm
2924 3961 3089 4033 (Joel.
3120 3964 3202 4033 ιι).
3234 3960 3417 4015 Pluvia
3447 3975 3577 4029 ergo

1994 4059 2262 4115 matutina
2290 4065 2395 4125 est,
2430 4058 2549 4113 sive
2585 4064 2928 4125 temporanea
2951 4096 2966 4117 ,
2993 4063 3055 4110 ut
3078 4054 3203 4109 alibi
3235 4054 3576 4119 nominatur,

1996 4149 2212 4221 quando
2248 4149 2421 4219 prima
2468 4147 2723 4202 credendi
2760 4148 2815 4202 in
2862 4145 3135 4202 Christum
3160 4146 3365 4200 semina
3398 4160 3582 4201 suSce-

1994 4242 2196 4312 pimus,
2235 4240 2414 4311 pluvia
2458 4254 2589 4295 vero
2620 4240 2878 4306 serotina,
2909 4240 3124 4310 quando
3151 4239 3378 4294 maturis
3406 4238 3576 4292 virtu-

1996 4318 2108 4390 tum
2138 4333 2382 4405 frugibus
2416 4334 2581 4389 ablati
2616 4334 2684 4389 de
2714 4334 2813 4389 hac
2848 4333 2958 4387 vita
2995 4334 3048 4388 in
3078 4333 3358 4388 Dominico
3386 4333 3582 4388 horreo

1997 4426 2370 4492 recondimur;
2402 4433 2459 4480 et
2482 4431 2631 4479 recte
2658 4424 2945 4480 clementia
2977 4425 3118 4496 regis
3150 4425 3312 4480 imbri
3341 4426 3582 4480 serotino

1996 4525 2359 4587 comparatur,
2410 4517 2536 4587 quia
2571 4516 2715 4587 quod
2760 4516 3001 4572 fructum
3037 4519 3164 4575 vitae
3198 4520 3334 4574 bene
3361 4527 3581 4587 agentes

1998 4610 2347 4679 percipimus,
2379 4625 2486 4664 non
2516 4609 2620 4663 hoc
2646 4609 2817 4663 nostri
2850 4609 3074 4666 libertas
3103 4611 3336 4678 arbitrii,
3369 4610 3462 4665 sed
3491 4625 3582 4663 su-

1997 4702 2151 4773 perni
2176 4700 2306 4755 facit
2326 4700 2569 4770 irrigatio
2591 4700 2738 4754 doni.

2072 4794 2329 4847 Eruditus
2370 4792 2425 4846 in
2469 4791 2624 4845 verbo
2667 4791 2883 4861 reperiet
2919 4794 3053 4846 bona
3081 4804 3099 4844 :
3128 4800 3177 4847 et
3210 4796 3299 4864 qui
3326 4803 3496 4863 sperat
3525 4794 3581 4849 in

1997 4883 2245 4949 Domino,
2278 4882 2457 4936 beatus
2484 4890 2579 4935 est.
2609 4879 2725 4937 Non
2755 4881 2926 4936 solum
2960 4882 3005 4938 is
3030 4882 3123 4953 qui
3169 4884 3237 4939 ad
3281 4886 3582 4954 praedican-

1999 4974 2126 5031 dum
2154 4973 2247 5028 Dei
2280 4973 2505 5028 verbum
2529 4972 2775 5027 eruditus
2800 4979 2886 5028 est
2914 4973 3053 5027 bona
3084 4975 3225 5042 apud
3253 4974 3399 5029 illum
3426 4993 3579 5048 repe-

1998 5069 2126 5134 riet,
2153 5067 2247 5123 sed
2274 5075 2328 5122 et
2358 5066 2467 5132 ille,
2493 5065 2585 5136 qui
2616 5066 2669 5119 in
2696 5066 2923 5120 Domino
2961 5080 3109 5136 spem
3139 5081 3341 5137 ponere
3368 5068 3576 5142 didicit,

2002 5161 2216 5218 etiamsi
2243 5160 2310 5214 ad
2336 5158 2734 5230 praedicandum
2762 5158 2885 5211 aliis
2912 5158 3136 5212 idoneus
3169 5173 3274 5214 non
3300 5169 3403 5227 est,
3435 5162 3575 5233 ejus-

2003 5256 2125 5311 dem
2148 5251 2494 5307 beatitudinis
2518 5251 2786 5321 partieeps
2809 5249 3015 5305 existit.

2077 5344 2180 5410 Qui
2207 5344 2414 5414 «piens
2440 5342 2595 5397 corde
2627 5350 2724 5407 est,
2755 5340 3101 5411 appellabitur
3123 5344 3353 5414 prudens
3370 5385 3387 5412 ,
3411 5355 3462 5402 et
3484 5350 3580 5420 qui

2002 5434 2170 5491 dulcis
2200 5433 2424 5504 eloquio,
2456 5432 2661 5502 majora
2694 5432 2956 5501 percipiet.
2996 5434 3097 5501 Qui
3134 5437 3454 5506 sapientiam
3485 5454 3579 5493 ea-

2002 5524 2382 5583 tholictelidei
2425 5538 2589 5593 quam
2633 5522 2838 5588 didicit,
2884 5523 3142 5581 illibatam
3180 5541 3280 5590 suo
3324 5528 3379 5582 in
3416 5531 3580 5585 corde

2001 5616 2256 5680 custodit,
2289 5614 2484 5669 merito
2536 5613 2819 5684 prudentis
2869 5630 3067 5671 nomen
3111 5618 3339 5688 accipit;
3391 5626 3449 5673 at
3486 5622 3578 5691 qui

2001 5710 2249 5769 eamdem
2278 5708 2595 5778 sapientiam
2618 5708 2783 5763 etiam
2805 5709 2963 5769 docte
2988 5712 3284 5781 praedicare
3306 5721 3363 5767 et
3388 5723 3576 5768 contra

2002 5802 2288 5861 haereticos
2313 5800 2607 5857 defendere
2634 5801 2801 5870 novit,
2836 5803 3042 5875 majora
3070 5804 3274 5867 laboris
3302 5806 3579 5877 amplioris

2002 5898 2226 5970 smmis
