4100 6324
530 398 632 453 135

1134 396 1194 451 B.
1235 392 1491 450 RABANI
1531 393 1752 450 MAURI
1789 390 2111 448 ARCHIEP.
2157 389 2467 448 MOGUNT.
2507 392 2792 450 OPERUM
2826 393 3006 450 PARS
3057 395 3146 451 111.

3688 403 3799 460 756

597 506 743 563 Fons
789 515 927 573 vitta,
976 506 1201 561 eruditio
1248 506 1557 577 possidentis
1591 519 1608 558 :
1637 505 1878 560 doctrina
1920 503 2106 558 stulto-
2131 503 2373 565 Aurbcs
2423 520 2750 576 expugnare,
2799 507 2924 575 quia
2969 516 3125 563 extra
3181 519 3306 564 sunt
3351 519 3446 565 aut
3484 521 3795 570 vincuntur.
3844 515 3867 530 ⁸

526 615 640 656 rum
678 599 916 669 fatuitas.
968 598 1102 653 Cum
1142 599 1346 654 diceret
1382 598 1714 669 possidentis,
1756 612 1864 652 non
1905 596 2111 652 addidit

527 690 654 761 quid
680 690 1024 761 possidentis.
1056 689 1195 757 Quid
1224 697 1405 744 autem
1441 696 1692 761 putamus
1717 702 1840 744 eum
1872 688 2109 743 voluisse

525 787 769 856 intelligi,
803 786 906 842 nisi
941 784 1079 841 forte
1125 786 1296 857 ipsam
1345 787 1726 851 eruditionem,
1751 795 1812 842 ut
1849 789 1922 843 sit
1949 788 2108 859 plena

526 880 793 935 sententia
814 877 936 933 fons
961 878 1086 933 vitae
1111 877 1345 932 eruditio
1370 879 1696 947 possidentis
1723 880 1895 950 ipsam
1928 880 2110 936 erudi-

525 973 728 1027 tionem
755 985 910 1026 suam
938 989 953 1025 :
979 971 1124 1041 quod
1155 978 1455 1041 est.aperte
1480 972 1683 1037 dicere,
1708 973 1836 1042 quia
1863 972 1952 1027 ille
1971 988 2111 1042 prte-

526 1064 734 1120 dicator
765 1078 896 1120 vere
938 1065 1052 1120 suis
1091 1064 1431 1121 auditoribus
1471 1066 1591 1120 vita:
1626 1066 1742 1120 vias
1789 1067 1984 1136 aperit,
2014 1067 2108 1138 qui

525 1163 742 1211 exercet
765 1157 879 1226 ipse
905 1171 1025 1226 quae
1059 1156 1333 1227 praedicat,
1367 1157 1460 1226 qui
1499 1171 1739 1214 amorem
1770 1158 1918 1214 verbi
1946 1174 2107 1228 quem

524 1245 656 1301 alios
684 1246 862 1300 erudit
890 1245 997 1300 ﬁxo
1023 1246 1077 1301 in
1106 1246 1268 1302 corde
1294 1245 1555 1316 possidet.
1588 1246 1700 1302 Nec
1733 1249 2107 1303 tantummodo

523 1337 783 1392 memoria
826 1345 1119 1403 retentum,
1168 1339 1324 1408 quasi
1364 1339 1650 1394 collectum
1687 1340 1892 1410 gremio
1922 1353 2107 1396 semen

515 1425 689 1498 jactat
716 1431 771 1484 in
801 1438 1022 1486 terram.
1053 1431 1261 1488 Idcirco
1288 1447 1523 1502 namque
1544 1433 1788 1488 doctrina
1820 1435 2106 1490 stultorum

521 1521 740 1578 fatuitas
759 1528 767 1534 '
786 1531 870 1579 est
901 1542 914 1578 :
943 1524 1068 1594 quia
1112 1525 1215 1580 etsi
1267 1541 1386 1595 quae
1421 1525 1561 1581 bona
1589 1522 1770 1582 dicere
1798 1543 1895 1583 usu
1925 1529 2106 1584 erudi-

524 1614 684 1669 tionis
729 1615 1053 1683 didicerunt,
1106 1617 1295 1672 eadem
1354 1624 1535 1675 tamen
1583 1635 1705 1690 quze
1749 1619 1938 1676 dicunt
1962 1623 2103 1678 bona

521 1705 622 1776 ipsi
656 1705 805 1762 fatuo
832 1709 996 1763 corde
1025 1718 1398 1764 contemnunt.

590 1800 769 1858 Favus
796 1803 985 1871 mellis,
1019 1807 1170 1861 verba
1201 1809 1526 1878 composita;
1558 1809 1780 1865 dulcedo
1811 1817 2004 1867 animae
2031 1821 2109 1868 est

2216 591 2385 663 Majas
2413 606 2592 650 autem
2620 605 2705 652 est
2732 597 2875 667 quod
2910 613 3008 668 per
3046 600 3362 670 patientiam
3401 603 3638 658 vincitur
3668 607 3800 675 quia

2211 686 2326 756 ipse
2354 702 2384 740 a
2414 702 2472 743 se
2501 689 2711 744 animus
2748 699 3050 761 superatur,
3089 701 3145 748 et
3172 695 3522 766 semetipsum
3551 699 3803 756 sibimet-

2211 779 2310 848 ipsi
2361 781 2576 851 subjicit
2625 784 2838 853 quando
2891 798 3014 838 eum
3068 786 3329 856 patientia
3381 789 3438 844 in
3490 790 3802 854 humilitate

2212 872 2513 928 tolerantia:
2536 877 2752 930 sternit.

2282 960 2460 1018 Sortes
2487 965 2765 1020 mittuntur
2791 967 2846 1021 in
2881 984 3023 1034 sinu,
3049 969 3142 1024 sed
3180 987 3213 1024 a
3239 969 3464 1027 Domino
3495 982 3796 1045 temperan-

2211 1065 2316 1110 tur.
2343 1054 2681 1114 Sicutsortes
2701 1060 2874 1128 palam
2902 1061 2954 1115 in
2982 1063 3158 1116 sinum
3183 1063 3493 1133 mittuntur,
3524 1076 3580 1122 at
3600 1069 3802 1132 clausae

2212 1147 2266 1202 in
2311 1149 2433 1204 sinu
2479 1152 2846 1219 continentur,
2890 1154 3052 1209 divini
3087 1165 3266 1212 autem
3299 1165 3378 1212 est
3402 1156 3612 1226 judicii,
3642 1162 3800 1231 cujus

2211 1254 2330 1304 sors
2375 1240 2515 1296 elata
2566 1241 2800 1310 palmam
2851 1252 3066 1312 teneat;
3117 1247 3196 1302 sic
3241 1248 3518 1302 hominum
3557 1248 3698 1305 facta
3741 1253 3799 1306 in

2208 1337 2459 1404 praesenti
2488 1339 2703 1408 quidem
2731 1340 2837 1394 vita
2861 1349 3045 1411 patent
3076 1341 3417 1409 alterutrum,
3444 1346 3537 1400 sed
3558 1361 3678 1415 qute
3703 1363 3802 1402 cu-

2204 1429 2294 1499 jus
2335 1437 2460 1484 sunt
2503 1431 2679 1485 meriti
2726 1434 2958 1503 patescit
2989 1434 3041 1487 in
3081 1434 3283 1500 futuro,
3311 1434 3520 1505 prolato
3547 1437 3802 1493 videlicet

2213 1530 2338 1577 tunc
2375 1537 2440 1577 ac
2463 1522 2749 1579 manifesto
2786 1525 2988 1595 judicio
3029 1527 3358 1598 singulorum
3397 1528 3548 1598 quasi
3577 1530 3641 1583 de
3675 1530 3802 1583 sinu

2209 1612 2476 1669 examinis
2511 1613 2697 1668 divini.

2783 1704 3010 1762 CAPUT
3064 1706 3226 1763 XVII.

2285 1798 2474 1854 Melior
2499 1808 2574 1855 est
2617 1799 2846 1854 buccella
2871 1801 3010 1855 sicca
3041 1818 3155 1854 cum
3186 1802 3402 1872 gaudio,
3429 1820 3584 1874 quam
3614 1803 3802 1858 domus

519 1893 719 1946 sanitas
743 1895 959 1948 ossium.
988 1894 1139 1950 Multi
1162 1912 1260 1966 per
1279 1897 1640 1969 eloquentiam
1666 1908 1896 1970 possunt
1921 1917 2101 1957 aman-

2211 1890 2364 1963 plena
2393 1891 2610 1946 victimis
2631 1908 2748 1946 cum
2767 1890 2968 1962 jurgio.
2997 1891 3184 1948 Melius
3206 1902 3290 1949 est
3317 1865 3487 1964 parva
3510 1894 3646 1948 bona
3677 1909 3802 1949 cum

520 1980 665 2036 libus
687 1991 743 2036 et
769 1981 1074 2040 faventibus
1116 1987 1355 2041 suaviter
1393 1990 1743 2058 pronuntiare
1789 1991 1950 2059 bona,
1991 2009 2110 2063 qua;
2211 1985 2477 2040 charitate
2527 1984 2707 2040 facere
2753 1984 2870 2038 sine
2919 1984 3146 2040 scicntia
3183 1986 3530 2054 praedicandi,
3569 1985 3671 2039 hoc
3720 1993 3803 2040 est

521 2071 623 2140 ipsi
652 2087 757 2128 non
788 2084 987 2132 amant.
1020 2077 1096 2132 Ea
1125 2078 1266 2133 enim
1298 2080 1470 2135 solum
1514 2083 1678 2138 verba
1711 2083 1777 2138 ad
1821 2085 2109 2141 sanitatem
2212 2077 2354 2134 enim
2376 2085 2430 2132 et
2449 2077 2649 2133 siccam
2670 2092 2791 2132 esse
2811 2077 3126 2142 buccellam,
3153 2093 3316 2148 quam
3340 2078 3510 2148 magis
3543 2079 3802 2149 ell'ulgere

520 2163 724 2217 ossium
757 2172 994 2234 tuOrum,
1018 2168 1120 2224 hoc
1141 2178 1244 2235 est,
1274 2171 1340 2225 ad
1366 2171 1625 2227 virtutum
1651 2182 1862 2230 tuarum
1891 2177 2110 2247 spirita-

519 2254 592 2311 lia
622 2268 898 2315 crementa
926 2261 1233 2331 proﬁciunt,
1276 2279 1396 2334 quae
1433 2280 1499 2321 ex
1539 2267 1753 2321 interna
1783 2269 1976 2324 animae
2004 2277 2110 2326 tute

518 2348 802 2408 dulcedine
829 2355 1149 2423 procedunt.
1687 2367 1694 2371 '
1820 2375 1829 2382 '

587 2445 779 2502 Anima
802 2447 1091 2505 laborantis
1125 2449 1330 2506 laborat
1365 2452 1488 2517 sibi,
1527 2452 1652 2523 quia
1698 2453 1958 2524 compulit,
1988 2445 2108 2510 Eum

516 2553 575 2593 os
601 2555 774 2593 suum.
817 2539 1046 2596 Constat
1079 2541 1235 2613 juxta
1282 2542 1539 2608 litteram,
1590 2545 1716 2614 quia
1752 2544 2010 2616 expulsus
2043 2547 2110 2602 de

512 2629 768 2699 paradiso
791 2631 953 2687 homo
973 2634 1347 2702 quotidianum
1371 2635 1611 2691 laborem
1636 2652 1704 2691 ne
1725 2637 1941 2692 deﬁciat
1959 2653 2110 2695 exer-

520 2729 628 2777 cet.
660 2722 929 2795 Compulit
973 2726 1117 2780 enim
1161 2742 1223 2782 os
1261 2743 1417 2782 suum
1455 2729 1673 2800 quando
1701 2743 1822 2784 cum
1859 2739 2109 2801 serpente

515 2814 728 2872 locutus
752 2825 853 2884 est,
883 2819 1108 2875 vetitum
1136 2821 1332 2893 tetigit,
1363 2829 1426 2876 ut
1457 2823 1706 2878 exsilium
1737 2824 1955 2895 longum
1987 2840 2108 2880 cum

514 2905 701 2964 labore
731 2909 984 2977 sufferat,
1013 2919 1070 2967 et
1106 2911 1387 2967 in~sudore
1427 2913 1605 2968 vultus
1640 2915 1719 2969 sui
1751 2930 1890 2986 pane
1928 2931 2110 2972 vesce-

513 2997 698 3066 batur,
757 3002 850 3056 sed
903 3009 960 3058 et
1009 3003 1287 3060 doctorem
1332 3018 1394 3060 os
1439 3020 1596 3059 suum
1623 3013 1682 3060 ut
1723 3005 1934 3062 laboret
1957 3022 2109 3063 com-

511 3093 681 3164 pellit,
705 3095 833 3166 quia
860 3111 1082 3154 necesse
1111 3099 1274 3154 habet
1303 3115 1464 3171 agere
1487 3101 1649 3170 bona,
1679 3103 1807 3172 quia
1832 3103 2001 3158 dicit:

2209 2169 2503 2224 virtutibus
2525 2184 2648 2223 cum
2672 2168 3006 2224 admixtione
3029 2169 3329 2224 discordize.

2283 2259 2489 2314 Corona
2520 2277 2702 2314 senum
2733 2260 2834 2329 ﬁlii
2855 2259 3108 2328 ﬁliorum,
3143 2270 3190 2314 et
3227 2260 3394 2332 gloria
3425 2260 3658 2330 ﬁliorum
3701 2280 3802 2332 pa-

2211 2363 2313 2408 tres
2343 2355 2446 2408 sui.
2481 2353 2650 2408 Senes
2679 2354 2810 2408 dicit
2858 2355 3197 2424 patriarchas
3246 2363 3297 2409 et
3341 2355 3654 2425 prophetas,
3708 2356 3802 2425 qui

2212 2447 2336 2502 ﬁliis
2377 2447 2630 2513 ﬁliorum,
2672 2449 2773 2504 hoc
2818 2456 2903 2503 est
2936 2463 2968 2502 a
2996 2449 3400 2504 successoribus
3436 2449 3800 2518 apostolorum

2211 2538 2368 2608 digna
2398 2537 2555 2593 laude
2580 2537 2941 2594 celebrantur.
2983 2539 3050 2592 Et
3079 2539 3248 2610 gloria
3276 2547 3358 2594 est
3384 2539 3802 2610 praedicatorum

2211 2627 2346 2682 Novi
2376 2627 2885 2699 Testamenti,quod
2913 2629 3009 2684 ﬁlii
3030 2639 3272 2685 veterum
3297 2638 3512 2702 patrum
3541 2646 3659 2686 esse
3679 2645 3799 2687 me-

2212 2728 2460 2776 ruerunt.

2281 2810 2498 2867 Gemma
2522 2814 2824 2888 gratissima
2846 2815 3160 2904 exyectatio
3181 2812 3493 2884 postulantis
3522 2827 3538 2864 :
3564 2831 3804 2884 quocun-

2210 2922 2308 2976 que
2332 2922 2386 2959 se
2423 2907 2594 2971 vertit,
2629 2903 2920 2976 prudenter
2944 2903 3206 2976 intelligit.
3237 2903 3339 2972 Qui
3368 2904 3587 2975 praemia
3615 2903 3803 2959 futura

2211 2996 2442 3052 ﬁdeliter
2497 3004 2800 3066 exspectat,
2862 2997 3016 3066 quasi
3069 3011 3294 3068 gemmas
3353 2995 3804 3066 splendidissima

2212 3088 2552 3160 possessione
2587 3088 2801 3144 Iactatur
2832 3106 2846 3142 ε
2879 3104 3004 3142 nam
3035 3096 3091 3144 et
3129 3089 3183 3142 in
3214 3087 3522 3159 Evangelio,
3556 3088 3806 3158 negotia-

594 3185 689 3240 Vir
719 3188 910 3259 impius
949 3189 1084 3259 fodit
1112 3189 1332 3257 malum,
1367 3199 1413 3246 et
1444 3191 1498 3245 in
1527 3190 1681 3246 labiis
1710 3193 1824 3263 ejus
1853 3195 1990 3264 ignis
2014 3211 2105 3248 ar-
2135 3231 2179 3292 Ο
2215 3189 2300 3236 ιον
2333 3182 2550 3252 Sapiens
2573 3199 2672 3253 1)Γο
2703 3183 3057 3292 θῆίιυὶξῑιίοηθ
3091 3183 3344 3292 Pretiosa?
3384 3185 3804 3292 {nafgarmfouid

512 3279 693 3334 descit.
732 3281 797 3336 Et
829 3282 1089 3354 propheta
1121 3283 1198 3338 ait
1229 3301 1242 3337 τ
1276 3281 1344 3337 Ut
1380 3284 1553 3355 inique
1591 3294 1796 3355 agerent
1831 3285 2106 3341 laborave-

513 3383 635 3426 runt
663 3373 796 3445 (Jer.
829 3374 930 3447 rx).
957 3374 1144 3432 Potest
1173 3384 1228 3432 et
1267 3377 1335 3432 de
1373 3377 1628 3433 haeretico
1673 3377 1980 3448 specialiter
2025 3381 2107 3434 in-

515 3463 702 3532 telligi,
728 3465 820 3534 qui
850 3466 1242 3536 pulcherrimos
1269 3483 1332 3523 ac
1356 3467 1766 3524 ﬂorentissimos
1796 3469 2103 3526 divinorum

512 3553 848 3626 eloquiorum
878 3574 1099 3629 campos
1128 3559 1292 3616 noxio
1318 3559 1515 3632 linguae
1557 3575 1669 3617 suae
1707 3577 1924 3618 vomere
1955 3578 2104 3618 rum-

511 3648 610 3717 pit,
638 3658 698 3704 ut
725 3653 792 3706 de
832 3652 1058 3708 interius
1087 3668 1276 3708 eorum
1302 3653 1500 3709 ﬁnibus
1526 3668 1718 3710 sensus
1753 3655 1968 3727 impios,
2009 3656 2101 3726 qui

511 3737 586 3794 ibi
615 3744 724 3794 non
753 3740 957 3808 insunt,
1002 3749 1176 3807 eruat,
1215 3743 1269 3803 in
1301 3742 1455 3812 cujus
1491 3744 1650 3801 labiis
1676 3745 1817 3817 ignis
1844 3747 2100 3814 ardescit,

510 3845 618 3902 quo
644 3845 703 3885 se
723 3845 956 3901 suosque
979 3832 1252 3890 auditores
1277 3834 1332 3888 in
1358 3842 1677 3905 perpetuum
1704 3837 1926 3907 perdat;
1959 3837 2102 3894 unde

509 3937 564 3985 et
591 3925 757 3985 Jacob
785 3946 798 3982 :
833 3928 1058 4000 Lingua,
1081 3930 1275 4002 inquit,
1297 3932 1631 3987 constituitur
1653 3935 1708 3988 in
1737 3933 1978 3988 membris
2008 3950 2102 3988 no-

508 4022 651 4086 stris,
679 4037 798 4092 quae
831 4020 1060 4077 maculat
1091 4032 1257 4078 totum
1291 4039 1504 4093 corpus,
1538 4033 1584 4078 et
1612 4024 1906 4093 inflammat
1933 4032 2102 4080 rotam

509 4113 797 4168 nativitatis
829 4123 1040 4180 nostrae,
1070 4113 1403 4184 inﬂammata
1431 4131 1463 4167 a
1491 4115 1747 4185 gehenna.

588 4205 683 4260 Vir
710 4207 920 4276 iniquus
957 4205 1115 4260 lactat
1143 4209 1372 4260 amicum
1407 4223 1582 4271 suum,
1615 4217 1664 4262 et
1693 4208 1839 4261 ducit
1863 4225 1980 4263 eum
2009 4225 2101 4279 per

508 4297 646 4352 ciam
685 4312 789 4350 non
821 4297 1027 4350 bonam.
1058 4295 1244 4350 Potest
1281 4305 1338 4350 et
1383 4297 1449 4352 de
1486 4297 1742 4353 haeretica
1771 4307 1827 4354 et
1856 4299 1922 4354 de
1950 4300 2098 4356 omni

509 4387 721 4442 fautore
769 4385 1031 4442 malorum
1063 4387 1256 4457 accipi,
1291 4386 1507 4457 quando
1552 4389 1805 4444 laudatur
1841 4398 2098 4460 peccator

508 4475 563 4530 in
603 4475 885 4531 desideriis
921 4475 1114 4532 animae
1151 4491 1281 4544 suae,
1315 4485 1370 4533 et
1402 4476 1495 4548 qui
1543 4477 1727 4548 iniqua
1758 4478 1901 4550 gerit
1933 4479 2099 4535 bene-

507 4568 722 4624 dicitur.
1842 4576 1844 4578 ·

576 4660 681 4727 Qui
705 4661 941 4716 attonitis
963 4661 1128 4717 oculis
1155 4662 1346 4734 cogitat
1369 4679 1531 4733 prava
1554 4663 1800 4719 mordens
1826 4653 1967 4718 labia
1993 4680 2092 4719 sua

500 4754 705 4826 perﬁcit
743 4753 962 4808 malum.
995 4752 1224 4810 Gravius
1251 4763 1336 4811 est
1371 4755 1633 4826 perlicere
1673 4755 1894 4820 malum,
1927 4771 2092 4825 quam

502 4847 706 4916 facere,
731 4864 839 4904 non
867 4848 1041 4905 solum
1068 4855 1248 4903 autem
1279 4847 1366 4902 ille
1392 4847 1602 4919 perﬁcit
1631 4848 1852 4912 malum,
1877 4847 1968 4917 qui
1997 4863 2093 4918 per

427 4971 438 4980 ι
501 4947 745 4999 membra
793 4944 875 4998 sui
921 4943 1166 5012 corporis
1208 4956 1524 5011 perversum
1575 4942 1703 5011 quid
1744 4948 2002 5011 operatur
2035 4949 2091 4996 et

503 5037 740 5095 noxium,
767 5049 956 5090 verum
982 5035 1146 5089 etiam
1186 5032 1275 5088 ille
1307 5032 1400 5102 qui
1427 5031 1533 5086 ﬁxa
1564 5031 1860 5086 intentione
1887 5030 2088 5086 malum

502 5137 715 5198 patrare
750 5126 1004 5197 disponit.
1061 5126 1248 5181 Solent
1287 5126 1431 5181 enim
1484 5126 1701 5195 superbi
1751 5125 2089 5194 indignantes

503 5221 642 5275 labia
685 5221 964 5286 mordere,
1011 5220 1185 5277 solent
1229 5219 1487 5274 attonitos
1532 5218 1734 5273 habere
1791 5215 1999 5283 oculos,
2034 5225 2090 5273 et

501 5315 788 5385 praesentia
835 5331 942 5371 non
993 5317 1194 5382 videre,
1225 5317 1318 5388 qui
1367 5315 1678 5387 aliquandiu
1714 5316 1868 5371 taciti
1904 5315 2086 5372 sedula

501 5414 680 5460 mente
729 5415 1100 5476 pertractant:
1143 5410 1288 5466 unde
1333 5409 1494 5464 datur
1537 5407 1752 5478 conjici,
1791 5408 1916 5478 quia
1947 5415 2087 5462 atto-

500 5499 627 5554 nitis
669 5500 839 5556 oculis
881 5517 1044 5572 prava
1091 5504 1330 5573 cogitare
1377 5504 1519 5559 dicat
1555 5517 1679 5560 eum
1708 5503 1801 5573 qui
1837 5503 1913 5564 sic
1942 5502 2083 5557 mala

498 5606 620 5662 qua:
647 5590 811 5647 faciat
836 5593 1080 5662 inquirit.
1114 5593 1182 5650 Ut
1209 5611 1328 5666 qua:
1357 5612 1415 5651 se
1441 5598 1494 5651 in
1527 5595 1768 5652 futurum
1799 5596 2085 5652 retributio

498 5683 763 5739 malorum
789 5700 950 5754 opera
976 5695 1290 5755 sequantur,
1315 5703 1421 5743 non
1446 5689 1644 5744 videat.

569 5775 760 5834 Melior
809 5791 884 5834 est
935 5780 1135 5850 patiens
1185 5781 1291 5835 viro
1340 5782 1498 5851 forti;
1546 5793 1592 5836 et
1641 5784 1732 5853 qui
1783 5783 2086 5836 dominatur

499 5857 826 5940 animosuo,
861 5869 1215 5943 expugnatore
1253 5872 1483 5928 urbium.
1527 5872 1701 5931 Minor
1741 5883 1824 5930 est
1856 5873 2084 5930 victoria

2211 3283 2312 3340 est,
2359 3276 2612 3332 desiderii
2671 3275 2905 3332 ccelestis
2953 3277 3131 3331 omnia
3161 3291 3280 3346 qua:
3317 3276 3506 3331 habuit
3536 3276 3803 3343 vendidit,

2211 3366 2438 3437 talisque
2467 3374 2813 3437 exspectator
2838 3367 2951 3422 sive
2969 3366 3203 3422 adversa
3227 3382 3320 3421 seu
3341 3382 3598 3436 prospera
3621 3368 3800 3422 conti-

2207 3459 2401 3531 gerint,
2434 3474 2467 3514 a
2495 3475 2592 3516 sua
2622 3461 2920 3516 intentione
2957 3475 3065 3516 non
3095 3459 3361 3527 ﬂectitur;
3393 3461 3688 3529 prudenter
3716 3461 3802 3515 in-

2205 3551 2452 3623 telligens
2493 3552 2748 3622 quoniam
2795 3551 3126 3622 diligentibus
3175 3549 3344 3605 Deum
3399 3550 3573 3604 omnia
3617 3566 3803 3620 coope-

2207 3655 2394 3700 rantur
2416 3645 2472 3700 in
2506 3645 2696 3700 bonum
2723 3643 2902 3715 (Rom.
2936 3643 3080 3716 vin).

2276 3732 2494 3805 Semper
2519 3734 2702 3804 jurgia
2741 3734 2931 3804 quierit
2963 3732 3134 3790 malus
3160 3747 3180 3786 :
3211 3733 3428 3804 angelus
3463 3741 3636 3786 autem
3668 3747 3784 3784 cru-

2203 3825 2332 3880 delis
2375 3827 2608 3881 mittetur
2645 3837 2827 3881 contra
2865 3843 3002 3881 eum.
3033 3825 3270 3898 Angelus
3297 3826 3531 3882 crudelis
3555 3827 3796 3880 immun—

2201 3923 2302 3977 dus
2330 3929 2416 3977 est
2449 3921 2672 3992 spiritus
2696 3922 2787 3991 qui
2817 3937 2848 3976 a
2878 3921 3106 3976 Domino
3133 3929 3324 3976 contra
3349 3928 3635 3992 peccantes
3665 3919 3798 3974 mit-

2203 4014 2354 4080 titur,
2390 4021 2450 4068 ut
2490 4028 2584 4069 eos
2615 4013 2696 4068 vel
2733 4014 2788 4068 in
2835 4013 3087 4084 praesenti
3130 4012 3355 4085 aﬁligat,
3393 4023 3455 4068 ut
3483 4011 3791 4084 Aigyptios,

2199 4109 2396 4178 quibus
2435 4107 2663 4162 immisit
2701 4107 2839 4161 iram
2875 4107 3256 4178 indignationis
3293 4122 3424 4173 suae,
3465 4104 3794 4173 indignatio-

2199 4214 2324 4255 nem
2362 4209 2416 4253 et
2443 4198 2581 4253 iram
2611 4205 2666 4254 et
2701 4198 3125 4263 tribulationem,
3155 4198 3520 4254 immissiones
3555 4212 3653 4268 per
3698 4211 3798 4250 an-

2198 4294 2348 4367 gelos
2372 4293 2543 4350 malos
2572 4293 2694 4348 :vel
2723 4294 2887 4348 etiam
2910 4308 3010 4364 per
3036 4302 3268 4348 mortem
3297 4293 3364 4347 ad
3391 4292 3668 4346 interitum
3699 4304 3762 4348 ra

2197 4389 2312 4458 piat
2338 4395 2621 4443 aeternum.
2652 4386 2724 4441 At
2757 4393 2949 4442 contra
2989 4386 3296 4442 immittitur
3322 4384 3545 4457 angelus
3579 4383 3795 4439 Domini

2197 4478 2254 4534 in
2276 4478 2506 4534 circuitu
2530 4478 2836 4533 timentium
2861 4491 3006 4542 eum,
3031 4484 3087 4531 et
3105 4475 3300 4546 eripiet
3326 4489 3442 4531 eos.

2117 4593 2172 4654 Β
2268 4569 2494 4640 Expedit
2520 4569 2686 4640 magis
2723 4584 2863 4622 ursa:
2894 4583 3166 4622 occurrere
3194 4567 3357 4637 raptis
3391 4563 3601 4634 fetibus,
3630 4579 3794 4635 quam

2196 4662 2345 4733 fatuo
2385 4661 2667 4732 conﬁdenti
2705 4660 2762 4715 in
2789 4659 3015 4714 stultitia
3042 4675 3160 4713 sua.
3197 4657 3432 4712 Facilius
3460 4667 3577 4712 erat
3607 4655 3796 4710 docto-

2193 4757 2344 4812 ribus
2390 4755 2611 4819 sanctis,
2640 4753 2808 4808 furori
2849 4750 3166 4823 gentilitatis
3191 4749 3478 4806 occurrere
3509 4747 3678 4818 raptis
3723 4749 3794 4802 ad

2193 4864 2250 4903 se
2273 4848 2484 4918 populis
2517 4846 2806 4916 aliquibus,
2835 4851 3001 4914 atque
3029 4858 3059 4897 a
3087 4842 3300 4898 bestiali
3324 4841 3447 4912 ejus
3482 4839 3688 4896 sasvitia
3722 4838 3795 4892 ad

2192 4939 2316 4996 ﬁdei
2341 4939 2598 5009 pietatem
2624 4936 2970 5008 praedicando
3003 4935 3304 5000 conversis,
3339 4948 3501 5004 quam
3529 4931 3792 4987 hteretico

2191 5032 2412 5089 cuilibet
2457 5029 2748 5088 confidenti
2792 5029 2847 5084 in
2899 5028 2983 5084 sui
3030 5026 3259 5098 perﬁdia
3304 5025 3592 5099 dogmatis,
3655 5023 3787 5094 quia

2192 5125 2448 5180 nimirum
2471 5123 2600 5178 illud
2625 5130 2814 5179 contra
2839 5128 3076 5188 exteros,
3108 5122 3212 5176 hoc
3235 5128 3421 5176 contra
3449 5133 3546 5174 sua
3569 5118 3786 5173 viscera

2191 5225 2467 5275 certamen
2495 5217 2743 5288 agebant.
2784 5213 2971 5270 Potest
3006 5228 3147 5269 ursae
3184 5212 3401 5268 nomine
3444 5212 3560 5282 ipsa
3607 5209 3789 5267 hostis

2190 5311 2398 5380 antiqui
2428 5309 2633 5364 malitia
2661 5307 2909 5378 intelligi,
2941 5307 3027 5362 cui
3056 5305 3199 5361 fetus
3236 5305 3496 5375 rapimus,
3535 5318 3660 5358 cum
3687 5317 3787 5358 eos

2189 5404 2280 5474 qui
2316 5410 2472 5458 erant
2509 5400 2604 5455 ﬁlii
2657 5397 2857 5454 diaboli
2911 5395 3298 5452 catechizando
3353 5402 3408 5450 et
3455 5391 3787 5463 baptizando

2193 5495 2425 5550 ﬁliorum
2460 5493 2556 5548 Dei
2591 5482 2838 5548 societati
2878 5489 3219 5560 adjungimus
3252 5503 3266 5541 :
3295 5497 3350 5543 et
3390 5487 3494 5541 hoc
3538 5486 3786 5556 plerum-

2192 5604 2296 5660 que
2326 5587 2494 5642 multo
2523 5587 2724 5642 leviore
2749 5583 2935 5640 labore
2964 5582 3266 5655 perﬁcitur,
3297 5596 3459 5652 quam
3482 5581 3528 5636 si
3558 5580 3644 5636 vel
3679 5580 3788 5635 ha:-

2201 5682 2420 5739 reticum
2468 5680 2534 5734 ad
2572 5678 2734 5735 ﬁdem
2769 5686 2975 5734 rectam
3026 5691 3303 5742 revocare,
3341 5674 3421 5729 vel
3454 5672 3784 5728 catholicum

2191 5789 2356 5845 prave
2381 5781 2631 5845 agentem
2663 5772 2731 5828 ad
2757 5771 2911 5828 bona:
2933 5769 3262 5855 qperationis
3291 5775 3490 5825 statum
3521 5765 3786 5824 reducere

2193 5868 2427 5925 conaris.
