4100 6324
491 329 606 389 739

1096 327 1158 384 Β.
1198 276 1454 384 ΒᾸΒΑΝΙ
1490 319 1710 386 MAURI
1745 321 2067 384 ARCHIEP.
2107 320 2420 381 MOGUNT.
2457 319 2743 380 OPERUM
2779 321 2965 382 PARS
2995 322 3082 382 Ill.

3640 326 3750 387 τω

487 454 545 502 et
583 443 885 503 dilectionis
927 457 1042 500 suae
1076 443 1420 518 presentiam
1474 441 1685 498 veniret
1715 454 1731 496 :
1759 455 1862 496 nec
1887 437 2062 514 solum
2090 439 2143 502 Α
2165 434 2520 490 tentationem
2551 431 2670 503 ejus
2695 435 2908 491 hostem
2937 447 3210 494 versutum
3241 437 3524 494 admiserit
3552 455 3566 493 :
3595 438 3752 496 Unde

486 537 732 608 populos,
765 535 859 591 sed
905 535 1051 606 ipsos
1076 535 1240 590 etiam
1285 550 1470 590 rerum
1518 533 1768 589 dominos
1806 530 2062 602 concupi-

487 629 709 685 scentiis
733 627 1044 686 renuntiare
1080 643 1147 683 ac
1177 626 1280 683 sibi
1309 626 1540 684 libenter
1565 627 1941 698 obtemperare
1978 622 2062 680 fa-

457 742 463 748 '
486 731 652 778 ceret.

555 795 746 890 Iustus
775 809 923 880 prior
955 818 1030 866 est
1069 818 1344 866 accusator
1381 809 1484 884 sui.
1521 807 1667 863 Venit
1694 803 1895 862 amicus
1922 804 2058 875 ejus,

485 913 536 958 et
565 901 889 974 inuestigabit
913 917 1053 958 eum.
1093 899 1282 956 Omnis
1318 899 1409 972 qui
1447 915 1574 958 vere
1605 897 1788 969 justus
1831 905 1936 962 est,
1968 895 2060 954 ubi

483 995 825 1072 peccantium
851 1003 1030 1052 errata
1056 993 1339 1071 conspicit,
1367 994 1543 1072 primo
1571 992 1638 1050 ad
1669 992 1905 1062 seipsum
1934 1005 2062 1064 ocu-

484 1065 597 1142 lunt
624 1065 1071 1143 considerationis
1106 1065 1352 1150 intlectit,
1387 1065 1622 1154 dumque
1658 1097 1812 1138 suam
1851 1079 2060 1153 fragili-

484 1187 650 1234 tatem
673 1177 934 1235 sollicitus
955 1176 1312 1250 accusaverit,
1341 1175 1421 1232 sic
1439 1175 1653 1230 demum
1675 1174 1742 1228 ad
1763 1173 2063 1243 corripien-

484 1269 582 1324 dos
609 1267 743 1324 alios
773 1267 1008 1336 linguam
1040 1245 1304 1341 benignus
1329 1265 1522 1342 exerit,
1557 1265 1655 1322 sed
1681 1263 1770 1320 ille
1809 1263 1903 1336 qui
1947 1262 2062 1318 suis

481 1359 728 1416 ﬁdelibus
751 1361 930 1419 dicere
949 1359 1200 1432 dignatus
1221 1366 1305 1436 est
1328 1377 1342 1412 :
1382 1355 1484 1412 Vos
1511 1366 1684 1410 autem
1704 1355 1817 1410 dixi
1841 1353 2059 1421 amicos,

479 1453 602 1524 quia
627 1467 947 1524 quwcunque
981 1449 1156 1505 audivi
1193 1467 1226 1504 a
1270 1447 1434 1504 Patre
1471 1464 1606 1514 meo,
1643 1456 1766 1502 nota
1789 1445 1892 1516 feci
1920 1441 2060 1502 vobis

481 1541 662 1616 (Joan.
693 1542 808 1616 xv).
839 1537 996 1600 venit
1022 1541 1077 1621 in
1109 1556 1204 1598 cor
1229 1539 1346 1618 ejus
1369 1555 1466 1610 per
1493 1537 1836 1612 praesentiam
1860 1533 2062 1593 divina:

479 1633 950 1707 contemplationis
981 1651 995 1687 :
1026 1633 1094 1690 Et
1121 1648 1285 1704 quam
1321 1632 1424 1688 hoc
1452 1631 1526 1706 sit
1553 1629 1812 1709 mundum
1837 1643 1870 1684 a
1901 1628 2062 1684 sorde

477 1725 778 1798 iniquitatis
801 1727 1066 1799 agnoscit,
1095 1721 1320 1798 eiusque
1346 1722 1706 1780 humilitatem
1728 1721 1890 1796 digna
1917 1734 2059 1776 mer-

403 1853 409 1860 ς
476 1817 608 1874 cede
635 1824 963 1872 remunerat.

503 1979 508 1984 ν
545 1911 741 1966 Frater
763 1911 852 1982 qui
885 1911 1167 1982 adjuvatur
1194 1927 1228 1965 a
1249 1909 1435 1980 fratre,
1461 1907 1614 1980 quasi
1639 1906 1823 1963 civitas
1847 1906 2005 1977 ﬁrmo
2033 1919 2052 1959 :

475 2012 523 2058 et
539 2003 768 2076 judicia,
789 2003 942 2076 quasi
963 2011 1124 2058 vectes
1145 2001 1371 2056 urbium.
1401 1999 1535 2058 Cum
1558 1998 1786 2078 populus
1807 2007 2053 2068 uterque,

473 2091 783 2149 Iudaeorum
833 2093 1039 2149 scilicet
1085 2101 1141 2148 et
1195 2091 1476 2170 gentium,
1537 2089 1780 2164 fraterna
1834 2079 1937 2166 sibi
1997 2089 2052 2146 in

473 2183 689 2240 Christo
715 2183 978 2240 charitate
999 2182 1288 2250 consentit,
1315 2197 1477 2237 unam
1505 2179 1928 2262 jankcatholicac
1954 2179 2056 2234 Ec-

473 2275 649 2332 clesiae
687 2269 961 2332 civitatem
997 2275 1296 2341 construit;
1351 2280 1406 2330 et
1441 2273 1580 2328 sicut
1617 2281 1800 2328 vectes
1836 2271 2054 2326 urbium

471 2377 655 2448 portas
682 2369 950 2436 muniunt,
991 2367 1069 2424 ita
1103 2368 1354 2438 dogmata
1382 2365 1678 2450 utriusque
1721 2363 2054 2420 Testamenti

471 2461 738 2517 Ecclesias
775 2475 873 2530 per
901 2454 1107 2525 orbem,
1138 2473 1259 2529 quae
1287 2473 1450 2514 unam
1474 2455 1800 2514 catholicam
1827 2454 2051 2525 iaciant,
2079 2469 2085 2474 ·

470 2553 539 2607 ab
567 2549 859 2628 inﬁdelium
889 2549 1198 2606 incursione
1232 2545 1548 2604 defendunt.
1975 2607 2001 2622 Α

541 2641 672 2698 Cum
695 2637 1133 2698 obsecrationibus
1165 2638 1401 2712 loquetur
1425 2653 1642 2708 pauper,
1677 2645 1726 2692 et
1756 2635 1898 2692 diues
1924 2633 2056 2706 elia-

471 2735 608 2790 bitur
665 2734 850 2806 rigide.
902 2733 1145 2790 Humiles
1193 2732 1387 2804 spirit!
1434 2729 1713 2786 humiliter
1761 2727 2054 2785 Dominum

471 2827 698 2884 adorant
727 2839 825 2883 :ut
848 2817 1192 2899 evangelicus
1211 2817 1300 2880 ille
1324 2824 1674 2896 publicanus;
1709 2822 1929 2896 superbi
1951 2835 2053 2878 sua

471 2920 665 2975 merita
687 2918 919 2989 iactant,
945 2927 1006 2974 ut
1027 2917 1344 2991 pharisaeus.

549 3007 642 3063 Vir
665 3007 905 3063 amabilis
929 3009 997 3062 ad
1019 3008 1315 3064 societatem
1339 3007 1506 3080 magis
1535 3007 1734 3063 amicus
1764 3005 1862 3062 erit
1891 3020 2052 3078 quam

472 3097 655 3168 frater.
686 3098 924 3156 Credens
963 3115 1033 3156 ex
1065 3099 1318 3172 gentibus
1353 3099 1581 3172 populus
1618 3094 1795 3170 magis
1837 3105 2052 3173 amatus

471 3198 557 3246 est
573 3205 604 3244 a
632 3189 882 3261 Domitio,
907 3205 1070 3263 quam
1090 3189 1348 3248 Iudaicus
1372 3191 1491 3248 sine
1517 3190 1623 3246 fide
1646 3191 1970 3263 perdurans,
1995 3189 2052 3244 in

471 3301 578 3358 quo
611 3285 907 3342 secundum
936 3302 1155 3343 carnem
1185 3294 1346 3344 natus
1373 3293 1474 3340 est.
1507 3283 1694 3339 Potest
1729 3290 1784 3339 et
1821 3283 1888 3340 dc
1917 3295 2050 3354 apo-

469 3377 622 3433 stolis
649 3393 718 3434 ex
749 3376 948 3434 ludatis
989 3378 1136 3454 natis
1175 3376 1422 3450 intelligi,
1457 3375 1585 3446 quia
1617 3375 1790 3448 magis
1815 3373 2054 3428 amarint

467 3468 752 3537 credentes
777 3483 848 3526 ex
875 3468 1145 3542 gentibus,
1171 3483 1336 3542 quam
1370 3483 1481 3524 suae
1515 3467 1692 3540 gentis
1720 3463 2048 3522 incredulos.

559 3628 588 3639 ,-
1055 3549 1282 3619 CAPUT
1333 3559 1474 3615 XIX.

539 3651 730 3730 Melior
751 3662 827 3708 est
843 3668 1042 3726 pauper
1065 3652 1158 3726 qui
1195 3651 1428 3707 ambulat
1457 3651 1514 3707 in
1549 3649 1882 3723 simplicitate
1923 3667 2048 3718 sua,

467 3761 625 3818 quam
653 3743 796 3799 dives
833 3753 1080 3816 torquens
1107 3742 1248 3798 labia
1279 3741 1552 3814 insipiens.
1587 3740 1774 3796 Melior
1806 3749 1892 3796 est
1917 3739 2049 3794 sim-

464 3837 590 3912 plex
615 3837 829 3892 auditor
860 3835 1013 3891 verbi
1049 3827 1166 3901 Dei,
1199 3834 1244 3889 si
1271 3829 1337 3889 ea
1361 3848 1480 3904 quae
1503 3831 1804 3905 intelligere
1826 3831 1881 3886 in
1907 3829 2052 3888 Scri-

465 3929 643 3998 pturis
668 3927 861 4000 potuit,
887 3925 1162 3999 operando
1188 3925 1423 4002 perﬁcit,
1446 3925 1608 3996 quam
1635 3924 1882 3980 eruditus
1907 3923 2052 3994 quis-

467 4034 572 4096 que
612 4019 657 4074 si
688 4007 748 4074 in
795 4019 901 4074 illis
927 4033 1049 4090 qua:
1081 4027 1239 4074 acute
1267 4017 1530 4074 intellexit
1557 4017 1622 4072 ad
1653 4017 1882 4072 haeresin
1913 4029 2050 4088 prae-

467 4111 752 4168 dicandam
781 4111 921 4166 labia
947 4117 1241 4180 retorquet.

543 4199 770 4258 Ubi-non
806 4211 880 4257 est
913 4201 1128 4257 scientia
1158 4203 1370 4266 animle,
1402 4218 1506 4256 non
1534 4211 1608 4256 est
1633 4201 1854 4269 bonum;
1884 4211 1932 4258 et
1959 4203 2060 4274 qui,

471 4293 691 4362 festinus
718 4299 790 4344 est
822 4290 1034 4360 pedibus
1062 4289 1299 4358 o/fendit.
1327 4289 1535 4344 Anima:
1559 4291 1775 4362 quidem
1800 4293 2056 4364 humana}

469 4379 696 4436 scientia
737 4378 862 4434 vita:
893 4376 1131 4434 ccclestis
1158 4387 1242 4434 est
1281 4381 1608 4446 necessaria,
1637 4383 1764 4452 quia
1792 4383 2049 4460 nimirum

471 4471 588 4525 sine
617 4469 720 4524 hac
749 4467 902 4524 bc'ata
929 4467 984 4523 in
1013 4477 1332 4541 perpetuum
1363 4485 1480 4526 esse
1513 4486 1622 4527 non
1663 4480 1860 4543 potest.
1890 4473 2047 4528 Atta-

2077 3167 2128 3233 Ο

2161 535 2219 582 et
2251 525 2458 598 primus
2489 524 2658 581 nostri
2683 527 2893 596 generis
2915 542 3108 598 parens
3141 521 3260 598 posl
3286 529 3753 600 praevaricationis

2161 632 2440 674 excessum
2469 618 2777 690 increpatus
2803 635 2833 673 a
2864 619 3094 676 Domino
3117 620 3185 676 ad
3217 615 3588 682 defensionem
3619 641 3750 683 mox

2159 699 2451 769 excusandi
2473 709 2674 782 refugit
2693 712 2876 790 dicens
2899 729 2913 766 :
2941 711 3137 768 Mulier
3161 731 3321 784 quam
3338 715 3530 770 dedisti
3547 718 3750 772 socians

2107 808 2116 816 '
2161 803 2309 870 mihi,
2332 803 2474 860 dedit
2504 803 2632 858 mihi
2657 796 2722 859 de
2744 803 2906 875 ligno,
2936 815 2985 860 et
3009 806 3209 861 comedi
3229 805 3384 880 (Gen.
3414 807 3520 880 tu),
3548 817 3606 864 et
3631 810 3750 880 ipsa

2162 893 2358 950 mulier
2405 894 2622 964 inquit:
2662 893 2887 966 Serpens
2921 893 3117 968 decepit
3157 915 3259 953 nte.
3298 893 3474 954 Ambo
3511 915 3750 972 namque

2161 984 2218 1042 in
2261 975 2572 1042 Creatorem
2617 987 2763 1058 quod
2797 997 3156 1060 peccaverant
3200 993 3586 1061 retorquehant
3613 1009 3626 1046 :
3657 992 3750 1050 ille

2161 1079 2306 1152 quod
2337 1078 2641 1146 mulierem,
2669 1095 2768 1150 per
2795 1095 2960 1150 quam
2993 1071 3196 1152 perirel
3217 1097 3247 1136 a
3278 1081 3506 1139 Domino
3541 1083 3748 1140 sociam

2160 1169 2488 1240 accepisset;
2513 1169 2602 1230 illa
2628 1170 2772 1243 quod
2800 1170 3060 1230 Dominus
3087 1183 3413 1246 serpentem,
3439 1176 3531 1246 qui
3563 1193 3621 1233 se
3649 1177 3748 1234 de~

2161 1259 2386 1330 ciperet,
2410 1257 2464 1314 in
2491 1257 2742 1330 paradiso
2761 1261 3152 1340 constituisset.
3179 1262 3298 1331 Quo
3321 1273 3510 1321 contra
3532 1267 3750 1336 sapiens

2161 1350 2447 1408 Dominum
2493 1349 2750 1424 precatur
2799 1351 2860 1408 ut
2918 1370 3024 1409 non
3077 1354 3312 1411 declinet
3361 1371 3458 1412 eor
3497 1373 3654 1413 suum
3691 1359 3749 1414 in

2161 1441 2387 1497 verbum
2416 1441 2618 1518 malum
2666 1443 2734 1498 ad
2767 1445 3104 1520 excusandas
3138 1447 3517 1504 excusationes
3545 1448 3601 1504 in
3629 1465 3754 1520 pec.-

2161 1529 2316 1612 eatis.
2367 1525 2477 1586 Sed
2513 1537 2571 1588 et
2613 1531 2704 1588 ille
2743 1533 2872 1590 suo‘s
2917 1533 3270 1605 supplantans
3310 1552 3528 1612 gressus
3555 1549 3748 1596 contra

2161 1607 2331 1676 Deum
2369 1612 2543 1678 fervet
2587 1623 2790 1690 animo,
2835 1623 2928 1694 qui
2969 1624 3150 1680 divina
3199 1607 3426 1698 imperia
3463 1643 3560 1698 per
3592 1644 3749 1684 suam

2164 1699 2416 1770 inertiam
2441 1721 2796 1771 contemnens
2818 1714 3040 1785 insuper
3063 1715 3238 1788 ipsum
3261 1715 3570 1784 Dominum,
3591 1720 3749 1790 quasi

2083 1805 2135 1869 B
2162 1799 2524 1876 importabilia
2553 1793 2862 1863 hominibus
2887 1823 3057 1864 onera
3090 1807 3428 1879 imposuerit,
3457 1819 3638 1867 mente
3662 1827 3750 1868 re-

2161 1897 2450 1971 prehendit
2477 1897 2689 1955 insana.

2225 1985 2434 2043 Divitias
2473 1991 2674 2045 addunt
2710 1990 2906 2046 amicos
2933 1989 3223 2063 plurimos;
3253 2009 3287 2046 a
3317 2009 3547 2064 paupere
3572 2005 3750 2055 autem

2155 2087 2203 2133 et
2230 2075 2286 2132 hi
2307 2095 2437 2151 quos
2469 2079 2676 2147 habuit,
2700 2091 3032 2152 separantur.
3062 2081 3272 2138 Divitias
3304 2083 3456 2154 regni
3485 2075 3748 2162 cmlestis,

2157 2183 2278 2240 qua:
2308 2183 2405 2239 per
2446 2175 2666 2224 sanctos
2705 2169 2953 2225 doctores
2985 2161 3233 2226 fidelibus
3276 2161 3573 2229 tribuendas
3608 2190 3750 2246 prae-

2157 2257 2428 2325 dicantur,
2480 2259 2683 2314 multos
2720 2260 2924 2316 amicos
2967 2268 3023 2316 et
3065 2261 3254 2317 iisdem
3299 2249 3749 2334 pmdicatoribus

2157 2360 2213 2407 et
2256 2366 2444 2408 earum
2486 2351 2731 2423 largitori
2764 2351 2992 2408 Domino
3019 2353 3320 2420 asciscunt;
3348 2370 3380 2410 a
3412 2355 3748 2426 philosophis

2155 2452 2336 2500 autem
2371 2439 2425 2501 et
2447 2447 2659 2500 caeteris
2683 2445 2926 2518 gentium
2950 2446 3245 2517 magistris,
3279 2447 3406 2516 quia
3441 2455 3590 2502 certe
3612 2450 3746 2504 bea-

2157 2537 2402 2592 titudinis
2439 2537 2494 2592 in
2534 2535 2778 2592 futurum
2821 2531 3019 2594 norunt
3050 2538 3386 2610 promittere,
3431 2548 3488 2596 et
3526 2540 3579 2595 hi
3608 2556 3747 2611 quos

2156 2621 2481 2696 habuerunt,
2513 2639 2867 2702 separantur;
2907 2621 3156 2686 videlicet
3197 2631 3446 2688 conversi
3476 2631 3544 2688 ad
3584 2631 3748 2688 fidem

2155 2717 2415 2791 spemque
2442 2709 2736 2776 Dominicae
2760 2712 3137 2792 promissionis
3167 2719 3551 2790 certissimam.

2229 2803 2332 2879 Qui
2357 2822 2562 2867 tantum
2590 2815 2744 2868 verba
2780 2812 3034 2881 σέσωκεν,
3069 2802 3202 2868 nihil
3243 2813 3453 2879 habebit
3476 2831 3496 2871 .'
3521 2818 3613 2887 qui
3640 2833 3744 2871 au-

2155 2911 2258 2957 tem
2302 2918 2568 2973 possessor
2613 2913 2688 2958 est
2731 2897 2939 2970 menlis,
2982 2896 3156 2976 diligit
3199 2903 3432 2960 animum
3467 2923 3640 2963 suam.
3677 2909 3748 2964 Et

2150 2987 2440 3069 Apostolus
2497 2995 2759 3055 ait:Non
2813 2999 3080 3055 auditores
3128 2999 3258 3072 legis
3306 2982 3748 3071 justi/icabuntur

2155 3087 2298 3166 apud
2375 3087 2546 3148 Deum
2579 3131 2598 3161 ,
2663 3084 2756 3148 sed
2835 3091 3055 3150 factores
3121 3091 3249 3168 legis
3305 3094 3750 3166 justiﬁeabuntur

2157 3170 2338 3255 (Bonl.
2362 3180 2448 3257 ii).
2512 3255 2518 3265 ι
2804 3175 2811 3184 ο
2906 3265 2911 3266 ί
3155 3257 3164 3266 ι
3484 3255 3492 3266 λ

2229 3266 2396 3330 Testis
2441 3257 2612 3347 falsus
2661 3293 2770 3332 non
2815 3265 2916 3332 erit
2961 3257 3282 3350 impunitus,
3311 3287 3360 3334 et
3403 3257 3494 3352 qui
3514 3261 3746 3356 loquitur

2153 3363 2430 3421 mendacia
2465 3365 2671 3438 peribit.
2711 3363 3085 3444 Redarguerat
3119 3386 3245 3428 eum
3285 3369 3382 3442 qui
3414 3369 3579 3429 verba
3615 3381 3740 3426 tan-

2153 3457 2268 3536 tum
2301 3457 2542 3515 scientia:
2584 3459 2790 3532 absque
2836 3451 3172 3536 operationis
3195 3447 3436 3522 elIicacia
3462 3471 3744 3532 sectatur;

2119 3619 2122 3622 Α
2152 3531 2433 3624 redarguit
2461 3565 2606 3610 nunc
2631 3541 2802 3624 illum,
2849 3531 2946 3629 qui
2985 3557 3104 3628 ipsa
3130 3557 3298 3614 verba
3330 3557 3526 3614 divina:
3547 3565 3738 3614 aucto-

2152 3644 2334 3702 ritatis
2376 3645 2520 3702 male
2559 3643 2968 3719 interpretando
3007 3649 3332 3722 corrumpit.
3366 3649 3520 3720 Quod
3559 3659 3740 3704 autem

2151 3741 2326 3797 multa
2372 3741 2568 3813 saepius
2601 3741 2868 3799 iterantur
2907 3743 3183 3800 firmitatis
3231 3743 3496 3798 indicium
3536 3752 3640 3810 est,
3680 3749 3743 3798 ut

2149 3823 2348 3902 Ioseph
2397 3834 2668 3890 somnium
2707 3836 2852 3912 regis
2881 3835 3249 3906 interpretans
3277 3833 3372 3900 ait,
3403 3847 3470 3889 eo
3493 3833 3638 3904 quod
3665 3833 3739 3890 sit

2151 3939 2331 3982 sermo
2353 3927 2451 3983 Dei
2476 3935 2531 3982 et
2556 3927 2828 3984 veraciter
2855 3928 3163 3998 impleatur.

2227 4017 2354 4073 Non
2397 4018 2577 4072 decent
2628 4018 2847 4099 stultum
2874 4017 3096 4086 deliciw,
3124 4035 3218 4076 nec
3244 4033 3448 4074 seruum
3475 4017 3740 4075 dominari

2149 4109 2492 4180 principibus.
2529 4109 2652 4165 Non
2690 4111 2883 4168 decent
2912 4112 3228 4169 haereticum
3256 4112 3464 4168 delicias
3493 4111 3740 4182 Scriptu-

2151 4220 2356 4276 rarum,
2401 4204 2529 4275 quia
2568 4205 2655 4262 his
2693 4206 2832 4262 bene
2869 4208 2949 4264 uti
2981 4223 3090 4266 non
3135 4209 3324 4264 novit:
3357 4207 3543 4278 Neque
3584 4207 3741 4261 illum

2151 4295 2246 4365 qui
2271 4289 2461 4352 servus
2489 4295 2667 4352 adhuc
2697 4299 2908 4367 peccati
2941 4315 3061 4356 esse
3082 4301 3364 4371 probatur,
3391 4298 3632 4370 praeferri
3647 4297 3738 4368 ju-

2151 4385 2250 4441 stis
2269 4385 2322 4440 in
2352 4386 2614 4458 regimine
2641 4387 2916 4446 Ecclesiae.

2222 4477 2474 4533 Doctrina
2489 4480 2585 4534 viri
2595 4497 2688 4553 per
2699 4481 3006 4552 patientiam
3020 4484 3272 4538 noscitur.
3291 4483 3547 4540 Doctrina
3559 4481 3742 4538 eccle-

471 4575 594 4615 tnen
637 4559 730 4630 qui
757 4539 1032 4615 etii-enatis
1057 4539 1306 4617 sensibus
1333 4561 1530 4618 mentis
1558 4539 1682 4633 plus
1723 4564 1927 4634 appetit
1957 4580 2048 4620 sam
2075 4539 2128 4598 υ
2151 4567 2373 4625 siastica
2397 4584 2495 4642 per
2515 4539 2836 4643 palien'tiam
2869 4573 3172 4642 doctorum,
3197 4591 3362 4646 quam
3391 4575 3462 4630 sit
3490 4573 3740 4643 perfecta

467 4667 594 4723 pere
617 4667 780 4722 quam
821 4652 996 4718 decet,
1036 4646 1352 4724 plerumque
1397 4647 1748 4708 offensionem
1779 4653 2048 4710 haeretica:

469 4742 707 4798 stultitiae
734 4737 1035 4798 temerariis
1064 4732 1380 4798 tractatibus
1408 4743 1652 4810 incurrit,
1689 4745 1834 4815 quod
1857 4743 1911 4799 in
1938 4745 2048 4815 pri—

468 4833 572 4890 mis
607 4833 826 4890 humani
873 4849 1088 4906 generis
1132 4833 1448 4904 parentibus
1499 4834 1728 4906 mystice
1777 4835 2047 4906 signatum

469 4924 572 4996 est,
600 4930 691 5000 qui
721 4931 848 4984 dum
876 4929 1112 4998 appetitu
1141 4929 1380 4984 scientia:
1417 4927 1636 4998 inajoris
1669 4929 1892 4983 vetitum
1921 4945 2050 4985 con-

471 5028 676 5106 tingere
694 5023 1075 5096 properabant,
1099 5039 1129 5078 a
1160 5032 1301 5079 statu
1331 5023 1676 5080 beatitudinis
1706 5023 1760 5078 in
1787 5039 1892 5094 qua
1919 5011 2062 5079 con?

459 5116 567 5172 ’diti
607 5123 753 5181 sunt,
794 5115 1069 5172 deviantes
1110 5115 1168 5172 in
1206 5129 1420 5188 poenam
1454 5115 1686 5172 miseria:
1717 5123 1776 5170 et
1811 5115 2048 5172 mortali-

471 5209 598 5266 tatis
624 5207 946 5264 inciderunt.

541 5297 778 5354 Stultitia
803 5297 1026 5354 hominis
1053 5283 1349 5368 supplantat
1385 5313 1590 5369 gressus
1623 5296 1756 5368 ejus,
1788 5305 1836 5350 et
1865 5306 2047 5352 contra

471 5388 639 5444 Deum
668 5388 820 5443 feruet
849 5389 1024 5442 animo
1051 5391 1165 5442 suo.
1200 5382 1494 5444 Stultorum
1531 5388 1700 5443 moris
1725 5397 1808 5442 est
1835 5396 1889 5442 et
1923 5405 2046 5443 cum

434 5513 446 5525 .
471 5474 740 5548 peccando
765 5479 908 5534 viam
932 5477 1180 5534 veritatis
1203 5463 1480 5545 deserunt,
1519 5495 1623 5534 non
1653 5497 1712 5536 se
1737 5495 1949 5536 errasse
1969 5475 2050 5534 fa-

471 5576 710 5638 teantur,
752 5571 845 5628 sed
877 5571 947 5628 ad
991 5571 1198 5642 culpam
1236 5571 1531 5628 conditoris
1566 5573 1649 5629 sui
1679 5580 1861 5627 reatus
1883 5571 2049 5642 origi-

469 5675 593 5718 nem
620 5653 880 5730 referant,
920 5659 1074 5734 quasi
1126 5659 1242 5732 ipse
1289 5663 1626 5720 occasionem
1663 5661 1920 5735 peccandi
1954 5661 2050 5715 tri-

469 5751 670 5823 bucrit,
713 5751 808 5828 qui
852 5751 938 5809 vel
983 5751 1224 5824 fragilem
1275 5748 1462 5810 feceril
1517 5752 1813 5820 hominem,
1856 5753 1940 5808 vel
1977 5747 2047 5808 ad

2149 4669 2502 4717 monstratur.
2543 4663 2681 4732 Quia
2713 4665 2842 4720 dum
2870 4666 3040 4738 magis
3067 4665 3452 4724 aillictionibus
3478 4682 3544 4722 ac
3572 4667 3743 4724 utor-tl

2151 4765 2348 4822 corpus
2386 4753 2619 4830 subdere
2661 4769 2822 4824 quam
2854 4772 2884 4810 a
2923 4757 3154 4813 docendi
3193 4757 3368 4814 obicio
3395 4772 3612 4814 cessare
3641 4771 3741 4813 τοι·

2149 4841 2388 4908 luerunt,
2420 4844 2776 4900 ostendebant
2802 4845 2990 4914 utique
3009 4858 3270 4916 quantum
3305 4860 3448 4906 esset
3479 4848 3742 4908 salutaris

2149 4929 2316 5002 quam
2362 4942 2508 4987 tanta
2561 4933 2822 4989 instantia
2875 4937 3162 4994 defensare
3207 4949 3484 4996 curarunt.
3535 4941 3732 5005 Aliter,

2151 5024 2403 5078 Doctrina
2456 5025 2551 5078 viri
2595 5043 2689 5098 per
2733 5029 3038 5097 patientiam
3085 5032 3321 5088 noscitur
3333 5071 3349 5097 ,
3401 5033 3528 5102 quia
3579 5041 3738 5090 tanto

2153 5113 2382 5184 quisque
2418 5115 2598 5172 minus
2647 5118 2950 5174 ostenditur
2992 5122 3206 5187 doctus,
3255 5131 3460 5191 quanto
3501 5123 3736 5182 convin-

2122 5203 2296 5258 citur
2337 5201 2516 5260 minus
2563 5207 2796 5276 patiens,
2843 5225 3022 5282 neque
3067 5211 3214 5266 enim
3249 5221 3428 5282 potest
3465 5213 3736 5272 veraciter

2153 5293 2293 5349 bona
2323 5295 2563 5350 docendo
2601 5295 2936 5368 impendere,
2983 5300 3030 5356 si
3069 5300 3300 5356 vivendo
3341 5301 3516 5356 nescit
3547 5317 3733 5371 aequa-

2154 5384 2373 5439 nimiter
2409 5385 2586 5444 aliena
2639 5388 2779 5444 mala
2836 5390 3087 5447 tolerare.
3147 5391 3320 5450 Recte
3363 5401 3550 5450 autem
3595 5393 3729 5452 sub-

2151 5469 2302 5530 ditur
2326 5493 2340 5528 :

2221 5563 2293 5618 Et
2329 5563 2498 5638 gloria
2543 5569 2658 5638 ejus
2694 5571 2978 5644 estginiqua
3013 5573 3372 5645 prietergredi.
3399 5573 3537 5642 Quia
3563 5573 3732 5628 nitui-

2151 5673 2273 5712 rum
2299 5655 2562 5728 perfectio
2583 5661 2824 5722 doctoris
2846 5674 2931 5722 est
2961 5665 3044 5723 sic
3073 5665 3301 5722 aliorum
3325 5667 3732 5740 improbitatem

2151 5751 2420 5823 patienter
2447 5753 2696 5824 sull‘erre,
2723 5766 2786 5814 ut
2811 5770 3213 5828 suam‘quoque
3245 5755 3590 5829 fragilitatem
3631 5774 3706 5813 no
