4100 6324
342 370 443 445 ut

1093 365 1460 441 nitrosum
1494 368 1564 439 tu
1595 368 1990 441 moveam
2033 374 2447 442 SALOMONIS.
2487 415 2562 429 —
2594 382 2725 442 LIB.
2761 385 2828 444 ιι.

3508 386 3614 450 742

339 501 482 565 Verit
513 496 584 557 ali
618 496 804 570 iuiqiia
841 499 1064 555 actione
1109 497 1338 555 solerter
1379 500 1689 556 observare.
1740 498 1928 571 Neque
1957 488 2009 567 Α
2035 496 2124 551 tite
2149 502 2311 566 quam
2342 496 2607 553 habuerat
2642 498 2912 569 rapueris,
2953 506 3219 557 rationem
3247 504 3345 573 pro
3374 516 3441 559 eo
3467 504 3610 574 quod

342 594 488 652 enim
513 600 608 648 aut
641 591 907 648 munditia
932 590 1167 663 propriae
1190 591 1621 648 conversationis
1652 591 1771 648 sine
1799 592 1931 648 tole-i

344 689 525 744 rantis
562 683 765 741 sufﬁcit
805 690 1046 739 externae
1072 681 1516 754 perturbationis,
1551 686 1644 737 aut
1668 682 1715 738 si
1742 683 1805 749 is,
1838 684 1930 751 qui

345 778 565 838 fortiter
584 779 808 835 adversa
834 774 967 832 loris
991 775 1248 843 sustinet,
1272 777 1417 833 intus
1456 766 1635 833 adhuc
1656 778 1930 834 enerviter

347 874 549 946 iniquis
580 872 815 929 motibus
838 870 1008 926 lavet.

418 967 569 1025 Sicut
614 966 855 1041 fremitus
891 963 1079 1031 leonis,
1107 965 1182 1019 ita
1215 972 1266 1020 et
1305 963 1437 1037 regis
1466 964 1581 1020 ira:
1611 973 1660 1021 et
1682 965 1818 1021 sicut
1844 980 1930 1022 ros

347 1072 500 1131 super
540 1056 776 1124 herbam,
826 1057 904 1111 ita
948 1056 1191 1112 hilaritas
1232 1058 1365 1127 ejus.
1410 1052 1489 1112 De
1533 1048 1761 1113 Domitio
1805 1062 1932 1131 rege

346 1151 494 1215 dicit,
521 1152 616 1221 qui
661 1150 719 1206 in
760 1149 966 1223 judicio
998 1156 1055 1205 et
1088 1144 1279 1206 hilaris
1305 1164 1369 1207 ac
1389 1142 1621 1219 blandus
1653 1152 1836 1224 juStis,
1875 1160 1930 1209 et

345 1238 604 1299 terribilis
628 1242 915 1313 apparebit
936 1241 1175 1314 injustis.

291 1332 305 1383 ἓ
416 1330 582 1388 Dolor
619 1334 784 1404 patris
818 1332 963 1405 ﬁlius
994 1332 1206 1388 stultus.
1243 1332 1385 1389 Deus
1406 1335 1500 1406 qui
1526 1334 1581 1390 itl
1610 1342 1706 1391 sua
1736 1344 1931 1391 natura

346 1424 695 1497 itupassibilis
736 1438 951 1496 semper
987 1431 1072 1481 est
1117 1426 1173 1481 et
1212 1424 1477 1498 placidus,
1527 1428 1711 1485 dolere
1749 1428 1930 1483 tamen

346 1526 533 1572 nostro
561 1522 717 1572 more
744 1517 981 1573 dicitur:
1010 1524 1134 1574 cum
1180 1519 1429 1576 homines
1467 1534 1604 1591 quos
1629 1518 1697 1575 ad
1726 1528 1785 1577 se
1813 1530 1931 1578 ‘cre‘

347 1610 579 1667 dentium
627 1608 1066 1682 laudandumque
1107 1615 1335 1681 creavit,
1388 1612 1530 1671 hosu
1580 1615 1758 1686 potius
1811 1632 1927 1672 ma-

345 1702 509 1775 ligno,
537 1706 702 1773 quam
736 1703 843 1759 sibi
870 1704 1077 1760 servire
1104 1703 1445 1775 considerat;
1476 1698 1615 1763 tmde‘
1643 1714 1695 1764 et
1722 1707 1932 1781 Moyses

2032 586 2260 641 fratrem
2297 588 2697 653 scandalizasti,
2741 589 2986 645 districto
3016 588 3183 660 jndici
3215 591 3425 649 reddes.
3457 591 3612 651 Patet

2030 677 2228 735 littera:
2246 694 2438 737 sensus
2453 680 2582 751 quia
2604 682 2697 752 qui
2721 697 2820 752 per
2844 683 3235 754 impatientiam
3260 686 3452 757 inopiae
3470 688 3614 744 lurto

2031 771 2199 827 servit
2225 782 2318 827 aut
2342 773 2563 845 rapinis,
2594 774 2851 830 damnum
2875 790 2986 830 sum
3011 776 3205 831 animte
3234 777 3387 845 facit,
3412 789 3467 834 et
3489 795 3613 847 cum

2031 876 2147 920 rem
2188 866 2423 934 proximi
2452 865 2608 933 tollit,
2639 875 2694 922 et
2725 867 2771 923 si
2808 882 2913 923 non
2942 867 3153 923 homini
3176 884 3273 939 per
3302 870 3424 937 hoc,
3466 878 3615 926 certe

2029 964 2234 1012 teteruo
2267 955 2437 1029 iudici
2486 960 2755 1015 rationem
2803 958 3030 1016 reddere
3077 958 3261 1016 liabet.
3313 960 3465 1017 Unde
3511 961 3616 1016 alia

2030 1048 2198 1105 editio
2220 1050 2297 1104 ita
2319 1050 2463 1106 hunc
2494 1051 2825 1107 versiculum
2856 1051 3133 1108 transtulit
3158 1072 3171 1106 :
3201 1052 3344 1107 Male
3377 1054 3613 1125 cogitatis

2030 1138 2186 1194 Itomo
2211 1139 2376 1194 multo
2396 1142 2590 1196 damno
2618 1143 2918 1214 tif/ligetur;
2949 1152 2997 1197 et
3026 1144 3073 1198 si
3090 1144 3414 1214 perniciosa
3435 1144 3615 1214 fuerit,

2031 1238 2083 1285 et
2110 1231 2345 1285 animant
2381 1246 2534 1287 suam
2574 1244 2815 1305 apponet.
2856 1235 2995 1302 Quia
3024 1235 3278 1290 niti-iram
3310 1250 3431 1291 cum
3458 1248 3619 1306 pecu-

2031 1320 2179 1375 niam
2214 1319 2483 1378 violentus
2533 1323 2835 1393 abstulerit,
2881 1330 2980 1398 pro
3015 1325 3119 1383 hae
3150 1327 3386 1382 animam
3416 1326 3621 1383 invitus

2032 1412 2200 1468 dabit;

2102 1505 2279 1562 Homo
2323 1508 2566 1581 indigens
2616 1511 2913 1569 misericors
2958 1522 3052 1569 est.
3102 1513 3437 1588 indigentem
3487 1516 3621 1574 dicit

2032 1597 2332 1667 humilem,
2390 1602 2483 1672 qui
2528 1614 2587 1658 se
2621 1604 2901 1675 perpetuis
2947 1605 3105 1663 bonis
3152 1616 3311 1681 egere
3343 1610 3460 1666 sine
3498 1624 3618 1666 ces-

2035 1692 2246 1749 satione
2297 1694 2505 1750 recolit.
2564 1686 2715 1753 Talis
2768 1712 3005 1770 namque
3066 1710 3127 1758 ut
3192 1703 3620 1760 misericordiam

345 1797 413 1854 de
441 1794 530 1853 illo
555 1817 570 1853 :
602 1794 876 1867 Pcertituil,
913 1799 1104 1871 inquit,
1135 1818 1250 1857 eum
1278 1802 1419 1876 quod
1444 1803 1702 1860 hominem
1726 1802 1931 1875 fecisset
1993 1873 1997 1876 λ
2035 1793 2401 1855 θοηδθίιυθίυτ
2428 1802 2461 1841 ³
2489 1787 2740 1857 “mnino:
2784 1806 3058 1864 "unquam
3096 1796 3344 1865 Ρνοιῖηῑο
3372 1798 3621 1855 misereri

346 1890 402 1943 in
429 1897 592 1956 terra,
633 1899 680 1945 et
711 1899 881 1945 tactus
904 1890 1083 1947 dolore
1119 1873 1299 1948 contis
1332 1894 1646 1951 intrinsecus
1671 1909 1689 1948 :
1713 1873 1927 1964 Delebo,

2038 1886 2271 1932 recusat.
2305 1877 2383 1933 De
2406 1893 2514 1949 quo
2538 1889 2593 1935 et
2623 1883 3017 1953 subsequenter
3039 1886 3282 1943 auncbtit
3308 1904 3320 1942 :

347 1980 541 2051 inquit,
575 1981 836 2036 hominem
862 1992 1014 2055 quem
1042 1985 1214 2039 creari
1240 2002 1272 2040 a
1299 1985 1434 2056 facie
1463 1994 1614 2042 terra?
1641 1986 1793 2061 (Gen.
1827 1990 1925 2062 vn).

420 2071 492 2126 Et
512 2081 645 2126 tectu
662 2073 866 2143 iugiter
890 2072 1237 2145 perstillantia
1265 2073 1496 2148 litigiosa
1526 2079 1734 2133 mulier.
1780 2077 1935 2137 Sicut

348 2173 499 2219 recta
535 2163 895 2235 perstillantia
942 2166 1179 2236 pluviam
1219 2168 1433 2239 quidem
1480 2171 1547 2226 de
1586 2166 1724 2229 caelo
1761 2175 1933 2231 susci-

348 2257 524 2328 piunt,
554 2273 662 2313 non
690 2257 871 2314 tamen
900 2256 1040 2316 hanc
1066 2263 1133 2317 ad
1154 2262 1442 2320 utilitatem
1473 2265 1705 2338 aliqtiatn'
1727 2264 1936 2340 diSper-

351 2350 513 2417 tiunt,
558 2351 652 2406 sed
689 2352 758 2406 ad
794 2352 1101 2409 molestiam
1135 2356 1314 2425 potius
1342 2352 1758 2417 inhabitantium
1790 2362 1936 2418 deri-

348 2447 482 2495 vant
511 2459 524 2493 :
555 2441 627 2495 ita
662 2441 921 2496 nimirum
952 2442 1329 2502 haereticorum
1359 2442 1598 2505 Ectlttsia
1632 2448 1931 2509 ed-lestium

351 2528 489 2585 dona
522 2531 834 2599 verborum,
867 2551 976 2591 non
1002 2534 1069 2590 ad
1101 2537 1333 2593 salutem
1360 2541 1685 2609 animarum,
1729 2540 1826 2599 sed
1864 2538 1935 2599 ad

351 2621 508 2676 usum
553 2622 667 2678 suae
702 2626 959 2695 nequitiae
998 2627 1139 2684 male
1184 2629 1597 2700 interpretando
1641 2634 1696 2688 et
1740 2630 1930 2689 contra

352 2712 652 2769 catholicos
675 2713 936 2786 litigando
971 2720 1260 2774 convertit.
1302 2712 1466 2776 Tecta
1493 2723 1693 2778 etenim
1722 2708 1932 2795 perstit-

352 2801 519 2858 lantia
562 2807 792 2862 mundos
817 2808 1034 2878 quidem
1074 2811 1270 2881 pluviae
1299 2821 1478 2882 guttas
1505 2814 1794 2885 accipiunt,
1836 2816 1931 2872 sed

357 2895 587 2965 subjecti
614 2896 669 2951 in
690 2899 851 2954 domo
876 2898 1119 2957 sordidas
1142 2902 1390 2958 reddunt.
1410 2904 1479 2959 Et
1500 2904 1788 2962 haereticus
1816 2905 1936 2961 lim-

351 2987 629 3063 pidissilna
645 2989 882 3048 celestis
902 2994 1111 3050 oraculi
1125 2996 1291 3050 verba
1318 2996 1503 3052 auditu
1521 2998 1765 3069 corporis
1794 2999 1929 3055 hau-

353 3080 447 3146 rit,
492 3089 551 3136 at
588 3082 678 3137 ubi
700 3084 818 3140 haec
858 3087 1022 3141 corde
1061 3087 1264 3158 polluto
1302 3090 1561 3161 attigerit,
1594 3088 1936 3150 auditoribus

354 3173 467 3229 suis
486 3175 645 3230 sorde
667 3176 835 3231 mixta
866 3178 1156 3234 ministrat.

2105 1967 2176 2022 Et
2199 1968 2387 2024 melior
2404 1982 2606 2043 pauper
2623 1986 2780 2044 quam
2801 1975 2881 2030 vir
2903 1974 3151 2031 mendax.
3180 1978 3368 2035 Melior
3388 1996 3621 2051 namque

2034 2065 2119 2113 est
2143 2059 2363 2116 humilis
2389 2063 2571 2129 corde,
2597 2065 2690 2133 qui
2710 2062 2845 2120 nihil
2876 2069 2991 2122 suis
3016 2068 3136 2123 ﬁdit
3159 2068 3432 2139 Operibus,
3457 2080 3620 2141 quam

2035 2153 2127 2222 qui
2159 2167 2217 2209 se
2237 2168 2350 2224 pra:
2381 2155 2702 2211 excellentia
2731 2158 2992 2214 virtutum
3021 2161 3125 2216 viri
3152 2162 3369 2218 nomine
3400 2164 3621 2235 dignum

2035 2246 2244 2301 ducens
2287 2245 2493 2305 fallitur
2529 2250 2765 2319 nescius,
2816 2252 2942 2307 dum
2984 2254 3345 2324 superbiendo
3390 2257 3624 2326 perdidit

2034 2338 2177 2393 bona
2202 2353 2325 2409 qua:
2346 2341 2513 2411 gessit

2105 2429 2392 2487 Abscondit
2410 2433 2559 2505 piger
2587 2444 2801 2489 manum
2824 2450 2983 2489 suam
3006 2434 3099 2489 sub
3124 2434 3335 2501 ascella,
3360 2450 3452 2489 nec
3474 2436 3542 2490 ad
3565 2452 3621 2491 os

2035 2531 2194 2575 suum
2243 2521 2476 2594 applicat
2526 2538 2662 2580 eam.
2705 2527 2874 2582 Nemo
2903 2527 2978 2582 ita
3006 2528 3158 2600 piger
3200 2538 3303 2595 eSt,
3350 2536 3409 2583 ut
3455 2528 3523 2584 ad
3562 2542 3624 2586 os

2038 2624 2260 2667 manum
2291 2612 2373 2668 vel
2403 2616 2737 2672 comedenda
2766 2619 3023 2674 reducere
3051 2619 3289 2675 laborem
3318 2629 3490 2690 putet,
3530 2612 3627 2675 sed

2036 2707 2192 2778 pigro
2239 2707 2394 2765 labur
2431 2718 2515 2764 εει
2555 2716 2775 2766 man‘tim’
2806 2714 2873 2769 ad
2899 2727 2962 2769 os
2988 2715 3284 2787 porrigere,
3325 2718 3448 2784 quia
3480 2714 3625 2770 desi-

2037 2797 2221 2854 diosus
2282 2801 2511 2872 quisque
2538 2800 2861 2875 praediéato‘r
2887 2822 2955 2860 ne
2977 2807 3077 2861 hoc
3105 2806 3219 2861 vult
3243 2808 3456 2878 operari
3480 2800 3625 2877 quod

2037 2888 2167 2946 dicit
2214 2890 2430 2947 Manum
2459 2894 2657 2967 quippe
2687 2890 2755 2951 ad
2783 2904 2845 2953 os
2870 2898 3149 2970 porrigere
3187 2906 3269 2954 ρει
3299 2901 3417 2955 veci
3458 2906 3621 2970 opere

2037 2988 2386 3043 concordare.

2110 3072 2280 3134 Testis
2324 3078 2537 3151 iniquus
2588 3078 2792 3136 deridet
2840 3080 3129 3152 judicium.
3186 3072 3323 3139 Illud
3366 3083 3623 3139 videlicet

2034 3178 2144 3241 quo
2188 3171 2443 3228 dicitur:
2492 3171 2619 3228 Non
2681 3173 2881 3244 falsum
2924 3175 3279 3231 testimonium
3330 3170 3471 3233 dices
3498 3182 3516 3244 ;'
3573 3185 3628 3234 et

424 3262 651 3337 Pigmto
702 3269 937 3325 {mutuis
981 3278 1243 3343 saporem,
1298 3272 1451 3346 piget
1490 3273 1791 3345 ερρειιεηῃι
1840 3275 1935 3347 qui
1960 3278 2007 3344 ρ
2038 3266 2185 3319 certe
2234 3262 2498 3333 l’uturbm,
2530 3265 2599 3322 de
2629 3276 2737 3338 quo
2780 3268 2942 3339 supra
2979 3258 3182 3324 dicitur
3210 3287 3222 3324 :
3254 3268 3419 3325 Testis
3458 3270 3626 3341 falsus

355 3366 499 3412 recte
518 3360 805 3417 amittendo
828 3362 984 3432 quasi
1006 3363 1214 3435 vigilat,
1237 3366 1486 3435 quamvis
1506 3366 1640 3421 nihil
1659 3367 1940 3438 Operando

353 3449 631 3518 ωηιεεώι.
663 3449 772 3507 Sed
805 3453 1027 3522 pistatia
1074 3455 1316 3510 immittit
1355 3466 1623 3528 saporem,
1656 3458 1782 3529 quia
1803 3468 1939 3530 pana

351 3538 521 3609 lisper
544 3543 713 3598 etiam
735 3551 882 3599 recte
903 3546 1170 3601 sentiendi
1195 3546 1471 3617 vigilantia
1494 3548 1783 3616 amittitur,
1808 3551 1937 3606 dum

355 3650 389 3688 a
416 3632 555 3689 bene
576 3635 839 3704 ομνιηῶ
879 3634 1062 3693 studio
1096 3646 1363 3695 cessatur.
1402 3640 1576 3697 Bccte
1603 3649 1786 3698 autem
1812 3635 1939 3699 sub—

353 3724 522 3781 ditur.

427 3815 497 3870 Et
524 3833 702 3871 anima
737 3816 997 3875 dissoluta
1038 3822 1249 3876 esuriet.
1286 3820 1424 3877 Nam
1456 3823 1582 3893 quia
1607 3836 1667 3879 se
1687 3821 1755 3880 ad
1780 3838 1939 3897 supe-

356 3910 501 3965 riora
536 3910 852 3979 striugendo
878 3928 987 3968 non
1015 3914 1218 3986 dirigit,
1245 3914 1549 3986 neglectam
1579 3914 1810 3972 inferius
1841 3932 1938 3986 per

355 4001 621 4058 desideria
660 4004 918 4073 expandit
962 4023 976 4059 :
1017 4005 1087 4060 Et
1132 4006 1259 4060 dum
1304 4005 1607 4061 studiorum
1661 4008 1940 4063 subtilium

355 4096 543 4167 vigore
573 4111 683 4152 non
708 4098 1011 4168 stringitur,
1045 4100 1353 4171 cupiditatis
1388 4101 1615 4156 inﬁrma:
1642 4100 1784 4158 l'ame
1814 4086 1941 4158 sau-

357 4190 565 4256 ciatur,
623 4198 687 4245 ut
728 4202 836 4261 quo
875 4204 975 4263 per
1025 4192 1365 4264 disciplinam
1416 4192 1570 4265 ligari
1613 4194 1938 4263 dissimulat,

362 4296 429 4338 eo
453 4297 512 4337 se
537 4283 786 4339 esuriens
813 4294 912 4354 per
938 4283 1280 4339 voluntatum
1306 4284 1635 4340 deSidcrium
1665 4295 1902 4357 spargat.

429 4371 726 4429 Feneratur
742 4375 969 4431 Domino
1008 4376 1097 4446 qui
1121 4378 1399 4433 miseretur
1423 4379 1687 4449 pauperis,
1710 4387 1761 4434 et
1786 4378 1941 4435 vicis-

358 4468 638 4523 situdinem
672 4482 826 4524 suam
862 4470 1039 4525 reddet
1070 4471 1137 4525 ei.
1177 4470 1315 4527 Huic
1348 4473 1631 4527 sementim
1658 4473 1941 4530 veritatem

358 4563 552 4633 probat
577 4563 693 4633 ipse
726 4562 987 4620 Dominus
1015 4580 1141 4620 cum
1176 4578 1237 4621 se
1268 4565 1668 4637 eleemosynam
1697 4566 1943 4623 facienti-

360 4654 463 4710 bus
485 4656 735 4711 daturum
754 4669 876 4711 esse
897 4656 1161 4726 praedicit.

433 4747 611 4802 Erudi
635 4747 806 4816 ﬁlium
836 4756 1007 4815 tuum,
1047 4765 1110 4803 ne
1137 4749 1409 4820 desperes;
1436 4749 1508 4803 ad
1532 4749 1941 4818 interfectionem

362 4847 536 4894 autem
564 4839 681 4910 ejus
709 4846 954 4909 nepoitas
993 4840 1223 4895 animant
1271 4850 1437 4894 tuam.
1498 4840 1814 4909 Subit-ctum
1849 4838 1942 4893 tibi

361 4930 727 5001 quemlibetsi
765 4942 954 4985 errare
994 4931 1297 5002 conspicis,
1350 4931 1634 5000 diligenter
1676 4931 1946 5001 castigare

362 5028 570 5075 curato.
602 5020 769 5088 Quasi
803 5019 984 5075 curari
1029 5022 1229 5088 renuit,
1262 5022 1336 5076 ita
1376 5036 1505 5092 erga
1534 5021 1683 5077 illum
1714 5038 1947 5077 Circum-

363 5120 548 5183 specta
572 5118 629 5167 et
655 5121 1020 5183 temperanter
1068 5128 1187 5185 age,
1237 5129 1306 5170 ne
1341 5115 1469 5184 quid
1503 5116 1725 5170 omnino
1755 5116 1809 5170 in
1843 5116 1947 5172 tuis

362 5205 545 5261 verbis
574 5205 663 5261 vel
683 5207 894 5263 actibus
919 5207 1060 5262 unde
1097 5205 1327 5278 amplius
1348 5216 1536 5278 peccet
1560 5208 1820 5264 inveniat.
1848 5207 1949 5264 cui

364 5299 548 5356 sensui
576 5299 873 5369 opitulatur
903 5300 1039 5357 illud
1064 5301 1213 5371 quad
1226 5301 1474 5371 sequitur
1498 5317 1514 5356 :

435 5387 547 5456 Qui
564 5390 843 5461 intpatiens
869 5399 963 5457 est;
998 5391 1269 5447 tttstittebit
1297 5391 1549 5448 damnum
1573 5408 1591 5446 :
1618 5404 1667 5449 et
1702 5398 1827 5450 cum
1856 5414 1947 5453 ra-

363 5482 562 5551 puerit,
597 5481 747 5536 aliud
781 5493 1025 5556 apponet.
1045 5484 1123 5560 ‘Si
1149 5487 1297 5540 enim
1326 5485 1527 5541 duritia
1573 5488 1950 5546 contradicen-

367 5573 438 5628 tis
459 5573 647 5630 fratris
669 5584 831 5647 quem
862 5578 1081 5633 erudire
1109 5578 1342 5649 coepisti,
1376 5589 1703 5651 provocatus
1738 5582 1854 5653 ipse
1892 5584 1949 5637 in

365 5664 718 5757 metienda
760 5671 955 5726 vitium
1003 5662 1225 5738 labaris,
1276 5673 1533 5729 damnum
1568 5674 1813 5745 profecto
1845 5684 1947 5731 tua:

365 5757 585 5815 virtutis
626 5760 879 5817 ineunte.
926 5761 997 5816 Et
1031 5774 1155 5817 eum
1198 5761 1351 5817 illum
1390 5763 1579 5821 durius
1617 5766 1947 5835 increpando

367 5848 513 5907 forte
535 5863 690 5924 spem
704 5853 1079 5924 premerem
1100 5851 1292 5918 salutis
1315 5854 1647 5928 agendaque
1670 5857 1948 5927 pwhiten-
1986 5926 1989 5933 Α

2038 3368 2144 3411 non
2175 3358 2275 3412 erit
2305 3358 2593 3435 impunitus
2617 3375 2636 3414 :
2661 3367 2711 3413 et
2737 3360 2827 3433 qui
2856 3359 3092 3432 loqiitttr
3120 3363 3395 3417 Mendacia
3418 3364 3627 3433 paribit.

2108 3448 2181 3505 Et
2218 3452 2576 3522 osin‘tpioium
2612 3450 2826 3508 decorat
2856 3453 3204 3525 iniquitatem.
3234 3452 3631 3510 Sicut'l'aureil-‘

2040 3548 2137 3598 cus
2182 3543 2334 3598 i‘elici
2376 3543 2517 3599 cibis
2560 3544 2852 3611 desidbrat,
2898 3544 2974 3600 ita
3011 3546 3212 3615 impius
3237 3540 3296 3602 iit
3324 3547 3633 3619 iniquitatis

2040 3634 2388 3690 exsecutione
2417 3634 2669 3701 satietur,
2695 3636 2949 3690 ardenter
2973 3634 3228 3704 exquirit.

2118 3720 2317 3778 Parata
2363 3732 2483 3779 sunt
2526 3724 2849 3780 derisoribus
2878 3720 3113 3797 judicia,
3157 3724 3205 3779 et
3245 3724 3423 3780 mallei
3448 3732 3632 3798 percu-

2040 3821 2222 3873 tientes
2245 3816 2525 3874 stultorum
2553 3820 2877 3889 corporibus.
2912 3820 2981 3876 Et
3001 3820 3047 3876 si
3067 3822 3301 3893 reprobi,
3332 3823 3471 3878 sicut
3495 3841 3631 3895 pra:-

2043 3911 2247 3966 dictum
2289 3916 2394 3978 est,
2436 3908 2521 3965 vel
2555 3909 2821 3979 jtissionis
2873 3918 2929 3967 et
2958 3913 3398 3968 comminationis
3437 3914 3633 3976 divime'

2039 4002 2301 4074 judicium
2361 4002 2643 4070 derident,
2707 4010 2899 4073 parata
2955 4014 3134 4059 tamen
3178 4016 3273 4060 eos
3318 4014 3633 4076 eXSpectant

2037 4094 2245 4167 judicia
2282 4095 2667 4161 damnationis,
2699 4104 2819 4164 quae
2848 4102 2908 4149 ut
2935 4093 3115 4150 mallei
3139 4094 3343 4151 ferrum
3372 4098 3631 4166 candens,

2046 4189 2121 4244 ita
2149 4203 2244 4244 eos
2270 4188 2326 4243 in
2361 4187 2582 4243 fornace
2615 4188 2873 4259 gehennae
2902 4187 3021 4242 sine
3047 4186 3153 4242 line
3180 4189 3487 4244 verberent.

2643 4278 2871 4338 CAPUT
2908 4278 3030 4336 XX.-

2118 4368 2344 4444 Propter
2387 4372 2553 4443 frigus
2580 4373 2726 4444 piger
2748 4389 2905 4447 alere
2926 4373 3091 4428 noluit
3115 4390 3134 4429 :
3159 4374 3471 4430 mendicabit
3509 4391 3629 4447 ergo

2046 4437 2249 4531 testate,
2280 4474 2330 4519 et
2360 4437 2700 4519 non-dabitur
2720 4437 2916 4533 eifQui
2946 4474 3089 4522 nunc
3114 4478 3337 4538 propter
3371 4468 3634 4534 desidiam

2048 4559 2104 4614 in
2128 4552 2223 4612 Dei
2252 4558 2476 4613 servitio
2512 4556 2761 4612 laborare
2802 4558 3061 4630 neglexit,
3110 4568 3342 4615 ven‘tu‘ro
3371 4562 3457 4615 die
3486 4560 3634 4630 regni

1976 4664 2025 4723 D
2055 4648 2403 4713 mendicabit,
2443 4654 2499 4703 et
2526 4662 2633 4701 non
2668 4648 2885 4719 dabitur
2929 4650 3001 4714 ei,
3029 4651 3153 4720 quia
3184 4662 3521 4720 Quaecunque
3547 4665 3634 4703 se-

2049 4741 2343 4797 minaverit
2390 4742 2574 4806 homo,
2618 4740 2733 4793 hate
2757 4740 2812 4794 et
2840 4750 3024 4795 metet.
3056 4741 3201 4795 Bene
3227 4743 3373 4796 enim
3408 4752 3632 4810 regnant

2049 4834 2144 4888 Dei
2171 4834 2346 4888 aestati
2387 4839 2755 4901 comparatur,
2813 4832 2939 4901 quia
2988 4841 3118 4886 tunc
3170 4833 3424 4886 mmroris
3466 4831 3637 4885 nostri

2050 4926 2233 4983 nubila
2282 4934 2587 4994 transeunt,
2619 4935 2674 4982 et
2698 4926 2821 4982 vitae
2843 4926 2958 4983 dics
2996 4926 3185 4981 aatcrni
3226 4924 3357 4980 solis
3388 4924 3635 4980 claritate

2049 5022 2372 5095 l’ulgescuut.

2121 5116 2310 5172 Justus
2349 5118 2439 5189 qui
2474 5116 2709 5171 ambulat
2737 5117 2793 5171 in
2821 5112 3154 5187 simplicitate
3176 5116 3295 5180 s'tta,
3321 5112 3496 5168 beatos
3521 5106 3637 5185 post

2049 5226 2104 5265 se
2124 5209 2261 5279 ﬁlios
2283 5209 2623 5281 derclinquet.
2648 5208 2763 5264 Non
2790 5209 2892 5264 hoc
2917 5200 3209 5264 secundum
3234 5206 3468 5262 litteram
3497 5223 3638 5283 some

2050 5316 2149 5371 per
2176 5310 2321 5355 stare
2348 5306 2547 5369 potest,
2582 5308 2707 5354 nam
2739 5300 2793 5355 et
2828 5298 3018 5356 beatus
3051 5297 3289 5366 Samuel,
3322 5300 3407 5354 vir‘
3455 5298 3635 5370 justus

2054 5411 2118 5449 ac
2146 5394 2375 5464 simplex
2398 5394 2688 5449 dissimiles
2710 5394 2792 5447 sui
2821 5392 2961 5448 filios
2990 5388 3229 5464 reliquit,
3255 5396 3311 5448 et
3334 5382 3515 5449 Achas
3550 5393 3636 5449 in-

2047 5480 2227 5558 iustos
2267 5501 2330 5540 ac
2361 5488 2621 5556 reprobus
2670 5487 2886 5540 beatum
2935 5482 3056 5558 ρωΞί
3097 5480 3157 5543 se
3198 5484 3367 5542 lilium
3422 5484 3640 5563 reliquit

2057 5576 2365 5634 Ezechiam.
2392 5576 2498 5633 Sed
2521 5574 2803 5646 ﬁliosjusti
2828 5566 2956 5634 dicit
2979 5596 3092 5647 eos,
3121 5574 3213 5651 qui
3242 5578 3486 5651 exempla
3508 5575 3639 5649 )usti

2057 5674 2374 5742 sequuntur.
2408 5664 2560 5726 Unde
2606 5686 2749 5726 nunc
2790 5674 2983 5727 omnes
3020 5662 3176 5727 electi
3220 5680 3443 5742 propter
3475 5668 3639 5724 ﬁdem

2056 5760 2152 5817 lilii
2176 5760 2426 5817 dicuntur
2462 5760 2713 5829 Abrahae,
2743 5769 2880 5819 teste
2903 5758 3163 5835 Apostoio
3190 5764 3281 5834 qui
3310 5762 3419 5815 ait:
3449 5748 3511 5815 Si
3536 5762 3638 5813 au—

2054 5864 2159 5912 tem
2190 5864 2281 5909 vos
2305 5850 2524 5924 Christi,
2556 5870 2679 5926 ergo
2708 5853 2936 5913 Abralue
2960 5872 3148 5913 .scmen
3182 5854 3306 5911 estis
3349 5842 3490 5925 (Gal.
3519 5848 3637 5922 tu),
