  <div class='ocr_page' id='page_1' title='image "/cluster/home/n/w/nwhite01/storage/ocr_20150623/111/hvd.32044009716333/379.png"; bbox 0 0 4100 6324; ppageno 0'>
   <div class='ocr_carea' id='block_1_1' title="bbox 462 349 565 435">
    <p class='ocr_par' dir='ltr' id='par_1_1' title="bbox 462 349 565 435">
     <span class='ocr_line' id='line_1_1' title="bbox 462 349 565 435; baseline -0.029 -31"><span class='ocrx_word' id='word_1_1' title='bbox 462 349 565 435; x_wconf 66' lang='grc' dir='ltr'>ᾑιιῖι</span> 
     </span>
    </p>
   </div>
   <div class='ocr_carea' id='block_1_2' title="bbox 1133 306 3091 394">
    <p class='ocr_par' dir='ltr' id='par_1_2' title="bbox 1133 306 3091 394">
     <span class='ocr_line' id='line_1_2' title="bbox 1133 306 3091 394; baseline -0.012 1"><span class='ocrx_word' id='word_1_2' title='bbox 1133 340 1192 394; x_wconf 83' lang='lat' dir='ltr'><strong>n.</strong></span> <span class='ocrx_word' id='word_1_3' title='bbox 1234 306 1488 394; x_wconf 59' lang='lat' dir='ltr'><strong>nimim</strong></span> <span class='ocrx_word' id='word_1_4' title='bbox 1525 332 1743 390; x_wconf 71' lang='lat' dir='ltr'><strong>mum</strong></span> <span class='ocrx_word' id='word_1_5' title='bbox 1777 327 2096 387; x_wconf 79' lang='lat' dir='ltr'><strong>ARCHIEP.</strong></span> <span class='ocrx_word' id='word_1_6' title='bbox 2137 323 2447 382; x_wconf 73' lang='lat' dir='ltr'><strong>uocum.</strong></span> <span class='ocrx_word' id='word_1_7' title='bbox 2487 321 2775 381; x_wconf 79' lang='lat' dir='ltr'><strong>OPEBUM</strong></span> <span class='ocrx_word' id='word_1_8' title='bbox 2811 321 2993 379; x_wconf 63' lang='lat' dir='ltr'><strong>psus</strong></span> <span class='ocrx_word' id='word_1_9' title='bbox 3024 321 3091 377; x_wconf 85' lang='grc' dir='ltr'><strong>ιιι</strong></span> 
     </span>
    </p>
   </div>
   <div class='ocr_carea' id='block_1_3' title="bbox 3625 313 3728 369">
    <p class='ocr_par' dir='ltr' id='par_1_3' title="bbox 3625 313 3728 369">
     <span class='ocr_line' id='line_1_3' title="bbox 3625 313 3728 369; baseline -0.019 0"><span class='ocrx_word' id='word_1_10' title='bbox 3625 313 3728 369; x_wconf 69' lang='grc'><strong>744</strong></span> 
     </span>
    </p>
   </div>
   <div class='ocr_carea' id='block_1_4' title="bbox 464 426 3730 538">
    <p class='ocr_par' dir='ltr' id='par_1_4' title="bbox 464 426 3730 538">
     <span class='ocr_line' id='line_1_4' title="bbox 464 426 3730 538; baseline -0.013 -15"><span class='ocrx_word' id='word_1_11' title='bbox 464 429 658 538; x_wconf 86' lang='lat' dir='ltr'><strong>quibus</strong></span> <span class='ocrx_word' id='word_1_12' title='bbox 697 456 972 518; x_wconf 74' lang='lat' dir='ltr'><strong>beatitudo</strong></span> <span class='ocrx_word' id='word_1_13' title='bbox 1020 471 1127 513; x_wconf 90' lang='lat' dir='ltr'><strong>non</strong></span> <span class='ocrx_word' id='word_1_14' title='bbox 1170 455 1332 526; x_wconf 91' lang='lat' dir='ltr'><strong>hujus</strong></span> <span class='ocrx_word' id='word_1_15' title='bbox 1357 452 1558 518; x_wconf 61' lang='lat' dir='ltr'><strong>saeculi,</strong></span> <span class='ocrx_word' id='word_1_16' title='bbox 1597 450 1691 506; x_wconf 90' lang='lat' dir='ltr'><strong>sed</strong></span> <span class='ocrx_word' id='word_1_17' title='bbox 1720 447 1886 504; x_wconf 85' lang='lat' dir='ltr'><strong>futuri</strong></span> <span class='ocrx_word' id='word_1_18' title='bbox 1912 459 2038 517; x_wconf 83' lang='lat' dir='ltr'><strong>pro-</strong></span> <span class='ocrx_word' id='word_1_19' title='bbox 2063 445 2120 507; x_wconf 82' lang='lat' dir='ltr'><strong>A</strong></span> <span class='ocrx_word' id='word_1_20' title='bbox 2143 447 2343 503; x_wconf 90' lang='lat' dir='ltr'><strong>munda</strong></span> <span class='ocrx_word' id='word_1_21' title='bbox 2365 460 2486 501; x_wconf 89' lang='lat' dir='ltr'><strong>esse</strong></span> <span class='ocrx_word' id='word_1_22' title='bbox 2515 450 2571 499; x_wconf 91' lang='lat' dir='ltr'><strong>et</strong></span> <span class='ocrx_word' id='word_1_23' title='bbox 2594 449 2744 497; x_wconf 87' lang='lat' dir='ltr'><strong>recta</strong></span> <span class='ocrx_word' id='word_1_24' title='bbox 2768 453 2934 509; x_wconf 86' lang='lat' dir='ltr'><strong>opera</strong></span> <span class='ocrx_word' id='word_1_25' title='bbox 2978 433 3216 505; x_wconf 89' lang='lat' dir='ltr'><strong>intellige</strong></span> <span class='ocrx_word' id='word_1_26' title='bbox 3242 448 3255 486; x_wconf 94' lang='lat'>:</span> <span class='ocrx_word' id='word_1_27' title='bbox 3281 428 3454 498; x_wconf 86' lang='lat' dir='ltr'><strong>Quem</strong></span> <span class='ocrx_word' id='word_1_28' title='bbox 3484 441 3618 482; x_wconf 87' lang='lat' dir='ltr'><strong>vero</strong></span> <span class='ocrx_word' id='word_1_29' title='bbox 3644 426 3730 482; x_wconf 87' lang='lat' dir='ltr'><strong>bis</strong></span> 
     </span>
    </p>
   </div>
   <div class='ocr_carea' id='block_1_5' title="bbox 463 547 1488 618">
    <p class='ocr_par' dir='ltr' id='par_1_5' title="bbox 463 547 1488 618">
     <span class='ocr_line' id='line_1_5' title="bbox 463 547 1488 618; baseline -0.017 -2"><span class='ocrx_word' id='word_1_30' title='bbox 463 559 713 616; x_wconf 90' lang='lat' dir='ltr'><strong>mittitur.</strong></span> <span class='ocrx_word' id='word_1_31' title='bbox 742 554 893 612; x_wconf 87' lang='lat' dir='ltr'><strong>Unde</strong></span> <span class='ocrx_word' id='word_1_32' title='bbox 916 563 1064 607; x_wconf 87' lang='lat' dir='ltr'><strong>recte</strong></span> <span class='ocrx_word' id='word_1_33' title='bbox 1094 547 1438 618; x_wconf 89' lang='lat' dir='ltr'><strong>subjungitur</strong></span> <span class='ocrx_word' id='word_1_34' title='bbox 1460 564 1488 600; x_wconf 70' lang='grc' dir='ltr'><strong>ε’</strong></span> 
     </span>
    </p>
   </div>
   <div class='ocr_carea' id='block_1_6' title="bbox 535 630 2044 720">
    <p class='ocr_par' dir='ltr' id='par_1_6' title="bbox 535 630 2044 720">
     <span class='ocr_line' id='line_1_6' title="bbox 535 630 2044 720; baseline -0.015 -15"><span class='ocrx_word' id='word_1_35' title='bbox 535 649 649 705; x_wconf 74' lang='lat' dir='ltr'><strong>Rea:</strong></span> <span class='ocrx_word' id='word_1_36' title='bbox 671 647 759 720; x_wconf 93' lang='lat' dir='ltr'><strong>qui</strong></span> <span class='ocrx_word' id='word_1_37' title='bbox 781 646 918 701; x_wconf 82' lang='lat' dir='ltr'><strong>sedet</strong></span> <span class='ocrx_word' id='word_1_38' title='bbox 940 645 998 698; x_wconf 90' lang='lat' dir='ltr'><strong>in</strong></span> <span class='ocrx_word' id='word_1_39' title='bbox 1021 641 1150 696; x_wconf 89' lang='lat' dir='ltr'><strong>solio</strong></span> <span class='ocrx_word' id='word_1_40' title='bbox 1183 639 1380 710; x_wconf 88' lang='lat' dir='ltr'><strong>judicii</strong></span> <span class='ocrx_word' id='word_1_41' title='bbox 1417 639 1637 708; x_wconf 78' lang='lat' dir='ltr'><strong>dissipat</strong></span> <span class='ocrx_word' id='word_1_42' title='bbox 1673 650 1822 689; x_wconf 91' lang='lat' dir='ltr'><strong>omne</strong></span> <span class='ocrx_word' id='word_1_43' title='bbox 1844 630 2044 685; x_wconf 90' lang='lat' dir='ltr'><strong>malum</strong></span> 
     </span>
    </p>
   </div>
   <div class='ocr_carea' id='block_1_7' title="bbox 461 724 2046 796">
    <p class='ocr_par' dir='ltr' id='par_1_7' title="bbox 461 724 2046 796">
     <span class='ocr_line' id='line_1_7' title="bbox 461 724 2046 796; baseline -0.013 0"><span class='ocrx_word' id='word_1_44' title='bbox 461 743 654 796; x_wconf 90' lang='lat' dir='ltr'><strong>intuitu</strong></span> <span class='ocrx_word' id='word_1_45' title='bbox 699 756 815 794; x_wconf 84' lang='lat' dir='ltr'><strong>suo.</strong></span> <span class='ocrx_word' id='word_1_46' title='bbox 876 736 945 791; x_wconf 86' lang='lat' dir='ltr'><strong>Et</strong></span> <span class='ocrx_word' id='word_1_47' title='bbox 973 735 1020 792; x_wconf 90' lang='lat' dir='ltr'><strong>si</strong></span> <span class='ocrx_word' id='word_1_48' title='bbox 1063 731 1214 789; x_wconf 84' lang='lat' dir='ltr'><strong>enim</strong></span> <span class='ocrx_word' id='word_1_49' title='bbox 1245 731 1300 786; x_wconf 91' lang='lat' dir='ltr'><strong>in</strong></span> <span class='ocrx_word' id='word_1_50' title='bbox 1339 731 1440 786; x_wconf 87' lang='lat' dir='ltr'><strong>hac</strong></span> <span class='ocrx_word' id='word_1_51' title='bbox 1461 730 1572 784; x_wconf 90' lang='lat' dir='ltr'><strong>vita</strong></span> <span class='ocrx_word' id='word_1_52' title='bbox 1599 727 1756 784; x_wconf 85' lang='lat' dir='ltr'><strong>electi</strong></span> <span class='ocrx_word' id='word_1_53' title='bbox 1786 724 1927 780; x_wconf 87' lang='lat' dir='ltr'><strong>mala</strong></span> <span class='ocrx_word' id='word_1_54' title='bbox 1951 737 2046 794; x_wconf 87' lang='lat' dir='ltr'><strong>pa-</strong></span> 
     </span>
    </p>
   </div>
   <div class='ocr_carea' id='block_1_8' title="bbox 467 815 2048 902">
    <p class='ocr_par' dir='ltr' id='par_1_8' title="bbox 467 815 2048 902">
     <span class='ocr_line' id='line_1_8' title="bbox 467 815 2048 902; baseline -0.013 -14"><span class='ocrx_word' id='word_1_55' title='bbox 467 834 672 888; x_wconf 89' lang='lat' dir='ltr'><strong>tiuntur</strong></span> <span class='ocrx_word' id='word_1_56' title='bbox 708 829 1087 902; x_wconf 87' lang='lat' dir='ltr'><strong>reproborum,</strong></span> <span class='ocrx_word' id='word_1_57' title='bbox 1129 824 1222 879; x_wconf 85' lang='lat' dir='ltr'><strong>ubi</strong></span> <span class='ocrx_word' id='word_1_58' title='bbox 1251 821 1572 879; x_wconf 82' lang='lat' dir='ltr'><strong>universalis</strong></span> <span class='ocrx_word' id='word_1_59' title='bbox 1595 816 1786 891; x_wconf 87' lang='lat' dir='ltr'><strong>judicii</strong></span> <span class='ocrx_word' id='word_1_60' title='bbox 1808 815 1925 872; x_wconf 87' lang='lat' dir='ltr'><strong>dies</strong></span> <span class='ocrx_word' id='word_1_61' title='bbox 1951 829 2048 884; x_wconf 88' lang='lat' dir='ltr'><strong>ap-</strong></span> 
     </span>
    </p>
   </div>
   <div class='ocr_carea' id='block_1_9' title="bbox 462 907 2045 997">
    <p class='ocr_par' dir='ltr' id='par_1_9' title="bbox 462 907 2045 997">
     <span class='ocr_line' id='line_1_9' title="bbox 462 907 2045 997; baseline -0.013 -17"><span class='ocrx_word' id='word_1_62' title='bbox 462 924 722 997; x_wconf 81' lang='lat' dir='ltr'><strong>paruerit,</strong></span> <span class='ocrx_word' id='word_1_63' title='bbox 755 922 938 980; x_wconf 84' lang='lat' dir='ltr'><strong>omnia</strong></span> <span class='ocrx_word' id='word_1_64' title='bbox 967 919 1108 975; x_wconf 89' lang='lat' dir='ltr'><strong>mala</strong></span> <span class='ocrx_word' id='word_1_65' title='bbox 1145 917 1500 988; x_wconf 81' lang='lat' dir='ltr'><strong>dissipantur,</strong></span> <span class='ocrx_word' id='word_1_66' title='bbox 1539 921 1594 968; x_wconf 89' lang='lat' dir='ltr'><strong>et</strong></span> <span class='ocrx_word' id='word_1_67' title='bbox 1621 907 1896 966; x_wconf 84' lang='lat' dir='ltr'><strong>coronatis</strong></span> <span class='ocrx_word' id='word_1_68' title='bbox 1920 921 2045 963; x_wconf 89' lang='lat' dir='ltr'><strong>cum</strong></span> 
     </span>
    </p>
   </div>
   <div class='ocr_carea' id='block_1_10' title="bbox 465 997 2046 1086">
    <p class='ocr_par' dir='ltr' id='par_1_10' title="bbox 465 997 2046 1086">
     <span class='ocr_line' id='line_1_10' title="bbox 465 997 2046 1086; baseline -0.012 -15"><span class='ocrx_word' id='word_1_69' title='bbox 465 1016 696 1073; x_wconf 88' lang='lat' dir='ltr'><strong>Domino</strong></span> <span class='ocrx_word' id='word_1_70' title='bbox 732 1017 915 1086; x_wconf 89' lang='lat' dir='ltr'><strong>justis,</strong></span> <span class='ocrx_word' id='word_1_71' title='bbox 963 1013 1063 1069; x_wconf 93' lang='lat' dir='ltr'><strong>soli</strong></span> <span class='ocrx_word' id='word_1_72' title='bbox 1109 1025 1300 1084; x_wconf 70' lang='lat' dir='ltr'><strong>ptenas</strong></span> <span class='ocrx_word' id='word_1_73' title='bbox 1347 1006 1609 1065; x_wconf 87' lang='lat' dir='ltr'><strong>subibunt</strong></span> <span class='ocrx_word' id='word_1_74' title='bbox 1654 1001 1860 1072; x_wconf 90' lang='lat' dir='ltr'><strong>injusti,</strong></span> <span class='ocrx_word' id='word_1_75' title='bbox 1903 997 2046 1070; x_wconf 90' lang='lat' dir='ltr'><strong>quod</strong></span> 
     </span>
    </p>
   </div>
   <div class='ocr_carea' id='block_1_11' title="bbox 463 1095 2045 1178">
    <p class='ocr_par' dir='ltr' id='par_1_11' title="bbox 463 1095 2045 1178">
     <span class='ocr_line' id='line_1_11' title="bbox 463 1095 2045 1178; baseline -0.013 -14"><span class='ocrx_word' id='word_1_76' title='bbox 463 1110 631 1164; x_wconf 90' lang='lat' dir='ltr'><strong>etiam</strong></span> <span class='ocrx_word' id='word_1_77' title='bbox 658 1123 803 1162; x_wconf 90' lang='lat' dir='ltr'><strong>nunc</strong></span> <span class='ocrx_word' id='word_1_78' title='bbox 841 1121 938 1178; x_wconf 89' lang='lat' dir='ltr'><strong>per</strong></span> <span class='ocrx_word' id='word_1_79' title='bbox 977 1113 1159 1176; x_wconf 89' lang='lat' dir='ltr'><strong>partes</strong></span> <span class='ocrx_word' id='word_1_80' title='bbox 1197 1102 1398 1173; x_wconf 88' lang='lat' dir='ltr'><strong>agitur,</strong></span> <span class='ocrx_word' id='word_1_81' title='bbox 1429 1095 1708 1166; x_wconf 90' lang='lat' dir='ltr'><strong>cum&#39;quis</strong></span> <span class='ocrx_word' id='word_1_82' title='bbox 1735 1100 2045 1150; x_wconf 89' lang='lat' dir='ltr'><strong>sanctorum</strong></span> 
     </span>
    </p>
   </div>
   <div class='ocr_carea' id='block_1_12' title="bbox 465 1181 2046 1259">
    <p class='ocr_par' dir='ltr' id='par_1_12' title="bbox 465 1181 2046 1259">
     <span class='ocr_line' id='line_1_12' title="bbox 465 1181 2046 1259; baseline -0.01 -8"><span class='ocrx_word' id='word_1_83' title='bbox 465 1200 638 1254; x_wconf 87' lang='lat' dir='ltr'><strong>victor</strong></span> <span class='ocrx_word' id='word_1_84' title='bbox 658 1197 856 1253; x_wconf 79' lang='lat' dir='ltr'><strong>exierit</strong></span> <span class='ocrx_word' id='word_1_85' title='bbox 877 1196 942 1251; x_wconf 92' lang='lat' dir='ltr'><strong>de</strong></span> <span class='ocrx_word' id='word_1_86' title='bbox 964 1193 1184 1259; x_wconf 71' lang='lat' dir='ltr'><strong>saeculo,</strong></span> <span class='ocrx_word' id='word_1_87' title='bbox 1224 1191 1319 1248; x_wconf 88' lang='lat' dir='ltr'><strong>sed</strong></span> <span class='ocrx_word' id='word_1_88' title='bbox 1349 1198 1402 1245; x_wconf 92' lang='lat' dir='ltr'><strong>et</strong></span> <span class='ocrx_word' id='word_1_89' title='bbox 1432 1188 1520 1243; x_wconf 90' lang='lat' dir='ltr'><strong>ille</strong></span> <span class='ocrx_word' id='word_1_90' title='bbox 1548 1185 1639 1256; x_wconf 91' lang='lat' dir='ltr'><strong>qui</strong></span> <span class='ocrx_word' id='word_1_91' title='bbox 1667 1200 1793 1240; x_wconf 89' lang='lat' dir='ltr'><strong>eum</strong></span> <span class='ocrx_word' id='word_1_92' title='bbox 1815 1181 2046 1238; x_wconf 88' lang='lat' dir='ltr'><strong>tribula-</strong></span> 
     </span>
    </p>
   </div>
   <div class='ocr_carea' id='block_1_13' title="bbox 460 1277 2046 1362">
    <p class='ocr_par' dir='ltr' id='par_1_13' title="bbox 460 1277 2046 1362">
     <span class='ocr_line' id='line_1_13' title="bbox 460 1277 2046 1362; baseline -0.013 -14"><span class='ocrx_word' id='word_1_93' title='bbox 460 1292 554 1348; x_wconf 89' lang='lat' dir='ltr'><strong>bat</strong></span> <span class='ocrx_word' id='word_1_94' title='bbox 580 1298 892 1362; x_wconf 91' lang='lat' dir='ltr'><strong>persecutor</strong></span> <span class='ocrx_word' id='word_1_95' title='bbox 913 1287 1075 1360; x_wconf 84' lang='lat' dir='ltr'><strong>digna</strong></span> <span class='ocrx_word' id='word_1_96' title='bbox 1098 1285 1258 1341; x_wconf 87' lang='lat' dir='ltr'><strong>factis</strong></span> <span class='ocrx_word' id='word_1_97' title='bbox 1283 1280 1566 1352; x_wconf 86' lang='lat' dir='ltr'><strong>receperit.</strong></span> <span class='ocrx_word' id='word_1_98' title='bbox 1593 1277 1781 1334; x_wconf 87' lang='lat' dir='ltr'><strong>Potest</strong></span> <span class='ocrx_word' id='word_1_99' title='bbox 1809 1277 1897 1331; x_wconf 90' lang='lat' dir='ltr'><strong>hic</strong></span> <span class='ocrx_word' id='word_1_100' title='bbox 1919 1289 2046 1330; x_wconf 89' lang='lat' dir='ltr'><strong>ver-</strong></span> 
     </span>
    </p>
   </div>
   <div class='ocr_carea' id='block_1_14' title="bbox 461 1367 2048 1449">
    <p class='ocr_par' dir='ltr' id='par_1_14' title="bbox 461 1367 2048 1449">
     <span class='ocr_line' id='line_1_14' title="bbox 461 1367 2048 1449; baseline -0.014 -8"><span class='ocrx_word' id='word_1_101' title='bbox 461 1400 554 1441; x_wconf 86' lang='lat' dir='ltr'><strong>sus</strong></span> <span class='ocrx_word' id='word_1_102' title='bbox 577 1391 632 1440; x_wconf 88' lang='lat' dir='ltr'><strong>et</strong></span> <span class='ocrx_word' id='word_1_103' title='bbox 656 1381 722 1438; x_wconf 91' lang='lat' dir='ltr'><strong>de</strong></span> <span class='ocrx_word' id='word_1_104' title='bbox 748 1380 937 1437; x_wconf 90' lang='lat' dir='ltr'><strong>electis</strong></span> <span class='ocrx_word' id='word_1_105' title='bbox 963 1379 1156 1449; x_wconf 87' lang='lat' dir='ltr'><strong>accipi,</strong></span> <span class='ocrx_word' id='word_1_106' title='bbox 1185 1375 1310 1447; x_wconf 86' lang='lat' dir='ltr'><strong>quia</strong></span> <span class='ocrx_word' id='word_1_107' title='bbox 1336 1374 1538 1428; x_wconf 89' lang='lat' dir='ltr'><strong>habent</strong></span> <span class='ocrx_word' id='word_1_108' title='bbox 1565 1367 1853 1441; x_wconf 84' lang='lat' dir='ltr'><strong>aliquando</strong></span> <span class='ocrx_word' id='word_1_109' title='bbox 1878 1367 2048 1421; x_wconf 88' lang='lat' dir='ltr'><strong>laten-</strong></span> 
     </span>
    </p>
   </div>
   <div class='ocr_carea' id='block_1_15' title="bbox 462 1464 2049 1543">
    <p class='ocr_par' dir='ltr' id='par_1_15' title="bbox 462 1464 2049 1543">
     <span class='ocr_line' id='line_1_15' title="bbox 462 1464 2049 1543; baseline -0.014 -8"><span class='ocrx_word' id='word_1_110' title='bbox 462 1479 536 1536; x_wconf 88' lang='lat' dir='ltr'><strong>tia</strong></span> <span class='ocrx_word' id='word_1_111' title='bbox 558 1479 613 1534; x_wconf 91' lang='lat' dir='ltr'><strong>in</strong></span> <span class='ocrx_word' id='word_1_112' title='bbox 639 1485 823 1533; x_wconf 89' lang='lat' dir='ltr'><strong>mente</strong></span> <span class='ocrx_word' id='word_1_113' title='bbox 859 1473 1022 1539; x_wconf 89' lang='lat' dir='ltr'><strong>mala,</strong></span> <span class='ocrx_word' id='word_1_114' title='bbox 1052 1487 1174 1543; x_wconf 65' lang='lat' dir='ltr'><strong>quae</strong></span> <span class='ocrx_word' id='word_1_115' title='bbox 1215 1470 1282 1525; x_wconf 89' lang='lat' dir='ltr'><strong>ab</strong></span> <span class='ocrx_word' id='word_1_116' title='bbox 1320 1467 1442 1523; x_wconf 88' lang='lat' dir='ltr'><strong>aliis</strong></span> <span class='ocrx_word' id='word_1_117' title='bbox 1481 1464 1654 1521; x_wconf 91' lang='lat' dir='ltr'><strong>videri</strong></span> <span class='ocrx_word' id='word_1_118' title='bbox 1684 1479 1790 1520; x_wconf 92' lang='lat' dir='ltr'><strong>non</strong></span> <span class='ocrx_word' id='word_1_119' title='bbox 1820 1467 2049 1532; x_wconf 91' lang='lat' dir='ltr'><strong>possunt</strong></span> 
     </span>
    </p>
   </div>
   <div class='ocr_carea' id='block_1_16' title="bbox 461 1553 2047 1637">
    <p class='ocr_par' dir='ltr' id='par_1_16' title="bbox 461 1553 2047 1637">
     <span class='ocr_line' id='line_1_16' title="bbox 461 1553 2047 1637; baseline -0.013 -11"><span class='ocrx_word' id='word_1_120' title='bbox 461 1569 792 1634; x_wconf 90' lang='lat' dir='ltr'><strong>hominibus,</strong></span> <span class='ocrx_word' id='word_1_121' title='bbox 825 1582 945 1637; x_wconf 73' lang='lat' dir='ltr'><strong>quae</strong></span> <span class='ocrx_word' id='word_1_122' title='bbox 985 1574 1163 1619; x_wconf 88' lang='lat' dir='ltr'><strong>tamen</strong></span> <span class='ocrx_word' id='word_1_123' title='bbox 1216 1560 1476 1616; x_wconf 90' lang='lat' dir='ltr'><strong>Dominus</strong></span> <span class='ocrx_word' id='word_1_124' title='bbox 1512 1557 1705 1622; x_wconf 87' lang='lat' dir='ltr'><strong>cernit,</strong></span> <span class='ocrx_word' id='word_1_125' title='bbox 1737 1553 1953 1624; x_wconf 86' lang='lat' dir='ltr'><strong>quando</strong></span> <span class='ocrx_word' id='word_1_126' title='bbox 1981 1566 2047 1605; x_wconf 90' lang='lat' dir='ltr'><strong>ea</strong></span> 
     </span>
    </p>
   </div>
   <div class='ocr_carea' id='block_1_17' title="bbox 460 1641 2046 1729">
    <p class='ocr_par' dir='ltr' id='par_1_17' title="bbox 460 1641 2046 1729">
     <span class='ocr_line' id='line_1_17' title="bbox 460 1641 2046 1729; baseline -0.015 -13"><span class='ocrx_word' id='word_1_127' title='bbox 460 1659 674 1715; x_wconf 90' lang='lat' dir='ltr'><strong>occulto</strong></span> <span class='ocrx_word' id='word_1_128' title='bbox 697 1666 947 1729; x_wconf 87' lang='lat' dir='ltr'><strong>respectu</strong></span> <span class='ocrx_word' id='word_1_129' title='bbox 975 1654 1164 1727; x_wconf 64' lang='lat' dir='ltr'><strong>gratia:</strong></span> <span class='ocrx_word' id='word_1_130' title='bbox 1196 1649 1452 1707; x_wconf 85' lang='lat' dir='ltr'><strong>destruit.</strong></span> <span class='ocrx_word' id='word_1_131' title='bbox 1486 1647 1729 1715; x_wconf 88' lang='lat' dir='ltr'><strong>Denique</strong></span> <span class='ocrx_word' id='word_1_132' title='bbox 1756 1641 2046 1697; x_wconf 82' lang='lat' dir='ltr'><strong>Conversus</strong></span> 
     </span>
    </p>
   </div>
   <div class='ocr_carea' id='block_1_18' title="bbox 458 1732 2044 1820">
    <p class='ocr_par' dir='ltr' id='par_1_18' title="bbox 458 1732 2044 1820">
     <span class='ocr_line' id='line_1_18' title="bbox 458 1732 2044 1820; baseline -0.013 -14"><span class='ocrx_word' id='word_1_133' title='bbox 458 1751 718 1805; x_wconf 80' lang='lat' dir='ltr'><strong>Dominus</strong></span> <span class='ocrx_word' id='word_1_134' title='bbox 776 1748 1002 1820; x_wconf 72' lang='lat' dir='ltr'><strong>respexit</strong></span> <span class='ocrx_word' id='word_1_135' title='bbox 1063 1745 1322 1809; x_wconf 85' lang='lat' dir='ltr'><strong>Petrum;</strong></span> <span class='ocrx_word' id='word_1_136' title='bbox 1384 1753 1432 1797; x_wconf 86' lang='lat' dir='ltr'><strong>et</strong></span> <span class='ocrx_word' id='word_1_137' title='bbox 1486 1739 1792 1795; x_wconf 82' lang='lat' dir='ltr'><strong>recordatus</strong></span> <span class='ocrx_word' id='word_1_138' title='bbox 1852 1732 2044 1788; x_wconf 85' lang='lat' dir='ltr'><strong>Petrus</strong></span> 
     </span>
    </p>
   </div>
   <div class='ocr_carea' id='block_1_19' title="bbox 464 1835 1370 1910">
    <p class='ocr_par' dir='ltr' id='par_1_19' title="bbox 464 1835 1370 1910">
     <span class='ocr_line' id='line_1_19' title="bbox 464 1835 1370 1910; baseline -0.011 -12"><span class='ocrx_word' id='word_1_139' title='bbox 464 1843 606 1898; x_wconf 89' lang='lat' dir='ltr'><strong>verbi</strong></span> <span class='ocrx_word' id='word_1_140' title='bbox 636 1842 869 1906; x_wconf 85' lang='lat' dir='ltr'><strong>Domini,</strong></span> <span class='ocrx_word' id='word_1_141' title='bbox 893 1848 1000 1895; x_wconf 90' lang='lat' dir='ltr'><strong>etc.</strong></span> <span class='ocrx_word' id='word_1_142' title='bbox 1030 1837 1183 1910; x_wconf 89' lang='lat' dir='ltr'><strong>(Luc.</strong></span> <span class='ocrx_word' id='word_1_143' title='bbox 1214 1835 1370 1906; x_wconf 66' lang='grc' dir='ltr'>χχιι).</span> 
     </span>
    </p>
   </div>
   <div class='ocr_carea' id='block_1_20' title="bbox 535 1926 2048 2002">
    <p class='ocr_par' dir='ltr' id='par_1_20' title="bbox 535 1926 2048 2002">
     <span class='ocr_line' id='line_1_20' title="bbox 535 1926 2048 2002; baseline -0.01 -14"><span class='ocrx_word' id='word_1_144' title='bbox 535 1933 668 2000; x_wconf 89' lang='lat' dir='ltr'><strong>Quis</strong></span> <span class='ocrx_word' id='word_1_145' title='bbox 708 1941 871 2002; x_wconf 80' lang='lat' dir='ltr'><strong>potest</strong></span> <span class='ocrx_word' id='word_1_146' title='bbox 905 1932 1078 1984; x_wconf 87' lang='lat' dir='ltr'><strong>dicere</strong></span> <span class='ocrx_word' id='word_1_147' title='bbox 1115 1949 1133 1984; x_wconf 85' lang='lat'><strong><em>:</em></strong></span> <span class='ocrx_word' id='word_1_148' title='bbox 1167 1926 1426 1982; x_wconf 80' lang='lat' dir='ltr'><strong>Mundum</strong></span> <span class='ocrx_word' id='word_1_149' title='bbox 1472 1933 1547 1980; x_wconf 89' lang='lat' dir='ltr'><strong>est</strong></span> <span class='ocrx_word' id='word_1_150' title='bbox 1596 1939 1686 1978; x_wconf 89' lang='lat' dir='ltr'><strong>cor</strong></span> <span class='ocrx_word' id='word_1_151' title='bbox 1715 1938 1908 1984; x_wconf 86' lang='lat' dir='ltr'><strong>meum,</strong></span> <span class='ocrx_word' id='word_1_152' title='bbox 1949 1937 2048 1990; x_wconf 89' lang='lat' dir='ltr'><strong>pu-</strong></span> 
     </span>
    </p>
   </div>
   <div class='ocr_carea' id='block_1_21' title="bbox 460 2010 2051 2092">
    <p class='ocr_par' dir='ltr' id='par_1_21' title="bbox 460 2010 2051 2092">
     <span class='ocr_line' id='line_1_21' title="bbox 460 2010 2051 2092; baseline -0.01 -13"><span class='ocrx_word' id='word_1_153' title='bbox 460 2039 551 2079; x_wconf 87' lang='lat' dir='ltr'><strong>rus</strong></span> <span class='ocrx_word' id='word_1_154' title='bbox 586 2039 700 2077; x_wconf 90' lang='lat' dir='ltr'><strong>sum</strong></span> <span class='ocrx_word' id='word_1_155' title='bbox 750 2039 782 2074; x_wconf 91' lang='lat' dir='ltr'><strong>a</strong></span> <span class='ocrx_word' id='word_1_156' title='bbox 827 2029 1060 2092; x_wconf 85' lang='lat' dir='ltr'><strong>peccato.</strong></span> <span class='ocrx_word' id='word_1_157' title='bbox 1096 2017 1401 2074; x_wconf 88' lang='lat' dir='ltr'><strong>Notandum</strong></span> <span class='ocrx_word' id='word_1_158' title='bbox 1449 2015 1592 2086; x_wconf 88' lang='lat' dir='ltr'><strong>quod</strong></span> <span class='ocrx_word' id='word_1_159' title='bbox 1626 2030 1733 2069; x_wconf 91' lang='lat' dir='ltr'><strong>non</strong></span> <span class='ocrx_word' id='word_1_160' title='bbox 1773 2014 1888 2067; x_wconf 91' lang='lat' dir='ltr'><strong>ait:</strong></span> <span class='ocrx_word' id='word_1_161' title='bbox 1920 2010 2051 2077; x_wconf 82' lang='lat' dir='ltr'><strong>Quis</strong></span> 
     </span>
    </p>
   </div>
   <div class='ocr_carea' id='block_1_22' title="bbox 459 2103 2052 2187">
    <p class='ocr_par' dir='ltr' id='par_1_22' title="bbox 459 2103 2052 2187">
     <span class='ocr_line' id='line_1_22' title="bbox 459 2103 2052 2187; baseline -0.009 -17"><span class='ocrx_word' id='word_1_162' title='bbox 459 2122 641 2187; x_wconf 87' lang='lat' dir='ltr'><strong>potest</strong></span> <span class='ocrx_word' id='word_1_163' title='bbox 672 2113 932 2167; x_wconf 89' lang='lat' dir='ltr'><strong>mundum</strong></span> <span class='ocrx_word' id='word_1_164' title='bbox 965 2111 1165 2166; x_wconf 89' lang='lat' dir='ltr'><strong>habere</strong></span> <span class='ocrx_word' id='word_1_165' title='bbox 1196 2125 1292 2164; x_wconf 91' lang='lat' dir='ltr'><strong>cor</strong></span> <span class='ocrx_word' id='word_1_166' title='bbox 1313 2115 1367 2163; x_wconf 89' lang='lat' dir='ltr'><strong>et</strong></span> <span class='ocrx_word' id='word_1_167' title='bbox 1394 2121 1564 2178; x_wconf 91' lang='lat' dir='ltr'><strong>purus</strong></span> <span class='ocrx_word' id='word_1_168' title='bbox 1593 2121 1714 2161; x_wconf 88' lang='lat' dir='ltr'><strong>esse</strong></span> <span class='ocrx_word' id='word_1_169' title='bbox 1737 2121 1766 2160; x_wconf 93' lang='lat' dir='ltr'><strong>a</strong></span> <span class='ocrx_word' id='word_1_170' title='bbox 1791 2103 2052 2174; x_wconf 89' lang='lat' dir='ltr'><strong>peccato?</strong></span> 
     </span>
    </p>
   </div>
   <div class='ocr_carea' id='block_1_23' title="bbox 462 2199 2049 2278">
    <p class='ocr_par' dir='ltr' id='par_1_23' title="bbox 462 2199 2049 2278">
     <span class='ocr_line' id='line_1_23' title="bbox 462 2199 2049 2278; baseline -0.01 -14"><span class='ocrx_word' id='word_1_171' title='bbox 462 2208 576 2273; x_wconf 84' lang='lat' dir='ltr'><strong>sed,</strong></span> <span class='ocrx_word' id='word_1_172' title='bbox 599 2206 730 2272; x_wconf 86' lang='lat' dir='ltr'><strong>Quis</strong></span> <span class='ocrx_word' id='word_1_173' title='bbox 750 2214 914 2278; x_wconf 85' lang='lat' dir='ltr'><strong>potest</strong></span> <span class='ocrx_word' id='word_1_174' title='bbox 937 2205 1126 2268; x_wconf 87' lang='lat' dir='ltr'><strong>dicere,</strong></span> <span class='ocrx_word' id='word_1_175' title='bbox 1157 2201 1354 2272; x_wconf 84' lang='lat' dir='ltr'><strong>inquit,</strong></span> <span class='ocrx_word' id='word_1_176' title='bbox 1371 2199 1623 2253; x_wconf 89' lang='lat' dir='ltr'><strong>mundum</strong></span> <span class='ocrx_word' id='word_1_177' title='bbox 1647 2208 1722 2253; x_wconf 88' lang='lat' dir='ltr'><strong>est</strong></span> <span class='ocrx_word' id='word_1_178' title='bbox 1745 2213 1834 2251; x_wconf 88' lang='lat' dir='ltr'><strong>cor</strong></span> <span class='ocrx_word' id='word_1_179' title='bbox 1855 2211 2049 2261; x_wconf 84' lang='lat' dir='ltr'><strong>meum,</strong></span> 
     </span>
    </p>
   </div>
   <div class='ocr_carea' id='block_1_24' title="bbox 463 2285 2054 2368">
    <p class='ocr_par' dir='ltr' id='par_1_24' title="bbox 463 2285 2054 2368">
     <span class='ocr_line' id='line_1_24' title="bbox 463 2285 2054 2368; baseline -0.007 -19"><span class='ocrx_word' id='word_1_180' title='bbox 463 2313 629 2368; x_wconf 83' lang='lat' dir='ltr'><strong>purus</strong></span> <span class='ocrx_word' id='word_1_181' title='bbox 669 2313 787 2350; x_wconf 90' lang='lat' dir='ltr'><strong>sum</strong></span> <span class='ocrx_word' id='word_1_182' title='bbox 830 2313 863 2349; x_wconf 92' lang='lat' dir='ltr'><strong>a</strong></span> <span class='ocrx_word' id='word_1_183' title='bbox 907 2302 1150 2366; x_wconf 88' lang='lat' dir='ltr'><strong>peccato,</strong></span> <span class='ocrx_word' id='word_1_184' title='bbox 1181 2292 1311 2363; x_wconf 87' lang='lat' dir='ltr'><strong>quia</strong></span> <span class='ocrx_word' id='word_1_185' title='bbox 1360 2298 1488 2345; x_wconf 86' lang='lat' dir='ltr'><strong>sunt</strong></span> <span class='ocrx_word' id='word_1_186' title='bbox 1512 2290 1629 2360; x_wconf 89' lang='lat' dir='ltr'><strong>qui,</strong></span> <span class='ocrx_word' id='word_1_187' title='bbox 1676 2288 1940 2357; x_wconf 84' lang='lat' dir='ltr'><strong>largiente</strong></span> <span class='ocrx_word' id='word_1_188' title='bbox 1972 2285 2054 2339; x_wconf 88' lang='lat' dir='ltr'><strong>di-</strong></span> 
     </span>
    </p>
   </div>
   <div class='ocr_carea' id='block_1_25' title="bbox 461 2376 2054 2462">
    <p class='ocr_par' dir='ltr' id='par_1_25' title="bbox 461 2376 2054 2462">
     <span class='ocr_line' id='line_1_25' title="bbox 461 2376 2054 2462; baseline -0.009 -17"><span class='ocrx_word' id='word_1_189' title='bbox 461 2392 586 2445; x_wconf 84' lang='lat' dir='ltr'><strong>vina</strong></span> <span class='ocrx_word' id='word_1_190' title='bbox 600 2390 1039 2462; x_wconf 75' lang='lat' dir='ltr'><strong>gratia,possunt</strong></span> <span class='ocrx_word' id='word_1_191' title='bbox 1051 2387 1212 2459; x_wconf 83' lang='lat' dir='ltr'><strong>juxta</strong></span> <span class='ocrx_word' id='word_1_192' title='bbox 1235 2386 1530 2439; x_wconf 87' lang='lat' dir='ltr'><strong>humanum</strong></span> <span class='ocrx_word' id='word_1_193' title='bbox 1555 2382 1774 2437; x_wconf 93' lang='lat' dir='ltr'><strong>modum</strong></span> <span class='ocrx_word' id='word_1_194' title='bbox 1799 2387 1855 2434; x_wconf 92' lang='lat' dir='ltr'><strong>et</strong></span> <span class='ocrx_word' id='word_1_195' title='bbox 1875 2376 2054 2433; x_wconf 89' lang='lat' dir='ltr'><strong>cordis</strong></span> 
     </span>
    </p>
   </div>
   <div class='ocr_carea' id='block_1_26' title="bbox 461 2467 2056 2552">
    <p class='ocr_par' dir='ltr' id='par_1_26' title="bbox 461 2467 2056 2552">
     <span class='ocr_line' id='line_1_26' title="bbox 461 2467 2056 2552; baseline -0.009 -15"><span class='ocrx_word' id='word_1_196' title='bbox 461 2491 518 2537; x_wconf 90' lang='lat' dir='ltr'><strong>et</strong></span> <span class='ocrx_word' id='word_1_197' title='bbox 543 2482 728 2552; x_wconf 88' lang='lat' dir='ltr'><strong>operis</strong></span> <span class='ocrx_word' id='word_1_198' title='bbox 748 2480 1070 2535; x_wconf 89' lang='lat' dir='ltr'><strong>munditiam</strong></span> <span class='ocrx_word' id='word_1_199' title='bbox 1111 2477 1314 2532; x_wconf 91' lang='lat' dir='ltr'><strong>habere</strong></span> <span class='ocrx_word' id='word_1_200' title='bbox 1339 2494 1352 2530; x_wconf 88' lang='lat'><strong>:</strong></span> <span class='ocrx_word' id='word_1_201' title='bbox 1378 2475 1522 2530; x_wconf 91' lang='lat' dir='ltr'><strong>unde</strong></span> <span class='ocrx_word' id='word_1_202' title='bbox 1549 2483 1633 2528; x_wconf 90' lang='lat' dir='ltr'><strong>est</strong></span> <span class='ocrx_word' id='word_1_203' title='bbox 1656 2471 1785 2527; x_wconf 89' lang='lat' dir='ltr'><strong>illud</strong></span> <span class='ocrx_word' id='word_1_204' title='bbox 1813 2467 2056 2524; x_wconf 88' lang='lat' dir='ltr'><strong>Domini-</strong></span> 
     </span>
    </p>
   </div>
   <div class='ocr_carea' id='block_1_27' title="bbox 462 2561 2053 2640">
    <p class='ocr_par' dir='ltr' id='par_1_27' title="bbox 462 2561 2053 2640">
     <span class='ocr_line' id='line_1_27' title="bbox 462 2561 2053 2640; baseline -0.008 -13"><span class='ocrx_word' id='word_1_205' title='bbox 462 2589 585 2628; x_wconf 84' lang='lat' dir='ltr'><strong>sum</strong></span> <span class='ocrx_word' id='word_1_206' title='bbox 604 2592 617 2627; x_wconf 90' lang='lat'>:</span> <span class='ocrx_word' id='word_1_207' title='bbox 635 2573 788 2628; x_wconf 89' lang='lat' dir='ltr'><strong>Beati</strong></span> <span class='ocrx_word' id='word_1_208' title='bbox 810 2572 1007 2627; x_wconf 90' lang='lat' dir='ltr'><strong>mundo</strong></span> <span class='ocrx_word' id='word_1_209' title='bbox 1031 2571 1204 2636; x_wconf 88' lang='lat' dir='ltr'><strong>corde,</strong></span> <span class='ocrx_word' id='word_1_210' title='bbox 1226 2568 1473 2640; x_wconf 89' lang='lat' dir='ltr'><strong>quoniam</strong></span> <span class='ocrx_word' id='word_1_211' title='bbox 1497 2567 1595 2637; x_wconf 89' lang='lat' dir='ltr'><strong>ipsi</strong></span> <span class='ocrx_word' id='word_1_212' title='bbox 1619 2565 1787 2620; x_wconf 90' lang='lat' dir='ltr'><strong>Deum</strong></span> <span class='ocrx_word' id='word_1_213' title='bbox 1810 2561 2053 2617; x_wconf 82' lang='lat' dir='ltr'><strong>videbunt</strong></span> 
     </span>
    </p>
   </div>
   <div class='ocr_carea' id='block_1_28' title="bbox 465 2653 2053 2735">
    <p class='ocr_par' dir='ltr' id='par_1_28' title="bbox 465 2653 2053 2735">
     <span class='ocr_line' id='line_1_28' title="bbox 465 2653 2053 2735; baseline -0.009 -18"><span class='ocrx_word' id='word_1_214' title='bbox 465 2663 685 2734; x_wconf 76' lang='lat' dir='ltr'><strong>(Matth.</strong></span> <span class='ocrx_word' id='word_1_215' title='bbox 715 2663 796 2735; x_wconf 91' lang='lat' dir='ltr'><strong>v).</strong></span> <span class='ocrx_word' id='word_1_216' title='bbox 831 2663 901 2718; x_wconf 90' lang='lat' dir='ltr'><strong>Et</strong></span> <span class='ocrx_word' id='word_1_217' title='bbox 927 2663 981 2717; x_wconf 92' lang='lat' dir='ltr'><strong>in</strong></span> <span class='ocrx_word' id='word_1_218' title='bbox 1015 2660 1260 2733; x_wconf 86' lang='lat' dir='ltr'><strong>psalmo:</strong></span> <span class='ocrx_word' id='word_1_219' title='bbox 1297 2657 1427 2724; x_wconf 83' lang='lat' dir='ltr'><strong>Quis</strong></span> <span class='ocrx_word' id='word_1_220' title='bbox 1460 2654 1692 2711; x_wconf 87' lang='lat' dir='ltr'><strong>ascendit</strong></span> <span class='ocrx_word' id='word_1_221' title='bbox 1733 2653 1788 2708; x_wconf 92' lang='lat' dir='ltr'><strong>in</strong></span> <span class='ocrx_word' id='word_1_222' title='bbox 1830 2659 2053 2705; x_wconf 88' lang='lat' dir='ltr'><strong>montem</strong></span> 
     </span>
    </p>
   </div>
   <div class='ocr_carea' id='block_1_29' title="bbox 466 2747 2054 2826">
    <p class='ocr_par' dir='ltr' id='par_1_29' title="bbox 466 2747 2054 2826">
     <span class='ocr_line' id='line_1_29' title="bbox 466 2747 2054 2826; baseline -0.009 -14"><span class='ocrx_word' id='word_1_223' title='bbox 466 2757 703 2824; x_wconf 85' lang='lat' dir='ltr'><strong>Domini,</strong></span> <span class='ocrx_word' id='word_1_224' title='bbox 733 2765 827 2812; x_wconf 88' lang='lat' dir='ltr'><strong>aut</strong></span> <span class='ocrx_word' id='word_1_225' title='bbox 856 2757 972 2826; x_wconf 83' lang='lat' dir='ltr'><strong>quis</strong></span> <span class='ocrx_word' id='word_1_226' title='bbox 999 2754 1157 2809; x_wconf 87' lang='lat' dir='ltr'><strong>stabit</strong></span> <span class='ocrx_word' id='word_1_227' title='bbox 1186 2755 1241 2807; x_wconf 89' lang='lat' dir='ltr'><strong>in</strong></span> <span class='ocrx_word' id='word_1_228' title='bbox 1271 2758 1384 2806; x_wconf 89' lang='lat' dir='ltr'><strong>toco</strong></span> <span class='ocrx_word' id='word_1_229' title='bbox 1409 2759 1590 2806; x_wconf 88' lang='lat' dir='ltr'><strong>sancto</strong></span> <span class='ocrx_word' id='word_1_230' title='bbox 1619 2748 1771 2819; x_wconf 87' lang='lat' dir='ltr'><strong>ejus?</strong></span> <span class='ocrx_word' id='word_1_231' title='bbox 1791 2747 2054 2801; x_wconf 84' lang='lat' dir='ltr'><strong>Innocens</strong></span> 
     </span>
    </p>
   </div>
   <div class='ocr_carea' id='block_1_30' title="bbox 463 2839 2057 2915">
    <p class='ocr_par' dir='ltr' id='par_1_30' title="bbox 463 2839 2057 2915">
     <span class='ocr_line' id='line_1_30' title="bbox 463 2839 2057 2915; baseline -0.005 -13"><span class='ocrx_word' id='word_1_232' title='bbox 463 2848 706 2902; x_wconf 86' lang='lat' dir='ltr'><strong>manibus</strong></span> <span class='ocrx_word' id='word_1_233' title='bbox 743 2856 792 2901; x_wconf 90' lang='lat' dir='ltr'><strong>et</strong></span> <span class='ocrx_word' id='word_1_234' title='bbox 827 2845 1022 2899; x_wconf 87' lang='lat' dir='ltr'><strong>mundo</strong></span> <span class='ocrx_word' id='word_1_235' title='bbox 1045 2843 1200 2900; x_wconf 89' lang='lat' dir='ltr'><strong>corde</strong></span> <span class='ocrx_word' id='word_1_236' title='bbox 1226 2842 1401 2915; x_wconf 89' lang='lat' dir='ltr'><strong>(Psal.</strong></span> <span class='ocrx_word' id='word_1_237' title='bbox 1434 2841 1615 2912; x_wconf 77' lang='lat' dir='ltr'><strong>xxm).</strong></span> <span class='ocrx_word' id='word_1_238' title='bbox 1645 2839 1703 2894; x_wconf 88' lang='lat' dir='ltr'><strong>Si</strong></span> <span class='ocrx_word' id='word_1_239' title='bbox 1725 2839 1869 2894; x_wconf 90' lang='lat' dir='ltr'><strong>enim</strong></span> <span class='ocrx_word' id='word_1_240' title='bbox 1895 2852 2057 2894; x_wconf 88' lang='lat' dir='ltr'><strong>nemo</strong></span> 
     </span>
    </p>
   </div>
   <div class='ocr_carea' id='block_1_31' title="bbox 467 2936 2056 3008">
    <p class='ocr_par' dir='ltr' id='par_1_31' title="bbox 467 2936 2056 3008">
     <span class='ocr_line' id='line_1_31' title="bbox 467 2936 2056 3008; baseline -0.008 -10"><span class='ocrx_word' id='word_1_241' title='bbox 467 2947 731 3000; x_wconf 86' lang='lat' dir='ltr'><strong>mundum</strong></span> <span class='ocrx_word' id='word_1_242' title='bbox 777 2943 943 2998; x_wconf 88' lang='lat' dir='ltr'><strong>habet</strong></span> <span class='ocrx_word' id='word_1_243' title='bbox 991 2956 1106 3005; x_wconf 88' lang='lat' dir='ltr'><strong>cor,</strong></span> <span class='ocrx_word' id='word_1_244' title='bbox 1161 2953 1337 3008; x_wconf 91' lang='lat' dir='ltr'><strong>neque</strong></span> <span class='ocrx_word' id='word_1_245' title='bbox 1385 2936 1523 2991; x_wconf 90' lang='lat' dir='ltr'><strong>ullus</strong></span> <span class='ocrx_word' id='word_1_246' title='bbox 1553 2944 1638 2991; x_wconf 91' lang='lat' dir='ltr'><strong>est</strong></span> <span class='ocrx_word' id='word_1_247' title='bbox 1681 2948 1850 3005; x_wconf 91' lang='lat' dir='ltr'><strong>purus</strong></span> <span class='ocrx_word' id='word_1_248' title='bbox 1875 2948 1906 2987; x_wconf 90' lang='lat' dir='ltr'><strong>a</strong></span> <span class='ocrx_word' id='word_1_249' title='bbox 1931 2945 2056 3002; x_wconf 90' lang='lat' dir='ltr'><strong>pec-</strong></span> 
     </span>
    </p>
   </div>
   <div class='ocr_carea' id='block_1_32' title="bbox 466 3022 2056 3104">
    <p class='ocr_par' dir='ltr' id='par_1_32' title="bbox 466 3022 2056 3104">
     <span class='ocr_line' id='line_1_32' title="bbox 466 3022 2056 3104; baseline -0.011 -11"><span class='ocrx_word' id='word_1_250' title='bbox 466 3045 613 3103; x_wconf 89' lang='lat' dir='ltr'><strong>cato,</strong></span> <span class='ocrx_word' id='word_1_251' title='bbox 655 3049 997 3104; x_wconf 86' lang='lat' dir='ltr'><strong>consequens</strong></span> <span class='ocrx_word' id='word_1_252' title='bbox 1020 3041 1103 3088; x_wconf 90' lang='lat' dir='ltr'><strong>est</strong></span> <span class='ocrx_word' id='word_1_253' title='bbox 1137 3030 1401 3103; x_wconf 90' lang='lat' dir='ltr'><strong>profecto,</strong></span> <span class='ocrx_word' id='word_1_254' title='bbox 1431 3036 1492 3083; x_wconf 92' lang='lat' dir='ltr'><strong>ut</strong></span> <span class='ocrx_word' id='word_1_255' title='bbox 1515 3026 1694 3082; x_wconf 90' lang='lat' dir='ltr'><strong>nullus</strong></span> <span class='ocrx_word' id='word_1_256' title='bbox 1717 3025 1974 3080; x_wconf 88' lang='lat' dir='ltr'><strong>ascendat</strong></span> <span class='ocrx_word' id='word_1_257' title='bbox 1999 3022 2056 3077; x_wconf 87' lang='lat' dir='ltr'><strong>in</strong></span> 
     </span>
    </p>
   </div>
   <div class='ocr_carea' id='block_1_33' title="bbox 467 3117 2054 3193">
    <p class='ocr_par' dir='ltr' id='par_1_33' title="bbox 467 3117 2054 3193">
     <span class='ocr_line' id='line_1_33' title="bbox 467 3117 2054 3193; baseline -0.011 -8"><span class='ocrx_word' id='word_1_258' title='bbox 467 3137 707 3185; x_wconf 86' lang='lat' dir='ltr'><strong>montem</strong></span> <span class='ocrx_word' id='word_1_259' title='bbox 733 3126 972 3193; x_wconf 89' lang='lat' dir='ltr'><strong>Domini,</strong></span> <span class='ocrx_word' id='word_1_260' title='bbox 992 3125 1174 3181; x_wconf 83' lang='lat' dir='ltr'><strong>nullus</strong></span> <span class='ocrx_word' id='word_1_261' title='bbox 1195 3123 1476 3178; x_wconf 88' lang='lat' dir='ltr'><strong>hominum</strong></span> <span class='ocrx_word' id='word_1_262' title='bbox 1505 3127 1612 3174; x_wconf 88' lang='lat' dir='ltr'><strong>stet</strong></span> <span class='ocrx_word' id='word_1_263' title='bbox 1637 3119 1692 3172; x_wconf 91' lang='lat' dir='ltr'><strong>in</strong></span> <span class='ocrx_word' id='word_1_264' title='bbox 1721 3117 1840 3172; x_wconf 90' lang='lat' dir='ltr'><strong>loco</strong></span> <span class='ocrx_word' id='word_1_265' title='bbox 1865 3122 2054 3171; x_wconf 88' lang='lat' dir='ltr'><strong>sancto</strong></span> 
     </span>
    </p>
   </div>
   <div class='ocr_carea' id='block_1_34' title="bbox 466 3209 2054 3294">
    <p class='ocr_par' dir='ltr' id='par_1_34' title="bbox 466 3209 2054 3294">
     <span class='ocr_line' id='line_1_34' title="bbox 466 3209 2054 3294; baseline -0.012 -13"><span class='ocrx_word' id='word_1_266' title='bbox 466 3224 610 3294; x_wconf 87' lang='lat' dir='ltr'><strong>ejus,</strong></span> <span class='ocrx_word' id='word_1_267' title='bbox 642 3221 772 3293; x_wconf 87' lang='lat' dir='ltr'><strong>quia</strong></span> <span class='ocrx_word' id='word_1_268' title='bbox 805 3235 934 3276; x_wconf 89' lang='lat' dir='ltr'><strong>vero</strong></span> <span class='ocrx_word' id='word_1_269' title='bbox 969 3225 1184 3274; x_wconf 89' lang='lat' dir='ltr'><strong>constat</strong></span> <span class='ocrx_word' id='word_1_270' title='bbox 1227 3215 1427 3271; x_wconf 90' lang='lat' dir='ltr'><strong>multos</strong></span> <span class='ocrx_word' id='word_1_271' title='bbox 1465 3225 1787 3268; x_wconf 89' lang='lat' dir='ltr'><strong>ascensuros</strong></span> <span class='ocrx_word' id='word_1_272' title='bbox 1818 3209 1871 3264; x_wconf 92' lang='lat' dir='ltr'><strong>in</strong></span> <span class='ocrx_word' id='word_1_273' title='bbox 1900 3223 2054 3264; x_wconf 90' lang='lat' dir='ltr'><strong>mon-</strong></span> 
     </span>
    </p>
   </div>
   <div class='ocr_carea' id='block_1_35' title="bbox 466 3301 2058 3380">
    <p class='ocr_par' dir='ltr' id='par_1_35' title="bbox 466 3301 2058 3380">
     <span class='ocr_line' id='line_1_35' title="bbox 466 3301 2058 3380; baseline -0.008 -10"><span class='ocrx_word' id='word_1_274' title='bbox 466 3325 575 3372; x_wconf 90' lang='lat' dir='ltr'><strong>tem</strong></span> <span class='ocrx_word' id='word_1_275' title='bbox 617 3313 834 3371; x_wconf 88' lang='lat' dir='ltr'><strong>Domini</strong></span> <span class='ocrx_word' id='word_1_276' title='bbox 871 3320 1217 3380; x_wconf 82' lang='lat' dir='ltr'><strong>staturosque</strong></span> <span class='ocrx_word' id='word_1_277' title='bbox 1255 3309 1309 3362; x_wconf 94' lang='lat' dir='ltr'><strong>in</strong></span> <span class='ocrx_word' id='word_1_278' title='bbox 1350 3313 1540 3362; x_wconf 88' lang='lat' dir='ltr'><strong>sancto</strong></span> <span class='ocrx_word' id='word_1_279' title='bbox 1566 3304 1686 3359; x_wconf 91' lang='lat' dir='ltr'><strong>loco</strong></span> <span class='ocrx_word' id='word_1_280' title='bbox 1713 3301 1849 3372; x_wconf 89' lang='lat' dir='ltr'><strong>ejus,</strong></span> <span class='ocrx_word' id='word_1_281' title='bbox 1882 3310 2058 3358; x_wconf 89' lang='lat' dir='ltr'><strong>restat</strong></span> 
     </span>
    </p>
   </div>
   <div class='ocr_carea' id='block_1_36' title="bbox 467 3394 2056 3475">
    <p class='ocr_par' dir='ltr' id='par_1_36' title="bbox 467 3394 2056 3475">
     <span class='ocr_line' id='line_1_36' title="bbox 467 3394 2056 3475; baseline -0.009 -14"><span class='ocrx_word' id='word_1_282' title='bbox 467 3407 657 3475; x_wconf 86' lang='lat' dir='ltr'><strong>utique</strong></span> <span class='ocrx_word' id='word_1_283' title='bbox 687 3412 747 3460; x_wconf 92' lang='lat' dir='ltr'><strong>ut</strong></span> <span class='ocrx_word' id='word_1_284' title='bbox 775 3403 886 3458; x_wconf 91' lang='lat' dir='ltr'><strong>sint</strong></span> <span class='ocrx_word' id='word_1_285' title='bbox 920 3401 1077 3457; x_wconf 89' lang='lat' dir='ltr'><strong>multi</strong></span> <span class='ocrx_word' id='word_1_286' title='bbox 1107 3398 1310 3455; x_wconf 89' lang='lat' dir='ltr'><strong>mundo</strong></span> <span class='ocrx_word' id='word_1_287' title='bbox 1337 3395 1520 3461; x_wconf 89' lang='lat' dir='ltr'><strong>corde,</strong></span> <span class='ocrx_word' id='word_1_288' title='bbox 1548 3403 1602 3451; x_wconf 91' lang='lat' dir='ltr'><strong>et</strong></span> <span class='ocrx_word' id='word_1_289' title='bbox 1622 3395 1778 3465; x_wconf 81' lang='lat' dir='ltr'><strong>juxta</strong></span> <span class='ocrx_word' id='word_1_290' title='bbox 1805 3394 2056 3448; x_wconf 62' lang='lat' dir='ltr'><strong>humanae</strong></span> 
     </span>
    </p>
   </div>
   <div class='ocr_carea' id='block_1_37' title="bbox 467 3489 2057 3568">
    <p class='ocr_par' dir='ltr' id='par_1_37' title="bbox 467 3489 2057 3568">
     <span class='ocr_line' id='line_1_37' title="bbox 467 3489 2057 3568; baseline -0.008 -15"><span class='ocrx_word' id='word_1_291' title='bbox 467 3496 844 3568; x_wconf 83' lang='lat' dir='ltr'><strong>possibilitatis</strong></span> <span class='ocrx_word' id='word_1_292' title='bbox 891 3494 1110 3548; x_wconf 89' lang='lat' dir='ltr'><strong>modum</strong></span> <span class='ocrx_word' id='word_1_293' title='bbox 1157 3489 1279 3561; x_wconf 90' lang='lat' dir='ltr'><strong>puri</strong></span> <span class='ocrx_word' id='word_1_294' title='bbox 1304 3505 1334 3543; x_wconf 92' lang='lat' dir='ltr'><strong>a</strong></span> <span class='ocrx_word' id='word_1_295' title='bbox 1360 3498 1606 3560; x_wconf 89' lang='lat' dir='ltr'><strong>peccato,</strong></span> <span class='ocrx_word' id='word_1_296' title='bbox 1646 3501 1746 3542; x_wconf 91' lang='lat' dir='ltr'><strong>nec</strong></span> <span class='ocrx_word' id='word_1_297' title='bbox 1785 3494 1967 3541; x_wconf 89' lang='lat' dir='ltr'><strong>tamen</strong></span> <span class='ocrx_word' id='word_1_298' title='bbox 1995 3500 2057 3541; x_wconf 89' lang='lat' dir='ltr'><strong>se</strong></span> 
     </span>
    </p>
   </div>
   <div class='ocr_carea' id='block_1_38' title="bbox 468 3579 2061 3656">
    <p class='ocr_par' dir='ltr' id='par_1_38' title="bbox 468 3579 2061 3656">
     <span class='ocr_line' id='line_1_38' title="bbox 468 3579 2061 3656; baseline -0.004 -16"><span class='ocrx_word' id='word_1_299' title='bbox 468 3587 586 3656; x_wconf 90' lang='lat' dir='ltr'><strong>ipse</strong></span> <span class='ocrx_word' id='word_1_300' title='bbox 623 3586 854 3656; x_wconf 87' lang='lat' dir='ltr'><strong>quisque</strong></span> <span class='ocrx_word' id='word_1_301' title='bbox 889 3580 1295 3638; x_wconf 89' lang='lat' dir='ltr'><strong>mundicordem</strong></span> <span class='ocrx_word' id='word_1_302' title='bbox 1337 3587 1393 3634; x_wconf 92' lang='lat' dir='ltr'><strong>et</strong></span> <span class='ocrx_word' id='word_1_303' title='bbox 1435 3579 1730 3632; x_wconf 87' lang='lat' dir='ltr'><strong>immunem</strong></span> <span class='ocrx_word' id='word_1_304' title='bbox 1771 3591 1892 3632; x_wconf 91' lang='lat' dir='ltr'><strong>esse</strong></span> <span class='ocrx_word' id='word_1_305' title='bbox 1939 3590 2061 3645; x_wconf 54' lang='lat' dir='ltr'><strong>pecs</strong></span> 
     </span>
    </p>
   </div>
   <div class='ocr_carea' id='block_1_39' title="bbox 471 3668 2060 3748">
    <p class='ocr_par' dir='ltr' id='par_1_39' title="bbox 471 3668 2060 3748">
     <span class='ocr_line' id='line_1_39' title="bbox 471 3668 2060 3748; baseline -0.008 -14"><span class='ocrx_word' id='word_1_306' title='bbox 471 3678 580 3734; x_wconf 88' lang='lat' dir='ltr'><strong>cati</strong></span> <span class='ocrx_word' id='word_1_307' title='bbox 625 3678 832 3748; x_wconf 87' lang='lat' dir='ltr'><strong>absque</strong></span> <span class='ocrx_word' id='word_1_308' title='bbox 866 3673 1172 3730; x_wconf 87' lang='lat' dir='ltr'><strong>temeritate</strong></span> <span class='ocrx_word' id='word_1_309' title='bbox 1203 3671 1540 3742; x_wconf 88' lang='lat' dir='ltr'><strong>pronuntiat.</strong></span> <span class='ocrx_word' id='word_1_310' title='bbox 1593 3668 1768 3724; x_wconf 87' lang='lat' dir='ltr'><strong>Stulta</strong></span> <span class='ocrx_word' id='word_1_311' title='bbox 1795 3677 1879 3724; x_wconf 91' lang='lat' dir='ltr'><strong>est</strong></span> <span class='ocrx_word' id='word_1_312' title='bbox 1906 3683 2060 3723; x_wconf 91' lang='lat' dir='ltr'><strong>nam-</strong></span> 
     </span>
    </p>
   </div>
   <div class='ocr_carea' id='block_1_40' title="bbox 477 3760 2060 3840">
    <p class='ocr_par' dir='ltr' id='par_1_40' title="bbox 477 3760 2060 3840">
     <span class='ocr_line' id='line_1_40' title="bbox 477 3760 2060 3840; baseline -0.008 -14"><span class='ocrx_word' id='word_1_313' title='bbox 477 3785 583 3840; x_wconf 88' lang='lat' dir='ltr'><strong>que</strong></span> <span class='ocrx_word' id='word_1_314' title='bbox 633 3770 866 3840; x_wconf 69' lang='lat' dir='ltr'><strong>pr0priaa</strong></span> <span class='ocrx_word' id='word_1_315' title='bbox 908 3766 1081 3822; x_wconf 89' lang='lat' dir='ltr'><strong>laudis</strong></span> <span class='ocrx_word' id='word_1_316' title='bbox 1124 3763 1417 3834; x_wconf 89' lang='lat' dir='ltr'><strong>jactantia,</strong></span> <span class='ocrx_word' id='word_1_317' title='bbox 1474 3762 1827 3818; x_wconf 89' lang='lat' dir='ltr'><strong>temerarium</strong></span> <span class='ocrx_word' id='word_1_318' title='bbox 1865 3760 1932 3814; x_wconf 89' lang='lat' dir='ltr'><strong>de</strong></span> <span class='ocrx_word' id='word_1_319' title='bbox 1962 3774 2060 3814; x_wconf 87' lang='lat' dir='ltr'><strong>sua</strong></span> 
     </span>
    </p>
   </div>
   <div class='ocr_carea' id='block_1_41' title="bbox 477 3852 2061 3936">
    <p class='ocr_par' dir='ltr' id='par_1_41' title="bbox 477 3852 2061 3936">
     <span class='ocr_line' id='line_1_41' title="bbox 477 3852 2061 3936; baseline -0.007 -17"><span class='ocrx_word' id='word_1_320' title='bbox 477 3879 748 3936; x_wconf 87' lang='lat' dir='ltr'><strong>quemque</strong></span> <span class='ocrx_word' id='word_1_321' title='bbox 791 3860 1100 3917; x_wconf 88' lang='lat' dir='ltr'><strong>innocentia</strong></span> <span class='ocrx_word' id='word_1_322' title='bbox 1148 3858 1234 3914; x_wconf 91' lang='lat' dir='ltr'><strong>vel</strong></span> <span class='ocrx_word' id='word_1_323' title='bbox 1276 3856 1487 3927; x_wconf 88' lang='lat' dir='ltr'><strong>justitia</strong></span> <span class='ocrx_word' id='word_1_324' title='bbox 1537 3854 1760 3926; x_wconf 83' lang='lat' dir='ltr'><strong>gloriari</strong></span> <span class='ocrx_word' id='word_1_325' title='bbox 1790 3871 1804 3908; x_wconf 89' lang='lat'><strong>:</strong></span> <span class='ocrx_word' id='word_1_326' title='bbox 1835 3853 1904 3907; x_wconf 86' lang='lat' dir='ltr'><strong>Et</strong></span> <span class='ocrx_word' id='word_1_327' title='bbox 1934 3852 2061 3922; x_wconf 86' lang='lat' dir='ltr'><strong>quia</strong></span> 
     </span>
    </p>
   </div>
   <div class='ocr_carea' id='block_1_42' title="bbox 477 3949 2065 4028">
    <p class='ocr_par' dir='ltr' id='par_1_42' title="bbox 477 3949 2065 4028">
     <span class='ocr_line' id='line_1_42' title="bbox 477 3949 2065 4028; baseline -0.008 -13"><span class='ocrx_word' id='word_1_328' title='bbox 477 3967 604 4015; x_wconf 90' lang='lat' dir='ltr'><strong>sunt</strong></span> <span class='ocrx_word' id='word_1_329' title='bbox 628 3957 722 4028; x_wconf 88' lang='lat' dir='ltr'><strong>qui</strong></span> <span class='ocrx_word' id='word_1_330' title='bbox 751 3969 851 4013; x_wconf 88' lang='lat' dir='ltr'><strong>sua</strong></span> <span class='ocrx_word' id='word_1_331' title='bbox 878 3955 1101 4012; x_wconf 87' lang='lat' dir='ltr'><strong>laudare</strong></span> <span class='ocrx_word' id='word_1_332' title='bbox 1135 3953 1290 4023; x_wconf 89' lang='lat' dir='ltr'><strong>quasi</strong></span> <span class='ocrx_word' id='word_1_333' title='bbox 1321 3952 1505 4017; x_wconf 83' lang='lat' dir='ltr'><strong>fortia,</strong></span> <span class='ocrx_word' id='word_1_334' title='bbox 1536 3949 1909 4021; x_wconf 77' lang='lat' dir='ltr'><strong>proximorum</strong></span> <span class='ocrx_word' id='word_1_335' title='bbox 1937 3960 2065 4002; x_wconf 88' lang='lat' dir='ltr'><strong>vero</strong></span> 
     </span>
    </p>
   </div>
   <div class='ocr_carea' id='block_1_43' title="bbox 472 4039 2066 4118">
    <p class='ocr_par' dir='ltr' id='par_1_43' title="bbox 472 4039 2066 4118">
     <span class='ocr_line' id='line_1_43' title="bbox 472 4039 2066 4118; baseline -0.008 -12"><span class='ocrx_word' id='word_1_336' title='bbox 472 4052 616 4106; x_wconf 84' lang='lat' dir='ltr'><strong>facta</strong></span> <span class='ocrx_word' id='word_1_337' title='bbox 657 4049 824 4104; x_wconf 89' lang='lat' dir='ltr'><strong>veluti</strong></span> <span class='ocrx_word' id='word_1_338' title='bbox 867 4048 998 4104; x_wconf 81' lang='lat' dir='ltr'><strong>vilia</strong></span> <span class='ocrx_word' id='word_1_339' title='bbox 1045 4046 1223 4104; x_wconf 87' lang='lat' dir='ltr'><strong>solent</strong></span> <span class='ocrx_word' id='word_1_340' title='bbox 1266 4043 1595 4118; x_wconf 86' lang='lat' dir='ltr'><strong>improbare,</strong></span> <span class='ocrx_word' id='word_1_341' title='bbox 1647 4048 1794 4096; x_wconf 90' lang='lat' dir='ltr'><strong>recte</strong></span> <span class='ocrx_word' id='word_1_342' title='bbox 1840 4039 2066 4110; x_wconf 89' lang='lat' dir='ltr'><strong>subjun-</strong></span> 
     </span>
    </p>
   </div>
   <div class='ocr_carea' id='block_1_44' title="bbox 474 4141 638 4214">
    <p class='ocr_par' dir='ltr' id='par_1_44' title="bbox 474 4141 638 4214">
     <span class='ocr_line' id='line_1_44' title="bbox 474 4141 638 4214; baseline -0.018 -17"><span class='ocrx_word' id='word_1_343' title='bbox 474 4141 638 4214; x_wconf 80' lang='lat' dir='ltr'><strong>gitur.</strong></span> 
     </span>
    </p>
   </div>
   <div class='ocr_carea' id='block_1_45' title="bbox 550 4229 2067 4301">
    <p class='ocr_par' dir='ltr' id='par_1_45' title="bbox 550 4229 2067 4301">
     <span class='ocr_line' id='line_1_45' title="bbox 550 4229 2067 4301; baseline -0.007 -14"><span class='ocrx_word' id='word_1_344' title='bbox 550 4231 769 4287; x_wconf 86' lang='lat' dir='ltr'><strong>Pondus</strong></span> <span class='ocrx_word' id='word_1_345' title='bbox 792 4241 842 4286; x_wconf 86' lang='lat' dir='ltr'><strong>et</strong></span> <span class='ocrx_word' id='word_1_346' title='bbox 870 4229 1098 4301; x_wconf 86' lang='lat' dir='ltr'><strong>pondus,</strong></span> <span class='ocrx_word' id='word_1_347' title='bbox 1141 4243 1389 4282; x_wconf 84' lang='lat' dir='ltr'><strong>mensura</strong></span> <span class='ocrx_word' id='word_1_348' title='bbox 1411 4234 1460 4280; x_wconf 87' lang='lat' dir='ltr'><strong>et</strong></span> <span class='ocrx_word' id='word_1_349' title='bbox 1481 4240 1752 4289; x_wconf 87' lang='lat' dir='ltr'><strong>mensura,</strong></span> <span class='ocrx_word' id='word_1_350' title='bbox 1789 4232 2067 4292; x_wconf 88' lang='lat' dir='ltr'><strong>utrumque</strong></span> 
     </span>
    </p>
   </div>
   <div class='ocr_carea' id='block_1_46' title="bbox 478 4317 2070 4392">
    <p class='ocr_par' dir='ltr' id='par_1_46' title="bbox 478 4317 2070 4392">
     <span class='ocr_line' id='line_1_46' title="bbox 478 4317 2070 4392; baseline -0.006 -12"><span class='ocrx_word' id='word_1_351' title='bbox 478 4324 830 4381; x_wconf 85' lang='lat' dir='ltr'><strong>abominabile</strong></span> <span class='ocrx_word' id='word_1_352' title='bbox 856 4323 996 4392; x_wconf 87' lang='lat' dir='ltr'><strong>apud</strong></span> <span class='ocrx_word' id='word_1_353' title='bbox 1025 4321 1330 4374; x_wconf 88' lang='lat' dir='ltr'><strong>Dominum.</strong></span> <span class='ocrx_word' id='word_1_354' title='bbox 1370 4317 1653 4373; x_wconf 80' lang='lat' dir='ltr'><strong>Diversum</strong></span> <span class='ocrx_word' id='word_1_355' title='bbox 1683 4330 1918 4384; x_wconf 87' lang='lat' dir='ltr'><strong>namque</strong></span> <span class='ocrx_word' id='word_1_356' title='bbox 1940 4329 2070 4385; x_wconf 85' lang='lat' dir='ltr'><strong>pon-</strong></span> 
     </span>
    </p>
   </div>
   <div class='ocr_carea' id='block_1_47' title="bbox 481 4405 2068 4470">
    <p class='ocr_par' dir='ltr' id='par_1_47' title="bbox 481 4405 2068 4470">
     <span class='ocr_line' id='line_1_47' title="bbox 481 4405 2068 4470; baseline -0.006 -1"><span class='ocrx_word' id='word_1_357' title='bbox 481 4417 582 4470; x_wconf 89' lang='lat' dir='ltr'><strong>dus</strong></span> <span class='ocrx_word' id='word_1_358' title='bbox 604 4415 659 4468; x_wconf 92' lang='lat' dir='ltr'><strong>in</strong></span> <span class='ocrx_word' id='word_1_359' title='bbox 682 4415 842 4468; x_wconf 89' lang='lat' dir='ltr'><strong>domo</strong></span> <span class='ocrx_word' id='word_1_360' title='bbox 865 4426 960 4465; x_wconf 91' lang='lat' dir='ltr'><strong>sua</strong></span> <span class='ocrx_word' id='word_1_361' title='bbox 984 4411 1254 4465; x_wconf 83' lang='lat' dir='ltr'><strong>diversam</strong></span> <span class='ocrx_word' id='word_1_362' title='bbox 1277 4407 1440 4463; x_wconf 69' lang='lat' dir='ltr'><strong>hibet</strong></span> <span class='ocrx_word' id='word_1_363' title='bbox 1467 4420 1800 4470; x_wconf 86' lang='lat' dir='ltr'><strong>mensuram,</strong></span> <span class='ocrx_word' id='word_1_364' title='bbox 1829 4413 1886 4459; x_wconf 92' lang='lat' dir='ltr'><strong>ut</strong></span> <span class='ocrx_word' id='word_1_365' title='bbox 1911 4405 2068 4460; x_wconf 88' lang='lat' dir='ltr'><strong>aliter</strong></span> 
     </span>
    </p>
   </div>
   <div class='ocr_carea' id='block_1_48' title="bbox 478 4495 2067 4571">
    <p class='ocr_par' dir='ltr' id='par_1_48' title="bbox 478 4495 2067 4571">
     <span class='ocr_line' id='line_1_48' title="bbox 478 4495 2067 4571; baseline -0.007 -11"><span class='ocrx_word' id='word_1_366' title='bbox 478 4505 730 4561; x_wconf 79' lang='lat' dir='ltr'><strong>videlicet</strong></span> <span class='ocrx_word' id='word_1_367' title='bbox 756 4500 1080 4571; x_wconf 88' lang='lat' dir='ltr'><strong>sibimetipsi</strong></span> <span class='ocrx_word' id='word_1_368' title='bbox 1110 4499 1268 4556; x_wconf 88' lang='lat' dir='ltr'><strong>aliter</strong></span> <span class='ocrx_word' id='word_1_369' title='bbox 1296 4498 1554 4554; x_wconf 85' lang='lat' dir='ltr'><strong>metiatur</strong></span> <span class='ocrx_word' id='word_1_370' title='bbox 1586 4497 1852 4569; x_wconf 87' lang='lat' dir='ltr'><strong>proximo,</strong></span> <span class='ocrx_word' id='word_1_371' title='bbox 1893 4495 1986 4566; x_wconf 90' lang='lat' dir='ltr'><strong>qui</strong></span> <span class='ocrx_word' id='word_1_372' title='bbox 2012 4495 2067 4549; x_wconf 92' lang='lat' dir='ltr'><strong>in</strong></span> 
     </span>
    </p>
   </div>
   <div class='ocr_carea' id='block_1_49' title="bbox 477 4593 2063 4671">
    <p class='ocr_par' dir='ltr' id='par_1_49' title="bbox 477 4593 2063 4671">
     <span class='ocr_line' id='line_1_49' title="bbox 477 4593 2063 4671; baseline -0.007 -14"><span class='ocrx_word' id='word_1_373' title='bbox 477 4601 593 4658; x_wconf 88' lang='lat' dir='ltr'><strong>suis</strong></span> <span class='ocrx_word' id='word_1_374' title='bbox 632 4612 846 4671; x_wconf 78' lang='lat' dir='ltr'><strong>seraper</strong></span> <span class='ocrx_word' id='word_1_375' title='bbox 899 4598 1114 4653; x_wconf 90' lang='lat' dir='ltr'><strong>actibus</strong></span> <span class='ocrx_word' id='word_1_376' title='bbox 1154 4612 1275 4667; x_wconf 75' lang='lat' dir='ltr'><strong>qua:</strong></span> <span class='ocrx_word' id='word_1_377' title='bbox 1321 4594 1547 4660; x_wconf 92' lang='lat' dir='ltr'><strong>laudari,</strong></span> <span class='ocrx_word' id='word_1_378' title='bbox 1579 4593 1634 4647; x_wconf 89' lang='lat' dir='ltr'><strong>in</strong></span> <span class='ocrx_word' id='word_1_379' title='bbox 1661 4593 1893 4648; x_wconf 86' lang='lat' dir='ltr'><strong>aliorum</strong></span> <span class='ocrx_word' id='word_1_380' title='bbox 1930 4604 2063 4646; x_wconf 87' lang='lat' dir='ltr'><strong>vero</strong></span> 
     </span>
    </p>
   </div>
   <div class='ocr_carea' id='block_1_50' title="bbox 475 4681 2066 4767">
    <p class='ocr_par' dir='ltr' id='par_1_50' title="bbox 475 4681 2066 4767">
     <span class='ocr_line' id='line_1_50' title="bbox 475 4681 2066 4767; baseline -0.008 -18"><span class='ocrx_word' id='word_1_381' title='bbox 475 4708 599 4767; x_wconf 71' lang='lat' dir='ltr'><strong>quae</strong></span> <span class='ocrx_word' id='word_1_382' title='bbox 623 4690 919 4762; x_wconf 81' lang='lat' dir='ltr'><strong>vituperari</strong></span> <span class='ocrx_word' id='word_1_383' title='bbox 949 4689 1162 4760; x_wconf 91' lang='lat' dir='ltr'><strong>possint</strong></span> <span class='ocrx_word' id='word_1_384' title='bbox 1185 4687 1418 4742; x_wconf 88' lang='lat' dir='ltr'><strong>rimatur</strong></span> <span class='ocrx_word' id='word_1_385' title='bbox 1447 4704 1460 4740; x_wconf 91' lang='lat'><strong>:</strong></span> <span class='ocrx_word' id='word_1_386' title='bbox 1490 4686 1559 4740; x_wconf 89' lang='lat' dir='ltr'><strong>Et</strong></span> <span class='ocrx_word' id='word_1_387' title='bbox 1585 4684 1708 4740; x_wconf 91' lang='lat' dir='ltr'><strong>ideo</strong></span> <span class='ocrx_word' id='word_1_388' title='bbox 1738 4683 1899 4738; x_wconf 91' lang='lat' dir='ltr'><strong>talem</strong></span> <span class='ocrx_word' id='word_1_389' title='bbox 1917 4681 2066 4750; x_wconf 86' lang='lat' dir='ltr'><strong>justo</strong></span> 
     </span>
    </p>
   </div>
   <div class='ocr_carea' id='block_1_51' title="bbox 478 4777 2068 4852">
    <p class='ocr_par' dir='ltr' id='par_1_51' title="bbox 478 4777 2068 4852">
     <span class='ocr_line' id='line_1_51' title="bbox 478 4777 2068 4852; baseline -0.007 -10"><span class='ocrx_word' id='word_1_390' title='bbox 478 4785 826 4844; x_wconf 74' lang='lat' dir='ltr'><strong>abominetur</strong></span> <span class='ocrx_word' id='word_1_391' title='bbox 849 4784 1134 4849; x_wconf 91' lang='lat' dir='ltr'><strong>Dominus,</strong></span> <span class='ocrx_word' id='word_1_392' title='bbox 1179 4783 1304 4852; x_wconf 91' lang='lat' dir='ltr'><strong>quia</strong></span> <span class='ocrx_word' id='word_1_393' title='bbox 1333 4781 1588 4836; x_wconf 86' lang='lat' dir='ltr'><strong>nimirum</strong></span> <span class='ocrx_word' id='word_1_394' title='bbox 1635 4786 1893 4848; x_wconf 87' lang='lat' dir='ltr'><strong>quantum</strong></span> <span class='ocrx_word' id='word_1_395' title='bbox 1939 4777 2068 4832; x_wconf 85' lang='lat' dir='ltr'><strong>sibi-</strong></span> 
     </span>
    </p>
   </div>
   <div class='ocr_carea' id='block_1_52' title="bbox 482 4868 2064 4947">
    <p class='ocr_par' dir='ltr' id='par_1_52' title="bbox 482 4868 2064 4947">
     <span class='ocr_line' id='line_1_52' title="bbox 482 4868 2064 4947; baseline -0.008 -14"><span class='ocrx_word' id='word_1_396' title='bbox 482 4877 694 4947; x_wconf 88' lang='lat' dir='ltr'><strong>metipsi</strong></span> <span class='ocrx_word' id='word_1_397' title='bbox 738 4877 942 4943; x_wconf 90' lang='lat' dir='ltr'><strong>absque</strong></span> <span class='ocrx_word' id='word_1_398' title='bbox 975 4873 1186 4927; x_wconf 88' lang='lat' dir='ltr'><strong>meritis</strong></span> <span class='ocrx_word' id='word_1_399' title='bbox 1217 4872 1415 4942; x_wconf 88' lang='lat' dir='ltr'><strong>placet,</strong></span> <span class='ocrx_word' id='word_1_400' title='bbox 1460 4879 1670 4926; x_wconf 90' lang='lat' dir='ltr'><strong>tantum</strong></span> <span class='ocrx_word' id='word_1_401' title='bbox 1709 4883 1944 4938; x_wconf 90' lang='lat' dir='ltr'><strong>superno</strong></span> <span class='ocrx_word' id='word_1_402' title='bbox 1980 4868 2064 4921; x_wconf 86' lang='lat' dir='ltr'><strong>in-</strong></span> 
     </span>
    </p>
   </div>
   <div class='ocr_carea' id='block_1_53' title="bbox 481 4959 2067 5040">
    <p class='ocr_par' dir='ltr' id='par_1_53' title="bbox 481 4959 2067 5040">
     <span class='ocr_line' id='line_1_53' title="bbox 481 4959 2067 5040; baseline -0.007 -16"><span class='ocrx_word' id='word_1_403' title='bbox 481 4967 718 5040; x_wconf 86' lang='lat' dir='ltr'><strong>spectori</strong></span> <span class='ocrx_word' id='word_1_404' title='bbox 753 4966 949 5020; x_wconf 90' lang='lat' dir='ltr'><strong>merito</strong></span> <span class='ocrx_word' id='word_1_405' title='bbox 975 4965 1242 5036; x_wconf 89' lang='lat' dir='ltr'><strong>displicet.</strong></span> <span class='ocrx_word' id='word_1_406' title='bbox 1289 4963 1490 5018; x_wconf 79' lang='lat' dir='ltr'><strong>Verum</strong></span> <span class='ocrx_word' id='word_1_407' title='bbox 1532 4963 1659 5032; x_wconf 91' lang='lat' dir='ltr'><strong>quia</strong></span> <span class='ocrx_word' id='word_1_408' title='bbox 1707 4959 2067 5030; x_wconf 88' lang='lat' dir='ltr'><strong>periculosum</strong></span> 
     </span>
    </p>
   </div>
   <div class='ocr_carea' id='block_1_54' title="bbox 482 5052 2067 5127">
    <p class='ocr_par' dir='ltr' id='par_1_54' title="bbox 482 5052 2067 5127">
     <span class='ocr_line' id='line_1_54' title="bbox 482 5052 2067 5127; baseline -0.005 -13"><span class='ocrx_word' id='word_1_409' title='bbox 482 5066 566 5114; x_wconf 85' lang='lat' dir='ltr'><strong>est</strong></span> <span class='ocrx_word' id='word_1_410' title='bbox 591 5057 786 5127; x_wconf 91' lang='lat' dir='ltr'><strong>cuique</strong></span> <span class='ocrx_word' id='word_1_411' title='bbox 812 5057 880 5112; x_wconf 89' lang='lat' dir='ltr'><strong>de</strong></span> <span class='ocrx_word' id='word_1_412' title='bbox 904 5055 1078 5112; x_wconf 88' lang='lat' dir='ltr'><strong>aliena</strong></span> <span class='ocrx_word' id='word_1_413' title='bbox 1119 5056 1449 5113; x_wconf 87' lang='lat' dir='ltr'><strong>conscientia</strong></span> <span class='ocrx_word' id='word_1_414' title='bbox 1477 5055 1744 5124; x_wconf 87' lang='lat' dir='ltr'><strong>judicare,</strong></span> <span class='ocrx_word' id='word_1_415' title='bbox 1793 5053 1946 5123; x_wconf 86' lang='lat' dir='ltr'><strong>cujus</strong></span> <span class='ocrx_word' id='word_1_416' title='bbox 1984 5052 2067 5106; x_wconf 87' lang='lat' dir='ltr'><strong>in—</strong></span> 
     </span>
    </p>
   </div>
   <div class='ocr_carea' id='block_1_55' title="bbox 479 5143 2068 5218">
    <p class='ocr_par' dir='ltr' id='par_1_55' title="bbox 479 5143 2068 5218">
     <span class='ocr_line' id='line_1_55' title="bbox 479 5143 2068 5218; baseline -0.003 -14"><span class='ocrx_word' id='word_1_417' title='bbox 479 5148 779 5204; x_wconf 88' lang='lat' dir='ltr'><strong>tentionem</strong></span> <span class='ocrx_word' id='word_1_418' title='bbox 818 5147 959 5203; x_wconf 90' lang='lat' dir='ltr'><strong>scire</strong></span> <span class='ocrx_word' id='word_1_419' title='bbox 1005 5148 1210 5218; x_wconf 90' lang='lat' dir='ltr'><strong>nequit,</strong></span> <span class='ocrx_word' id='word_1_420' title='bbox 1252 5147 1347 5202; x_wconf 91' lang='lat' dir='ltr'><strong>dat</strong></span> <span class='ocrx_word' id='word_1_421' title='bbox 1369 5145 1674 5210; x_wconf 90' lang='lat' dir='ltr'><strong>consilium,</strong></span> <span class='ocrx_word' id='word_1_422' title='bbox 1708 5143 2068 5217; x_wconf 90' lang='lat' dir='ltr'><strong>quibusjudi-</strong></span> 
     </span>
    </p>
   </div>
   <div class='ocr_carea' id='block_1_56' title="bbox 481 5237 2065 5313">
    <p class='ocr_par' dir='ltr' id='par_1_56' title="bbox 481 5237 2065 5313">
     <span class='ocr_line' id='line_1_56' title="bbox 481 5237 2065 5313; baseline -0.001 -17"><span class='ocrx_word' id='word_1_423' title='bbox 481 5241 584 5297; x_wconf 90' lang='lat' dir='ltr'><strong>ciis</strong></span> <span class='ocrx_word' id='word_1_424' title='bbox 612 5240 876 5313; x_wconf 88' lang='lat' dir='ltr'><strong>judicium</strong></span> <span class='ocrx_word' id='word_1_425' title='bbox 919 5242 1091 5296; x_wconf 89' lang='lat' dir='ltr'><strong>nostri</strong></span> <span class='ocrx_word' id='word_1_426' title='bbox 1118 5240 1298 5296; x_wconf 90' lang='lat' dir='ltr'><strong>cordis</strong></span> <span class='ocrx_word' id='word_1_427' title='bbox 1337 5253 1467 5309; x_wconf 84' lang='lat' dir='ltr'><strong>erga</strong></span> <span class='ocrx_word' id='word_1_428' title='bbox 1492 5237 1798 5308; x_wconf 81' lang='lat' dir='ltr'><strong>proximum</strong></span> <span class='ocrx_word' id='word_1_429' title='bbox 1833 5239 2065 5310; x_wconf 77' lang='lat' dir='ltr'><strong>dirigere</strong></span> 
     </span>
    </p>
   </div>
   <div class='ocr_carea' id='block_1_57' title="bbox 483 5331 1244 5402">
    <p class='ocr_par' dir='ltr' id='par_1_57' title="bbox 483 5331 1244 5402">
     <span class='ocr_line' id='line_1_57' title="bbox 483 5331 1244 5402; baseline -0.007 -13"><span class='ocrx_word' id='word_1_430' title='bbox 483 5331 797 5399; x_wconf 84' lang='lat' dir='ltr'><strong>debeamus,</strong></span> <span class='ocrx_word' id='word_1_431' title='bbox 825 5347 952 5388; x_wconf 87' lang='lat' dir='ltr'><strong>nam</strong></span> <span class='ocrx_word' id='word_1_432' title='bbox 979 5331 1244 5402; x_wconf 90' lang='lat' dir='ltr'><strong>sequitur.</strong></span> 
     </span>
    </p>
   </div>
   <div class='ocr_carea' id='block_1_58' title="bbox 554 5420 2067 5493">
    <p class='ocr_par' dir='ltr' id='par_1_58' title="bbox 554 5420 2067 5493">
     <span class='ocr_line' id='line_1_58' title="bbox 554 5420 2067 5493; baseline -0.001 -15"><span class='ocrx_word' id='word_1_433' title='bbox 554 5422 641 5479; x_wconf 75' lang='lat' dir='ltr'><strong>Ex</strong></span> <span class='ocrx_word' id='word_1_434' title='bbox 660 5424 849 5479; x_wconf 89' lang='lat' dir='ltr'><strong>studiis</strong></span> <span class='ocrx_word' id='word_1_435' title='bbox 887 5424 999 5479; x_wconf 87' lang='lat' dir='ltr'><strong>suis</strong></span> <span class='ocrx_word' id='word_1_436' title='bbox 1027 5420 1337 5490; x_wconf 80' lang='lat' dir='ltr'><strong>intelligitur</strong></span> <span class='ocrx_word' id='word_1_437' title='bbox 1361 5438 1509 5493; x_wconf 90' lang='lat' dir='ltr'><strong>puer,</strong></span> <span class='ocrx_word' id='word_1_438' title='bbox 1537 5423 1583 5477; x_wconf 91' lang='lat' dir='ltr'><strong>si</strong></span> <span class='ocrx_word' id='word_1_439' title='bbox 1616 5423 1812 5477; x_wconf 83' lang='lat' dir='ltr'><strong>munda</strong></span> <span class='ocrx_word' id='word_1_440' title='bbox 1839 5424 1891 5476; x_wconf 86' lang='lat' dir='ltr'><strong>et</strong></span> <span class='ocrx_word' id='word_1_441' title='bbox 1925 5431 2067 5477; x_wconf 86' lang='lat' dir='ltr'><strong>recta</strong></span> 
     </span>
    </p>
   </div>
   <div class='ocr_carea' id='block_1_59' title="bbox 488 5512 2068 5587">
    <p class='ocr_par' dir='ltr' id='par_1_59' title="bbox 488 5512 2068 5587">
     <span class='ocr_line' id='line_1_59' title="bbox 488 5512 2068 5587; baseline -0.001 -17"><span class='ocrx_word' id='word_1_442' title='bbox 488 5514 586 5570; x_wconf 89' lang='lat' dir='ltr'><strong>sint</strong></span> <span class='ocrx_word' id='word_1_443' title='bbox 637 5533 793 5587; x_wconf 82' lang='lat' dir='ltr'><strong>opera</strong></span> <span class='ocrx_word' id='word_1_444' title='bbox 825 5515 961 5586; x_wconf 85' lang='lat' dir='ltr'><strong>ejus.</strong></span> <span class='ocrx_word' id='word_1_445' title='bbox 1005 5512 1390 5584; x_wconf 85' lang='lat' dir='ltr'><strong>Quemcunque</strong></span> <span class='ocrx_word' id='word_1_446' title='bbox 1437 5514 1579 5568; x_wconf 90' lang='lat' dir='ltr'><strong>enim</strong></span> <span class='ocrx_word' id='word_1_447' title='bbox 1627 5514 1916 5570; x_wconf 89' lang='lat' dir='ltr'><strong>virtutibus</strong></span> <span class='ocrx_word' id='word_1_448' title='bbox 1953 5523 2068 5571; x_wconf 85' lang='lat' dir='ltr'><strong>stu-</strong></span> 
     </span>
    </p>
   </div>
   <div class='ocr_carea' id='block_1_60' title="bbox 490 5605 2063 5678">
    <p class='ocr_par' dir='ltr' id='par_1_60' title="bbox 490 5605 2063 5678">
     <span class='ocr_line' id='line_1_60' title="bbox 490 5605 2063 5678; baseline 0 -16"><span class='ocrx_word' id='word_1_449' title='bbox 490 5606 616 5664; x_wconf 87' lang='lat' dir='ltr'><strong>.lere</strong></span> <span class='ocrx_word' id='word_1_450' title='bbox 640 5608 928 5678; x_wconf 90' lang='lat' dir='ltr'><strong>conspicis,</strong></span> <span class='ocrx_word' id='word_1_451' title='bbox 957 5606 1108 5661; x_wconf 88' lang='lat' dir='ltr'><strong>verbi</strong></span> <span class='ocrx_word' id='word_1_452' title='bbox 1129 5606 1326 5677; x_wconf 89' lang='lat' dir='ltr'><strong>gratia,</strong></span> <span class='ocrx_word' id='word_1_453' title='bbox 1363 5605 1662 5672; x_wconf 70' lang='lat' dir='ltr'><strong>modestiae,</strong></span> <span class='ocrx_word' id='word_1_454' title='bbox 1695 5607 2063 5673; x_wconf 68' lang='lat' dir='ltr'><strong>continentiae,</strong></span> 
     </span>
    </p>
   </div>
   <div class='ocr_carea' id='block_1_61' title="bbox 493 5699 2062 5778">
    <p class='ocr_par' dir='ltr' id='par_1_61' title="bbox 493 5699 2062 5778">
     <span class='ocr_line' id='line_1_61' title="bbox 493 5699 2062 5778; baseline 0.001 -23"><span class='ocrx_word' id='word_1_455' title='bbox 493 5701 752 5778; x_wconf 70' lang='lat' dir='ltr'><strong>auditioui</strong></span> <span class='ocrx_word' id='word_1_456' title='bbox 797 5699 1144 5770; x_wconf 87' lang='lat' dir='ltr'><strong>sapientium,</strong></span> <span class='ocrx_word' id='word_1_457' title='bbox 1193 5708 1248 5754; x_wconf 91' lang='lat' dir='ltr'><strong>et</strong></span> <span class='ocrx_word' id='word_1_458' title='bbox 1292 5699 1652 5756; x_wconf 68' lang='lat' dir='ltr'><strong>observantia:</strong></span> <span class='ocrx_word' id='word_1_459' title='bbox 1683 5703 2062 5758; x_wconf 89' lang='lat' dir='ltr'><strong>mandatorum</strong></span> 
     </span>
    </p>
   </div>
   <div class='ocr_carea' id='block_1_62' title="bbox 494 5786 2062 5864">
    <p class='ocr_par' dir='ltr' id='par_1_62' title="bbox 494 5786 2062 5864">
     <span class='ocr_line' id='line_1_62' title="bbox 494 5786 2062 5864; baseline 0.004 -20"><span class='ocrx_word' id='word_1_460' title='bbox 494 5786 603 5850; x_wconf 60' lang='grc' dir='ltr'><strong>[κτλ.</strong></span> <span class='ocrx_word' id='word_1_461' title='bbox 654 5789 998 5849; x_wconf 79' lang='lat' dir='ltr'><strong>maximeque</strong></span> <span class='ocrx_word' id='word_1_462' title='bbox 1049 5789 1343 5845; x_wconf 89' lang='lat' dir='ltr'><strong>humilitati</strong></span> <span class='ocrx_word' id='word_1_463' title='bbox 1395 5805 1458 5846; x_wconf 90' lang='lat' dir='ltr'><strong>ac</strong></span> <span class='ocrx_word' id='word_1_464' title='bbox 1509 5791 1841 5862; x_wconf 81' lang='lat' dir='ltr'><strong>simplicitati</strong></span> <span class='ocrx_word' id='word_1_465' title='bbox 1899 5791 2062 5864; x_wconf 84' lang='lat' dir='ltr'><strong>hujus</strong></span> 
     </span>
    </p>
   </div>
   <div class='ocr_carea' id='block_1_63' title="bbox 2082 3176 2129 3240">
    <p class='ocr_par' dir='ltr' id='par_1_63' title="bbox 2082 3176 2129 3240">
     <span class='ocr_line' id='line_1_63' title="bbox 2082 3176 2129 3240; baseline 0 0"><span class='ocrx_word' id='word_1_466' title='bbox 2082 3176 2129 3240; x_wconf 91' lang='lat' dir='ltr'><strong>C</strong></span> 
     </span>
    </p>
   </div>
   <div class='ocr_carea' id='block_1_64' title="bbox 2146 520 3730 599">
    <p class='ocr_par' dir='ltr' id='par_1_64' title="bbox 2146 520 3730 599">
     <span class='ocr_line' id='line_1_64' title="bbox 2146 520 3730 599; baseline -0.013 -6"><span class='ocrx_word' id='word_1_467' title='bbox 2146 537 2480 593; x_wconf 89' lang='lat' dir='ltr'><strong>contrarium</strong></span> <span class='ocrx_word' id='word_1_468' title='bbox 2509 534 2614 590; x_wconf 89' lang='lat' dir='ltr'><strong>iter</strong></span> <span class='ocrx_word' id='word_1_469' title='bbox 2643 540 2828 588; x_wconf 90' lang='lat' dir='ltr'><strong>tenere</strong></span> <span class='ocrx_word' id='word_1_470' title='bbox 2857 525 3236 599; x_wconf 87' lang='lat' dir='ltr'><strong>deprehendis,</strong></span> <span class='ocrx_word' id='word_1_471' title='bbox 3272 525 3417 578; x_wconf 89' lang='lat' dir='ltr'><strong>hunc</strong></span> <span class='ocrx_word' id='word_1_472' title='bbox 3452 520 3602 576; x_wconf 88' lang='lat' dir='ltr'><strong>velut</strong></span> <span class='ocrx_word' id='word_1_473' title='bbox 3630 520 3730 574; x_wconf 89' lang='lat' dir='ltr'><strong>im-</strong></span> 
     </span>
    </p>
   </div>
   <div class='ocr_carea' id='block_1_65' title="bbox 2147 611 3733 683">
    <p class='ocr_par' dir='ltr' id='par_1_65' title="bbox 2147 611 3733 683">
     <span class='ocr_line' id='line_1_65' title="bbox 2147 611 3733 683; baseline -0.012 -1"><span class='ocrx_word' id='word_1_474' title='bbox 2147 627 2332 683; x_wconf 90' lang='lat' dir='ltr'><strong>mundi</strong></span> <span class='ocrx_word' id='word_1_475' title='bbox 2357 642 2422 682; x_wconf 93' lang='lat' dir='ltr'><strong>ac</strong></span> <span class='ocrx_word' id='word_1_476' title='bbox 2447 623 2661 680; x_wconf 86' lang='lat' dir='ltr'><strong>distorti</strong></span> <span class='ocrx_word' id='word_1_477' title='bbox 2703 621 2882 677; x_wconf 86' lang='lat' dir='ltr'><strong>cordis</strong></span> <span class='ocrx_word' id='word_1_478' title='bbox 2925 618 3200 674; x_wconf 88' lang='lat' dir='ltr'><strong>hominem</strong></span> <span class='ocrx_word' id='word_1_479' title='bbox 3245 622 3339 670; x_wconf 90' lang='lat' dir='ltr'><strong>aut</strong></span> <span class='ocrx_word' id='word_1_480' title='bbox 3379 611 3653 682; x_wconf 86' lang='lat' dir='ltr'><strong>corrigere</strong></span> <span class='ocrx_word' id='word_1_481' title='bbox 3677 618 3733 664; x_wconf 90' lang='lat' dir='ltr'><strong>et</strong></span> 
     </span>
    </p>
   </div>
   <div class='ocr_carea' id='block_1_66' title="bbox 2148 702 3733 792">
    <p class='ocr_par' dir='ltr' id='par_1_66' title="bbox 2148 702 3733 792">
     <span class='ocr_line' id='line_1_66' title="bbox 2148 702 3733 792; baseline -0.013 -16"><span class='ocrx_word' id='word_1_482' title='bbox 2148 720 2436 792; x_wconf 88' lang='lat' dir='ltr'><strong>castigare,</strong></span> <span class='ocrx_word' id='word_1_483' title='bbox 2469 723 2564 772; x_wconf 89' lang='lat' dir='ltr'><strong>aut</strong></span> <span class='ocrx_word' id='word_1_484' title='bbox 2591 713 2639 772; x_wconf 86' lang='lat' dir='ltr'><strong>si</strong></span> <span class='ocrx_word' id='word_1_485' title='bbox 2667 713 2774 770; x_wconf 89' lang='lat' dir='ltr'><strong>hoc</strong></span> <span class='ocrx_word' id='word_1_486' title='bbox 2799 727 2909 768; x_wconf 86' lang='lat' dir='ltr'><strong>non</strong></span> <span class='ocrx_word' id='word_1_487' title='bbox 2951 710 3100 765; x_wconf 86' lang='lat' dir='ltr'><strong>vales</strong></span> <span class='ocrx_word' id='word_1_488' title='bbox 3138 709 3332 773; x_wconf 86' lang='lat' dir='ltr'><strong>vitare,</strong></span> <span class='ocrx_word' id='word_1_489' title='bbox 3367 720 3429 760; x_wconf 91' lang='lat' dir='ltr'><strong>ac</strong></span> <span class='ocrx_word' id='word_1_490' title='bbox 3460 702 3733 759; x_wconf 87' lang='lat' dir='ltr'><strong>declinare</strong></span> 
     </span>
    </p>
   </div>
   <div class='ocr_carea' id='block_1_67' title="bbox 2148 792 3732 879">
    <p class='ocr_par' dir='ltr' id='par_1_67' title="bbox 2148 792 3732 879">
     <span class='ocr_line' id='line_1_67' title="bbox 2148 792 3732 879; baseline -0.012 -14"><span class='ocrx_word' id='word_1_491' title='bbox 2148 824 2216 864; x_wconf 91' lang='lat' dir='ltr'><strong>ne</strong></span> <span class='ocrx_word' id='word_1_492' title='bbox 2251 809 2320 864; x_wconf 90' lang='lat' dir='ltr'><strong>ab</strong></span> <span class='ocrx_word' id='word_1_493' title='bbox 2337 825 2403 864; x_wconf 89' lang='lat' dir='ltr'><strong>eo</strong></span> <span class='ocrx_word' id='word_1_494' title='bbox 2432 809 2548 879; x_wconf 88' lang='lat' dir='ltr'><strong>ipse</strong></span> <span class='ocrx_word' id='word_1_495' title='bbox 2583 813 2813 862; x_wconf 91' lang='lat' dir='ltr'><strong>curato:</strong></span> <span class='ocrx_word' id='word_1_496' title='bbox 2839 815 2941 858; x_wconf 87' lang='lat' dir='ltr'><strong>nec</strong></span> <span class='ocrx_word' id='word_1_497' title='bbox 2973 797 3149 856; x_wconf 87' lang='lat' dir='ltr'><strong>videri</strong></span> <span class='ocrx_word' id='word_1_498' title='bbox 3191 796 3527 854; x_wconf 89' lang='lat' dir='ltr'><strong>contrarium</strong></span> <span class='ocrx_word' id='word_1_499' title='bbox 3552 792 3732 858; x_wconf 89' lang='lat' dir='ltr'><strong>debet,</strong></span> 
     </span>
    </p>
   </div>
   <div class='ocr_carea' id='block_1_68' title="bbox 2147 891 3736 971">
    <p class='ocr_par' dir='ltr' id='par_1_68' title="bbox 2147 891 3736 971">
     <span class='ocr_line' id='line_1_68' title="bbox 2147 891 3736 971; baseline -0.011 -13"><span class='ocrx_word' id='word_1_500' title='bbox 2147 901 2290 971; x_wconf 90' lang='lat' dir='ltr'><strong>quod</strong></span> <span class='ocrx_word' id='word_1_501' title='bbox 2331 901 2420 956; x_wconf 92' lang='lat' dir='ltr'><strong>hic</strong></span> <span class='ocrx_word' id='word_1_502' title='bbox 2457 897 2685 956; x_wconf 85' lang='lat' dir='ltr'><strong>studiosi</strong></span> <span class='ocrx_word' id='word_1_503' title='bbox 2719 895 2876 969; x_wconf 90' lang='lat' dir='ltr'><strong>pueri</strong></span> <span class='ocrx_word' id='word_1_504' title='bbox 2900 891 3101 949; x_wconf 88' lang='lat' dir='ltr'><strong>munda</strong></span> <span class='ocrx_word' id='word_1_505' title='bbox 3130 906 3252 947; x_wconf 90' lang='lat' dir='ltr'><strong>esse</strong></span> <span class='ocrx_word' id='word_1_506' title='bbox 3295 905 3360 945; x_wconf 90' lang='lat' dir='ltr'><strong>ac</strong></span> <span class='ocrx_word' id='word_1_507' title='bbox 3399 902 3528 944; x_wconf 91' lang='lat' dir='ltr'><strong>vera</strong></span> <span class='ocrx_word' id='word_1_508' title='bbox 3567 899 3736 957; x_wconf 83' lang='lat' dir='ltr'><strong>opera</strong></span> 
     </span>
    </p>
   </div>
   <div class='ocr_carea' id='block_1_69' title="bbox 2151 977 3733 1062">
    <p class='ocr_par' dir='ltr' id='par_1_69' title="bbox 2151 977 3733 1062">
     <span class='ocr_line' id='line_1_69' title="bbox 2151 977 3733 1062; baseline -0.009 -15"><span class='ocrx_word' id='word_1_509' title='bbox 2151 997 2400 1046; x_wconf 87' lang='lat' dir='ltr'><strong>testatur.</strong></span> <span class='ocrx_word' id='word_1_510' title='bbox 2450 989 2628 1062; x_wconf 89' lang='lat' dir='ltr'><strong>Supra</strong></span> <span class='ocrx_word' id='word_1_511' title='bbox 2653 1003 2785 1044; x_wconf 90' lang='lat' dir='ltr'><strong>vero</strong></span> <span class='ocrx_word' id='word_1_512' title='bbox 2816 987 2929 1043; x_wconf 90' lang='lat' dir='ltr'><strong>ait:</strong></span> <span class='ocrx_word' id='word_1_513' title='bbox 2962 985 3093 1052; x_wconf 84' lang='lat' dir='ltr'><strong>Quis</strong></span> <span class='ocrx_word' id='word_1_514' title='bbox 3130 991 3295 1056; x_wconf 85' lang='lat' dir='ltr'><strong>potest</strong></span> <span class='ocrx_word' id='word_1_515' title='bbox 3325 981 3499 1036; x_wconf 88' lang='lat' dir='ltr'><strong>dicere</strong></span> <span class='ocrx_word' id='word_1_516' title='bbox 3521 997 3540 1034; x_wconf 87' lang='lat'><strong><em>:</em></strong></span> <span class='ocrx_word' id='word_1_517' title='bbox 3569 977 3733 1033; x_wconf 74' lang='lat' dir='ltr'><strong>Mun-</strong></span> 
     </span>
    </p>
   </div>
   <div class='ocr_carea' id='block_1_70' title="bbox 2150 1069 3740 1150">
    <p class='ocr_par' dir='ltr' id='par_1_70' title="bbox 2150 1069 3740 1150">
     <span class='ocr_line' id='line_1_70' title="bbox 2150 1069 3740 1150; baseline -0.006 -15"><span class='ocrx_word' id='word_1_518' title='bbox 2150 1081 2277 1136; x_wconf 90' lang='lat' dir='ltr'><strong>dum</strong></span> <span class='ocrx_word' id='word_1_519' title='bbox 2309 1092 2383 1137; x_wconf 84' lang='lat' dir='ltr'><strong>est</strong></span> <span class='ocrx_word' id='word_1_520' title='bbox 2424 1098 2516 1136; x_wconf 90' lang='lat' dir='ltr'><strong>cor</strong></span> <span class='ocrx_word' id='word_1_521' title='bbox 2543 1096 2740 1147; x_wconf 88' lang='lat' dir='ltr'><strong>meum,</strong></span> <span class='ocrx_word' id='word_1_522' title='bbox 2785 1095 2949 1150; x_wconf 89' lang='lat' dir='ltr'><strong>purus</strong></span> <span class='ocrx_word' id='word_1_523' title='bbox 2991 1093 3108 1132; x_wconf 89' lang='lat' dir='ltr'><strong>sum</strong></span> <span class='ocrx_word' id='word_1_524' title='bbox 3155 1093 3187 1129; x_wconf 91' lang='lat' dir='ltr'><strong>a</strong></span> <span class='ocrx_word' id='word_1_525' title='bbox 3228 1071 3480 1146; x_wconf 80' lang='lat' dir='ltr'><strong>peccato?</strong></span> <span class='ocrx_word' id='word_1_526' title='bbox 3525 1069 3585 1125; x_wconf 87' lang='lat' dir='ltr'><strong>In</strong></span> <span class='ocrx_word' id='word_1_527' title='bbox 3632 1071 3740 1126; x_wconf 92' lang='lat' dir='ltr'><strong>hoc</strong></span> 
     </span>
    </p>
   </div>
   <div class='ocr_carea' id='block_1_71' title="bbox 2149 1161 3737 1234">
    <p class='ocr_par' dir='ltr' id='par_1_71' title="bbox 2149 1161 3737 1234">
     <span class='ocr_line' id='line_1_71' title="bbox 2149 1161 3737 1234; baseline -0.011 0"><span class='ocrx_word' id='word_1_528' title='bbox 2149 1179 2296 1234; x_wconf 85' lang='lat' dir='ltr'><strong>enim</strong></span> <span class='ocrx_word' id='word_1_529' title='bbox 2344 1186 2505 1232; x_wconf 88' lang='lat' dir='ltr'><strong>versu</strong></span> <span class='ocrx_word' id='word_1_530' title='bbox 2551 1173 2788 1231; x_wconf 91' lang='lat' dir='ltr'><strong>studium</strong></span> <span class='ocrx_word' id='word_1_531' title='bbox 2833 1181 2981 1229; x_wconf 89' lang='lat' dir='ltr'><strong>recte</strong></span> <span class='ocrx_word' id='word_1_532' title='bbox 3024 1169 3240 1226; x_wconf 84' lang='lat' dir='ltr'><strong>vivendi</strong></span> <span class='ocrx_word' id='word_1_533' title='bbox 3284 1165 3514 1223; x_wconf 89' lang='lat' dir='ltr'><strong>suadet:</strong></span> <span class='ocrx_word' id='word_1_534' title='bbox 3542 1163 3600 1217; x_wconf 86' lang='lat' dir='ltr'><strong>In</strong></span> <span class='ocrx_word' id='word_1_535' title='bbox 3643 1161 3737 1217; x_wconf 92' lang='lat' dir='ltr'><strong>illo</strong></span> 
     </span>
    </p>
   </div>
   <div class='ocr_carea' id='block_1_72' title="bbox 2147 1254 3738 1342">
    <p class='ocr_par' dir='ltr' id='par_1_72' title="bbox 2147 1254 3738 1342">
     <span class='ocr_line' id='line_1_72' title="bbox 2147 1254 3738 1342; baseline -0.011 -15"><span class='ocrx_word' id='word_1_536' title='bbox 2147 1271 2622 1342; x_wconf 73' lang='lat' dir='ltr'><strong>praesumptionem</strong></span> <span class='ocrx_word' id='word_1_537' title='bbox 2662 1266 2895 1338; x_wconf 76' lang='lat' dir='ltr'><strong>propria:</strong></span> <span class='ocrx_word' id='word_1_538' title='bbox 2925 1263 3182 1334; x_wconf 85' lang='lat' dir='ltr'><strong>puritatis</strong></span> <span class='ocrx_word' id='word_1_539' title='bbox 3223 1256 3521 1321; x_wconf 83' lang='lat' dir='ltr'><strong>dissuadet,</strong></span> <span class='ocrx_word' id='word_1_540' title='bbox 3555 1255 3608 1309; x_wconf 92' lang='lat' dir='ltr'><strong>in</strong></span> <span class='ocrx_word' id='word_1_541' title='bbox 3634 1254 3738 1309; x_wconf 73' lang='lat' dir='ltr'><strong>isto</strong></span> 
     </span>
    </p>
   </div>
   <div class='ocr_carea' id='block_1_73' title="bbox 2151 1347 3739 1424">
    <p class='ocr_par' dir='ltr' id='par_1_73' title="bbox 2151 1347 3739 1424">
     <span class='ocr_line' id='line_1_73' title="bbox 2151 1347 3739 1424; baseline -0.012 -6"><span class='ocrx_word' id='word_1_542' title='bbox 2151 1363 2470 1418; x_wconf 89' lang='lat' dir='ltr'><strong>munditiam</strong></span> <span class='ocrx_word' id='word_1_543' title='bbox 2495 1369 2552 1414; x_wconf 91' lang='lat' dir='ltr'><strong>et</strong></span> <span class='ocrx_word' id='word_1_544' title='bbox 2578 1357 2981 1421; x_wconf 90' lang='lat' dir='ltr'><strong>rectitudinem,</strong></span> <span class='ocrx_word' id='word_1_545' title='bbox 3021 1352 3196 1424; x_wconf 87' lang='lat' dir='ltr'><strong>qualis</strong></span> <span class='ocrx_word' id='word_1_546' title='bbox 3239 1352 3294 1406; x_wconf 92' lang='lat' dir='ltr'><strong>in</strong></span> <span class='ocrx_word' id='word_1_547' title='bbox 3339 1350 3441 1404; x_wconf 92' lang='lat' dir='ltr'><strong>hac</strong></span> <span class='ocrx_word' id='word_1_548' title='bbox 3478 1347 3586 1401; x_wconf 87' lang='lat' dir='ltr'><strong>vita</strong></span> <span class='ocrx_word' id='word_1_549' title='bbox 3615 1360 3739 1401; x_wconf 89' lang='lat' dir='ltr'><strong>esse</strong></span> 
     </span>
    </p>
   </div>
   <div class='ocr_carea' id='block_1_74' title="bbox 2144 1439 3737 1525">
    <p class='ocr_par' dir='ltr' id='par_1_74' title="bbox 2144 1439 3737 1525">
     <span class='ocr_line' id='line_1_74' title="bbox 2144 1439 3737 1525; baseline -0.012 -15"><span class='ocrx_word' id='word_1_550' title='bbox 2144 1454 2416 1525; x_wconf 90' lang='lat' dir='ltr'><strong>justorum</strong></span> <span class='ocrx_word' id='word_1_551' title='bbox 2451 1460 2631 1524; x_wconf 89' lang='lat' dir='ltr'><strong>potest</strong></span> <span class='ocrx_word' id='word_1_552' title='bbox 2670 1451 2827 1506; x_wconf 89' lang='lat' dir='ltr'><strong>docet</strong></span> <span class='ocrx_word' id='word_1_553' title='bbox 2859 1448 3203 1512; x_wconf 88' lang='lat' dir='ltr'><strong>habendam;</strong></span> <span class='ocrx_word' id='word_1_554' title='bbox 3247 1444 3306 1499; x_wconf 93' lang='lat' dir='ltr'><strong>ln</strong></span> <span class='ocrx_word' id='word_1_555' title='bbox 3343 1442 3436 1497; x_wconf 91' lang='lat' dir='ltr'><strong>illo</strong></span> <span class='ocrx_word' id='word_1_556' title='bbox 3464 1439 3737 1497; x_wconf 80' lang='lat' dir='ltr'><strong>subtilita-</strong></span> 
     </span>
    </p>
   </div>
   <div class='ocr_carea' id='block_1_75' title="bbox 2150 1532 3741 1612">
    <p class='ocr_par' dir='ltr' id='par_1_75' title="bbox 2150 1532 3741 1612">
     <span class='ocr_line' id='line_1_75' title="bbox 2150 1532 3741 1612; baseline -0.011 -9"><span class='ocrx_word' id='word_1_557' title='bbox 2150 1556 2260 1604; x_wconf 89' lang='lat' dir='ltr'><strong>tem</strong></span> <span class='ocrx_word' id='word_1_558' title='bbox 2307 1546 2475 1602; x_wconf 89' lang='lat' dir='ltr'><strong>divini</strong></span> <span class='ocrx_word' id='word_1_559' title='bbox 2519 1544 2806 1608; x_wconf 80' lang='lat' dir='ltr'><strong>examinis,</strong></span> <span class='ocrx_word' id='word_1_560' title='bbox 2835 1558 2940 1612; x_wconf 89' lang='lat' dir='ltr'><strong>qua</strong></span> <span class='ocrx_word' id='word_1_561' title='bbox 2971 1539 3251 1596; x_wconf 89' lang='lat' dir='ltr'><strong>hominum</strong></span> <span class='ocrx_word' id='word_1_562' title='bbox 3293 1535 3436 1591; x_wconf 87' lang='lat' dir='ltr'><strong>facta</strong></span> <span class='ocrx_word' id='word_1_563' title='bbox 3471 1541 3527 1590; x_wconf 91' lang='lat' dir='ltr'><strong>et</strong></span> <span class='ocrx_word' id='word_1_564' title='bbox 3561 1532 3741 1587; x_wconf 91' lang='lat' dir='ltr'><strong>inten-</strong></span> 
     </span>
    </p>
   </div>
   <div class='ocr_carea' id='block_1_76' title="bbox 2153 1627 3742 1710">
    <p class='ocr_par' dir='ltr' id='par_1_76' title="bbox 2153 1627 3742 1710">
     <span class='ocr_line' id='line_1_76' title="bbox 2153 1627 3742 1710; baseline -0.01 -14"><span class='ocrx_word' id='word_1_565' title='bbox 2153 1642 2330 1696; x_wconf 90' lang='lat' dir='ltr'><strong>tiones</strong></span> <span class='ocrx_word' id='word_1_566' title='bbox 2373 1639 2632 1710; x_wconf 90' lang='lat' dir='ltr'><strong>dijudicat</strong></span> <span class='ocrx_word' id='word_1_567' title='bbox 2682 1644 2870 1692; x_wconf 89' lang='lat' dir='ltr'><strong>monet</strong></span> <span class='ocrx_word' id='word_1_568' title='bbox 2909 1649 3126 1704; x_wconf 89' lang='lat' dir='ltr'><strong>semper</strong></span> <span class='ocrx_word' id='word_1_569' title='bbox 3163 1640 3289 1687; x_wconf 90' lang='lat' dir='ltr'><strong>ante</strong></span> <span class='ocrx_word' id='word_1_570' title='bbox 3319 1628 3506 1686; x_wconf 89' lang='lat' dir='ltr'><strong>oculos</strong></span> <span class='ocrx_word' id='word_1_571' title='bbox 3532 1627 3742 1682; x_wconf 89' lang='lat' dir='ltr'><strong>haben-</strong></span> 
     </span>
    </p>
   </div>
   <div class='ocr_carea' id='block_1_77' title="bbox 2151 1721 3739 1796">
    <p class='ocr_par' dir='ltr' id='par_1_77' title="bbox 2151 1721 3739 1796">
     <span class='ocr_line' id='line_1_77' title="bbox 2151 1721 3739 1796; baseline -0.01 -7"><span class='ocrx_word' id='word_1_572' title='bbox 2151 1734 2296 1789; x_wconf 89' lang='lat' dir='ltr'><strong>dam.</strong></span> <span class='ocrx_word' id='word_1_573' title='bbox 2347 1732 2496 1788; x_wconf 90' lang='lat' dir='ltr'><strong>Unde</strong></span> <span class='ocrx_word' id='word_1_574' title='bbox 2523 1741 2579 1787; x_wconf 91' lang='lat' dir='ltr'><strong>et</strong></span> <span class='ocrx_word' id='word_1_575' title='bbox 2609 1730 2758 1786; x_wconf 90' lang='lat' dir='ltr'><strong>illum</strong></span> <span class='ocrx_word' id='word_1_576' title='bbox 2814 1729 2992 1785; x_wconf 93' lang='lat' dir='ltr'><strong>locum</strong></span> <span class='ocrx_word' id='word_1_577' title='bbox 3043 1727 3251 1796; x_wconf 89' lang='lat' dir='ltr'><strong>antiqui</strong></span> <span class='ocrx_word' id='word_1_578' title='bbox 3302 1725 3624 1793; x_wconf 89' lang='lat' dir='ltr'><strong>interpretes</strong></span> <span class='ocrx_word' id='word_1_579' title='bbox 3662 1721 3739 1774; x_wconf 86' lang='lat' dir='ltr'><strong>ita</strong></span> 
     </span>
    </p>
   </div>
   <div class='ocr_carea' id='block_1_78' title="bbox 2073 1812 3740 1890">
    <p class='ocr_par' dir='ltr' id='par_1_78' title="bbox 2073 1812 3740 1890">
     <span class='ocr_line' id='line_1_78' title="bbox 2073 1812 3740 1890; baseline -0.011 -6"><span class='ocrx_word' id='word_1_580' title='bbox 2073 1812 2124 1873; x_wconf 83' lang='grc' dir='ltr'><strong>Β</strong></span> <span class='ocrx_word' id='word_1_581' title='bbox 2157 1827 2552 1884; x_wconf 89' lang='lat' dir='ltr'><strong>transtulerunt</strong></span> <span class='ocrx_word' id='word_1_582' title='bbox 2580 1844 2593 1880; x_wconf 87' lang='lat'><strong>:</strong></span> <span class='ocrx_word' id='word_1_583' title='bbox 2628 1824 2760 1880; x_wconf 82' lang='lat' dir='ltr'><strong>Cum</strong></span> <span class='ocrx_word' id='word_1_584' title='bbox 2794 1823 2986 1879; x_wconf 89' lang='lat' dir='ltr'><strong>sederit</strong></span> <span class='ocrx_word' id='word_1_585' title='bbox 3019 1837 3111 1876; x_wconf 78' lang='lat' dir='ltr'><strong>rea:</strong></span> <span class='ocrx_word' id='word_1_586' title='bbox 3135 1821 3322 1890; x_wconf 78' lang='lat' dir='ltr'><strong>juxtus</strong></span> <span class='ocrx_word' id='word_1_587' title='bbox 3350 1819 3405 1872; x_wconf 91' lang='lat' dir='ltr'><strong>in</strong></span> <span class='ocrx_word' id='word_1_588' title='bbox 3431 1815 3561 1874; x_wconf 88' lang='lat' dir='ltr'><strong>solio</strong></span> <span class='ocrx_word' id='word_1_589' title='bbox 3583 1814 3740 1885; x_wconf 84' lang='lat' dir='ltr'><strong>judi-</strong></span> 
     </span>
    </p>
   </div>
   <div class='ocr_carea' id='block_1_79' title="bbox 2153 1909 3741 1992">
    <p class='ocr_par' dir='ltr' id='par_1_79' title="bbox 2153 1909 3741 1992">
     <span class='ocr_line' id='line_1_79' title="bbox 2153 1909 3741 1992; baseline -0.009 -16"><span class='ocrx_word' id='word_1_590' title='bbox 2153 1922 2242 1988; x_wconf 87' lang='lat' dir='ltr'><strong>cii,</strong></span> <span class='ocrx_word' id='word_1_591' title='bbox 2270 1923 2384 1992; x_wconf 87' lang='lat' dir='ltr'><strong>quis</strong></span> <span class='ocrx_word' id='word_1_592' title='bbox 2413 1919 2727 1992; x_wconf 84' lang='lat' dir='ltr'><strong>gloriabitur</strong></span> <span class='ocrx_word' id='word_1_593' title='bbox 2769 1927 2973 1972; x_wconf 89' lang='lat' dir='ltr'><strong>castum</strong></span> <span class='ocrx_word' id='word_1_594' title='bbox 3016 1932 3070 1970; x_wconf 88' lang='lat' dir='ltr'><strong>se</strong></span> <span class='ocrx_word' id='word_1_595' title='bbox 3111 1914 3301 1968; x_wconf 82' lang='lat' dir='ltr'><strong>habere</strong></span> <span class='ocrx_word' id='word_1_596' title='bbox 3339 1925 3470 1966; x_wconf 87' lang='lat' dir='ltr'><strong>cor:</strong></span> <span class='ocrx_word' id='word_1_597' title='bbox 3497 1919 3587 1965; x_wconf 86' lang='lat' dir='ltr'><strong>aut</strong></span> <span class='ocrx_word' id='word_1_598' title='bbox 3623 1909 3741 1980; x_wconf 83' lang='lat' dir='ltr'><strong>quis</strong></span> 
     </span>
    </p>
   </div>
   <div class='ocr_carea' id='block_1_80' title="bbox 2153 2005 3744 2087">
    <p class='ocr_par' dir='ltr' id='par_1_80' title="bbox 2153 2005 3744 2087">
     <span class='ocr_line' id='line_1_80' title="bbox 2153 2005 3744 2087; baseline -0.007 -18"><span class='ocrx_word' id='word_1_599' title='bbox 2153 2013 2464 2087; x_wconf 84' lang='lat' dir='ltr'><strong>gloriabitur</strong></span> <span class='ocrx_word' id='word_1_600' title='bbox 2508 2013 2762 2066; x_wconf 87' lang='lat' dir='ltr'><strong>mundum</strong></span> <span class='ocrx_word' id='word_1_601' title='bbox 2801 2029 2857 2066; x_wconf 87' lang='lat' dir='ltr'><strong>se</strong></span> <span class='ocrx_word' id='word_1_602' title='bbox 2887 2027 2997 2066; x_wconf 88' lang='lat' dir='ltr'><strong>esse</strong></span> <span class='ocrx_word' id='word_1_603' title='bbox 3031 2027 3065 2064; x_wconf 92' lang='lat' dir='ltr'><strong>a</strong></span> <span class='ocrx_word' id='word_1_604' title='bbox 3091 2007 3343 2080; x_wconf 77' lang='lat' dir='ltr'><strong>peccato?</strong></span> <span class='ocrx_word' id='word_1_605' title='bbox 3377 2005 3474 2074; x_wconf 90' lang='lat' dir='ltr'><strong>Qui</strong></span> <span class='ocrx_word' id='word_1_606' title='bbox 3510 2013 3567 2066; x_wconf 85' lang='lat' dir='ltr'><strong>et</strong></span> <span class='ocrx_word' id='word_1_607' title='bbox 3595 2005 3744 2064; x_wconf 80' lang='lat' dir='ltr'><strong>hunc</strong></span> 
     </span>
    </p>
   </div>
   <div class='ocr_carea' id='block_1_81' title="bbox 2154 2098 3746 2178">
    <p class='ocr_par' dir='ltr' id='par_1_81' title="bbox 2154 2098 3746 2178">
     <span class='ocr_line' id='line_1_81' title="bbox 2154 2098 3746 2178; baseline -0.004 -16"><span class='ocrx_word' id='word_1_608' title='bbox 2154 2122 2315 2178; x_wconf 90' lang='lat' dir='ltr'><strong>quem</strong></span> <span class='ocrx_word' id='word_1_609' title='bbox 2367 2106 2688 2177; x_wconf 74' lang='lat' dir='ltr'><strong>exponimus</strong></span> <span class='ocrx_word' id='word_1_610' title='bbox 2737 2102 3066 2160; x_wconf 85' lang='lat' dir='ltr'><strong>versiculum</strong></span> <span class='ocrx_word' id='word_1_611' title='bbox 3117 2098 3463 2157; x_wconf 80' lang='lat' dir='ltr'><strong>manifestius</strong></span> <span class='ocrx_word' id='word_1_612' title='bbox 3510 2115 3746 2172; x_wconf 87' lang='lat' dir='ltr'><strong>posuere</strong></span> 
     </span>
    </p>
   </div>
   <div class='ocr_carea' id='block_1_82' title="bbox 2155 2193 3743 2268">
    <p class='ocr_par' dir='ltr' id='par_1_82' title="bbox 2155 2193 3743 2268">
     <span class='ocr_line' id='line_1_82' title="bbox 2155 2193 3743 2268; baseline -0.006 -14"><span class='ocrx_word' id='word_1_613' title='bbox 2155 2199 2397 2254; x_wconf 89' lang='lat' dir='ltr'><strong>dicentes</strong></span> <span class='ocrx_word' id='word_1_614' title='bbox 2423 2215 2436 2251; x_wconf 88' lang='lat'><strong>:</strong></span> <span class='ocrx_word' id='word_1_615' title='bbox 2467 2196 2684 2252; x_wconf 78' lang='lat' dir='ltr'><strong>Iuvenis</strong></span> <span class='ocrx_word' id='word_1_616' title='bbox 2718 2197 2807 2268; x_wconf 86' lang='lat' dir='ltr'><strong>qui</strong></span> <span class='ocrx_word' id='word_1_617' title='bbox 2838 2211 2956 2249; x_wconf 90' lang='lat' dir='ltr'><strong>cum</strong></span> <span class='ocrx_word' id='word_1_618' title='bbox 2990 2198 3140 2265; x_wconf 83' lang='lat' dir='ltr'><strong>justo</strong></span> <span class='ocrx_word' id='word_1_619' title='bbox 3169 2203 3264 2260; x_wconf 87' lang='lat' dir='ltr'><strong>est,</strong></span> <span class='ocrx_word' id='word_1_620' title='bbox 3301 2193 3499 2248; x_wconf 69' lang='lat' dir='ltr'><strong>directa</strong></span> <span class='ocrx_word' id='word_1_621' title='bbox 3529 2193 3626 2246; x_wconf 87' lang='lat' dir='ltr'><strong>erit</strong></span> <span class='ocrx_word' id='word_1_622' title='bbox 3657 2193 3743 2246; x_wconf 83' lang='lat' dir='ltr'><strong>via</strong></span> 
     </span>
    </p>
   </div>
   <div class='ocr_carea' id='block_1_83' title="bbox 2161 2275 3745 2365">
    <p class='ocr_par' dir='ltr' id='par_1_83' title="bbox 2161 2275 3745 2365">
     <span class='ocr_line' id='line_1_83' title="bbox 2161 2275 3745 2365; baseline -0.003 -16"><span class='ocrx_word' id='word_1_623' title='bbox 2161 2295 2327 2350; x_wconf 88' lang='lat' dir='ltr'><strong>illius.</strong></span> <span class='ocrx_word' id='word_1_624' title='bbox 2362 2294 2464 2362; x_wconf 86' lang='lat' dir='ltr'><strong>Qui</strong></span> <span class='ocrx_word' id='word_1_625' title='bbox 2513 2294 2658 2350; x_wconf 90' lang='lat' dir='ltr'><strong>enim</strong></span> <span class='ocrx_word' id='word_1_626' title='bbox 2702 2309 2825 2348; x_wconf 89' lang='lat' dir='ltr'><strong>cum</strong></span> <span class='ocrx_word' id='word_1_627' title='bbox 2854 2275 3188 2365; x_wconf 83' lang='lat' dir='ltr'><strong>sapientibus</strong></span> <span class='ocrx_word' id='word_1_628' title='bbox 3236 2292 3480 2363; x_wconf 84' lang='lat' dir='ltr'><strong>graditur</strong></span> <span class='ocrx_word' id='word_1_629' title='bbox 3524 2291 3745 2360; x_wconf 88' lang='lat' dir='ltr'><strong>sapiens</strong></span> 
     </span>
    </p>
   </div>
   <div class='ocr_carea' id='block_1_84' title="bbox 2155 2380 3750 2453">
    <p class='ocr_par' dir='ltr' id='par_1_84' title="bbox 2155 2380 3750 2453">
     <span class='ocr_line' id='line_1_84' title="bbox 2155 2380 3750 2453; baseline -0.005 -11"><span class='ocrx_word' id='word_1_630' title='bbox 2155 2388 2281 2453; x_wconf 91' lang='lat' dir='ltr'><strong>erit,</strong></span> <span class='ocrx_word' id='word_1_631' title='bbox 2313 2385 2455 2442; x_wconf 90' lang='lat' dir='ltr'><strong>sicut</strong></span> <span class='ocrx_word' id='word_1_632' title='bbox 2498 2401 2531 2442; x_wconf 91' lang='lat' dir='ltr'><strong>e</strong></span> <span class='ocrx_word' id='word_1_633' title='bbox 2573 2393 2766 2442; x_wconf 73' lang='lat' dir='ltr'><strong>wntra</strong></span> <span class='ocrx_word' id='word_1_634' title='bbox 2809 2385 3015 2442; x_wconf 87' lang='lat' dir='ltr'><strong>amicus</strong></span> <span class='ocrx_word' id='word_1_635' title='bbox 3057 2384 3347 2440; x_wconf 89' lang='lat' dir='ltr'><strong>stultorum</strong></span> <span class='ocrx_word' id='word_1_636' title='bbox 3385 2380 3647 2438; x_wconf 82' lang='lat' dir='ltr'><strong>eﬂicietur</strong></span> <span class='ocrx_word' id='word_1_637' title='bbox 3671 2381 3750 2436; x_wconf 85' lang='lat' dir='ltr'><strong>si-</strong></span> 
     </span>
    </p>
   </div>
   <div class='ocr_carea' id='block_1_85' title="bbox 2156 2482 2318 2539">
    <p class='ocr_par' dir='ltr' id='par_1_85' title="bbox 2156 2482 2318 2539">
     <span class='ocr_line' id='line_1_85' title="bbox 2156 2482 2318 2539; baseline 0 -3"><span class='ocrx_word' id='word_1_638' title='bbox 2156 2482 2318 2539; x_wconf 88' lang='lat' dir='ltr'><strong>milis.</strong></span> 
     </span>
    </p>
   </div>
   <div class='ocr_carea' id='block_1_86' title="bbox 2227 2570 3748 2639">
    <p class='ocr_par' dir='ltr' id='par_1_86' title="bbox 2227 2570 3748 2639">
     <span class='ocr_line' id='line_1_86' title="bbox 2227 2570 3748 2639; baseline -0.002 -10"><span class='ocrx_word' id='word_1_639' title='bbox 2227 2575 2422 2630; x_wconf 80' lang='lat' dir='ltr'><strong>Aurem</strong></span> <span class='ocrx_word' id='word_1_640' title='bbox 2481 2575 2779 2631; x_wconf 84' lang='lat' dir='ltr'><strong>audientem</strong></span> <span class='ocrx_word' id='word_1_641' title='bbox 2817 2585 2866 2630; x_wconf 89' lang='lat' dir='ltr'><strong>et</strong></span> <span class='ocrx_word' id='word_1_642' title='bbox 2901 2587 3109 2630; x_wconf 86' lang='lat' dir='ltr'><strong>acutum</strong></span> <span class='ocrx_word' id='word_1_643' title='bbox 3151 2573 3440 2639; x_wconf 78' lang='lat' dir='ltr'><strong>videntem,</strong></span> <span class='ocrx_word' id='word_1_644' title='bbox 3487 2570 3748 2626; x_wconf 78' lang='lat' dir='ltr'><strong>Dominus</strong></span> 
     </span>
    </p>
   </div>
   <div class='ocr_carea' id='block_1_87' title="bbox 2159 2666 3745 2741">
    <p class='ocr_par' dir='ltr' id='par_1_87' title="bbox 2159 2666 3745 2741">
     <span class='ocr_line' id='line_1_87' title="bbox 2159 2666 3745 2741; baseline -0.003 -18"><span class='ocrx_word' id='word_1_645' title='bbox 2159 2669 2280 2738; x_wconf 77' lang='lat' dir='ltr'><strong>fecit</strong></span> <span class='ocrx_word' id='word_1_646' title='bbox 2309 2679 2609 2741; x_wconf 87' lang='lat' dir='ltr'><strong>utrumque.</strong></span> <span class='ocrx_word' id='word_1_647' title='bbox 2655 2669 2859 2725; x_wconf 83' lang='lat' dir='ltr'><strong>Aurem</strong></span> <span class='ocrx_word' id='word_1_648' title='bbox 2905 2669 3214 2724; x_wconf 85' lang='lat' dir='ltr'><strong>audientem</strong></span> <span class='ocrx_word' id='word_1_649' title='bbox 3261 2667 3396 2723; x_wconf 84' lang='lat' dir='ltr'><strong>dicit</strong></span> <span class='ocrx_word' id='word_1_650' title='bbox 3445 2666 3745 2722; x_wconf 88' lang='lat' dir='ltr'><strong>auditorem</strong></span> 
     </span>
    </p>
   </div>
   <div class='ocr_carea' id='block_1_88' title="bbox 2158 2760 3749 2826">
    <p class='ocr_par' dir='ltr' id='par_1_88' title="bbox 2158 2760 3749 2826">
     <span class='ocr_line' id='line_1_88' title="bbox 2158 2760 3749 2826; baseline 0 -13"><span class='ocrx_word' id='word_1_651' title='bbox 2158 2760 2313 2816; x_wconf 87' lang='lat' dir='ltr'><strong>verbi</strong></span> <span class='ocrx_word' id='word_1_652' title='bbox 2336 2761 2702 2826; x_wconf 89' lang='lat' dir='ltr'><strong>obedientem,</strong></span> <span class='ocrx_word' id='word_1_653' title='bbox 2744 2761 2961 2816; x_wconf 89' lang='lat' dir='ltr'><strong>oculum</strong></span> <span class='ocrx_word' id='word_1_654' title='bbox 2989 2761 3265 2816; x_wconf 86' lang='lat' dir='ltr'><strong>videntem</strong></span> <span class='ocrx_word' id='word_1_655' title='bbox 3307 2760 3582 2816; x_wconf 85' lang='lat' dir='ltr'><strong>doctorem</strong></span> <span class='ocrx_word' id='word_1_656' title='bbox 3623 2773 3749 2814; x_wconf 88' lang='lat' dir='ltr'><strong>eru-</strong></span> 
     </span>
    </p>
   </div>
   <div class='ocr_carea' id='block_1_89' title="bbox 2159 2849 3746 2922">
    <p class='ocr_par' dir='ltr' id='par_1_89' title="bbox 2159 2849 3746 2922">
     <span class='ocr_line' id='line_1_89' title="bbox 2159 2849 3746 2922; baseline -0.001 -17"><span class='ocrx_word' id='word_1_657' title='bbox 2159 2850 2352 2906; x_wconf 90' lang='lat' dir='ltr'><strong>ditum.</strong></span> <span class='ocrx_word' id='word_1_658' title='bbox 2385 2849 2555 2906; x_wconf 85' lang='lat' dir='ltr'><strong>Nemo</strong></span> <span class='ocrx_word' id='word_1_659' title='bbox 2585 2865 2716 2922; x_wconf 88' lang='lat' dir='ltr'><strong>ergo</strong></span> <span class='ocrx_word' id='word_1_660' title='bbox 2741 2867 2863 2907; x_wconf 90' lang='lat' dir='ltr'><strong>cum</strong></span> <span class='ocrx_word' id='word_1_661' title='bbox 2893 2864 2951 2906; x_wconf 88' lang='lat' dir='ltr'><strong>se</strong></span> <span class='ocrx_word' id='word_1_662' title='bbox 2980 2850 3384 2921; x_wconf 87' lang='lat' dir='ltr'><strong>Scripturarum</strong></span> <span class='ocrx_word' id='word_1_663' title='bbox 3409 2849 3635 2907; x_wconf 89' lang='lat' dir='ltr'><strong>scientia</strong></span> <span class='ocrx_word' id='word_1_664' title='bbox 3659 2850 3746 2906; x_wconf 75' lang='lat' dir='ltr'><strong>in-</strong></span> 
     </span>
    </p>
   </div>
   <div class='ocr_carea' id='block_1_90' title="bbox 2161 2941 3748 2999">
    <p class='ocr_par' dir='ltr' id='par_1_90' title="bbox 2161 2941 3748 2999">
     <span class='ocr_line' id='line_1_90' title="bbox 2161 2941 3748 2999; baseline -0.001 0"><span class='ocrx_word' id='word_1_665' title='bbox 2161 2946 2412 2999; x_wconf 89' lang='lat' dir='ltr'><strong>stitutum</strong></span> <span class='ocrx_word' id='word_1_666' title='bbox 2448 2952 2504 2999; x_wconf 89' lang='lat' dir='ltr'><strong>et</strong></span> <span class='ocrx_word' id='word_1_667' title='bbox 2543 2946 2611 2998; x_wconf 87' lang='lat' dir='ltr'><strong>ad</strong></span> <span class='ocrx_word' id='word_1_668' title='bbox 2646 2943 2935 2999; x_wconf 91' lang='lat' dir='ltr'><strong>dicendum</strong></span> <span class='ocrx_word' id='word_1_669' title='bbox 2978 2945 3205 2998; x_wconf 88' lang='lat' dir='ltr'><strong>verbum</strong></span> <span class='ocrx_word' id='word_1_670' title='bbox 3251 2941 3348 2997; x_wconf 91' lang='lat' dir='ltr'><strong>Dei</strong></span> <span class='ocrx_word' id='word_1_671' title='bbox 3387 2942 3584 2998; x_wconf 85' lang='lat' dir='ltr'><strong>viderit</strong></span> <span class='ocrx_word' id='word_1_672' title='bbox 3627 2941 3748 2997; x_wconf 88' lang='lat' dir='ltr'><strong>ido—</strong></span> 
     </span>
    </p>
   </div>
   <div class='ocr_carea' id='block_1_91' title="bbox 2160 3034 3750 3107">
    <p class='ocr_par' dir='ltr' id='par_1_91' title="bbox 2160 3034 3750 3107">
     <span class='ocr_line' id='line_1_91' title="bbox 2160 3034 3750 3107; baseline -0.001 -17"><span class='ocrx_word' id='word_1_673' title='bbox 2160 3051 2344 3101; x_wconf 88' lang='lat' dir='ltr'><strong>neum,</strong></span> <span class='ocrx_word' id='word_1_674' title='bbox 2387 3035 2651 3107; x_wconf 88' lang='lat' dir='ltr'><strong>despiciat</strong></span> <span class='ocrx_word' id='word_1_675' title='bbox 2675 3035 3078 3105; x_wconf 88' lang='lat' dir='ltr'><strong>simplicitatem</strong></span> <span class='ocrx_word' id='word_1_676' title='bbox 3120 3034 3327 3099; x_wconf 79' lang='lat' dir='ltr'><strong>fratris,</strong></span> <span class='ocrx_word' id='word_1_677' title='bbox 3369 3036 3459 3106; x_wconf 87' lang='lat' dir='ltr'><strong>qui</strong></span> <span class='ocrx_word' id='word_1_678' title='bbox 3499 3035 3603 3089; x_wconf 87' lang='lat' dir='ltr'><strong>etsi</strong></span> <span class='ocrx_word' id='word_1_679' title='bbox 3640 3035 3750 3089; x_wconf 92' lang='lat' dir='ltr'><strong>mi-</strong></span> 
     </span>
    </p>
   </div>
   <div class='ocr_carea' id='block_1_92' title="bbox 2161 3125 3752 3196">
    <p class='ocr_par' dir='ltr' id='par_1_92' title="bbox 2161 3125 3752 3196">
     <span class='ocr_line' id='line_1_92' title="bbox 2161 3125 3752 3196; baseline -0.001 -16"><span class='ocrx_word' id='word_1_680' title='bbox 2161 3141 2265 3180; x_wconf 90' lang='lat' dir='ltr'><strong>nus</strong></span> <span class='ocrx_word' id='word_1_681' title='bbox 2307 3127 2498 3181; x_wconf 90' lang='lat' dir='ltr'><strong>doctus</strong></span> <span class='ocrx_word' id='word_1_682' title='bbox 2531 3127 2600 3181; x_wconf 89' lang='lat' dir='ltr'><strong>ad</strong></span> <span class='ocrx_word' id='word_1_683' title='bbox 2637 3126 3063 3196; x_wconf 59' lang='lat' dir='ltr'><strong>praedicandum,</strong></span> <span class='ocrx_word' id='word_1_684' title='bbox 3107 3141 3213 3181; x_wconf 93' lang='lat' dir='ltr'><strong>non</strong></span> <span class='ocrx_word' id='word_1_685' title='bbox 3251 3133 3434 3181; x_wconf 88' lang='lat' dir='ltr'><strong>tamen</strong></span> <span class='ocrx_word' id='word_1_686' title='bbox 3461 3125 3641 3180; x_wconf 88' lang='lat' dir='ltr'><strong>minus</strong></span> <span class='ocrx_word' id='word_1_687' title='bbox 3667 3133 3752 3180; x_wconf 88' lang='lat' dir='ltr'><strong>cst</strong></span> 
     </span>
    </p>
   </div>
   <div class='ocr_carea' id='block_1_93' title="bbox 2160 3215 3752 3288">
    <p class='ocr_par' dir='ltr' id='par_1_93' title="bbox 2160 3215 3752 3288">
     <span class='ocr_line' id='line_1_93' title="bbox 2160 3215 3752 3288; baseline -0.001 -17"><span class='ocrx_word' id='word_1_688' title='bbox 2160 3226 2442 3288; x_wconf 89' lang='lat' dir='ltr'><strong>promptus</strong></span> <span class='ocrx_word' id='word_1_689' title='bbox 2463 3218 2533 3273; x_wconf 92' lang='lat' dir='ltr'><strong>ad</strong></span> <span class='ocrx_word' id='word_1_690' title='bbox 2557 3217 2870 3273; x_wconf 90' lang='lat' dir='ltr'><strong>discendum</strong></span> <span class='ocrx_word' id='word_1_691' title='bbox 2901 3216 2988 3273; x_wconf 88' lang='lat' dir='ltr'><strong>vel</strong></span> <span class='ocrx_word' id='word_1_692' title='bbox 3015 3216 3086 3271; x_wconf 89' lang='lat' dir='ltr'><strong>ad</strong></span> <span class='ocrx_word' id='word_1_693' title='bbox 3103 3215 3435 3286; x_wconf 87' lang='lat' dir='ltr'><strong>implendum</strong></span> <span class='ocrx_word' id='word_1_694' title='bbox 3464 3216 3603 3271; x_wconf 88' lang='lat' dir='ltr'><strong>bona</strong></span> <span class='ocrx_word' id='word_1_695' title='bbox 3629 3231 3752 3284; x_wconf 68' lang='lat' dir='ltr'><strong>qua:</strong></span> 
     </span>
    </p>
   </div>
   <div class='ocr_carea' id='block_1_94' title="bbox 2159 3307 3752 3379">
    <p class='ocr_par' dir='ltr' id='par_1_94' title="bbox 2159 3307 3752 3379">
     <span class='ocr_line' id='line_1_94' title="bbox 2159 3307 3752 3379; baseline -0.001 -15"><span class='ocrx_word' id='word_1_696' title='bbox 2159 3308 2382 3376; x_wconf 90' lang='lat' dir='ltr'><strong>didicit;</strong></span> <span class='ocrx_word' id='word_1_697' title='bbox 2415 3309 2512 3365; x_wconf 91' lang='lat' dir='ltr'><strong>sed</strong></span> <span class='ocrx_word' id='word_1_698' title='bbox 2539 3308 2764 3377; x_wconf 91' lang='lat' dir='ltr'><strong>recolat,</strong></span> <span class='ocrx_word' id='word_1_699' title='bbox 2805 3309 2932 3379; x_wconf 89' lang='lat' dir='ltr'><strong>quia</strong></span> <span class='ocrx_word' id='word_1_700' title='bbox 2955 3309 3047 3379; x_wconf 90' lang='lat' dir='ltr'><strong>qui</strong></span> <span class='ocrx_word' id='word_1_701' title='bbox 3079 3309 3182 3364; x_wconf 88' lang='lat' dir='ltr'><strong>sibi</strong></span> <span class='ocrx_word' id='word_1_702' title='bbox 3213 3307 3478 3377; x_wconf 89' lang='lat' dir='ltr'><strong>majorem</strong></span> <span class='ocrx_word' id='word_1_703' title='bbox 3509 3308 3752 3364; x_wconf 67' lang='lat' dir='ltr'><strong>scientia:</strong></span> 
     </span>
    </p>
   </div>
   <div class='ocr_carea' id='block_1_95' title="bbox 2160 3399 3748 3471">
    <p class='ocr_par' dir='ltr' id='par_1_95' title="bbox 2160 3399 3748 3471">
     <span class='ocr_line' id='line_1_95' title="bbox 2160 3399 3748 3471; baseline 0.001 -17"><span class='ocrx_word' id='word_1_704' title='bbox 2160 3399 2390 3471; x_wconf 83' lang='lat' dir='ltr'><strong>gratiam</strong></span> <span class='ocrx_word' id='word_1_705' title='bbox 2419 3400 2588 3467; x_wconf 88' lang='lat' dir='ltr'><strong>dedit,</strong></span> <span class='ocrx_word' id='word_1_706' title='bbox 2622 3401 2737 3470; x_wconf 90' lang='lat' dir='ltr'><strong>ipse</strong></span> <span class='ocrx_word' id='word_1_707' title='bbox 2763 3400 2919 3455; x_wconf 80' lang='lat' dir='ltr'><strong>fratri</strong></span> <span class='ocrx_word' id='word_1_708' title='bbox 2947 3416 3067 3470; x_wconf 74' lang='lat' dir='ltr'><strong>qua:</strong></span> <span class='ocrx_word' id='word_1_709' title='bbox 3091 3401 3257 3456; x_wconf 91' lang='lat' dir='ltr'><strong>habet</strong></span> <span class='ocrx_word' id='word_1_710' title='bbox 3283 3399 3582 3471; x_wconf 86' lang='lat' dir='ltr'><strong>spiritualia</strong></span> <span class='ocrx_word' id='word_1_711' title='bbox 3606 3400 3748 3455; x_wconf 84' lang='lat' dir='ltr'><strong>dona</strong></span> 
     </span>
    </p>
   </div>
   <div class='ocr_carea' id='block_1_96' title="bbox 2161 3491 3748 3565">
    <p class='ocr_par' dir='ltr' id='par_1_96' title="bbox 2161 3491 3748 3565">
     <span class='ocr_line' id='line_1_96' title="bbox 2161 3491 3748 3565; baseline 0.001 -19"><span class='ocrx_word' id='word_1_712' title='bbox 2161 3492 2373 3548; x_wconf 76' lang='lat' dir='ltr'><strong>tribuit.</strong></span> <span class='ocrx_word' id='word_1_713' title='bbox 2405 3491 2516 3547; x_wconf 88' lang='lat' dir='ltr'><strong>Nec</strong></span> <span class='ocrx_word' id='word_1_714' title='bbox 2547 3493 2649 3548; x_wconf 89' lang='lat' dir='ltr'><strong>sibi</strong></span> <span class='ocrx_word' id='word_1_715' title='bbox 2678 3502 2901 3565; x_wconf 86' lang='lat' dir='ltr'><strong>propter</strong></span> <span class='ocrx_word' id='word_1_716' title='bbox 2941 3507 3001 3550; x_wconf 92' lang='lat' dir='ltr'><strong>se</strong></span> <span class='ocrx_word' id='word_1_717' title='bbox 3051 3493 3412 3561; x_wconf 80' lang='lat' dir='ltr'><strong>solummodo,</strong></span> <span class='ocrx_word' id='word_1_718' title='bbox 3451 3495 3546 3553; x_wconf 88' lang='lat' dir='ltr'><strong>sed</strong></span> <span class='ocrx_word' id='word_1_719' title='bbox 3585 3495 3748 3550; x_wconf 87' lang='lat' dir='ltr'><strong>etiam</strong></span> 
     </span>
    </p>
   </div>
   <div class='ocr_carea' id='block_1_97' title="bbox 2162 3584 3746 3658">
    <p class='ocr_par' dir='ltr' id='par_1_97' title="bbox 2162 3584 3746 3658">
     <span class='ocr_line' id='line_1_97' title="bbox 2162 3584 3746 3658; baseline 0.001 -19"><span class='ocrx_word' id='word_1_720' title='bbox 2162 3593 2384 3655; x_wconf 90' lang='lat' dir='ltr'><strong>propter</strong></span> <span class='ocrx_word' id='word_1_721' title='bbox 2418 3584 2605 3641; x_wconf 86' lang='lat' dir='ltr'><strong>fratris</strong></span> <span class='ocrx_word' id='word_1_722' title='bbox 2638 3587 2920 3642; x_wconf 89' lang='lat' dir='ltr'><strong>commoda</strong></span> <span class='ocrx_word' id='word_1_723' title='bbox 2968 3587 3160 3642; x_wconf 90' lang='lat' dir='ltr'><strong>tribuit</strong></span> <span class='ocrx_word' id='word_1_724' title='bbox 3198 3587 3338 3643; x_wconf 82' lang='lat' dir='ltr'><strong>dona</strong></span> <span class='ocrx_word' id='word_1_725' title='bbox 3378 3602 3502 3658; x_wconf 66' lang='lat' dir='ltr'><strong>quae</strong></span> <span class='ocrx_word' id='word_1_726' title='bbox 3549 3586 3746 3650; x_wconf 87' lang='lat' dir='ltr'><strong>voluit,</strong></span> 
     </span>
    </p>
   </div>
   <div class='ocr_carea' id='block_1_98' title="bbox 2165 3678 3750 3750">
    <p class='ocr_par' dir='ltr' id='par_1_98' title="bbox 2165 3678 3750 3750">
     <span class='ocr_line' id='line_1_98' title="bbox 2165 3678 3750 3750; baseline 0.001 -17"><span class='ocrx_word' id='word_1_727' title='bbox 2165 3678 2298 3733; x_wconf 90' lang='lat' dir='ltr'><strong>dans</strong></span> <span class='ocrx_word' id='word_1_728' title='bbox 2348 3678 2641 3748; x_wconf 89' lang='lat' dir='ltr'><strong>unicuique</strong></span> <span class='ocrx_word' id='word_1_729' title='bbox 2687 3678 2918 3750; x_wconf 87' lang='lat' dir='ltr'><strong>gratiam</strong></span> <span class='ocrx_word' id='word_1_730' title='bbox 2970 3679 3272 3735; x_wconf 88' lang='lat' dir='ltr'><strong>secundum</strong></span> <span class='ocrx_word' id='word_1_731' title='bbox 3308 3694 3618 3736; x_wconf 89' lang='lat' dir='ltr'><strong>mensuram</strong></span> <span class='ocrx_word' id='word_1_732' title='bbox 3655 3678 3750 3735; x_wconf 84' lang='lat' dir='ltr'><strong>do-</strong></span> 
     </span>
    </p>
   </div>
   <div class='ocr_carea' id='block_1_99' title="bbox 2166 3769 2560 3825">
    <p class='ocr_par' dir='ltr' id='par_1_99' title="bbox 2166 3769 2560 3825">
     <span class='ocr_line' id='line_1_99' title="bbox 2166 3769 2560 3825; baseline 0.008 -3"><span class='ocrx_word' id='word_1_733' title='bbox 2166 3769 2404 3825; x_wconf 89' lang='lat' dir='ltr'><strong>nationis</strong></span> <span class='ocrx_word' id='word_1_734' title='bbox 2431 3784 2560 3825; x_wconf 70' lang='lat' dir='ltr'><strong>sure.</strong></span> 
     </span>
    </p>
   </div>
   <div class='ocr_carea' id='block_1_100' title="bbox 2240 3859 3751 3936">
    <p class='ocr_par' dir='ltr' id='par_1_100' title="bbox 2240 3859 3751 3936">
     <span class='ocr_line' id='line_1_100' title="bbox 2240 3859 3751 3936; baseline 0.003 -22"><span class='ocrx_word' id='word_1_735' title='bbox 2240 3859 2367 3915; x_wconf 86' lang='lat' dir='ltr'><strong>Noli</strong></span> <span class='ocrx_word' id='word_1_736' title='bbox 2390 3861 2605 3932; x_wconf 87' lang='lat' dir='ltr'><strong>diligere</strong></span> <span class='ocrx_word' id='word_1_737' title='bbox 2621 3863 2882 3917; x_wconf 84' lang='lat' dir='ltr'><strong>somnium</strong></span> <span class='ocrx_word' id='word_1_738' title='bbox 2907 3880 2971 3918; x_wconf 86' lang='lat' dir='ltr'><strong>ne</strong></span> <span class='ocrx_word' id='word_1_739' title='bbox 2993 3873 3043 3918; x_wconf 92' lang='lat' dir='ltr'><strong>te</strong></span> <span class='ocrx_word' id='word_1_740' title='bbox 3063 3874 3262 3936; x_wconf 87' lang='lat' dir='ltr'><strong>egestas</strong></span> <span class='ocrx_word' id='word_1_741' title='bbox 3287 3866 3545 3936; x_wconf 80' lang='lat' dir='ltr'><strong>opprimat</strong></span> <span class='ocrx_word' id='word_1_742' title='bbox 3568 3881 3588 3919; x_wconf 91' lang='lat'><strong><em>:</em></strong></span> <span class='ocrx_word' id='word_1_743' title='bbox 3608 3865 3751 3935; x_wconf 86' lang='lat' dir='ltr'><strong>aperi</strong></span> 
     </span>
    </p>
   </div>
   <div class='ocr_carea' id='block_1_101' title="bbox 2168 3953 3754 4030">
    <p class='ocr_par' dir='ltr' id='par_1_101' title="bbox 2168 3953 3754 4030">
     <span class='ocr_line' id='line_1_101' title="bbox 2168 3953 3754 4030; baseline 0.004 -21"><span class='ocrx_word' id='word_1_744' title='bbox 2168 3953 2344 4009; x_wconf 89' lang='lat' dir='ltr'><strong>oculos</strong></span> <span class='ocrx_word' id='word_1_745' title='bbox 2375 3964 2494 4008; x_wconf 89' lang='lat' dir='ltr'><strong>tuos</strong></span> <span class='ocrx_word' id='word_1_746' title='bbox 2525 3966 2572 4009; x_wconf 89' lang='lat' dir='ltr'><strong>et</strong></span> <span class='ocrx_word' id='word_1_747' title='bbox 2601 3964 2844 4010; x_wconf 86' lang='lat' dir='ltr'><strong>saturare</strong></span> <span class='ocrx_word' id='word_1_748' title='bbox 2885 3956 3132 4027; x_wconf 88' lang='lat' dir='ltr'><strong>panibus.</strong></span> <span class='ocrx_word' id='word_1_749' title='bbox 3169 3956 3290 4014; x_wconf 88' lang='lat' dir='ltr'><strong>Noli</strong></span> <span class='ocrx_word' id='word_1_750' title='bbox 3341 3958 3564 4030; x_wconf 84' lang='lat' dir='ltr'><strong>diligere</strong></span> <span class='ocrx_word' id='word_1_751' title='bbox 3609 3973 3754 4015; x_wconf 85' lang='lat' dir='ltr'><strong>som-</strong></span> 
     </span>
    </p>
   </div>
   <div class='ocr_carea' id='block_1_102' title="bbox 2168 4045 3749 4119">
    <p class='ocr_par' dir='ltr' id='par_1_102' title="bbox 2168 4045 3749 4119">
     <span class='ocr_line' id='line_1_102' title="bbox 2168 4045 3749 4119; baseline 0.003 -21"><span class='ocrx_word' id='word_1_752' title='bbox 2168 4045 2318 4099; x_wconf 86' lang='lat' dir='ltr'><strong>nium</strong></span> <span class='ocrx_word' id='word_1_753' title='bbox 2362 4045 2573 4116; x_wconf 88' lang='lat' dir='ltr'><strong>peccati</strong></span> <span class='ocrx_word' id='word_1_754' title='bbox 2625 4053 2681 4100; x_wconf 87' lang='lat' dir='ltr'><strong>et</strong></span> <span class='ocrx_word' id='word_1_755' title='bbox 2726 4046 2936 4102; x_wconf 67' lang='lat' dir='ltr'><strong>inertiae</strong></span> <span class='ocrx_word' id='word_1_756' title='bbox 2963 4087 2978 4114; x_wconf 96' lang='lat'><strong>,</strong></span> <span class='ocrx_word' id='word_1_757' title='bbox 3034 4047 3103 4104; x_wconf 90' lang='lat' dir='ltr'><strong>de</strong></span> <span class='ocrx_word' id='word_1_758' title='bbox 3151 4063 3259 4119; x_wconf 92' lang='lat' dir='ltr'><strong>quo</strong></span> <span class='ocrx_word' id='word_1_759' title='bbox 3305 4047 3598 4119; x_wconf 80' lang='lat' dir='ltr'><strong>Apostolus</strong></span> <span class='ocrx_word' id='word_1_760' title='bbox 3635 4048 3749 4103; x_wconf 85' lang='lat' dir='ltr'><strong>ait:</strong></span> 
     </span>
    </p>
   </div>
   <div class='ocr_carea' id='block_1_103' title="bbox 2169 4135 3757 4219">
    <p class='ocr_par' dir='ltr' id='par_1_103' title="bbox 2169 4135 3757 4219">
     <span class='ocr_line' id='line_1_103' title="bbox 2169 4135 3757 4219; baseline 0.003 -29"><span class='ocrx_word' id='word_1_761' title='bbox 2169 4135 2321 4191; x_wconf 89' lang='lat' dir='ltr'><strong>Hora</strong></span> <span class='ocrx_word' id='word_1_762' title='bbox 2353 4147 2426 4192; x_wconf 89' lang='lat' dir='ltr'><strong>est</strong></span> <span class='ocrx_word' id='word_1_763' title='bbox 2449 4137 2570 4207; x_wconf 88' lang='lat' dir='ltr'><strong>jam</strong></span> <span class='ocrx_word' id='word_1_764' title='bbox 2601 4153 2694 4192; x_wconf 87' lang='lat' dir='ltr'><strong>nos</strong></span> <span class='ocrx_word' id='word_1_765' title='bbox 2733 4137 2802 4219; x_wconf 78' lang='lat' dir='ltr'><strong>de</strong></span> <span class='ocrx_word' id='word_1_766' title='bbox 2817 4155 3000 4193; x_wconf 88' lang='lat' dir='ltr'><strong>somno</strong></span> <span class='ocrx_word' id='word_1_767' title='bbox 3041 4156 3252 4211; x_wconf 85' lang='lat' dir='ltr'><strong>surgere</strong></span> <span class='ocrx_word' id='word_1_768' title='bbox 3299 4138 3478 4212; x_wconf 85' lang='lat' dir='ltr'><strong>(Rom.</strong></span> <span class='ocrx_word' id='word_1_769' title='bbox 3505 4139 3645 4210; x_wconf 80' lang='lat' dir='ltr'><strong>xm).</strong></span> <span class='ocrx_word' id='word_1_770' title='bbox 3679 4140 3757 4195; x_wconf 77' lang='lat' dir='ltr'><strong>Ne</strong></span> 
     </span>
    </p>
   </div>
   <div class='ocr_carea' id='block_1_104' title="bbox 2169 4227 3756 4301">
    <p class='ocr_par' dir='ltr' id='par_1_104' title="bbox 2169 4227 3756 4301">
     <span class='ocr_line' id='line_1_104' title="bbox 2169 4227 3756 4301; baseline 0.003 -20"><span class='ocrx_word' id='word_1_771' title='bbox 2169 4235 2224 4281; x_wconf 89' lang='lat' dir='ltr'><strong>te</strong></span> <span class='ocrx_word' id='word_1_772' title='bbox 2261 4227 2308 4282; x_wconf 89' lang='lat' dir='ltr'><strong>si</strong></span> <span class='ocrx_word' id='word_1_773' title='bbox 2357 4242 2500 4282; x_wconf 93' lang='lat' dir='ltr'><strong>nunc</strong></span> <span class='ocrx_word' id='word_1_774' title='bbox 2543 4227 2683 4282; x_wconf 90' lang='lat' dir='ltr'><strong>bene</strong></span> <span class='ocrx_word' id='word_1_775' title='bbox 2718 4227 2945 4299; x_wconf 83' lang='lat' dir='ltr'><strong>vigilare</strong></span> <span class='ocrx_word' id='word_1_776' title='bbox 2974 4243 3083 4284; x_wconf 91' lang='lat' dir='ltr'><strong>non</strong></span> <span class='ocrx_word' id='word_1_777' title='bbox 3105 4229 3210 4296; x_wconf 85' lang='lat' dir='ltr'><strong>vis,</strong></span> <span class='ocrx_word' id='word_1_778' title='bbox 3250 4238 3466 4301; x_wconf 85' lang='lat' dir='ltr'><strong>egestas</strong></span> <span class='ocrx_word' id='word_1_779' title='bbox 3492 4231 3546 4285; x_wconf 90' lang='lat' dir='ltr'><strong>in</strong></span> <span class='ocrx_word' id='word_1_780' title='bbox 3574 4229 3756 4286; x_wconf 87' lang='lat' dir='ltr'><strong>futuro</strong></span> 
     </span>
    </p>
   </div>
   <div class='ocr_carea' id='block_1_105' title="bbox 2172 4318 3757 4391">
    <p class='ocr_par' dir='ltr' id='par_1_105' title="bbox 2172 4318 3757 4391">
     <span class='ocr_line' id='line_1_105' title="bbox 2172 4318 3757 4391; baseline 0.003 -18"><span class='ocrx_word' id='word_1_781' title='bbox 2172 4318 2262 4373; x_wconf 87' lang='lat' dir='ltr'><strong>illa</strong></span> <span class='ocrx_word' id='word_1_782' title='bbox 2285 4319 2635 4390; x_wconf 89' lang='lat' dir='ltr'><strong>gravissima,</strong></span> <span class='ocrx_word' id='word_1_783' title='bbox 2669 4320 2763 4374; x_wconf 93' lang='lat' dir='ltr'><strong>ubi</strong></span> <span class='ocrx_word' id='word_1_784' title='bbox 2792 4334 2891 4375; x_wconf 89' lang='lat' dir='ltr'><strong>nec</strong></span> <span class='ocrx_word' id='word_1_785' title='bbox 2922 4321 3122 4376; x_wconf 90' lang='lat' dir='ltr'><strong>stillam</strong></span> <span class='ocrx_word' id='word_1_786' title='bbox 3165 4336 3321 4391; x_wconf 69' lang='lat' dir='ltr'><strong>aqua:</strong></span> <span class='ocrx_word' id='word_1_787' title='bbox 3355 4337 3518 4377; x_wconf 90' lang='lat' dir='ltr'><strong>unam</strong></span> <span class='ocrx_word' id='word_1_788' title='bbox 3567 4322 3757 4380; x_wconf 79' lang='lat' dir='ltr'><strong>sitiens</strong></span> 
     </span>
    </p>
   </div>
   <div class='ocr_carea' id='block_1_106' title="bbox 2173 4411 3758 4482">
    <p class='ocr_par' dir='ltr' id='par_1_106' title="bbox 2173 4411 3758 4482">
     <span class='ocr_line' id='line_1_106' title="bbox 2173 4411 3758 4482; baseline 0.003 -18"><span class='ocrx_word' id='word_1_789' title='bbox 2173 4411 2418 4466; x_wconf 90' lang='lat' dir='ltr'><strong>invenire</strong></span> <span class='ocrx_word' id='word_1_790' title='bbox 2446 4425 2617 4480; x_wconf 87' lang='lat' dir='ltr'><strong>queas</strong></span> <span class='ocrx_word' id='word_1_791' title='bbox 2640 4420 2891 4481; x_wconf 86' lang='lat' dir='ltr'><strong>occupet.</strong></span> <span class='ocrx_word' id='word_1_792' title='bbox 2933 4411 3096 4482; x_wconf 88' lang='lat' dir='ltr'><strong>Aperi</strong></span> <span class='ocrx_word' id='word_1_793' title='bbox 3143 4413 3330 4469; x_wconf 90' lang='lat' dir='ltr'><strong>oculos</strong></span> <span class='ocrx_word' id='word_1_794' title='bbox 3363 4414 3440 4468; x_wconf 93' lang='lat' dir='ltr'><strong>tui</strong></span> <span class='ocrx_word' id='word_1_795' title='bbox 3481 4415 3658 4473; x_wconf 88' lang='lat' dir='ltr'><strong>cordis</strong></span> <span class='ocrx_word' id='word_1_796' title='bbox 3688 4415 3758 4469; x_wconf 88' lang='lat' dir='ltr'><strong>ad</strong></span> 
     </span>
    </p>
   </div>
   <div class='ocr_carea' id='block_1_107' title="bbox 2173 4502 3762 4575">
    <p class='ocr_par' dir='ltr' id='par_1_107' title="bbox 2173 4502 3762 4575">
     <span class='ocr_line' id='line_1_107' title="bbox 2173 4502 3762 4575; baseline 0.003 -19"><span class='ocrx_word' id='word_1_797' title='bbox 2173 4502 2385 4574; x_wconf 87' lang='lat' dir='ltr'><strong>vigilias</strong></span> <span class='ocrx_word' id='word_1_798' title='bbox 2431 4517 2635 4569; x_wconf 89' lang='lat' dir='ltr'><strong>sacras,</strong></span> <span class='ocrx_word' id='word_1_799' title='bbox 2676 4511 2733 4558; x_wconf 89' lang='lat' dir='ltr'><strong>et</strong></span> <span class='ocrx_word' id='word_1_800' title='bbox 2767 4503 3107 4561; x_wconf 86' lang='lat' dir='ltr'><strong>saturitatem</strong></span> <span class='ocrx_word' id='word_1_801' title='bbox 3147 4504 3246 4559; x_wconf 90' lang='lat' dir='ltr'><strong>tibi</strong></span> <span class='ocrx_word' id='word_1_802' title='bbox 3297 4505 3612 4575; x_wconf 88' lang='lat' dir='ltr'><strong>gaudiorum</strong></span> <span class='ocrx_word' id='word_1_803' title='bbox 3645 4521 3762 4561; x_wconf 68' lang='lat' dir='ltr'><strong>cu:-</strong></span> 
     </span>
    </p>
   </div>
   <div class='ocr_carea' id='block_1_108' title="bbox 2175 4596 3758 4668">
    <p class='ocr_par' dir='ltr' id='par_1_108' title="bbox 2175 4596 3758 4668">
     <span class='ocr_line' id='line_1_108' title="bbox 2175 4596 3758 4668; baseline 0.001 -15"><span class='ocrx_word' id='word_1_804' title='bbox 2175 4598 2391 4653; x_wconf 88' lang='lat' dir='ltr'><strong>lestium</strong></span> <span class='ocrx_word' id='word_1_805' title='bbox 2432 4597 2571 4653; x_wconf 90' lang='lat' dir='ltr'><strong>bene</strong></span> <span class='ocrx_word' id='word_1_806' title='bbox 2615 4597 2848 4653; x_wconf 87' lang='lat' dir='ltr'><strong>vivendo</strong></span> <span class='ocrx_word' id='word_1_807' title='bbox 2878 4597 3158 4668; x_wconf 90' lang='lat' dir='ltr'><strong>conquire.</strong></span> <span class='ocrx_word' id='word_1_808' title='bbox 3188 4596 3385 4652; x_wconf 83' lang='lat' dir='ltr'><strong>Malum</strong></span> <span class='ocrx_word' id='word_1_809' title='bbox 3412 4605 3518 4662; x_wconf 90' lang='lat' dir='ltr'><strong>est,</strong></span> <span class='ocrx_word' id='word_1_810' title='bbox 3555 4598 3758 4654; x_wconf 87' lang='lat' dir='ltr'><strong>malum</strong></span> 
     </span>
    </p>
   </div>
   <div class='ocr_carea' id='block_1_109' title="bbox 2170 4691 3762 4763">
    <p class='ocr_par' dir='ltr' id='par_1_109' title="bbox 2170 4691 3762 4763">
     <span class='ocr_line' id='line_1_109' title="bbox 2170 4691 3762 4763; baseline -0.003 -15"><span class='ocrx_word' id='word_1_811' title='bbox 2170 4701 2276 4759; x_wconf 89' lang='lat' dir='ltr'><strong>est,</strong></span> <span class='ocrx_word' id='word_1_812' title='bbox 2295 4691 2428 4748; x_wconf 92' lang='lat' dir='ltr'><strong>dicit</strong></span> <span class='ocrx_word' id='word_1_813' title='bbox 2455 4692 2633 4748; x_wconf 88' lang='lat' dir='ltr'><strong>omnis</strong></span> <span class='ocrx_word' id='word_1_814' title='bbox 2663 4699 2895 4762; x_wconf 87' lang='lat' dir='ltr'><strong>emptor,</strong></span> <span class='ocrx_word' id='word_1_815' title='bbox 2925 4701 2980 4746; x_wconf 91' lang='lat' dir='ltr'><strong>et</strong></span> <span class='ocrx_word' id='word_1_816' title='bbox 3011 4706 3132 4746; x_wconf 90' lang='lat' dir='ltr'><strong>cum</strong></span> <span class='ocrx_word' id='word_1_817' title='bbox 3158 4691 3467 4756; x_wconf 86' lang='lat' dir='ltr'><strong>recesserit,</strong></span> <span class='ocrx_word' id='word_1_818' title='bbox 3495 4700 3625 4751; x_wconf 82' lang='lat' dir='ltr'><strong>tunc</strong></span> <span class='ocrx_word' id='word_1_819' title='bbox 3646 4691 3762 4763; x_wconf 81' lang='lat' dir='ltr'><strong>glo-</strong></span> 
     </span>
    </p>
   </div>
   <div class='ocr_carea' id='block_1_110' title="bbox 2179 4781 3762 4854">
    <p class='ocr_par' dir='ltr' id='par_1_110' title="bbox 2179 4781 3762 4854">
     <span class='ocr_line' id='line_1_110' title="bbox 2179 4781 3762 4854; baseline -0.001 -14"><span class='ocrx_word' id='word_1_820' title='bbox 2179 4784 2430 4840; x_wconf 89' lang='lat' dir='ltr'><strong>riabitur.</strong></span> <span class='ocrx_word' id='word_1_821' title='bbox 2454 4783 2597 4854; x_wconf 86' lang='lat' dir='ltr'><strong>Ergo</strong></span> <span class='ocrx_word' id='word_1_822' title='bbox 2612 4792 2669 4839; x_wconf 90' lang='lat' dir='ltr'><strong>et</strong></span> <span class='ocrx_word' id='word_1_823' title='bbox 2693 4784 2740 4839; x_wconf 90' lang='lat' dir='ltr'><strong>is</strong></span> <span class='ocrx_word' id='word_1_824' title='bbox 2761 4783 2854 4853; x_wconf 91' lang='lat' dir='ltr'><strong>qui</strong></span> <span class='ocrx_word' id='word_1_825' title='bbox 2880 4791 3082 4838; x_wconf 81' lang='lat' dir='ltr'><strong>aeterna</strong></span> <span class='ocrx_word' id='word_1_826' title='bbox 3108 4783 3162 4838; x_wconf 92' lang='lat' dir='ltr'><strong>in</strong></span> <span class='ocrx_word' id='word_1_827' title='bbox 3191 4781 3344 4838; x_wconf 74' lang='grc' dir='ltr'><strong>εωιίε</strong></span> <span class='ocrx_word' id='word_1_828' title='bbox 3369 4783 3588 4852; x_wconf 61' lang='lat' dir='ltr'><strong>premis</strong></span> <span class='ocrx_word' id='word_1_829' title='bbox 3611 4797 3762 4838; x_wconf 88' lang='lat' dir='ltr'><strong>com-</strong></span> 
     </span>
    </p>
   </div>
   <div class='ocr_carea' id='block_1_111' title="bbox 2174 4873 3762 4946">
    <p class='ocr_par' dir='ltr' id='par_1_111' title="bbox 2174 4873 3762 4946">
     <span class='ocr_line' id='line_1_111' title="bbox 2174 4873 3762 4946; baseline 0.001 -18"><span class='ocrx_word' id='word_1_830' title='bbox 2174 4890 2372 4946; x_wconf 89' lang='lat' dir='ltr'><strong>parare</strong></span> <span class='ocrx_word' id='word_1_831' title='bbox 2417 4876 2708 4939; x_wconf 83' lang='lat' dir='ltr'><strong>desiderat,</strong></span> <span class='ocrx_word' id='word_1_832' title='bbox 2751 4873 2950 4928; x_wconf 90' lang='lat' dir='ltr'><strong>malum</strong></span> <span class='ocrx_word' id='word_1_833' title='bbox 2988 4883 3094 4939; x_wconf 91' lang='lat' dir='ltr'><strong>est,</strong></span> <span class='ocrx_word' id='word_1_834' title='bbox 3137 4874 3280 4943; x_wconf 91' lang='lat' dir='ltr'><strong>quod</strong></span> <span class='ocrx_word' id='word_1_835' title='bbox 3309 4874 3363 4928; x_wconf 93' lang='lat' dir='ltr'><strong>in</strong></span> <span class='ocrx_word' id='word_1_836' title='bbox 3391 4874 3639 4943; x_wconf 62' lang='lat' dir='ltr'><strong>praesenti</strong></span> <span class='ocrx_word' id='word_1_837' title='bbox 3669 4875 3762 4929; x_wconf 41' lang='lat' dir='ltr'><strong>des</strong></span> 
     </span>
    </p>
   </div>
   <div class='ocr_carea' id='block_1_112' title="bbox 2176 4966 3764 5037">
    <p class='ocr_par' dir='ltr' id='par_1_112' title="bbox 2176 4966 3764 5037">
     <span class='ocr_line' id='line_1_112' title="bbox 2176 4966 3764 5037; baseline -0.001 -15"><span class='ocrx_word' id='word_1_838' title='bbox 2176 4968 2272 5023; x_wconf 90' lang='lat' dir='ltr'><strong>bet</strong></span> <span class='ocrx_word' id='word_1_839' title='bbox 2303 4967 2592 5033; x_wconf 88' lang='lat' dir='ltr'><strong>sustinere,</strong></span> <span class='ocrx_word' id='word_1_840' title='bbox 2625 4977 2686 5021; x_wconf 90' lang='lat' dir='ltr'><strong>ut</strong></span> <span class='ocrx_word' id='word_1_841' title='bbox 2711 4982 2833 5020; x_wconf 93' lang='lat' dir='ltr'><strong>cum</strong></span> <span class='ocrx_word' id='word_1_842' title='bbox 2869 4966 3157 5021; x_wconf 86' lang='lat' dir='ltr'><strong>recesserit</strong></span> <span class='ocrx_word' id='word_1_843' title='bbox 3177 4967 3244 5021; x_wconf 84' lang='lat' dir='ltr'><strong>de</strong></span> <span class='ocrx_word' id='word_1_844' title='bbox 3273 4967 3474 5021; x_wconf 84' lang='lat' dir='ltr'><strong>mundo</strong></span> <span class='ocrx_word' id='word_1_845' title='bbox 3503 4976 3631 5021; x_wconf 90' lang='lat' dir='ltr'><strong>tunc</strong></span> <span class='ocrx_word' id='word_1_846' title='bbox 3648 4966 3764 5037; x_wconf 86' lang='lat' dir='ltr'><strong>glo-</strong></span> 
     </span>
    </p>
   </div>
   <div class='ocr_carea' id='block_1_113' title="bbox 2179 5056 3762 5128">
    <p class='ocr_par' dir='ltr' id='par_1_113' title="bbox 2179 5056 3762 5128">
     <span class='ocr_line' id='line_1_113' title="bbox 2179 5056 3762 5128; baseline -0.002 -14"><span class='ocrx_word' id='word_1_847' title='bbox 2179 5059 2368 5125; x_wconf 87' lang='lat' dir='ltr'><strong>rietur,</strong></span> <span class='ocrx_word' id='word_1_848' title='bbox 2411 5066 2596 5128; x_wconf 89' lang='lat' dir='ltr'><strong>aperte</strong></span> <span class='ocrx_word' id='word_1_849' title='bbox 2638 5058 2992 5128; x_wconf 88' lang='lat' dir='ltr'><strong>perspiciens,</strong></span> <span class='ocrx_word' id='word_1_850' title='bbox 3035 5058 3156 5128; x_wconf 84' lang='lat' dir='ltr'><strong>quia</strong></span> <span class='ocrx_word' id='word_1_851' title='bbox 3199 5073 3303 5111; x_wconf 85' lang='lat' dir='ltr'><strong>non</strong></span> <span class='ocrx_word' id='word_1_852' title='bbox 3336 5068 3458 5111; x_wconf 84' lang='lat' dir='ltr'><strong>sunt</strong></span> <span class='ocrx_word' id='word_1_853' title='bbox 3487 5056 3762 5126; x_wconf 82' lang='lat' dir='ltr'><strong>condigna:</strong></span> 
     </span>
    </p>
   </div>
   <div class='ocr_carea' id='block_1_114' title="bbox 2174 5150 3764 5226">
    <p class='ocr_par' dir='ltr' id='par_1_114' title="bbox 2174 5150 3764 5226">
     <span class='ocr_line' id='line_1_114' title="bbox 2174 5150 3764 5226; baseline -0.003 -17"><span class='ocrx_word' id='word_1_854' title='bbox 2174 5155 2442 5225; x_wconf 83' lang='lat' dir='ltr'><strong>passiones</strong></span> <span class='ocrx_word' id='word_1_855' title='bbox 2486 5155 2646 5226; x_wconf 82' lang='lat' dir='ltr'><strong>hujus</strong></span> <span class='ocrx_word' id='word_1_856' title='bbox 2676 5154 2924 5225; x_wconf 87' lang='lat' dir='ltr'><strong>temporis</strong></span> <span class='ocrx_word' id='word_1_857' title='bbox 2961 5153 3046 5207; x_wconf 84' lang='lat' dir='ltr'><strong>ad‘</strong></span> <span class='ocrx_word' id='word_1_858' title='bbox 3069 5153 3306 5223; x_wconf 81' lang='lat' dir='ltr'><strong>futuram</strong></span> <span class='ocrx_word' id='word_1_859' title='bbox 3343 5150 3598 5223; x_wconf 78' lang='lat' dir='ltr'><strong>gloriam,</strong></span> <span class='ocrx_word' id='word_1_860' title='bbox 3643 5168 3764 5222; x_wconf 68' lang='lat' dir='ltr'><strong>quia</strong></span> 
     </span>
    </p>
   </div>
   <div class='ocr_carea' id='block_1_115' title="bbox 2177 5244 3113 5318">
    <p class='ocr_par' dir='ltr' id='par_1_115' title="bbox 2177 5244 3113 5318">
     <span class='ocr_line' id='line_1_115' title="bbox 2177 5244 3113 5318; baseline -0.002 -16"><span class='ocrx_word' id='word_1_861' title='bbox 2177 5247 2488 5305; x_wconf 86' lang='lat' dir='ltr'><strong>revelabitur</strong></span> <span class='ocrx_word' id='word_1_862' title='bbox 2514 5249 2569 5301; x_wconf 89' lang='lat' dir='ltr'><strong>in</strong></span> <span class='ocrx_word' id='word_1_863' title='bbox 2592 5247 2738 5301; x_wconf 89' lang='lat' dir='ltr'><strong>nobis</strong></span> <span class='ocrx_word' id='word_1_864' title='bbox 2763 5245 2943 5318; x_wconf 85' lang='lat' dir='ltr'><strong>(Rom.</strong></span> <span class='ocrx_word' id='word_1_865' title='bbox 2971 5244 3113 5318; x_wconf 83' lang='lat' dir='ltr'><strong>vni).</strong></span> 
     </span>
    </p>
   </div>
   <div class='ocr_carea' id='block_1_116' title="bbox 2247 5338 3762 5410">
    <p class='ocr_par' dir='ltr' id='par_1_116' title="bbox 2247 5338 3762 5410">
     <span class='ocr_line' id='line_1_116' title="bbox 2247 5338 3762 5410; baseline -0.005 -14"><span class='ocrx_word' id='word_1_866' title='bbox 2247 5342 2452 5396; x_wconf 84' lang='lat' dir='ltr'><strong>Aurum</strong></span> <span class='ocrx_word' id='word_1_867' title='bbox 2484 5349 2530 5394; x_wconf 91' lang='lat' dir='ltr'><strong>et</strong></span> <span class='ocrx_word' id='word_1_868' title='bbox 2556 5338 2837 5394; x_wconf 87' lang='lat' dir='ltr'><strong>multitudo</strong></span> <span class='ocrx_word' id='word_1_869' title='bbox 2877 5354 3224 5410; x_wconf 87' lang='lat' dir='ltr'><strong>gemmarum,</strong></span> <span class='ocrx_word' id='word_1_870' title='bbox 3259 5346 3310 5393; x_wconf 87' lang='lat' dir='ltr'><strong>et</strong></span> <span class='ocrx_word' id='word_1_871' title='bbox 3349 5353 3442 5392; x_wconf 86' lang='lat' dir='ltr'><strong>vas</strong></span> <span class='ocrx_word' id='word_1_872' title='bbox 3465 5340 3762 5407; x_wconf 81' lang='lat' dir='ltr'><strong>pretiosum</strong></span> 
     </span>
    </p>
   </div>
   <div class='ocr_carea' id='block_1_117' title="bbox 2175 5430 3762 5506">
    <p class='ocr_par' dir='ltr' id='par_1_117' title="bbox 2175 5430 3762 5506">
     <span class='ocr_line' id='line_1_117' title="bbox 2175 5430 3762 5506; baseline -0.006 -14"><span class='ocrx_word' id='word_1_873' title='bbox 2175 5437 2318 5492; x_wconf 87' lang='lat' dir='ltr'><strong>labia</strong></span> <span class='ocrx_word' id='word_1_874' title='bbox 2353 5437 2606 5491; x_wconf 65' lang='lat' dir='ltr'><strong>scientias.</strong></span> <span class='ocrx_word' id='word_1_875' title='bbox 2638 5433 2765 5490; x_wconf 71' lang='lat' dir='ltr'><strong>Haec</strong></span> <span class='ocrx_word' id='word_1_876' title='bbox 2787 5443 2874 5491; x_wconf 90' lang='lat' dir='ltr'><strong>est</strong></span> <span class='ocrx_word' id='word_1_877' title='bbox 2899 5434 3148 5506; x_wconf 91' lang='lat' dir='ltr'><strong>gloriatio</strong></span> <span class='ocrx_word' id='word_1_878' title='bbox 3187 5433 3447 5505; x_wconf 89' lang='lat' dir='ltr'><strong>sapientis</strong></span> <span class='ocrx_word' id='word_1_879' title='bbox 3474 5430 3762 5501; x_wconf 83' lang='lat' dir='ltr'><strong>emptoris,</strong></span> 
     </span>
    </p>
   </div>
   <div class='ocr_carea' id='block_1_118' title="bbox 2175 5522 3764 5600">
    <p class='ocr_par' dir='ltr' id='par_1_118' title="bbox 2175 5522 3764 5600">
     <span class='ocr_line' id='line_1_118' title="bbox 2175 5522 3764 5600; baseline -0.006 -16"><span class='ocrx_word' id='word_1_880' title='bbox 2175 5529 2288 5600; x_wconf 87' lang='lat' dir='ltr'><strong>qui,</strong></span> <span class='ocrx_word' id='word_1_881' title='bbox 2319 5529 2554 5598; x_wconf 87' lang='lat' dir='ltr'><strong>quandiu</strong></span> <span class='ocrx_word' id='word_1_882' title='bbox 2588 5527 2799 5594; x_wconf 88' lang='lat' dir='ltr'><strong>emerit,</strong></span> <span class='ocrx_word' id='word_1_883' title='bbox 2829 5526 3028 5581; x_wconf 86' lang='lat' dir='ltr'><strong>malum</strong></span> <span class='ocrx_word' id='word_1_884' title='bbox 3069 5541 3190 5582; x_wconf 87' lang='lat' dir='ltr'><strong>esse</strong></span> <span class='ocrx_word' id='word_1_885' title='bbox 3237 5525 3368 5580; x_wconf 87' lang='lat' dir='ltr'><strong>dicit</strong></span> <span class='ocrx_word' id='word_1_886' title='bbox 3394 5522 3540 5594; x_wconf 87' lang='lat' dir='ltr'><strong>quod</strong></span> <span class='ocrx_word' id='word_1_887' title='bbox 3575 5535 3764 5576; x_wconf 87' lang='lat' dir='ltr'><strong>secum</strong></span> 
     </span>
    </p>
   </div>
   <div class='ocr_carea' id='block_1_119' title="bbox 2176 5613 3768 5691">
    <p class='ocr_par' dir='ltr' id='par_1_119' title="bbox 2176 5613 3768 5691">
     <span class='ocr_line' id='line_1_119' title="bbox 2176 5613 3768 5691; baseline -0.003 -18"><span class='ocrx_word' id='word_1_888' title='bbox 2176 5619 2385 5691; x_wconf 89' lang='lat' dir='ltr'><strong>agitur;</strong></span> <span class='ocrx_word' id='word_1_889' title='bbox 2413 5634 2535 5674; x_wconf 90' lang='lat' dir='ltr'><strong>cum</strong></span> <span class='ocrx_word' id='word_1_890' title='bbox 2565 5628 2746 5674; x_wconf 88' lang='lat' dir='ltr'><strong>autem</strong></span> <span class='ocrx_word' id='word_1_891' title='bbox 2768 5619 3080 5685; x_wconf 86' lang='lat' dir='ltr'><strong>recesserit,</strong></span> <span class='ocrx_word' id='word_1_892' title='bbox 3111 5617 3378 5672; x_wconf 69' lang='lat' dir='ltr'><strong>laetabitur</strong></span> <span class='ocrx_word' id='word_1_893' title='bbox 3406 5630 3466 5670; x_wconf 88' lang='lat' dir='ltr'><strong>se</strong></span> <span class='ocrx_word' id='word_1_894' title='bbox 3487 5613 3768 5683; x_wconf 82' lang='lat' dir='ltr'><strong>sapienter</strong></span> 
     </span>
    </p>
   </div>
   <div class='ocr_carea' id='block_1_120' title="bbox 2175 5701 3767 5777">
    <p class='ocr_par' dir='ltr' id='par_1_120' title="bbox 2175 5701 3767 5777">
     <span class='ocr_line' id='line_1_120' title="bbox 2175 5701 3767 5777; baseline -0.008 -10"><span class='ocrx_word' id='word_1_895' title='bbox 2175 5712 2391 5767; x_wconf 87' lang='lat' dir='ltr'><strong>emisse.</strong></span> <span class='ocrx_word' id='word_1_896' title='bbox 2425 5710 2516 5766; x_wconf 91' lang='lat' dir='ltr'><strong>Sic</strong></span> <span class='ocrx_word' id='word_1_897' title='bbox 2540 5711 2741 5766; x_wconf 90' lang='lat' dir='ltr'><strong>etenim</strong></span> <span class='ocrx_word' id='word_1_898' title='bbox 2765 5710 2930 5765; x_wconf 91' lang='lat' dir='ltr'><strong>etiam</strong></span> <span class='ocrx_word' id='word_1_899' title='bbox 2961 5708 3196 5766; x_wconf 87' lang='lat' dir='ltr'><strong>caelestis</strong></span> <span class='ocrx_word' id='word_1_900' title='bbox 3224 5705 3376 5777; x_wconf 89' lang='lat' dir='ltr'><strong>regni</strong></span> <span class='ocrx_word' id='word_1_901' title='bbox 3403 5711 3639 5773; x_wconf 80' lang='lat' dir='ltr'><strong>emptor,</strong></span> <span class='ocrx_word' id='word_1_902' title='bbox 3670 5701 3767 5756; x_wconf 89' lang='lat' dir='ltr'><strong>ubi</strong></span> 
     </span>
    </p>
   </div>
   <div class='ocr_carea' id='block_1_121' title="bbox 2173 5789 3764 5871">
    <p class='ocr_par' dir='ltr' id='par_1_121' title="bbox 2173 5789 3764 5871">
     <span class='ocr_line' id='line_1_121' title="bbox 2173 5789 3764 5871; baseline -0.009 -11"><span class='ocrx_word' id='word_1_903' title='bbox 2173 5803 2301 5860; x_wconf 87' lang='lat' dir='ltr'><strong>hinc</strong></span> <span class='ocrx_word' id='word_1_904' title='bbox 2324 5802 2613 5860; x_wconf 87' lang='lat' dir='ltr'><strong>recesserit</strong></span> <span class='ocrx_word' id='word_1_905' title='bbox 2634 5801 2943 5870; x_wconf 65' lang='lat' dir='ltr'><strong>essultabit,</strong></span> <span class='ocrx_word' id='word_1_906' title='bbox 2961 5797 3301 5871; x_wconf 84' lang='lat' dir='ltr'><strong>comperiens</strong></span> <span class='ocrx_word' id='word_1_907' title='bbox 3327 5793 3472 5852; x_wconf 75' lang='lat' dir='ltr'><strong>labia</strong></span> <span class='ocrx_word' id='word_1_908' title='bbox 3495 5789 3764 5858; x_wconf 57' lang='lat' dir='ltr'><strong>scientia;</strong></span> 
     </span>
    </p>
   </div>
   <div class='ocr_carea' id='block_1_122' title="bbox 2445 5889 2484 5915">
    <p class='ocr_par' dir='ltr' id='par_1_122' title="bbox 2445 5889 2484 5915">
     <span class='ocr_line' id='line_1_122' title="bbox 2445 5889 2484 5915; baseline 0 0"><span class='ocrx_word' id='word_1_909' title='bbox 2445 5889 2484 5915; x_wconf 46' lang='grc' dir='ltr'>μ</span> 
     </span>
    </p>
   </div>
  </div>
