4100 6324
393 403 498 456 765

1145 398 1506 457 EXPOSITIO
1542 399 1610 454 IN
1647 397 2039 455 PROVERBIA
2081 395 2486 453 SALOMONIS.
2523 427 2594 438 -——
2627 398 2755 453 LIB.
2796 399 2858 453 II.

3540 401 3645 455 746

385 517 441 573 id
465 523 569 580 est,
597 515 856 569 doctrinae
891 513 1171 584 spiritalis,
1200 531 1304 585 qua
1334 531 1465 571 usus
1486 525 1569 570 est
1605 515 1659 569 in
1687 528 1967 584 compara-
1994 516 2040 576 Α
2070 510 2129 564 In
2151 510 2275 576 hoc,
2293 511 2486 581 inquit,
2511 513 2856 568 manifestum
2877 514 3065 579 claret,
3090 515 3213 584 quia
3237 515 3495 587 quidquid
3518 517 3646 573 boni

387 607 531 662 tione
565 605 887 672 caelestium,
929 621 1083 673 auro,
1123 607 1350 678 gemmis
1383 615 1440 662 et
1476 607 1620 662 vasis
1652 621 1773 662 esse
1818 605 1958 661 assi-

386 699 626 756 milanda
652 699 930 770 pretiosis.

456 788 647 847 Suavis
670 801 743 845 est
771 790 970 844 homini
991 790 1141 860 panis
1174 791 1453 857 mendacii,
1491 799 1537 845 et
1577 789 1962 861 posteaimple-

386 880 528 937 bitur
572 899 628 937 os
675 883 790 953 ejus
840 880 1064 936 calculo.
1107 881 1166 937 In
1194 897 1512 952 quocunque
1555 882 1797 939 membro
1841 881 1962 952 quis

386 973 617 1045 amplius
637 974 960 1045 peccaverit,
983 974 1037 1028 in
1058 989 1124 1030 eo
1143 974 1405 1044 ampliora
1431 974 1485 1028 in
1505 974 1705 1030 ultione
1727 975 1963 1044 patietur

384 1073 674 1122 tormenta.
711 1065 863 1122 Unde
888 1074 1037 1121 recte
1065 1067 1157 1136 qui
1179 1067 1234 1121 in
1253 1066 1435 1136 lingua
1472 1067 1646 1139 magis
1674 1067 1955 1138 delinquit,

384 1153 440 1210 in
461 1169 524 1212 ea
549 1156 670 1227 plus
695 1172 918 1213 arsurus
942 1172 1063 1212 esse
1088 1157 1426 1226 perhibetur,
1457 1157 1584 1213 dum
1607 1173 1668 1214 os
1689 1159 1808 1231 ejus
1841 1159 1956 1215 cal-

286 1252 288 1259 '
381 1245 526 1313 culo,
566 1248 657 1318 qui
686 1257 770 1304 est
793 1247 930 1318 lapis
958 1248 1174 1320 ignitus,
1216 1247 1530 1320 replendum
1556 1264 1676 1306 esse
1703 1250 1958 1317 refertur,

379 1338 523 1406 quod
561 1339 825 1396 accidisse
858 1349 1074 1395 constat
1105 1339 1254 1395 diviti
1279 1340 1354 1394 illi
1375 1341 1464 1411 qui
1493 1340 1805 1411 epulabatur
1828 1358 1960 1412 quo-

381 1429 506 1483 tidie
551 1431 852 1501 splendide,
894 1447 1016 1487 cum
1058 1431 1113 1486 in
1151 1431 1364 1487 inferno
1407 1433 1604 1488 ardens
1648 1433 1960 1504 refrigerari

379 1519 479 1574 sibi
525 1536 557 1575 a
602 1521 810 1578 Lazaro
849 1523 1085 1592 linguam
1127 1522 1360 1593 petebat.
1408 1521 1542 1577 Nam
1572 1523 1749 1593 quiin
1779 1524 1961 1580 verbis

379 1625 594 1683 semper
642 1615 832 1671 vacuis
889 1615 944 1670 in
986 1614 1251 1686 epulando
1306 1614 1624 1683 deﬂuxerat,
1675 1616 1728 1671 in
1779 1616 1961 1688 lingua

379 1703 555 1774 magis
583 1705 828 1761 ardebat.

449 1792 521 1848 Et
549 1797 638 1866 qui
675 1787 1166 1868 revelat‘mysteria,
1211 1807 1260 1852 et
1300 1797 1531 1853 ambulat
1575 1798 1953 1869 fraudulenter,

2062 600 2226 656 habet
2253 602 2482 672 quisque
2513 618 2544 657 a
2570 619 2628 658 se
2667 603 2782 673 ipso
2823 619 2929 660 non
2957 604 3137 670 habet,
3166 607 3259 661 sed
3288 622 3385 677 per
3411 608 3644 678 gratiam

2060 689 2179 758 Dei,
2202 692 2343 761 quod
2375 707 2475 747 nec
2499 707 2595 762 per
2619 693 2702 768 sui
2727 693 3030 748 libertatem
3059 693 3272 750 arbitrii
3299 695 3475 767 qualis
3504 696 3648 753 futu-

2060 797 2153 836 rus
2207 784 2307 851 sit,
2362 785 2596 856 qualiter
2647 793 2705 841 et
2754 785 2987 856 quandiu
3040 786 3281 842 victurus
3342 787 3649 862 intelligere

2059 873 2278 942 poterit.
3063 937 3067 941 .

2141 967 2317 1023 Ruina
2356 978 2430 1023 est
2470 969 2695 1023 hominis
2745 969 2996 1024 devorare
3043 979 3275 1034 sanctos,
3303 979 3352 1024 et
3380 980 3496 1042 post
3527 983 3644 1030 vota

2061 1072 2363 1118 retractare.
2413 1059 2547 1116 Cum
2586 1069 2866 1132 peccatum
2901 1061 2972 1116 sit
2997 1060 3089 1114 ulli
3120 1062 3398 1116 hominum
3426 1077 3642 1131 nocere,

2063 1163 2268 1224 quanto
2298 1153 2470 1224 magis
2501 1161 2603 1219 est,
2638 1167 2760 1208 cum
2802 1152 2924 1222 quis
2961 1163 3179 1209 sanctos
3220 1153 3315 1208 Dei
3359 1155 3648 1212 oﬂ‘enderit

2061 1243 2177 1299 sive
2203 1243 2424 1308 laeserit,
2455 1251 2509 1296 et
2534 1244 2693 1314 quasi
2736 1243 2841 1299 vile
2867 1245 3194 1314 mancipium
3223 1261 3322 1315 pro
3348 1246 3503 1302 libitu
3528 1255 3647 1304 'sua:

2061 1337 2354 1408 voluptatis
2377 1351 2470 1392 eos
2495 1345 2728 1392 tractare
2770 1351 2879 1392 non
2924 1339 3182 1394 timuerit.
3213 1340 3493 1407 Quomodo
3511 1337 3647 1410 qua-

2061 1427 2310 1499 draginta
2337 1428 2440 1482 viri
2468 1428 2522 1482 in
2553 1428 2763 1484 actibus
2790 1427 3170 1498 Apostolorum
3208 1427 3560 1494 devoverant,
3583 1446 3646 1488 se

2060 1534 2169 1575 non
2215 1519 2655 1584 manducaturos,
2697 1534 2872 1590 neque
2921 1520 3184 1577 bibituros
3223 1523 3395 1578 donec
3433 1523 3645 1579 occide-

2060 1618 2183 1664 rent
2216 1609 2461 1674 Paulum,
2493 1619 2548 1665 et
2583 1609 2787 1681 Pagani
2835 1627 2976 1682 saepe
3019 1622 3078 1667 ut
3121 1613 3350 1684 legimus
3392 1614 3495 1669 diis
3531 1615 3645 1671 suis

2061 1697 2493 1755 Christianorum
2532 1699 2795 1755 devorare
2829 1701 3168 1772 sanguinem.
3217 1702 3368 1759 Hunc
3406 1705 3645 1760 versicu-

2061 1789 2172 1846 lum
2194 1793 2416 1863 antiqua
2437 1792 2603 1848 editio
2616 1792 2772 1862 juxta
2795 1792 2958 1847 alium
2976 1809 3192 1848 sensum
3216 1796 3394 1864 posuit
3423 1796 3641 1851 dicens:

377 1893 426 1938 et
456 1885 646 1939 dilatat
675 1885 816 1941 labia
842 1904 962 1955 sua,
990 1905 1052 1942 ne
1081 1888 1483 1943 commisceam.
1523 1887 1581 1944 Si
1613 1890 1733 1959 quis
1764 1889 1950 1944 volue.
1979 1884 2029 1945 B
2056 1873 2359 1953 Muscipula
2401 1893 2475 1938 est
2518 1884 2628 1938 viro
2655 1884 2816 1938 citato
2844 1884 3044 1955 aliquid
3079 1887 3143 1939 de
3174 1886 3283 1940 suis
3313 1903 3638 1942 conservare.

375 1977 448 2032 rit
500 1978 606 2033 tuis
655 1978 875 2034 misceri
924 1980 1175 2036 amicitiis
1225 1989 1281 2036 et
1323 1981 1466 2035 hunc
1508 1980 1708 2036 videris
1754 1981 1951 2051 prioris

373 2068 537 2123 amici
598 2069 922 2138 pandentem
982 2077 1226 2137 secreta,
1285 2070 1432 2126 hunc
1484 2069 1632 2124 velut
1683 2069 1948 2140 perﬁdum

375 2145 529 2216 cave.

448 2251 744 2309 Hereditas
787 2255 856 2308 ad
885 2270 1043 2325 quam
1081 2255 1360 2326 festinatur
1384 2256 1440 2310 in
1461 2255 1740 2326 principio,
1769 2255 1823 2308 in
1852 2271 1950 2310 no-

375 2348 584 2402 vissimo
614 2349 964 2404 benedictione
987 2351 1198 2404 carebit.
1237 2350 1338 2418 Qui
1365 2364 1463 2420 per
1493 2350 1735 2405 avaritiae
1767 2349 1953 2420 nequi-

373 2439 506 2492 tiam
534 2439 588 2492 in
611 2440 712 2494 hac
753 2439 864 2493 vita
891 2439 1234 2510 multiplicari
1281 2448 1560 2511 appetunt,
1588 2441 1640 2493 in
1674 2438 1857 2494 futuro
1881 2439 1951 2494 ab

372 2538 575 2585 aeterno
600 2531 928 2601 patrimonio
955 2531 1265 2587 exhaeredes
1294 2532 1445 2586 ﬁunt.
1474 2531 1645 2586 Aliter
1670 2549 1682 2584 :
1710 2530 1951 2586 Heredi-

373 2630 454 2675 tas
476 2623 544 2675 ad
573 2639 728 2693 quant
754 2623 1032 2693 festinatur
1061 2624 1116 2677 in
1147 2624 1424 2694 principio,
1466 2625 1522 2678 in
1549 2623 1828 2678 novissimo
1865 2622 1950 2676 be-

374 2712 664 2767 nedictione
693 2713 904 2768 carebit.
937 2713 1039 2780 Qui
1073 2715 1298 2784 gradum
1327 2713 1604 2784 regiminis
1632 2713 1947 2783 priusquam

373 2802 604 2884 subesse
631 2804 900 2871 didicerit,
937 2814 1297 2876 praeposterus
1324 2805 1540 2875 accipit,
1571 2805 1626 2858 in
1656 2803 1948 2870 novissimo

373 2894 626 2948 mercede
660 2895 1071 2961 benedictionis,
1098 2911 1217 2967 qua:
1248 2896 1402 2954 bonis
1446 2895 1746 2954 rectoribus
1795 2900 1950 2954 debe-

376 2992 484 3052 tur,
513 2987 735 3042 carebit.
781 2989 880 3056 Qui
913 2991 980 3045 ad
1014 2991 1373 3048 ministerium
1405 2992 1593 3047 altaris
1627 2992 1876 3047 indoctus
1895 3000 1951 3047 et

374 3081 693 3136 temerarius
728 3083 1036 3149 accesserit,
1069 3092 1124 3138 et
1150 3083 1264 3153 ipse
1299 3084 1354 3138 in
1383 3085 1468 3138 die
1506 3085 1796 3139 novissima
1824 3099 1950 3156 gra-

373 3167 504 3223 tiam
551 3172 1020 3238 remunerationis,
1068 3188 1187 3242 quaa
1228 3175 1364 3228 bene
1405 3173 1836 3228 ministrantibus
1865 3188 1951 3228 re-

2054 1970 2247 2028 Postea
2277 1960 2455 2029 autem
2497 1989 2660 2043 quam
2705 1982 2892 2029 votum
2919 1973 3048 2030 fecit
3073 1976 3445 2044 paenitentiam
3482 1978 3593 2048 agit
3623 1995 3636 2031 :

2052 2068 2108 2114 et
2145 2061 2269 2130 quia
2300 2062 2566 2130 utrisque,
2603 2070 2658 2116 et
2683 2062 2763 2117 eis
2809 2062 3056 2118 videlicet
3095 2065 3185 2133 qui
3229 2080 3324 2119 sua
3353 2073 3477 2120 vota
3512 2082 3641 2121 con-

2052 2159 2335 2218 temnunt,
2361 2161 2416 2206 et
2447 2152 2527 2207 eis
2566 2153 2661 2221 qui
2686 2161 2747 2208 ut
2784 2169 2879 2208 sua
2920 2163 3044 2209 vota
3075 2156 3382 2226 compleant
3422 2165 3642 2213 sanctos

2051 2248 2469 2312 persequuntur,
2517 2242 2792 2297 damnatio
2833 2250 3007 2298 restat
3046 2252 3264 2310 aeterna,
3313 2253 3461 2300 recte
3513 2247 3641 2300 sub-

2055 2331 2201 2387 ditur
2224 2350 2240 2388 :

2127 2422 2358 2494 Dissipat
2384 2424 2570 2494 impios
2601 2440 2692 2479 rea:
2717 2424 2920 2495 sapiens
2945 2433 2994 2478 et
3025 2435 3206 2479 curvat
3233 2442 3390 2495 super
3413 2441 3498 2481 eos
3531 2426 3641 2496 for-

2051 2515 2236 2568 nicem.
2267 2514 2430 2569 Moris
2456 2524 2638 2570 autem
2674 2514 2842 2570 fuisse
2891 2517 3238 2585 antiquorum
3267 2525 3327 2569 ut
3351 2517 3544 2587 adepta
3574 2518 3641 2571 de

2052 2608 2208 2662 hoste
2232 2608 2457 2663 victoria
2487 2607 2723 2664 fornices
2763 2608 2861 2662 sibi
2894 2609 3188 2678 erigerent,
3225 2609 3278 2664 in
3307 2609 3502 2680 quibus
3527 2609 3638 2664 vir-

2054 2705 2228 2753 tutum
2259 2715 2479 2754 suarum
2517 2699 2703 2754 laudes
2733 2699 3118 2766 describerent,
3164 2701 3216 2754 in
3255 2699 3431 2754 Saulis
3475 2713 3638 2769 opere

2051 2787 2296 2858 legimus.
2352 2789 2612 2842 Dominus
2647 2803 2776 2863 ergo
2809 2793 2921 2855 Rex
2946 2793 3142 2845 noster
3179 2806 3284 2846 non
3315 2789 3487 2845 solum
3530 2789 3634 2843 im-

2051 2882 2260 2954 piorum
2299 2876 2528 2938 destruit
2574 2883 2627 2936 in
2681 2882 2786 2936 line
2819 2880 3113 2942 malitiam,
3164 2879 3257 2935 sed
3302 2888 3355 2933 et
3386 2893 3637 2949 magnam

2051 2990 2174 3029 cum
2205 2976 2392 3030 electis
2423 2959 2536 3029 suis
2561 2973 2802 3042 ejusdem
2829 2971 3088 3041 triumphi
3120 2971 3346 3041 gloriam
3373 2979 3632 3039 perpetuo

2052 3068 2308 3123 celebrat.
2342 3067 2495 3121 Hunc
2524 3080 2737 3120 versum
2764 3063 2987 3132 antiqua
3015 3061 3298 3116 translatio
3325 3061 3405 3116 sic
3431 3061 3595 3116 habet
3618 3077 3632 3112 :

2061 3155 2353 3211 Ventilator
2371 3157 2651 3226 impiorum
2677 3170 2768 3208 rea:
2795 3153 3022 3222 sapiens,
3068 3163 3114 3204 et
3144 3150 3382 3202 immittet
3419 3148 3524 3202 illis
3553 3164 3639 3202 ro-

373 3262 724 3330 promittitur,
762 3266 972 3335 perdet.
1008 3235 1202 3321 VPo-test
1241 3274 1298 3320 et
1341 3266 1414 3319 ita
1461 3265 1652 3335 accipi,
1693 3265 1819 3335 quia
1857 3265 1948 3334 qui
1977 3235 2022 3298 C
2053 3257 2160 3303 ἀτη
2193 3249 2474 3314 malorum»
2514 3247 2567 3301 id
2620 3253 2724 3312 es"
2771 3257 2988 3316 Imma“)
3039 3241 3184 3296 ηυΠο
3235 3241 3341 3295 ﬁne
3385 3255 3642 3335 consul!"

372 3351 428 3405 in
475 3355 728 3422 praesenti
781 3370 907 3410 suas
959 3355 1143 3410 ulcisci
1186 3355 1300 3409 vult
1345 3353 1591 3423 injurias,
1637 3354 1726 3408 hic
1749 3370 1948 3410 corona

369 3442 646 3511 patientiae
688 3444 743 3498 in
785 3444 966 3499 futuro
1010 3445 1237 3500 carebit.
1273 3443 1371 3498 Cui
1405 3445 1586 3499 sensui
1612 3445 1951 3515 potissimum

371 3517 589 3588 videtur
609 3535 899 3589 convenire
927 3534 1070 3604 quod
1102 3537 1382 3604 sequitur:

449 3623 532 3679 Ne
544 3627 690 3680 dicas
705 3643 722 3680 :
741 3626 978 3681 Reddam
994 3628 1215 3693 malum,
1227 3638 1466 3698 exspecta
1479 3629 1762 3684 Dominum
1775 3639 1821 3684 et
1833 3629 1954 3683 libe-

374 3715 511 3769 rabit
537 3727 604 3770 te.
647 3717 802 3784 Quod
826 3718 991 3773 etiam
1023 3718 1294 3774 versiculo
1319 3722 1566 3789 sequenti
1597 3722 1793 3776 astruit
1828 3737 1950 3777 cum

376 3805 509 3862 dicit
533 3825 546 3860 :

446 3898 779 3954 Abominatio
791 3911 874 3960 ,est
889 3901 1029 3971 apud
1051 3900 1329 3955 Dominum
1340 3901 1545 3972 pondus
1559 3910 1608 3955 et
1627 3901 1832 3971 pondus
1853 3911 1954 3955 sta-

373 4001 488 4046 tera
506 3992 710 4060 dolosa,
737 4011 842 4050 non
859 4004 934 4050 est
953 3996 1162 4050 bonum.
1185 3996 1389 4066 Duplex
1415 4011 1648 4068 namque
1670 3998 1880 4067 pondus
1900 4007 1955 4052 et

381 4089 640 4137 stateram
688 4084 851 4140 habet
876 4101 973 4140 suo
1002 4086 1056 4141 in
1086 4087 1249 4142 corde
1272 4087 1532 4153 dolosam,
1559 4087 1652 4157 qui
1679 4088 1804 4142 dum
1829 4103 1954 4158 pec—

378 4173 582 4228 caverit
621 4174 736 4245 ipse
775 4178 990 4231 veniam
1014 4177 1208 4245 petita
1229 4177 1477 4245 Domino,
1512 4186 1568 4232 et
1606 4179 1954 4235 nihilominus

377 4264 621 4334 peccanti
661 4265 717 4320 in
756 4281 814 4321 se
859 4267 1063 4320 homini
1113 4282 1179 4322 ac
1214 4268 1515 4338 pmnitenti,
1547 4269 1690 4338 quod
1712 4268 1956 4337 peccavit

381 4355 650 4410 dimittere
680 4372 787 4412 non
823 4357 976 4424 vult;
1032 4373 1153 4413 eum
1201 4360 1293 4429 qui
1338 4361 1478 4416 Deus
1513 4368 1597 4416 est
1629 4359 1847 4416 ﬂectere
1886 4361 1954 4416 ad

379 4448 744 4506 miserandum
784 4451 1040 4520 precibus
1067 4453 1307 4524 satagit,
1351 4469 1473 4508 cum
1515 4454 1629 4524 ipse
1657 4455 1820 4509 homo
1846 4455 1955 4508 exi-

2051 3339 2322 3394 mandam.
2365 3337 2461 3393 Cui
2494 3337 2742 3392 videlicet
2771 3343 2904 3390 rotae
2931 3342 3122 3389 contra
3146 3341 3231 3388 est
3271 3347 3471 3388 corona
3515 3331 3641 3386 vitae

2051 3438 2284 3493 aeternae,
2311 3444 2474 3500 quam
2502 3429 2649 3482 misit
2673 3428 2816 3481 Deus
2841 3425 3189 3496 diligentibus
3215 3440 3291 3480 se.

2122 3520 2360 3576 Lucerna
2385 3517 2602 3574 Domini
2635 3517 2955 3587 spiraculum
2998 3517 3244 3582 hominis,
3283 3533 3399 3587 qua:
3425 3516 3635 3570 investi-

2051 3622 2139 3683 gat
2166 3612 2339 3666 omnia
2376 3619 2574 3666 secreta
2597 3610 2808 3664 ventris.
2842 3609 3017 3663 Divini
3047 3608 3259 3663 aﬂlatus
3289 3599 3634 3673 illuminatio,

2052 3719 2175 3759 cum
2192 3704 2247 3758 in
2263 3711 2444 3759 mente
2462 3703 2698 3758 hominis
2708 3702 2934 3765 venerit,
2951 3715 3072 3754 eam
3093 3700 3410 3769 sibimetipsi
3435 3698 3635 3752 illumi-

2052 3810 2189 3850 nans
2217 3794 2477 3860 ostendit,
2515 3810 2635 3864 quae
2662 3802 2790 3849 ante
2844 3791 3078 3862 Spiritus
3125 3792 3296 3847 sancti
3341 3793 3630 3847 adventum

2053 3887 2407 3956 cogitationes
2431 3901 2626 3956 pravas
2654 3895 2707 3941 et
2732 3893 2949 3957 portare
2977 3893 3192 3954 poterat
3209 3893 3262 3939 et
3289 3889 3518 3953 pensare
3539 3897 3636 3937 ne-

2054 3975 2280 4031 sciebat.

2122 4065 2421 4120 Exsultatio
2461 4065 2716 4136 juvenum
2763 4063 3015 4133 fortitudo
3053 4081 3252 4129 eorum,
3307 4074 3356 4118 et
3408 4064 3637 4134 dignitas

2052 4172 2241 4211 senum-
2259 4156 2496 4210 canities.
2529 4154 2794 4209 Canitiem
2819 4153 3140 4223 sapientiam
3173 4154 3322 4208 dicit.
3358 4151 3508 4207 Tunc
3556 4162 3638 4208 et-

2052 4251 2197 4306 enim
2235 4249 2470 4305 civitatis
2493 4245 2752 4318 cujusque
2771 4249 2910 4302 bene
2930 4247 3212 4312 ordinataa,
3239 4255 3365 4300 tunc
3395 4260 3484 4300 res
3513 4261 3639 4300 san-

2051 4349 2153 4396 cta:
2188 4338 2442 4395 Ecclesiae
2473 4346 2621 4395 recte
2645 4345 2902 4410 aguntur,
2931 4351 3052 4391 cum
3076 4344 3132 4392 et
3157 4335 3409 4392 fortiores
3437 4337 3638 4406 quique

2053 4432 2258 4496 viribus
2309 4429 2632 4487 necessariis
2682 4430 2939 4484 initum
2984 4429 3257 4499 Operibus,
3306 4437 3362 4483 et
3397 4429 3641 4484 seniores

376 4548 524 4594 stens
561 4541 724 4596 nullis
761 4543 1036 4597 hominum
1081 4544 1330 4614 precibus
1365 4542 1510 4600 ﬂecti
1540 4523 1618 4598 ad
1642 4545 1951 4600 misericor-
1984 4576 2039 4638 Β
2061 4523 2593 4638 ΠῘῗῙῗτίξρτυίιθηίίιδ
2641 4524 2848 4638 Ιξνωδίιί
2879 4523 2946 4578 de
2985 4523 3054 4578 iis
3099 4539 3219 4593 qum
3256 4523 3464 4594 agenda
3514 4531 3640 4577 sum

377 4635 521 4688 diam
545 4636 734 4705 possit.
764 4636 866 4704 Qui
888 4637 1012 4707 jure
1032 4637 1186 4708 quasi
1223 4637 1441 4707 iniquus
1465 4637 1794 4707 ponderator
1820 4637 1953 4692 abo-

380 4725 618 4780 minatur
637 4743 666 4780 a
691 4728 916 4784 Domino
937 4730 1061 4799 quia
1083 4743 1209 4783 suas
1231 4726 1452 4796 injurias
1475 4728 1771 4798 graviores,
1795 4743 1958 4797 quam

382 4817 592 4871 Domini
625 4829 986 4874 mensuratur.
1018 4819 1177 4874 Verbi
1216 4819 1408 4890 gratia,
1464 4818 1652 4872 nolens
1680 4817 1957 4887 indulgere

381 4905 433 4959 ei
482 4908 572 4976 qui
616 4923 768 4962 suam
822 4926 1043 4964 uxorem
1093 4909 1301 4978 polluit,
1340 4917 1395 4963 et
1435 4907 1716 4978 postulans
1742 4909 1844 4963 sibi
1871 4910 1954 4962 in-

382 4996 592 5068 dulgeri
636 5013 758 5053 cum
812 4999 951 5055 forte
1008 5001 1388 5069 desponsatam
1436 4998 1652 5056 Christo
1690 5000 1955 5069 virginem

383 5085 755 5153 maculaverit,
793 5088 877 5142 vel
915 5096 1062 5143 certe
1084 5089 1319 5143 animam
1346 5103 1500 5143 suam
1533 5089 1644 5143 Deo
1687 5088 1741 5142 in
1776 5087 1957 5156 bapti-

382 5184 563 5232 smate
606 5187 976 5234 consecratam
1027 5179 1205 5252 aliqua
1259 5181 1516 5237 vitiorum
1569 5181 1732 5236 sorde
1779 5179 1956 5236 [teda-

385 5269 543 5324 verit.
1239 5274 1242 5277 ’

452 5366 493 5418 Α
542 5365 764 5423 Domino
799 5370 1099 5448 diriguntur
1134 5387 1340 5443 gressus
1369 5373 1486 5427 viri.
1513 5371 1835 5442 Quicunque
1859 5371 1958 5426 ho-

381 5452 592 5509 minum
629 5472 847 5529 gressus
890 5467 1098 5516 rectum
1137 5460 1241 5515 iter
1278 5460 1556 5527 incedunt,
1603 5477 1708 5516 non
1753 5461 1812 5516 ﬂt
1854 5461 1958 5516 hoc

380 5539 632 5603 libertate
660 5549 878 5606 humani
907 5552 1136 5617 arbitrii,
1165 5553 1258 5610 sed
1287 5554 1676 5624 gubernatione
1706 5551 1856 5608 illius’
1871 5553 1955 5608 cui

383 5634 516 5692 dicit
538 5636 703 5695 Isaias
729 5659 740 5694 :
769 5640 960 5696 Omnia
993 5645 1131 5698 enim
1152 5661 1312 5716 opera
1358 5655 1559 5713 nostra,
1602 5654 1844 5716 operatus
1883 5652 1958 5700 est

386 5728 531 5783 nobis
555 5729 688 5802 (Isa.
719 5732 887 5805 xxvi).

462 5820 591 5886 Quis
621 5833 795 5880 autem
827 5825 1095 5879 hominum
1125 5827 1411 5898 intelligere
1435 5838 1597 5899 potest
1624 5831 1761 5884 viam
1783 5843 1952 5882 suam.

749 5916 1024 5980 PATROL.
1065 5918 1230 5980 CXI.

2063 4616 2355 4672 salubriter
2382 4617 2690 4672 consulunt.

2135 4728 2292 4781 Livor
2309 4726 2535 4781 vulneris
2561 4732 2816 4797 absterget
2843 4729 3005 4793 mala,
3038 4737 3085 4782 et
3116 4727 3284 4797 plaga:
3310 4727 3366 4779 in
3394 4727 3638 4779 secretio-

2064 4818 2206 4870 ribus
2231 4817 2441 4871 ventris.
2469 4815 2604 4870 Cum
2629 4817 2773 4870 enim
2801 4818 3037 4872 exterius
3062 4817 3395 4886 percutimur
3419 4817 3486 4869 ad
3510 4831 3636 4884 pec-

2064 4916 2305 4962 catorum
2335 4914 2643 4960 nostrorum
2675 4907 2986 4963 memoriam
3044 4905 3189 4960 taciti
3235 4904 3521 4974 aﬂlictiquc
3550 4920 3637 4958 re-

2063 4985 2342 5066 vocamur,
2391 5009 2445 5054 et
2471 5015 2571 5069 per
2599 5001 2702 5055 hoc
2735 5002 2878 5070 quod
2917 4999 3048 5056 foris
3084 5001 3318 5070 patimur
3345 5000 3516 5070 magis
3559 5001 3639 5053 in-

2061 5103 2148 5147 tus
2175 5091 2318 5162 quod
2345 5090 2570 5147 fecimus
2601 5093 2864 5158 dolemus,
2895 5093 3079 5162 sicque
3129 5092 3210 5156 ﬁt,
3262 5099 3321 5145 ut
3350 5092 3492 5147 inter
3515 5090 3634 5145 vul-

2059 5199 2190 5240 nera
2225 5194 2412 5253 aperta
2441 5185 2684 5254 corporis
2717 5186 2887 5255 magis
2913 5200 3012 5239 nos
3038 5184 3221 5238 abluat
3241 5183 3396 5254 plaga
3426 5189 3634 5238 secreta

1966 5331 1990 5355 ο
2059 5277 2284 5342 ventris,
2312 5277 2437 5345 quia
2465 5285 2621 5331 sanat
2651 5277 2920 5347 nequitias
2965 5276 3116 5346 pravi
3148 5275 3327 5346 operis
3364 5275 3634 5331 occultum

2059 5369 2252 5425 vulnus
2300 5369 2514 5425 doloris.
2583 5369 2730 5425 Solet
2774 5371 2969 5440 quippe
3020 5371 3225 5426 ventris
3280 5371 3637 5440 appellatione

2060 5477 2213 5518 mens
2253 5462 2443 5531 accipi,
2491 5463 2616 5532 quia
2647 5463 2785 5518 sicut
2833 5473 3018 5518 venter
3047 5464 3316 5519 consumit
3353 5478 3522 5527 escas,
3564 5464 3636 5517 ita

2060 5567 2212 5606 mens
2240 5553 2618 5622 pertractando
2663 5555 2914 5624 excoquit
2941 5570 3130 5620 curas,
3181 5555 3320 5610 sicut
3346 5553 3638 5609 divisiones

2061 5655 2344 5710 aquarum,
2391 5641 2464 5694 ita
2495 5656 2588 5696 cor
2617 5642 2759 5712 regis
2802 5643 2856 5697 in
2883 5659 3041 5698 manu
3067 5643 3182 5698 Dei.
3225 5642 3406 5710 Quare
3427 5657 3522 5698 cor
3549 5656 3634 5694 re-

2062 5733 2164 5804 gis,
2201 5740 2256 5787 et
2284 5747 2389 5786 non
2437 5733 2614 5802 potius
2641 5735 2878 5790 omnium
2923 5737 3200 5791 hominum
3240 5735 3296 5789 in
3337 5748 3498 5788 manu
3544 5731 3635 5785 Dei

2065 5838 2182 5880 esse
2207 5821 2484 5893 perhibet,
2519 5840 2639 5880 cum
2668 5828 2924 5900 scriptum
2951 5828 3041 5895 sit,
3080 5827 3219 5894 Quia
3246 5826 3300 5880 in
3345 5837 3505 5878 manu
3525 5819 3639 5889 ejus

3127 5920 3203 5981 2's
