4100 6324
457 338 559 412 'm

1132 343 1194 401 Β.
1233 341 1488 401 ΒΑΒΔΒΠ
1522 334 1743 398 MAURI
1777 335 2033 396 ARCHIE

2137 334 2447 394 HOGUNT.
2485 330 2771 393 OPEBUM
2803 328 2984 395 PARS
3018 333 3104 392 ιη.

3608 332 3713 390 ’148

446 479 570 530 sunt
591 484 767 526 omnes
795 465 927 538 ﬁnes
944 473 1097 520 teme
1125 462 1299 536 (Psal.
1329 462 1500 534 xciv),
1530 461 1634 517 nisi
1660 460 1799 518 forte
1821 464 2027 529 regem,
2054 456 2110 518 Α
2214 452 2308 515 Vir
2330 454 2424 525 qui
2447 454 2698 509 errauerit
2719 470 2754 509 α
2780 452 2864 507 ria
2885 450 3160 518 doctrinm,
3186 448 3245 504 in
3268 455 3402 505 statu
3424 447 3717 525 gigantis»:

448 572 694 623 sanctum
740 573 1008 632 quemque
1031 556 1292 629 appellat,
1323 557 1416 627 qui
1440 556 1695 611 vitiorum
1716 552 1858 608 bella
1886 551 1943 605 in
1971 560 2031 604 se

449 660 566 731 ipse
597 655 816 712 vincere
839 661 898 710 et
928 655 1188 708 virtutum
1213 650 1404 706 militia
1449 651 1600 706 novit
1635 649 1845 719 stipari.
1877 646 2032 703 Sicut

448 749 595 803 enim
631 745 891 803 Dominus
919 742 1200 798 multiﬁdis
1241 756 1503 812 aquarum
1538 739 1892 795 divisionibus
1914 746 2030 792 ter-

448 852 633 893 rarum
667 836 803 891 ﬁnes
828 835 937 890 late
967 833 1127 893 simul
1155 839 1211 886 et
1238 832 1382 887 aeris
1409 831 1617 901 implet,
1658 830 1790 901 tegit
1811 841 2028 899 quoque

447 927 606 996 aquis
628 926 909 997 superiora
932 923 1232 980 «elerum:
1272 923 1345 977 ita
1377 937 1472 977 cor
1498 921 1661 992 [tegis
1709 935 2031 991 quocunque

446 1015 678 1071 voluerit
724 1014 966 1069 inclinat.
1029 1012 1167 1080 Quia
1211 1013 1353 1069 sicut
1393 1011 1689 1067 divisiones
1728 1010 2029 1081 gratiarum

439 1107 596 1180 juxta
623 1104 958 1160 voluntatem
993 1118 1150 1159 suam
1174 1111 1234 1158 et
1258 1102 1464 1173 angelis
1507 1109 1563 1156 et
1595 1101 1905 1165 hominibus
1933 1099 2030 1161 tri.

441 1199 586 1265 huit,
622 1197 699 1254 ita
723 1198 890 1253 etiam
928 1197 1094 1252 corda
1149 1202 1462 1251 saneton
1494 1193 1904 1265 quibuscunque
1936 1206 2031 1247 vo-

442 1285 625 1353 luerit,
652 1287 813 1359 digna
842 1285 1221 1343 donationibus
1243 1286 1441 1351 reddit,
1467 1299 1647 1355 neque
1665 1284 1833 1338 ullum
1863 1283 2029 1339 habet

441 1377 805 1451 Pelagianista
830 1378 1030 1446 locum,
1083 1391 1192 1449 quo
1216 1378 1425 1449 absque
1452 1376 1549 1431 Dei
1575 1375 1747 1447 gratia
1775 1374 1900 1446 quis
1920 1372 2031 1430 sal-

442 1485 545 1527 vus
566 1469 688 1527 ﬁeri
710 1470 905 1541 possit.

942 1580 947 1587 ’
1026 1576 1254 1636 CAPUT
1290 1575 1432 1634 XXI.

513 1710 768 1769 Pmersa
813 1713 898 1768 ria
946 1711 1046 1766 viri
1092 1709 1267 1765 aliena
1293 1717 1412 1765 est:
1451 1709 1541 1780 qui
1585 1717 1761 1765 autem
1800 1705 2026 1765 mundus

441 1811 539 1871 est,
584 1812 782 1858 rectum
836 1818 967 1875 Opus
992 1801 1129 1871 ejus.
1177 1797 1330 1855 Juste
1376 1815 1556 1857 coram
1588 1798 1816 1854 Domino
1846 1797 2027 1852 vivere
2055 1812 2104 1879 Β

441 1896 723 1967 proprium
750 1900 836 1949 est
865 1893 1117 1948 humanae
1136 1890 1483 1958 conditionis,
1512 1891 1656 1945 unde
1704 1888 1830 1944 alibi
1862 1888 2028 1944 dicit:

445 1986 614 2042 Deum
635 1987 757 2040 time
775 1994 824 2040 et
846 1982 1099 2039 mandata
1118 1984 1234 2054 ejus
1275 1982 1508 2050 observa,
1540 1984 1637 2038 hoc
1657 1992 1733 2039 est
1754 1982 1891 2036 enim
1918 1997 2033 2039 om-

444 2078 525 2133 nis
549 2077 702 2131 homo
732 2075 923 2148 (Eccli.
949 2073 1073 2148 xn).
1108 2075 1182 2129 At
1222 2075 1313 2145 qui
1340 2089 1594 2146 perverse
1636 2075 1772 2130 vivit
1801 2073 2033 2131 alienam

442 2166 686 2240 proiecto
726 2182 761 2222 a
794 2169 1033 2223 humana
1061 2175 1256 2222 natura
1302 2168 1445 2225 viam
1501 2167 1721 2222 incedit.
1768 2164 2034 2223 Perversa

442 2273 573 2332 ergo
600 2259 743 2314 actio
772 2258 951 2313 aliena
994 2266 1078 2312 est
1102 2265 1157 2312 et
1183 2266 1371 2313 contra
1402 2266 1672 2314 naturam.
1719 2257 1823 2326 Qui
1852 2266 2034 2317 autem

442 2350 677 2406 mundus
700 2349 855 2404 estin
873 2362 1057 2420 opere,
1089 2349 1177 2404 hic
1198 2358 1348 2407 recte
1367 2351 1511 2421 quod
1534 2365 1632 2422 per
1658 2358 1909 2405 naturam
1929 2349 2036 2405 ori-

442 2445 696 2518 ginaliter
720 2446 973 2515 sumpsit,
999 2445 1333 2517 exsequitur.

512 2536 705 2592 Melius
731 2546 808 2592 est
833 2537 1009 2591 sedere
1030 2537 1085 2590 in
1115 2536 1308 2607 angulo
1340 2535 1566 2591 domatis
1588 2552 1747 2607 quam
1775 2552 1895 2591 cum
1918 2552 2034 2591 mue

440 2628 568 2683 liere
589 2628 818 2701 litigiosa
842 2629 897 2683 in
924 2629 1078 2683 domo
1100 2629 1383 2683 communi.
1419 2629 1569 2683 Adeo
1596 2644 1782 2684 verum
1808 2638 1892 2685 est
1916 2644 2033 2684 me-

441 2718 549 2775 lius
569 2732 690 2774 esse
726 2727 787 2774 ut
814 2719 1004 2775 sedeas
1038 2720 1094 2773 in
1121 2719 1317 2791 angulo
1345 2718 1600 2787 domatis,
1646 2719 1702 2774 id
1730 2728 1816 2775 est
1847 2721 1904 2776 in
1942 2735 2032 2776 se-

441 2818 591 2868 creta
617 2801 900 2865 altitudine
946 2812 1072 2865 vitat
1095 2810 1509 2866 continentioris
1538 2827 1701 2882 quam
1735 2828 1862 2867 cum
1908 2828 2030 2867 mu-

442 2904 575 2959 liere
599 2903 740 2957 mala
768 2904 822 2958 in
857 2903 1036 2971 domo,
1068 2919 1187 2977 quae
1212 2904 1309 2959 tibi
1341 2906 1413 2959 sit
1438 2920 1561 2960 cum
1597 2904 1686 2959 illa
1705 2906 2031 2974 communis,

444 3002 504 3047 ut
524 2993 740 3050 etiamsi
765 2995 967 3064 optima
997 2995 1093 3049 tibi
1124 2994 1316 3051 mulier
1338 2995 1583 3051 ducenda
1610 2994 1890 3065 oﬂ‘eratur,
1916 3012 2033 3054 me-

443 3083 547 3139 lius
576 3085 647 3139 sit
672 3092 983 3155 contempto
1012 3085 1284 3142 connubio
1309 3094 1530 3158 propter
1559 3089 1879 3149 comitatum
1905 3088 2032 3161 agni

443 3175 695 3231 etelibem
716 3176 915 3231 ducere
941 3176 1129 3232 vitam.

2131 546 2557 603 cornmerabitur.
2589 543 2848 613 Gigantes
2868 542 3003 597 dicit
3038 540 3344 596 immundos
3381 539 3624 610 spiritus,
3652 538 3720 595 de

2133 638 2329 707 quibus
2377 646 2434 693 et
2458 636 2523 690 Β.
2558 634 2703 690 Job:
2748 634 2885 688 Ecce
2934 634 3201 704 gigantes,
3246 633 3454 703 inquit,
3504 639 3717 702 gemunt

2130 734 2225 789 sub
2267 733 2417 804 aquis
2444 772 2459 798 ,
2508 741 2559 786 et
2602 730 2691 802 qui
2738 728 2977 785 habitant
3029 742 3148 789 cum
3193 727 3267 783 eis
3328 724 3475 797 (Job.
3539 722 3716 795 xm),

2131 829 2187 884 id
2226 836 2314 883 est
2339 867 2357 893 ,
2411 824 2631 898 superbi
2675 830 2733 880 et
2770 822 2911 883 male
2956 820 3124 877 tortas
3164 820 3389 890 spiritus
3429 817 3722 877 damonioo

2132 934 2273 983 rum,
2321 933 2445 975 cum
2492 916 2576 972 his
2608 930 2744 985 quos
2796 915 3127 983 decurrerunt
3184 910 3493 969 hominibus
3539 908 3721 979 plenis

2130 1011 2340 1071 subacti
2374 1018 2714 1081 torquentur,
2752 1009 2947 1065 horum
2982 1007 3130 1063 enim
3154 1006 3326 1064 cmtni
3364 1005 3723 1061 sociabuntur

2130 1100 2331 1172 quique
2357 1114 2390 1154 a
2418 1097 2507 1155 via
2530 1098 2781 1155 veritatis
2819 1104 3158 1163 erraverunt,
3206 1097 3323 1167 ipso
3354 1093 3538 1164 indies
3582 1102 3726 1151 atte-

2130 1200 2330 1258 stante,
2364 1191 2459 1262 qui
2490 1206 2551 1248 se
2577 1190 2686 1247 illis
2714 1190 2985 1247 dicturum
3032 1203 3156 1247 esse
3183 1187 3438 1258 pmdixit
3483 1201 3500 1249 ε
3546 1185 3726 1243 Disce-

2129 1284 2238 1341 dite
2277 1301 2308 1339 a
2332 1299 2436 1350 me,
2469 1281 2752 1348 maledicti,
2778 1282 2836 1335 in
2872 1280 3049 1351 ignem
3076 1288 3363 1346 internum,
3391 1278 3483 1349 qui
3519 1293 3725 1348 prepa-

2130 1383 2280 1429 ratus
2307 1382 2382 1431 est
2419 1371 2629 1427 diabolo
2659 1380 2710 1429 et
2748 1368 2948 1440 angelis
2981 1368 3098 1439 ejus
3132 1368 3355 1439 (Matth.
3390 1366 3543 1441 xxv).

2199 1463 2310 1520 Pro
2332 1467 2482 1536 justo
2508 1465 2673 1520 datur
2696 1463 2910 1533 impius,
2937 1468 2987 1517 et
3019 1478 3115 1533 pro
3144 1460 3296 1516 rectis
3579 1455 3726 1514 Justi

2128 1568 2184 1617 et
2210 1558 2343 1618 recti
2369 1573 2490 1617 esse
2511 1558 2656 1619 idem
2678 1555 2951 1621 videntur,
2975 1554 3071 1611 sed
3094 1552 3263 1610 distat
3288 1552 3434 1608 inter
3448 1548 3644 1620 impios
3664 1555 3727 1604 et

2129 1651 2344 1723 iniquos
2359 1692 2375 1717 ,
2406 1649 2549 1723 quod
2574 1648 2745 1719 iniqui
2768 1648 2878 1703 sint
2897 1661 3087 1702 omnes
3111 1647 3329 1718 reprobi
3346 1684 3365 1713 η
3387 1643 3541 1713 impii
3569 1657 3721 1709 rem,

2130 1743 2226 1814 qui
2278 1742 2575 1813 majoribus
2611 1740 2873 1811 implicati
2918 1737 3211 1799 sceleribus
3236 1776 3254 1803 ,
3302 1736 3389 1793 vel
3441 1742 3721 1805 nunquam

2135 1850 2306 1891 sacrae
2332 1834 2589 1906 mysteria
2624 1831 2749 1887 ﬁdei
2778 1838 3120 1901 receperunt,
3150 1828 3238 1885 vel
3263 1838 3385 1900 post
3403 1835 3627 1898 accepta
3649 1826 3721 1881 ad

2134 1925 2797 1998 apostasiamrediemnt.
2846 1922 3209 1992 Unde‘posest
3250 1921 3355 1977 hoc
3383 1921 3441 1976 in
3476 1921 3593 1976 loco
3624 1920 3726 1973 im-

2135 2019 2255 2090 pius
2282 2017 2727 2073 omnistldelium
2766 2024 3086 2087 persecutor
3120 2015 3297 2070 diuus
3552 2014 3722 2069 Porro

2135 2113 2442 2182 iniquorum
2488 2111 2750 2166 vocabulo
2794 2109 3116 2181 generaliter
3154 2122 3345 2163 omnes
3400 2104 3539 2162 mali'
3574 2106 3721 2161 desi-

2135 2205 2308 2277 gnari.
2346 2187 2414 2264 Et
2458 2218 2558 2275 pro
2579 2202 2728 2272 justo
2753 2202 2915 2258 datur
2936 2201 3155 2272 impius,
3195 2214 3317 2256 cum
3346 2213 3448 2268 pro
3474 2205 3722 2268 martyre

2137 2308 2472 2370 perseeutor,
2502 2297 2597 2369 qui
2623 2311 2749 2353 eum
2778 2296 2942 2351 morti
2968 2295 3118 2350 dedit
3148 2293 3393 2365 punitur.
3423 2291 3531 2348 Pro
3557 2290 3723 2347 rectis

2138 2392 2307 2460 iniqui
2326 2391 2421 2461 qui
2445 2402 2630 2444 eorum
2656 2388 2918 2457 iustitiam
2944 2386 3191 2442 videntes
3211 2383 3417 2439 imitari
3441 2381 3717 2437 nolebant.

2135 2482 2378 2538 Herodes
2424 2484 2713 2537 damnatur
2757 2496 2866 2535 non
2910 2488 3123 2534 tantum
3171 2492 3274 2548 pro
3316 2476 3719 2537 innocentibus,

2135 2591 2272 2648 quos
2298 2574 2464 2645 impie
2488 2574 2609 2630 neci
2641 2573 2882 2638 tradidit,
2910 2571 3006 2627 sed
3026 2581 3088 2626 et
3108 2576 3462 2641 augmentum
3492 2568 3720 2623 damna-

2137 2667 2297 2722 tionis
2327 2666 2542 2736 accipit,
2582 2664 2709 2734 quia
2748 2663 2910 2718 ﬁdem
2951 2674 3235 2733 magonum
3265 2660 3420 2729 sequi
3463 2660 3533 2714 ad
3573 2673 3724 2741 qum-

2135 2746 2360 2815 rendum
2386 2759 2672 2814 Dominum
2700 2757 2903 2821 noluit,
2929 2771 3056 2812 cum
3088 2765 3237 2811 esset
3268 2752 3490 2810 Judmns
3512 2761 3569 2809 et
3592 2764 3724 2824 pro-

2134 2852 2421 2922 phetarum
2464 2847 2604 2907 dicta
2645 2858 3018 2921 cognosceret.
3068 2849 3205 2904 Hinc
3230 2848 3432 2904 etenim
3467 2847 3727 2903 Dominus

2138 2943 2215 2999 ait
2236 2960 2255 2998 :
2284 2941 2482 3013 Regina
2515 2943 2697 2997 Austri
2733 2950 2907 3011 surget
2933 2941 2989 2995 in
3009 2941 3219 3011 judicio
3244 2956 3366 2997 cum
3393 2941 3727 3011 generatim

2134 3034 2238 3090 ista
2256 3072 2276 3101 .
2316 3042 2368 3089 et
2392 3034 2757 3090 condemnabit
2784 3050 2933 3099 eam,
2962 3042 3069 3089 etc.
3099 3032 3254 3102 (Luc.
3290 3033 3394 3103 xi.)
3442 3031 3558 3087 Non
3588 3033 3727 3104 quia

2136 3128 2254 3198 ipsa
2272 3142 2376 3183 sua
2399 3127 2601 3182 virtute
2619 3141 2688 3181 ac
2712 3127 2948 3197 potentia
2971 3126 3373 3191 condemnabit,
3396 3124 3493 3180 sed
3518 3124 3647 3196 quia
3668 3125 3727 3179 in

1986 3238 1993 3243 -
2059 3175 2107 3240 (³
2135 3175 2254 3291 ἐξὲξ
2276 3175 2686 3291 magis;
2710 3175 3727 3288 ἔδιζξιέιὶξηξιῌὲιῖιᾘέξῖὲέ’ἇέἆοᾶὦῶ

516 3286 623 3385 Qui
646 3287 859 3385 οόηςιςιε
894 3303 1078 3343 aurem
1100 3304 1256 3385 “an
1277 3289 1349 3344 ad
1369 3289 1650 3385 οιαξηονεηι
1674 3293 1942 3364 raw.
1986 3302 2039 3349 α
2135 3286 2251 3385 eius
2274 3286 2509 3371 scientes
2531 3353 2547 3379 ,
2570 3327 2695 3369 cura
2727 3310 2897 3367 multo
2919 3311 3133 3368 facilius
3162 3286 3419 3381 possent,
3448 3309 3727 3380 sapientia

444 3379 553 3449 ipse
574 3377 822 3434 clamabit
848 3389 898 3434 et
925 3396 1031 3435 non
1063 3382 1399 3437 exaudiatur.
1428 3381 1769 3440 Generaliter
1797 3385 1913 3442 hac
1940 3401 2035 3442 ac-

443 3467 693 3539 cipienda
716 3470 984 3526 sententia
1000 3511 1021 3538 ,
1050 3478 1109 3532 et
1135 3488 1245 3528 non
1282 3474 1349 3529 de
1375 3488 1546 3545 egeno
1574 3483 1788 3531 tantum
1810 3476 1896 3530 vel
1914 3491 2038 3533 cor-

444 3560 702 3629 poraliter
731 3559 969 3618 inﬁrmo.
992 3560 1132 3618 Nam
1173 3572 1231 3619 et
1253 3565 1346 3634 qui
1376 3565 1431 3619 in
1474 3566 1794 3623 criiuibus
1816 3567 2035 3633 alienis.

443 3668 553 3708 non
582 3651 776 3709 allectu
806 3655 1196 3712 misericordias
1244 3673 1369 3712 cum
1391 3659 1577 3715 dolore
1601 3661 1700 3716 sed
1738 3661 2037 3732 judicantis

2136 3418 2322 3462 curam
2350 3404 2771 3461 dissimulabant
2799 3403 3020 3458 habere.

2209 3495 2508 3551 Thesaurus
2580 3493 2943 3549 desiderabilis
2997 3502 3047 3547 et
3095 3492 3268 3548 oleum
3318 3493 3375 3547 in
3428 3490 3725 3547 habitacula

2130 3588 2294 3659 justi,
2322 3587 2626 3658 imprudens
2661 3587 2816 3641 horno
2842 3585 3117 3657 dissipabit
3155 3585 3309 3640 illud.
3353 3584 3588 3641 Claritas
3628 3582 3727 3638 bo-

2138 3692 2329 3733 norum
2352 3690 2578 3748 sperum
2615 3677 2844 3732 Domino
2860 3688 3080 3746 semper
3106 3675 3357 3741 amabilis
3374 3683 3434 3731 et
3453 3674 3721 3745 pinguedo

441 3741 720 3799 invenitur
739 3751 928 3801 tenere
949 3760 1261 3812 censuram,
1285 3749 1525 3803 ostendit
1544 3764 1605 3805 se
1624 3752 1860 3806 uetulum
1881 3750 2033 3807 vitio-

2137 3741 2440 3823 dilectionis
2493 3768 2549 3821 in
2593 3775 2906 3822 sanctorum
2958 3741 3202 3823 Ecclesia
3253 3741 3502 3835 refulget.
3550 3741 3723 3831 Quem

442 3849 563 3889 rum
588 3833 799 3892 facibus
824 3834 1141 3906 eliquatum,
1178 3853 1356 3910 neque
1382 3840 1570 3897 auditu
1595 3842 1790 3899 divina
1808 3842 2038 3898 misera-

443 3925 605 3981 tionis
628 3926 867 3983 existere
899 3928 1138 4001 dignum.

512 4041 707 4097 Munus
741 4044 1101 4099 absconditum
1142 4047 1431 4117 exstinguez
1480 4047 1589 4101 iras
1618 4086 1633 4113 ,
1677 4056 1725 4101 et
1758 4048 1953 4101 donum
1980 4050 2036 4103 in

441 4134 561 4187 sinu
588 4132 1005 4204 indignationem
1034 4136 1343 4190 maximam.
1375 4136 1476 4202 Qui
1505 4137 1645 4190 iram
1689 4136 1920 4191 districti
1949 4137 2036 4207 jn-

443 4228 601 4294 dicis,
652 4240 816 4299 quam
867 4229 1142 4297 peccando
1199 4231 1420 4295 meruit,
1474 4230 1693 4300 placare
1742 4231 2033 4304 desiderat,

443 4320 814 4391 eleemosynas
840 4314 931 4374 det
978 4320 1305 4389 pauperibus
1327 4360 1341 4383 ,
1392 4329 1449 4375 et
1483 4322 1585 4377 hoc
1617 4323 1761 4377 nulla
1797 4324 2033 4379 delecta-

443 4407 592 4463 tione
621 4406 823 4464 favoris
846 4410 1090 4474 humani,
1130 4410 1224 4463 sed
1252 4398 1462 4465 tabtum
1512 4422 1696 4469 amore
1742 4416 2035 4472 conditoris

2139 3858 2462 3915 versiculum
2494 3856 2557 3911 Β.
2586 3872 2729 3928 papa
2756 3856 3051 3929 Gregorius
3082 3858 3141 3912 in
3175 3856 3412 3913 homiliis
3446 3854 3725 3923 Evangelii

2131 3953 2288 4024 juxta
2315 3950 2597 4021 antiquam
2620 3948 3033 4005 translationem
3054 3949 3237 4019 posuit
3266 3965 3281 4001 :
3315 3946 3614 4001 Theseum
3635 3945 3727 3999 de-

2137 4040 2434 4098 siderabilis
2472 4042 2747 4113 requiescit
2772 4041 2829 4095 in
2850 4056 2942 4096 ore
2968 4040 3222 4110 sapientis
3246 4053 3265 4093 :
3294 4052 3481 4093 verum
3506 4034 3725 4106 reprobi

2137 4149 2245 4190 non
2265 4141 2474 4190 tantum
2502 4133 2733 4188 virtutes
2752 4146 2859 4187 non
2885 4129 3119 4201 assequi,
3144 4130 3239 4185 sed
3260 4129 3426 4184 etiam
3444 4125 3724 4198 persequi,

2136 4234 2192 4281 et
2218 4233 2480 4294 quantum
2501 4223 2688 4278 valent
2711 4223 2766 4277 in
2794 4223 2953 4278 bonis
2971 4221 3203 4277 obruere
3226 4218 3507 4275 festivum.
3538 4218 3729 4274 Potest

2138 4329 2269 4373 sane
2295 4323 2353 4371 et
2380 4316 2472 4370 hic
2497 4329 2687 4369 versus
2713 4314 2780 4369 de
2809 4313 3050 4383 quolibet
3078 4319 3381 4382 martyrum
3412 4308 3587 4379 accipi
3615 4348 3631 4373 ,
3668 4307 3727 4362 in

2139 4410 2292 4480 cujus
2329 4408 2659 4475 habitaculo,
2690 4407 2742 4461 id
2769 4414 2871 4470 est,
2897 4420 3140 4477 corpore,
3173 4406 3351 4463 anima
3388 4412 3594 4465 sancta,
3624 4401 3727 4459 Dei

443 4499 536 4569 qui
585 4499 827 4554 cordium
879 4500 1090 4554 occulta
1136 4502 1393 4570 respicit;
1444 4505 1527 4560 sic
1565 4505 1709 4560 enim
1734 4505 1798 4561 fit
1838 4523 2034 4563 munus
2058 4532 2113 4594 Β
2140 4501 2391 4557 Videlicet
2416 4502 2703 4556 thesaurus
2729 4508 2995 4562 servetur.
3027 4499 3263 4554 abundet
3303 4505 3360 4552 et
3391 4496 3575 4551 ιιηειδο
3600 4510 3725 4566 star

373 4612 381 4625 ί
442 4592 838 4658 absconditum,
870 4592 949 4648 sic
975 4593 1041 4647 ad
1060 4593 1411 4664 mitigandam
1438 4597 1733 4654 conditoris
1754 4600 1889 4654 iram
1913 4613 2034 4669 pro-

384 4711 389 4714 η
444 4686 663 4748 licuum,
705 4683 751 4738 si
776 4684 927 4738 nullo
961 4691 1201 4739 externa:
1230 4686 1603 4754 retributionis
1630 4690 1828 4744 intuitu
1855 4692 2031 4759 porri-

442 4787 620 4850 gatur,
652 4776 732 4833 sic
756 4776 1091 4846 implebitur,
1120 4780 1264 4848 quod
1294 4778 1407 4849 ipse
1433 4782 1690 4852 praecepit
1714 4800 1729 4838 :
1767 4782 1837 4836 Te
1857 4791 2030 4837 autem

441 4871 663 4939 faciente
692 4868 1095 4940 elemosynam,
1136 4873 1330 4926 nesciat
1363 4874 1575 4928 sinistra
1606 4884 1698 4929 tua
1720 4875 1846 4945 quid
1870 4876 2032 4944 faciat

442 4958 628 5011 dextra
660 4966 750 5011 tua
777 4957 993 5030 (Manli.
1020 4958 1120 5031 v1).

512 5047 778 5104 Gaudium
790 5051 938 5120 justo
958 5062 1034 5107 est
1062 5053 1234 5123 facere
1245 5052 1536 5121 judicium,
1557 5062 1605 5107 et
1626 5070 1788 5124 pavor
1811 5070 2033 5125 operan-

444 5139 580 5194 tibus
618 5139 963 5212 iniquitatem.
1013 5142 1226 5198 Gaudet
1248 5143 1428 5213 justus
1465 5160 1588 5201 cum
1616 5147 1776 5201 bonis
1803 5147 2032 5203 desudat

441 5231 719 5301 operibus,
751 5234 881 5303 quia
902 5243 1090 5305 sperat
1135 5250 1193 5289 se
1230 5244 1453 5304 propter
1502 5236 1620 5292 haec
1646 5237 1804 5293 bonis
1843 5254 2027 5294 remu«

443 5324 743 5380 nerandum
785 5341 907 5382 esse
956 5326 1322 5394 perennibus;
1376 5336 1436 5382 at
1478 5344 1609 5385 vero
1652 5330 1869 5400 reprobi
1896 5332 2024 5386 dum

441 5414 581 5470 mala
608 5431 729 5487 qua:
755 5419 923 5474 Deum
954 5419 1299 5488 prohibuisse
1330 5432 1546 5487 norunt,
1576 5422 1803 5490 faciunt,
1836 5440 2032 5494 quam-

440 5508 523 5563 vis
548 5524 659 5565 sua
684 5510 911 5567 luxuriat
935 5514 1332 5583 perpetratione
1350 5516 1640 5572 carnaliter
1673 5518 2028 5585 delectentur,

441 5603 640 5659 mentis
659 5609 844 5659 tamen
886 5619 1086 5674 pavore
1118 5607 1335 5665 interno
1358 5624 1547 5666 carere
1578 5619 1870 5683 nequeunt,
1902 5612 2029 5680 quia

362 5728 371 5731 -
440 5706 500 5745 se
528 5692 670 5748 maia
695 5703 959 5765 perpetuo
982 5710 1237 5767 passuros
1260 5713 1360 5769 pro
1403 5701 1488 5758 his
1515 5717 1635 5772 qua:
1658 5701 2029 5773 temporaliter

442 5784 583 5841 male
610 5783 874 5856 fecerunt,
900 5805 1009 5848 non
1031 5790 1329 5865 ambigunt.

2136 4594 2226 4650 tiae
2252 4593 2511 4664 spiritalis
2548 4610 2567 4646 ε
2619 4602 2677 4646 at
2710 4599 3026 4662 persecutor
3070 4589 3383 4662 imprudens
3414 4588 3726 4659 huiusmodi

2137 4688 2504 4745 habitaculum
2530 4686 2869 4755 disrumpere
2890 4684 3434 4756 potest.Thesaurum
3456 4698 3606 4747 vero,
3628 4682 3727 4752 qui

2138 4780 2447 4837 babitaculo
2486 4780 2768 4836 tenebatur
2800 4788 2857 4833 et
2897 4778 3074 4833 oleum
3116 4792 3459 4848 nequaquam
3502 4784 3727 4847 tangere

2136 4882 2316 4944 potest
2341 4890 2356 4927 :
2386 4872 2531 4927 unde
2556 4871 2816 4926 Dominus
2836 4871 2993 4926 docet
3019 4883 3126 4926 non
3148 4870 3326 4925 timeri
3350 4884 3445 4925 eos
3466 4868 3557 4938 qui
3581 4868 3727 4923 occi-

2139 4968 2273 5022 dunt
2311 4980 2529 5035 corpus,
2557 4972 2612 5020 et
2650 4972 2774 5035 post
2808 4965 2914 5020 hoc
2938 4979 3047 5020 non
3080 4965 3290 5021 habent
3327 4962 3558 5033 amplius
3590 4960 3726 5032 quid

2137 5056 2360 5110 faciant.

2205 5147 2477 5201 Civitatem
2503 5146 2717 5217 fortium
2739 5147 2971 5201 ascendit
2990 5147 3197 5218 sapiens
3212 5155 3260 5201 et
3281 5146 3535 5201 destruxit
3554 5143 3723 5200 robur

2133 5243 2347 5311 ﬁduciae
2387 5243 2522 5312 ejus.
2567 5241 2858 5297 Civitatem
2898 5240 3115 5295 fortium
3145 5241 3402 5297 mundum
3441 5239 3591 5306 dicit,
3624 5236 3721 5309 qui

2133 5332 2403 5402 quondam
2460 5331 2820 5403 malignorum
2866 5332 3159 5401 spirituum
3215 5330 3489 5402 tyrannidi
3552 5328 3720 5384 stulte

2134 5424 2392 5482 Subactus
2437 5424 2742 5491 serviebat,
2784 5424 2996 5479 habens
3028 5424 3284 5479 ﬁduciam
3318 5423 3444 5477 vita:
3473 5422 3529 5476 in
3567 5420 3718 5476 cuitu

2133 5532 2323 5574 eorum
2360 5518 2454 5587 qui
2489 5532 2597 5574 non
2623 5524 2748 5573 sum
2784 5517 2885 5583 dii,
2924 5517 3023 5572 sed
3050 5528 3212 5586 opera
3240 5526 3495 5570 manuum
3530 5511 3715 5569 homi-

2133 5627 2295 5677 num;
2347 5612 2492 5667 hanc
2524 5611 2800 5667 civitatem
2844 5611 3071 5665 intravit
3096 5608 3193 5665 ille
3229 5618 3392 5664 natus
3432 5608 3489 5662 in
3522 5620 3711 5671 carne,

2130 5704 2222 5775 qui
2256 5712 2339 5759 est
2364 5704 2461 5759 Dei
2490 5704 2665 5759 virtus
2687 5712 2742 5760 et
2779 5703 2874 5758 Dei
2903 5701 3188 5773 sapientia,
3216 5700 3586 5769 destruxitque
3614 5711 3716 5769 per

2130 5812 2258 5853 suos
2280 5797 2666 5866 praedicatores
2699 5796 2903 5851 cultum
2928 5796 3195 5861 deorum,
3235 5792 3293 5848 in
3329 5792 3523 5862 quibus
3559 5788 3712 5845 fuere
