4100 6324
453 384 560 452 749

1213 376 1578 446 saposrno
1615 379 1683 436 tu
1721 376 2118 447 novanon,
2159 378 2572 449 sstououis.
2611 349 2684 426 —"
2716 384 2845 448 Lis.
2884 383 2949 450 ιι.

3622 394 3726 453 750

447 501 644 565 conﬁsi
672 501 920 563 vnitstis
953 501 1128 573 ignari
1145 541 1162 569 ,
1198 499 1445 570 atquein
1473 498 1577 560 ﬁde
1603 495 1904 561 celestiqu
1943 495 2040 560 ὼ-
2065 498 2120 560 Α
2142 510 2306 566 uuam
2338 499 2632 575 parumper
2656 509 3035 572 conceperant.
3083 501 3405 564 lnuocentes
3431 521 3562 564 vero
3586 509 3730 581 Apo-

450 597 567 652 cuit
599 595 906 654 habendam
937 611 1060 652 esse
1087 594 1370 657 ﬁduciam,
1402 607 1522 662 quae
1544 605 1820 659 nunquam
1858 595 2042 659 posset

453 689 682 752 destrui.
736 690 840 746 Sed
881 698 937 745 et
963 689 1206 759 quotidie
1232 687 1507 746 civitatem
1535 685 1760 742 fortium
1794 681 2041 739 ascendit

448 783 673 851 sapiens
699 790 754 838 et
785 780 1023 839 destruit
1067 779 1233 838 robur
1262 777 1474 836 ﬁducia:
1501 776 1654 846 ejus.
1691 791 1816 834 cum
1845 773 2041 844 aliquis

451 873 628 934 ﬁdelis
652 875 863 939 doctor,
894 879 1210 944 argumenta
1232 870 1696 941 philosophorum,
1722 867 1808 924 vel
1825 865 2042 922 haereti-

448 981 658 1032 corum,
711 965 797 1022 vel
845 966 1013 1030 etiam
1058 972 1410 1031 conmutaces
1455 962 1754 1028 carnalium
1809 959 2039 1015 fratrum

447 1057 912 1116 contradictiones
927 1097 945 1123 ,
973 1057 1171 1128 quibus
1195 1071 1293 1112 sua
1321 1055 1530 1112 scelera
1550 1053 1846 1110 defendere
1879 1061 1936 1109 et
1958 1051 2039 1106 al-

444 1145 652 1208 leviare
699 1149 948 1218 nituntur
969 1189 985 1213 ,
1023 1147 1328 1216 assertione
1369 1146 1496 1202 ﬁdei
1549 1154 1606 1202 et
1657 1145 2038 1212 aclesiasticze

441 1240 823 1312 castigationis
859 1239 1146 1310 disciplina
1193 1240 1490 1312 redarguit,
1527 1246 1694 1308 atque
1727 1239 2036 1294 eviscerans

443 1333 687 1397 stipulas.
703 1388 706 1392 .

518 1427 683 1482 Testis
713 1427 941 1482 menda
963 1427 1150 1499 peribit
1175 1441 1198 1485 .‘
1233 1428 1316 1482 uir
1343 1427 1586 1482 obedieus
1609 1424 1843 1497 loquitur
1866 1425 2034 1480 uicto-

444 1520 599 1586 riam.
641 1520 746 1586 Qui
786 1535 844 1576 se
877 1520 988 1576 Deo
1027 1520 1235 1584 servire
1270 1528 1530 1586 testatur,
1571 1534 1672 1574 nec
1702 1518 1862 1573 factis
1886 1518 2033 1574 dicta

439 1611 778 1681 exsugantur,
797 1611 1025 1682 peribit;
1057 1611 1149 1682 qui
1183 1619 1365 1667 autem
1403 1610 1637 1666 ﬁdeliter
1656 1619 1717 1665 ut
1742 1608 2030 1679 promittit,

437 1700 607 1772 Ms
643 1704 900 1759 uubditur
926 1703 1144 1769 divinis,
1189 1703 1354 1772 hujus
1395 1703 1609 1772 loquela
1647 1702 1716 1757 ad
1745 1700 2032 1755 victoriam

2145 589 2267 643 stoli
2305 592 2738 660 pertransierunt
2783 594 2978 650 itinere
3020 605 3169 652 recto
3213 597 3567 668 professionis
3617 618 3726 673 quo

2141 692 2440 753 coeperant,
2485 697 2540 742 et
2562 685 2744 742 aﬁlicti
2769 696 2898 742 sunt
2927 687 3173 755 verbere,
3204 691 3453 758 vinculis,
3479 709 3722 760 carcere,

2141 781 2198 830 et
2243 775 2359 845 ipsa
2409 776 2575 833 etiam
2634 786 2811 834 morte
2860 779 3104 835 mulctati
3129 819 3146 847 ,
3199 788 3491 850 utrumque
3542 791 3725 838 autem

2140 867 2468 938 exemplum,
2509 869 2662 938 multi
2695 886 2867 941 usque
2907 886 3051 926 nunc
3076 879 3133 928 et
3158 871 3215 925 in
3245 873 3544 927 certamine
3576 873 3720 939 ﬁdei,

2142 966 2198 1014 et
2238 959 2294 1015 in
2319 963 2697 1028 communibus
2733 973 3036 1034 sequuntur
3060 964 3289 1020 actibus.
3325 964 3480 1022 Hunc
3507 981 3726 1021 versum

2141 1053 2346 1122 antiqui
2370 1053 2696 1126 interpretes
2720 1056 3086 1122 manifestius,
3112 1058 3210 1114 sed
3235 1057 3292 1113 in
3316 1057 3482 1114 alium
3505 1073 3725 1114 sensum

2140 1145 2551 1212 transtulerunt.
2583 1148 2810 1206 Astutus
2848 1149 3038 1205 videns
3061 1163 3296 1219 nequam
3327 1148 3530 1220 puniri,
3568 1147 3728 1204 valde

2137 1234 2255 1305 ipse
2293 1238 2631 1308 disciplinam
2675 1239 2891 1310 accipit.
2929 1239 3252 1310 lusipientes
3289 1248 3470 1298 autem
3503 1249 3727 1312 printer-

2138 1339 2332 1388 euntes
2356 1332 2554 1389 damno
2576 1334 2759 1390 aﬂlicti
2784 1342 2935 1390 sunt.
3160 1315 3169 1324 ’

2209 1422 2363 1478 Finis
2394 1425 2664 1486 modestiae
2699 1426 2859 1481 timor
2886 1426 3134 1493 Domini,
3169 1426 3368 1482 divitia
3395 1434 3447 1481 et
3481 1425 3652 1498 gloria
3675 1437 3724 1482 et

2137 1515 2262 1570 vita.
2292 1514 2607 1578 Modestiae
2633 1516 2766 1580 dicit
2784 1517 3150 1572 constantiam
3181 1532 3405 1588 operum
3434 1519 3720 1585 bonorum,

2140 1609 2389 1664 timorem
2421 1624 2553 1664 vero
2576 1608 2788 1670 Domini
2819 1609 2991 1675 illum,
3023 1611 3117 1680 qui
3152 1619 3436 1680 permanet
3467 1612 3523 1666 in
3552 1626 3726 1668 saecu-

2133 1695 2247 1752 lum
2277 1696 2480 1752 saeculi.
2522 1696 2660 1764 Quia
2707 1699 2963 1754 nimirum
3005 1699 3268 1770 perfectio
3313 1700 3578 1762 virtutum
3617 1709 3722 1766 est,

441 1797 729 1868 pervenit:
763 1797 888 1866 quis
914 1797 1042 1851 dum
1067 1810 1164 1868 per
1193 1797 1612 1856 inobedientiam
1639 1810 1734 1852 sua
1763 1794 2029 1850 desideria
2056 1864 2096 1868 _
2134 1787 2205 1842 nd
2261 1787 2407 1850 hunc
2449 1788 2618 1842 animi
2661 1798 2864 1844 statum
2911 1793 3297 1859 conscendere,
3345 1808 3453 1863 qua
3492 1793 3726 1864 gratiam

443 1864 664 1944 vincere
685 1864 908 1958 sategit,
943 1903 1042 1958 per
1061 1864 1326 1959 justitiam
1355 1886 1554 1956 judicia
1582 1886 1924 1957 postmodum
1947 1883 2029 1946 vi-
2055 1864 2106 1926 Β
2132 1884 2434 1940 conditoris
2482 1884 2568 1940 vel
2614 1885 2671 1939 in
2715 1884 2930 1941 modico
2967 1887 3263 1943 timeamus
3302 1886 3606 1954 offendere,
3648 1887 3725 1941 nil

441 1981 630 2042 ctoriae
647 1981 879 2051 palmam
905 1981 1153 2051 percipit.

523 2071 616 2132 Vir
657 2074 850 2143 impius
889 2074 1182 2143 procaciter
1199 2073 1447 2144 obﬁrntat
1473 2071 1674 2128 vultum
1703 2089 1900 2136 suum;
1936 2071 2026 2142 qui

442 2174 616 2220 autem
642 2175 811 2219 rectus
841 2175 937 2232 est,
966 2166 1182 2236 corrigit
1209 2166 1346 2220 viam
1382 2183 1554 2220 suam.
1583 2166 1750 2220 Judas
1769 2165 1899 2234 quia
1923 2165 2026 2219 im-

435 2255 561 2326 pius
602 2256 768 2314 corde
806 2265 926 2313 erat
951 2295 966 2322 ,
998 2257 1254 2328 quamvis
1295 2257 1412 2327 ipso
1455 2256 1684 2319 Domino
1724 2271 1789 2311 se
1833 2257 2022 2311 redar-

435 2355 635 2416 gucnte
657 2390 676 2415 ,
713 2349 886 2410 noluit
930 2349 1070 2404 mala
1111 2358 1288 2420 comta
1319 2349 1684 2419 restringere;
1721 2363 1887 2417 porro
1924 2349 2026 2407 Pe-

419 2447 553 2493 .trus
583 2439 709 2508 quia
734 2451 923 2508 rectus
941 2448 1065 2496 erat
1089 2441 1274 2507 corde,
1300 2441 1358 2495 id
1377 2448 1486 2506 est,
1513 2439 1855 2496 rectiwdinis
1879 2454 2024 2498 ama-

434 2540 543 2599 tor,
576 2521 907 2604 respiciente
927 2550 985 2591 se
1011 2535 1242 2591 Domino
1267 2551 1394 2591 mox
1416 2534 1733 2605 pernitendo
1761 2532 2018 2598 correxit,

427 2627 578 2697 quod
607 2627 855 2696 negando
887 2626 1134 2696 deliquit.
1199 2625 1326 2682 Non
1366 2636 1444 2681 est
1486 2626 1770 2696 sapientis,
1813 2623 1918 2678 non
1943 2632 2022 2680 est

432 2715 727 2785 prudentia,
760 2733 864 2773 non
886 2726 966 2772 ut
991 2715 1274 2771 concilim
1299 2724 1488 2771 contra
1515 2714 1821 2769 Dentium.
1861 2712 2021 2780 Qum-

432 2821 666 2876 cnmque
684 2808 1043 2864 consiliantnr
1063 2817 1126 2864 et
1144 2807 1364 2878 rapiunt
1389 2806 1633 2863 haerenti
1652 2846 1668 2872 ,
1697 2805 1831 2862 nihil
1849 2813 1940 2862 est
1961 2813 2022 2862 et

433 2913 629 2954 vanum
658 2908 716 2954 et
735 2899 946 2958 inutile.

505 2985 688 3058 Equus
713 2996 940 3059 paratur
965 2987 1036 3045 ad
1060 2988 1200 3046 diem
1223 2987 1366 3056 belli,
1389 2987 1652 3046 Domitius
1677 2997 1857 3044 autem
1872 2988 2022 3054 salu-

429 3086 534 3136 tem
563 3079 765 3139 tribuit.
791 3079 1040 3139 Hominis
1055 3081 1276 3152 quidem
1301 3088 1384 3135 est
1409 3080 1519 3138 Deo
1537 3079 1747 3145 devoti,
1774 3087 2019 3150 tempore

2131 1993 2355 2049 prorsus
2379 1978 2500 2048 ejus
2533 1980 2810 2034 memoriae
2833 1990 3214 2050 praeponentes
3231 2020 3247 2046 ,
3276 1994 3400 2050 quae
3425 1974 3554 2035 alibi
3588 1981 3722 2034 cha-

2129 2072 2264 2126 ritas
2293 2080 2520 2126 vocatur
2539 2070 2781 2141 perfecta
2799 2113 2813 2137 ,
2846 2067 2995 2127 foras
3021 2073 3247 2127 mittens
3279 2072 3528 2126 timorem
3554 2112 3568 2137 ,
3609 2086 3722 2126 ser-

2128 2161 2291 2216 vilem
2317 2160 2604 2224 videlicet,
2634 2170 2690 2216 et
2716 2163 3060 2231 insipientem
3081 2204 3095 2228 ,
3131 2179 3241 2234 quo
3267 2164 3465 2218 metuit
3491 2162 3723 2233 quisque

2128 2271 2197 2309 ne
2249 2255 2389 2312 forte
2435 2259 2709 2328 peccando
2762 2259 2938 2327 panis
2991 2267 3265 2312 mereatur
3311 2257 3508 2327 subigi.
3565 2255 3722 2322 Quod

2129 2355 2311 2403 autem
2343 2347 2635 2417 subjungit,
2680 2348 2882 2404 divitiae
2910 2357 2965 2403 et.
3008 2348 3178 2419 gloria
3207 2356 3264 2403 et
3292 2348 3421 2412 vita,
3453 2346 3509 2401 in
3537 2345 3723 2400 futuro

2127 2436 2416 2506 signiﬁcat,
2451 2438 2575 2492 finis
2603 2454 2733 2509 ergo
2777 2440 3056 2494 modestiae
3083 2439 3250 2494 timor
3290 2438 3532 2503 Domini,
3574 2437 3721 2492 divi-

2127 2530 2217 2586 tiae
2256 2537 2311 2585 et
2348 2530 2520 2601 gloria
2555 2539 2613 2586 et
2641 2531 2772 2585 vita.
2804 2531 2941 2599 Quia
2970 2532 3224 2586 nimirum
3260 2530 3522 2600 perfectio
3542 2531 3718 2584 virtu-

2127 2628 2242 2675 tum
2269 2623 2433 2678 estin
2469 2623 2576 2678 bac
2618 2623 2746 2690 vita,
2781 2632 2842 2677 ut
2869 2625 3158 2678 timeamus
3197 2623 3486 2676 Dominum
3523 2622 3717 2678 timore

2121 2722 2334 2780 sancto,
2355 2716 2459 2770 hoc
2478 2723 2564 2770 est
2590 2716 2802 2771 sincera
2819 2715 2974 2770 illum
2993 2715 3280 2770 dilectione
3304 2714 3569 2780 colamus,
3591 2713 3717 2770 ﬁnis

2123 2809 2385 2863 virtutum
2406 2809 2462 2863 in
2487 2808 2690 2875 futuro,
2731 2817 2791 2864 ut
2813 2809 3028 2864 divitias
3048 2808 3383 2864 hereditatis
3411 2807 3712 2878 promissae,

2119 2899 2276 2969 regni
2305 2900 2541 2954 caelestis
2564 2899 2809 2971 gloriam,
2826 2909 2880 2956 et
2898 2901 3065 2955 vitam
3086 2900 3204 2956 sine
3229 2899 3335 2955 line
3351 2900 3716 2970 percipiamus

2121 3004 2155 3044 ι
2171 2990 2415 3045 Domino.
2441 2991 2594 3046 Unde
2611 2991 2806 3047 Petrus
2826 2993 2918 3046 ait.
2943 2991 3117 3059 Quem
3131 3006 3255 3047 cum
3276 2990 3520 3046 videritis
3540 2988 3718 3046 exsul-

2117 3085 2308 3139 tabltis
2333 3084 2519 3139 laetitia
2541 3085 2892 3139 inenarrabili
2931 3092 2988 3139 et
3014 3083 3334 3156 gloriﬁcata,
3373 3089 3716 3153 reportantes

428 3173 822 3243 persecutimis
871 3174 1113 3231 animm
1166 3189 1477 3245 prmpame
1502 3213 1522 3241 ,
1569 3189 1774 3244 corpus
1819 3170 2018 3227 olerre
2053 3236 2093 3245 _
2121 3175 2289 3232 linem
2312 3176 2440 3230 ﬁdei
2465 3187 2660 3231 vestra:
2690 3177 2922 3231 salutem
2947 3177 3252 3230 animarum
3280 3182 3603 3230 vestrarum.

798 3261 905 3322 Sed
927 3263 1094 3321 divini
1120 3236 1208 3322 est
1234 3236 1528 3333 adjmorii,
1553 3272 1620 3331 ut
1637 3236 1820 3333 empto
1841 3262 2016 3324 labori
2039 3236 2097 3304 θ
2196 3268 2360 3321 Arma
2399 3278 2446 3322 et
2489 3267 2655 3338 gladii
2683 3268 2739 3322 in
2775 3269 2860 3323 via
2887 3267 3119 3338 perversi
3153 3276 3326 3321 custos
3353 3267 3545 3320 animo:
3576 3280 3709 3331 suo,

429 3357 617 3426 agonis
639 3358 868 3412 victoria
891 3358 1148 3428 salusque
1176 3359 1450 3423 slsrcedat,

499 3446 693 3506 Halitus
739 3456 817 3504 est
864 3464 1055 3504 nomen
1106 3449 1298 3509 bonum
1351 3464 1517 3520 quam
1563 3447 1767 3502 divitia
1812 3445 2014 3507 nulla.

427 3539 634 3596 Nomm
663 3542 872 3598 bonum
895 3541 1050 3606 dial,
1077 3556 1189 3597 non
1223 3541 1374 3610 quod
1399 3555 1430 3595 a
1453 3539 1632 3595 turbis
1657 3541 1806 3609 vulgi
1848 3541 2018 3611 impe-

427 3629 540 3690 riti.
563 3630 664 3686 sed
682 3633 832 3702 quod
872 3632 1115 3697 fidelium
1143 3632 1398 3703 Quamvis
1421 3647 1720 3702 paucorum
1757 3633 2015 3690 testimo-

424 3723 809 3782 niolandetur.
841 3722 1200 3794 leqneenisn
1236 3723 1440 3778 bonum
1469 3723 1674 3778 habere
1699 3738 1898 3780 nomen
1927 3738 2016 3779 re-

428 3813 588 3884 fugit,
617 3815 712 3871 sed
741 3831 773 3870 a
792 3810 960 3874 boni!
985 3814 1159 3870 solum
1185 3815 1466 3884 quzerebat
1489 3813 1702 3868 laudari
1723 3853 1740 3879 ,
1771 3815 1869 3883 qui
1891 3815 1971 3869 ait
1995 3833 2010 3868 :

425 3901 487 3960 Si
535 3905 709 3965 adhuc
757 3906 1057 3966 luminibus
1099 3904 1380 3975 placerem,
1429 3900 1628 3958 Christi
1680 3919 1860 3958 servus
1907 3921 2014 3960 non

425 4011 612 4056 esset».
661 3995 871 4054 Nomen
927 4012 1058 4069 ergo
1097 3998 1303 4052 bonum
1345 4003 1434 4061 est
1477 4009 1678 4050 mea
1733 3997 2015 4066 religionis

426 4088 570 4156 quod
595 4088 806 4146 divitiis
829 4089 1196 4152 mundialibus
1221 4091 1346 4161 jure
1379 4091 1688 4161 prafertur.
1717 4088 1854 4143 Nam
1881 4096 1937 4143 et
1966 4087 2013 4143 si

426 4180 683 4240 mundum
724 4181 850 4251 quis
895 4181 1200 4238 lucraretur
1239 4186 1576 4250 universum,
1623 4183 1824 4242 merito
1865 4183 2014 4246 hunc

419 4281 816 4340 contemneret,
855 4284 1070 4329 tanwm
1107 4283 1169 4329 ut
1210 4291 1408 4336 uomat
1433 4276 1555 4346 ejus
1587 4277 1920 4332 scriberetur
1956 4276 2014 4330 in

419 4367 583 4432 .cmlo,
611 4367 840 4438 ejusque
871 4370 1135 4424 memoria
1157 4379 1215 4425 et
1235 4371 1384 4426 inter
1409 4371 1629 4442 angelos
1651 4379 1709 4426 et
1735 4371 1881 4427 inter
1907 4371 2012 4428 tot

425 4461 596 4515 mines
621 4470 838 4517 sanctos
866 4462 1128 4531 ﬁgeretur
1152 4472 1374 4518 uerna.

493 4553 661 4624 Super
680 4566 952 4626 argentum
978 4567 1024 4610 et
1049 4573 1242 4611 aurum
1277 4559 1450 4628 gratia
1473 4560 1625 4613 bona.
1655 4558 1804 4612 illam
1840 4556 2008 4627 signi-

421 4648 548 4702 ficat
588 4650 817 4718 gratiam
838 4691 850 4714 ,
889 4664 1012 4704 cum
1042 4651 1165 4719 quis
1189 4666 1288 4719 pro
1328 4651 1468 4705 bono
1500 4667 1665 4722 opere
1699 4652 1950 4706 laudatur
1975 4667 2007 4706 a

421 4739 595 4793 bonis.
627 4741 796 4795 Immo
824 4757 922 4811 pro
949 4741 1160 4797 collatis
1191 4743 1240 4798 ei
1267 4744 1423 4799 donis
1449 4745 1767 4799 meritorum
1785 4787 1799 4811 ,
1841 4745 2008 4816 glori-

420 4828 616 4884 ficatur
633 4831 793 4885 Pater
811 4833 908 4902 qui
937 4833 990 4887 in
1017 4833 1170 4888 caelis
1192 4842 1294 4888 est.

489 4920 644 4975 Dives
667 4932 718 4975 et
741 4933 945 4992 paterer
963 4923 1296 4978 obviaverunt
1316 4925 1438 4990 sibi,
1454 4929 1734 4997 utriusque
1763 4937 2006 4998 operator

417 5018 495 5065 est
517 5009 794 5064 Dominus.
819 5008 1006 5081 Neque
1019 5011 1242 5068 divitem
1263 5023 1488 5084 propter
1505 5015 1723 5070 divitias
1745 5017 2001 5081 honores,

415 5116 593 5171 neque
630 5103 808 5171 inopia
843 5117 1134 5173 pauperem
1164 5106 1464 5174 despicias,
1507 5108 1602 5160 sed
1630 5109 1733 5162 hoc
1765 5110 1817 5162 in
1850 5118 2003 5162 utro-

418 5211 525 5265 que
549 5198 743 5258 merito
771 5211 1049 5262 venerare,
1079 5198 1210 5268 quia
1241 5215 1376 5270 Opus
1411 5209 1538 5255 sunt
1581 5202 1844 5268 divinum,
1875 5203 2002 5273 quia

419 5289 492 5342 ad
521 5289 812 5360 imaginem
853 5291 946 5345 Dei
968 5300 1028 5346 et
1053 5292 1458 5349 similitudinem
1481 5293 1631 5349 facti.

487 5377 727 5435 Callidus
777 5383 913 5437 videt
966 5383 1163 5439 malum
1213 5395 1262 5439 et
1317 5386 1589 5440 abscondit
1634 5404 1708 5453 se,
1755 5388 2001 5444 innocens

417 5475 718 5542 pertransiit
742 5486 788 5530 et
815 5477 1033 5550 amictus
1056 5490 1129 5533 est
1160 5480 1372 5535 damno.
1400 5481 1549 5536 Multi
1578 5498 1644 5537 ex
1669 5484 2004 5555 principibus

413 5565 765 5623 credideram
811 5571 866 5625 in
917 5572 1224 5628 Dominum.
1272 5574 1378 5631 Sed
1420 5586 1644 5646 propter
1700 5576 2004 5633 Pharisaeos

411 5673 525 5714 non
568 5660 969 5719 conﬁtebantur
991 5673 1052 5719 ut
1081 5666 1150 5723 de
1197 5683 1466 5741 synagoga
1514 5686 1620 5725 non
1653 5669 2000 5738 ejicerentur.

414 5747 553 5818 Quia
574 5754 720 5810 enim
743 5764 904 5811 erant
935 5757 1136 5823 callidi,
1159 5759 1416 5815 videbant
1441 5760 1642 5815 malum
1674 5762 2005 5831 persecutio-

417 5840 529 5908 nis,
557 5845 705 5914 quod
736 5845 1076 5915 inminebat,
1103 5857 1162 5904 et
1181 5850 1584 5906 absconderunt
1607 5853 1764 5908 fidem
1788 5853 2004 5922 pietatis

2121 3357 2278 3430 longe
2313 3359 2506 3438 reqedit
2543 3359 2608 3414 ab
2643 3360 2737 3414 eis.
2787 3359 3085 3428 Dupliciter
3109 3357 3553 3430 intelligendum,
3582 3357 3715 3426 quin

2121 3452 2366 3522 perversi
2390 3459 2446 3506 et
2473 3451 2672 3505 armati
2700 3458 2828 3506 sunt
2853 3464 3068 3520 seraper
3097 3449 3165 3503 ad
3191 3447 3491 3504 nocendum
3521 3445 3711 3516 proxi-

2122 3541 2250 3608 mis,
2279 3544 2448 3597 verbo
2477 3541 2562 3596 vel
2602 3556 2767 3610 opere
2793 3541 3046 3606 scelesto,
3075 3547 3132 3595 et
3178 3539 3324 3609 ipsos
3369 3552 3584 3606 semper
3615 3551 3709 3606 pa-

2119 3641 2240 3689 rata
2282 3640 2564 3704 exspectat
2605 3632 2739 3687 ultio
2770 3630 2937 3687 divini
2989 3629 3254 3684 examinis
3297 3627 3403 3694 Qui
3431 3615 3566 3682 vero
3594 3625 3711 3680 ani-

2111 3737 2264 3780 mum
2291 3739 2444 3780 sitam
2472 3723 2528 3777 in
2558 3729 2822 3777 aeternum
2851 3720 3050 3776 salvari
3083 3726 3360 3788 procurat,
3390 3717 3547 3782 longe
3568 3714 3708 3768 refu-

2121 3819 2198 3888 git
2225 3818 2294 3872 ab
2317 3815 2632 3885 bujusmodi
2659 3816 2827 3870 annis
2854 3823 2910 3870 et
2945 3813 3138 3884 gladiis
3160 3853 3175 3877 ,
3209 3812 3335 3881 quia
3370 3819 3424 3865 et
3469 3817 3706 3864 mentem

2119 3923 2449 3978 manumque
2487 3922 2678 3973 suam,
2714 3923 2744 3961 a
2781 3906 3152 3976 proximorum
3181 3904 3399 3957 laesione
3443 3901 3704 3966 refrenat,

2117 4009 2172 4056 et
2207 4016 2278 4055 ne
2313 3999 2779 4054 animadversione
2807 3996 3038 4051 districti
3065 3994 3262 4064 judicis
3293 3993 3409 4062 ipse
3453 3992 3699 4057 feriatur,

2116 4092 2324 4147 intenta
2353 4098 2530 4147 mente
2553 4095 2843 4160 praecavet.

2188 4184 2528 4240 Proverbiunt
2553 4193 2629 4238 est
2654 4197 2674 4237 :
2702 4181 3012 4236 Adolescens
3027 4179 3187 4250 facta
3209 4177 3374 4244 viam;
3401 4177 3559 4231 etiam
3583 4192 3701 4229 cum

2111 4280 2362 4344 senuerit,
2394 4293 2498 4331 non
2529 4275 2720 4331 recedit
2759 4275 2825 4328 ab
2854 4292 2935 4330 ea.
2959 4274 3189 4338 Constat
3227 4272 3512 4342 plerosque
3540 4285 3702 4326 sene-

2111 4377 2261 4447 ctute
2308 4369 2536 4423 Domino
2561 4367 2796 4422 donante
2826 4366 3025 4421 mutari
3063 4380 3097 4418 a
3139 4363 3313 4428 vitiis,
3342 4378 3462 4432 quae
3491 4360 3703 4417 adoles-
3764 4416 3768 4420 .

2107 4469 2299 4516 centes
2327 4461 2647 4524 habuerant,
2677 4468 2733 4514 et
2755 4471 2789 4513 e
2810 4466 3010 4514 contra.
3039 4456 3323 4512 nonnullos
3345 4456 3440 4511 illo
3464 4471 3522 4511 se
3547 4455 3702 4510 dese—
3749 4485 3755 4522 ;

2113 4563 2264 4609 rente
2294 4595 2308 4618 ,
2359 4555 2614 4608 deserere
2653 4553 2800 4606 circa
2851 4553 3064 4606 senium
3120 4551 3348 4605 virtutes
3398 4549 3596 4618 quibus
3645 4547 3699 4601 it
3750 4577 3756 4582 -

2115 4645 2474 4700 adolescentia
2515 4645 2840 4699 videbantur
2885 4643 3164 4708 illustrari,
3215 4641 3309 4696 sed
3353 4641 3479 4710 quia
3529 4638 3701 4694 multo

2114 4736 2311 4806 saepius
2336 4736 2565 4804 quisque
2600 4749 2780 4789 mores
2807 4733 3002 4802 quibus
3031 4734 3100 4787 ab
3135 4731 3492 4787 adolescentia
3523 4729 3700 4783 imbu-

2116 4835 2203 4882 tus
2227 4835 2333 4892 est,
2364 4827 2419 4881 in
2447 4827 2710 4896 reliquum
2740 4826 2867 4880 vitae
2903 4834 3115 4897 tempus
3149 4823 3367 4892 exsequi
3393 4823 3695 4888 consuevit,

2113 4919 2458 4990 proverbium
2487 4933 2608 4974 esse
2642 4917 2792 4982 dicit,
2815 4917 2939 4986 quia
2967 4917 3108 4988 quod
3134 4916 3450 4970 adolescens
3471 4916 3700 4993 quisque

2113 5011 2360 5082 coeperit,
2392 5012 2446 5064 in
2475 5018 2692 5065 senecta
2728 5024 2835 5063 non
2885 5008 3194 5072 mutaverit,
3228 5021 3334 5061 non
3371 5014 3550 5060 tamen
3581 5006 3698 5076 ipse

2113 5120 2326 5175 semper
2355 5105 2430 5159 ita
2458 5105 2676 5159 evenire
2702 5102 2989 5158 confirmat
3020 5120 3034 5156 :
3068 5100 3271 5155 idcirco
3297 5108 3477 5155 autem
3512 5099 3699 5170 hujus-

2110 5197 2258 5252 modi
2295 5194 2638 5268 proverbium
2678 5195 2859 5265 ponit,
2911 5203 2967 5247 ut
2997 5193 3270 5247 auditores
3298 5207 3426 5246 suos
3455 5210 3484 5246 a
3525 5192 3697 5262 prima

2112 5297 2269 5343 aetate
2294 5288 2584 5342 virtutibus
2603 5287 2821 5340 studere
2839 5286 3182 5356 persuadeat,
3209 5300 3278 5339 ne
3299 5284 3439 5339 forte
3461 5283 3515 5338 in
3543 5299 3700 5340 sene-

2113 5389 2260 5436 ctute
2305 5396 2412 5435 non
2451 5381 2661 5449 possint
2687 5379 2898 5433 discere
2929 5378 3135 5444 studia,
3173 5377 3370 5447 quibus
3414 5376 3472 5432 in
3509 5385 3696 5432 tenera

2112 5483 2274 5531 aetate
2299 5473 2595 5544 mancipari
2625 5474 2982 5543 despexeram
3017 5492 3029 5527 :
3065 5487 3190 5528 nam
3217 5479 3272 5527 et

2238 5588 2522 5703 gugusedmel
2545 5597 2622 5640 est
2643 5589 2824 5639 imbuta
2847 5601 3026 5640 recens
3043 5589 3265 5640 servabit
3281 5587 3483 5638 odorem

2283 5665 2312 5700 e
2447 5665 2495 5701 In
2519 5687 2534 5703 .

2283 5665 2388 5702 ests
2411 5665 2495 5701 diu
2518 5687 2534 5712 ,

2112 5767 2168 5813 et
2205 5758 2392 5815 Graeca
2438 5765 2628 5813 narrat
2672 5756 2897 5813 historia
2945 5755 3341 5820 Alexandrum,
3387 5751 3697 5825 potentissi—

2114 5869 2260 5908 mum
2300 5867 2483 5925 regem
2514 5852 2771 5924 orbisque
2800 5850 3155 5916 domitorem,
3196 5857 3250 5903 et
3279 5849 3332 5903 in
3377 5845 3618 5901 moribus
3641 5852 3696 5899 et
