  <div class='ocr_page' id='page_1' title='image "/cluster/home/n/w/nwhite01/storage/ocr_20150623/111/hvd.32044009716333/383.png"; bbox 0 0 4100 6324; ppageno 0'>
   <div class='ocr_carea' id='block_1_1' title="bbox 406 348 505 402">
    <p class='ocr_par' dir='ltr' id='par_1_1' title="bbox 406 348 505 402">
     <span class='ocr_line' id='line_1_1' title="bbox 406 348 505 402; baseline 0 -1"><span class='ocrx_word' id='word_1_1' title='bbox 406 348 505 402; x_wconf 77' lang='lat'><strong>751</strong></span> 
     </span>
    </p>
   </div>
   <div class='ocr_carea' id='block_1_2' title="bbox 1007 295 2005 431">
    <p class='ocr_par' dir='ltr' id='par_1_2' title="bbox 1007 295 1982 431">
     <span class='ocr_line' id='line_1_2' title="bbox 1007 295 1982 431; baseline -0.009 -35"><span class='ocrx_word' id='word_1_2' title='bbox 1007 344 1068 396; x_wconf 78' lang='grc' dir='ltr'><strong>Β.</strong></span> <span class='ocrx_word' id='word_1_3' title='bbox 1108 295 1365 396; x_wconf 66' lang='lat' dir='ltr'><strong>nABAui</strong></span> <span class='ocrx_word' id='word_1_4' title='bbox 1406 333 1982 431; x_wconf 39' lang='lat' dir='ltr'><strong>MAURI&#39;ARCHIEP.</strong></span> 
     </span>
    </p>
   </div>
   <div class='ocr_carea' id='block_1_3' title="bbox 2105 295 3008 431">
    <p class='ocr_par' dir='ltr' id='par_1_3' title="bbox 2105 325 3008 389">
     <span class='ocr_line' id='line_1_3' title="bbox 2105 325 3008 389; baseline -0.01 -2"><span class='ocrx_word' id='word_1_5' title='bbox 2105 331 2334 389; x_wconf 66' lang='lat' dir='ltr'><strong>DGUNT.</strong></span> <span class='ocrx_word' id='word_1_6' title='bbox 2376 327 2665 387; x_wconf 82' lang='lat' dir='ltr'><strong>OPERUM</strong></span> <span class='ocrx_word' id='word_1_7' title='bbox 2706 325 2888 382; x_wconf 83' lang='lat' dir='ltr'><strong>PARS</strong></span> <span class='ocrx_word' id='word_1_8' title='bbox 2922 325 3008 379; x_wconf 83' lang='lat' dir='ltr'><strong>lli.</strong></span> 
     </span>
    </p>
   </div>
   <div class='ocr_carea' id='block_1_4' title="bbox 3567 320 3676 376">
    <p class='ocr_par' dir='ltr' id='par_1_4' title="bbox 3567 320 3676 376">
     <span class='ocr_line' id='line_1_4' title="bbox 3567 320 3676 376; baseline 0.018 -2"><span class='ocrx_word' id='word_1_9' title='bbox 3567 320 3676 376; x_wconf 72' lang='lat'><strong>752</strong></span> 
     </span>
    </p>
   </div>
   <div class='ocr_carea' id='block_1_5' title="bbox 403 433 3679 525">
    <p class='ocr_par' dir='ltr' id='par_1_5' title="bbox 403 433 3679 525">
     <span class='ocr_line' id='line_1_5' title="bbox 403 433 3679 525; baseline -0.008 -12"><span class='ocrx_word' id='word_1_10' title='bbox 403 458 460 514; x_wconf 90' lang='lat' dir='ltr'><strong>in</strong></span> <span class='ocrx_word' id='word_1_11' title='bbox 486 456 699 512; x_wconf 80' lang='lat' dir='ltr'><strong>incessu</strong></span> <span class='ocrx_word' id='word_1_12' title='bbox 719 454 971 510; x_wconf 85' lang='lat' dir='ltr'><strong>Leonidis</strong></span> <span class='ocrx_word' id='word_1_13' title='bbox 990 453 1267 525; x_wconf 79' lang='lat' dir='ltr'><strong>paedagogi</strong></span> <span class='ocrx_word' id='word_1_14' title='bbox 1293 451 1375 507; x_wconf 91' lang='lat' dir='ltr'><strong>sui</strong></span> <span class='ocrx_word' id='word_1_15' title='bbox 1401 465 1505 505; x_wconf 91' lang='lat' dir='ltr'><strong>non</strong></span> <span class='ocrx_word' id='word_1_16' title='bbox 1535 448 1778 518; x_wconf 89' lang='lat' dir='ltr'><strong>potuisse</strong></span> <span class='ocrx_word' id='word_1_17' title='bbox 1796 459 1984 500; x_wconf 84' lang='lat' dir='ltr'><strong>carere</strong></span> <span class='ocrx_word' id='word_1_18' title='bbox 2011 450 2064 508; x_wconf 82' lang='grc' dir='ltr'><strong>Α</strong></span> <span class='ocrx_word' id='word_1_19' title='bbox 2090 444 2302 500; x_wconf 82' lang='lat' dir='ltr'><strong>fidelem</strong></span> <span class='ocrx_word' id='word_1_20' title='bbox 2325 443 2458 510; x_wconf 91' lang='lat' dir='ltr'><strong>odit,</strong></span> <span class='ocrx_word' id='word_1_21' title='bbox 2484 441 2750 512; x_wconf 81' lang='lat' dir='ltr'><strong>perimat:</strong></span> <span class='ocrx_word' id='word_1_22' title='bbox 2772 439 2935 493; x_wconf 93' lang='lat' dir='ltr'><strong>timeo</strong></span> <span class='ocrx_word' id='word_1_23' title='bbox 2964 435 3032 490; x_wconf 90' lang='lat' dir='ltr'><strong>ad</strong></span> <span class='ocrx_word' id='word_1_24' title='bbox 3059 433 3391 492; x_wconf 82' lang='lat' dir='ltr'><strong>exercendas</strong></span> <span class='ocrx_word' id='word_1_25' title='bbox 3414 433 3679 488; x_wconf 82' lang='lat' dir='ltr'><strong>virtutum</strong></span> 
     </span>
    </p>
   </div>
   <div class='ocr_carea' id='block_1_6' title="bbox 404 540 1766 618">
    <p class='ocr_par' dir='ltr' id='par_1_6' title="bbox 404 540 1766 618">
     <span class='ocr_line' id='line_1_6' title="bbox 404 540 1766 618; baseline -0.01 -13"><span class='ocrx_word' id='word_1_26' title='bbox 404 549 572 614; x_wconf 91' lang='lat' dir='ltr'><strong>vitiis,</strong></span> <span class='ocrx_word' id='word_1_27' title='bbox 598 548 794 618; x_wconf 87' lang='lat' dir='ltr'><strong>quibus</strong></span> <span class='ocrx_word' id='word_1_28' title='bbox 821 546 1078 616; x_wconf 82' lang='lat' dir='ltr'><strong>parvulus</strong></span> <span class='ocrx_word' id='word_1_29' title='bbox 1103 545 1280 599; x_wconf 85' lang='lat' dir='ltr'><strong>adhuc</strong></span> <span class='ocrx_word' id='word_1_30' title='bbox 1309 543 1486 598; x_wconf 83' lang='lat' dir='ltr'><strong>fuerat</strong></span> <span class='ocrx_word' id='word_1_31' title='bbox 1515 540 1766 596; x_wconf 80' lang='lat' dir='ltr'><strong>infectus.</strong></span> 
     </span>
    </p>
   </div>
   <div class='ocr_carea' id='block_1_7' title="bbox 475 628 1981 707">
    <p class='ocr_par' dir='ltr' id='par_1_7' title="bbox 475 628 1981 707">
     <span class='ocr_line' id='line_1_7' title="bbox 475 628 1981 707; baseline -0.01 -15"><span class='ocrx_word' id='word_1_32' title='bbox 475 637 629 692; x_wconf 79' lang='lat' dir='ltr'><strong>Dives</strong></span> <span class='ocrx_word' id='word_1_33' title='bbox 654 635 970 707; x_wconf 80' lang='lat' dir='ltr'><strong>pauperibus</strong></span> <span class='ocrx_word' id='word_1_34' title='bbox 999 633 1219 703; x_wconf 86' lang='lat' dir='ltr'><strong>imperat</strong></span> <span class='ocrx_word' id='word_1_35' title='bbox 1251 645 1268 682; x_wconf 83' lang='lat'><strong>.&#39;</strong></span> <span class='ocrx_word' id='word_1_36' title='bbox 1305 640 1350 685; x_wconf 90' lang='lat' dir='ltr'><strong>et</strong></span> <span class='ocrx_word' id='word_1_37' title='bbox 1387 631 1476 701; x_wconf 91' lang='lat' dir='ltr'><strong>qui</strong></span> <span class='ocrx_word' id='word_1_38' title='bbox 1504 628 1690 699; x_wconf 89' lang='lat' dir='ltr'><strong>accipit</strong></span> <span class='ocrx_word' id='word_1_39' title='bbox 1720 635 1981 691; x_wconf 88' lang='lat' dir='ltr'><strong>mutuum,</strong></span> 
     </span>
    </p>
   </div>
   <div class='ocr_carea' id='block_1_8' title="bbox 404 715 1990 794">
    <p class='ocr_par' dir='ltr' id='par_1_8' title="bbox 404 715 1990 794">
     <span class='ocr_line' id='line_1_8' title="bbox 404 715 1990 794; baseline -0.009 -12"><span class='ocrx_word' id='word_1_40' title='bbox 404 743 582 782; x_wconf 83' lang='lat' dir='ltr'><strong>servus</strong></span> <span class='ocrx_word' id='word_1_41' title='bbox 611 733 685 794; x_wconf 86' lang='lat' dir='ltr'><strong>est</strong></span> <span class='ocrx_word' id='word_1_42' title='bbox 719 723 1024 794; x_wconf 78' lang='lat' dir='ltr'><strong>fenerantis.</strong></span> <span class='ocrx_word' id='word_1_43' title='bbox 1053 721 1212 775; x_wconf 88' lang='lat' dir='ltr'><strong>Patet</strong></span> <span class='ocrx_word' id='word_1_44' title='bbox 1232 720 1390 790; x_wconf 77' lang='lat' dir='ltr'><strong>juxta</strong></span> <span class='ocrx_word' id='word_1_45' title='bbox 1415 719 1670 781; x_wconf 83' lang='lat' dir='ltr'><strong>litteram,</strong></span> <span class='ocrx_word' id='word_1_46' title='bbox 1698 717 1792 772; x_wconf 90' lang='lat' dir='ltr'><strong>sed</strong></span> <span class='ocrx_word' id='word_1_47' title='bbox 1828 724 1884 770; x_wconf 89' lang='lat' dir='ltr'><strong>et</strong></span> <span class='ocrx_word' id='word_1_48' title='bbox 1909 715 1990 768; x_wconf 85' lang='lat' dir='ltr'><strong>di-</strong></span> 
     </span>
    </p>
   </div>
   <div class='ocr_carea' id='block_1_9' title="bbox 406 806 1989 884">
    <p class='ocr_par' dir='ltr' id='par_1_9' title="bbox 406 806 1989 884">
     <span class='ocr_line' id='line_1_9' title="bbox 406 806 1989 884; baseline -0.01 -8"><span class='ocrx_word' id='word_1_49' title='bbox 406 823 544 876; x_wconf 84' lang='lat' dir='ltr'><strong>vites</strong></span> <span class='ocrx_word' id='word_1_50' title='bbox 566 817 856 875; x_wconf 81' lang='lat' dir='ltr'><strong>virtutibus</strong></span> <span class='ocrx_word' id='word_1_51' title='bbox 883 816 937 869; x_wconf 90' lang='lat' dir='ltr'><strong>in</strong></span> <span class='ocrx_word' id='word_1_52' title='bbox 959 814 1175 884; x_wconf 82' lang='lat' dir='ltr'><strong>judicio</strong></span> <span class='ocrx_word' id='word_1_53' title='bbox 1204 812 1400 879; x_wconf 86' lang='lat' dir='ltr'><strong>occulti</strong></span> <span class='ocrx_word' id='word_1_54' title='bbox 1429 809 1754 882; x_wconf 84' lang='lat' dir='ltr'><strong>inspectoris</strong></span> <span class='ocrx_word' id='word_1_55' title='bbox 1784 806 1989 877; x_wconf 83' lang='lat' dir='ltr'><strong>princi-</strong></span> 
     </span>
    </p>
   </div>
   <div class='ocr_carea' id='block_1_10' title="bbox 406 899 1986 986">
    <p class='ocr_par' dir='ltr' id='par_1_10' title="bbox 406 899 1986 986">
     <span class='ocr_line' id='line_1_10' title="bbox 406 899 1986 986; baseline -0.013 -16"><span class='ocrx_word' id='word_1_56' title='bbox 406 925 602 986; x_wconf 85' lang='lat' dir='ltr'><strong>pantur</strong></span> <span class='ocrx_word' id='word_1_57' title='bbox 627 912 726 978; x_wconf 90' lang='lat' dir='ltr'><strong>eis,</strong></span> <span class='ocrx_word' id='word_1_58' title='bbox 777 911 885 964; x_wconf 90' lang='lat' dir='ltr'><strong>imo</strong></span> <span class='ocrx_word' id='word_1_59' title='bbox 925 923 1115 964; x_wconf 88' lang='lat' dir='ltr'><strong>eorum</strong></span> <span class='ocrx_word' id='word_1_60' title='bbox 1165 907 1216 960; x_wconf 89' lang='lat' dir='ltr'><strong>in</strong></span> <span class='ocrx_word' id='word_1_61' title='bbox 1253 904 1435 959; x_wconf 86' lang='lat' dir='ltr'><strong>futuro</strong></span> <span class='ocrx_word' id='word_1_62' title='bbox 1473 901 1686 970; x_wconf 88' lang='lat' dir='ltr'><strong>judices</strong></span> <span class='ocrx_word' id='word_1_63' title='bbox 1723 899 1986 962; x_wconf 78' lang='lat' dir='ltr'><strong>exiswut,</strong></span> 
     </span>
    </p>
   </div>
   <div class='ocr_carea' id='block_1_11' title="bbox 407 992 1991 1080">
    <p class='ocr_par' dir='ltr' id='par_1_11' title="bbox 407 992 1991 1080">
     <span class='ocr_line' id='line_1_11' title="bbox 407 992 1991 1080; baseline -0.012 -15"><span class='ocrx_word' id='word_1_64' title='bbox 407 1010 500 1080; x_wconf 90' lang='lat' dir='ltr'><strong>qui</strong></span> <span class='ocrx_word' id='word_1_65' title='bbox 525 1008 787 1063; x_wconf 88' lang='lat' dir='ltr'><strong>virtutum</strong></span> <span class='ocrx_word' id='word_1_66' title='bbox 815 1004 1013 1059; x_wconf 85' lang='lat' dir='ltr'><strong>divitiis</strong></span> <span class='ocrx_word' id='word_1_67' title='bbox 1043 1009 1250 1057; x_wconf 90' lang='lat' dir='ltr'><strong>carent.</strong></span> <span class='ocrx_word' id='word_1_68' title='bbox 1278 1001 1346 1054; x_wconf 87' lang='lat' dir='ltr'><strong>Et</strong></span> <span class='ocrx_word' id='word_1_69' title='bbox 1371 999 1464 1068; x_wconf 90' lang='lat' dir='ltr'><strong>qui</strong></span> <span class='ocrx_word' id='word_1_70' title='bbox 1490 997 1714 1052; x_wconf 86' lang='lat' dir='ltr'><strong>verbum</strong></span> <span class='ocrx_word' id='word_1_71' title='bbox 1737 992 1991 1048; x_wconf 88' lang='lat' dir='ltr'><strong>salutaris</strong></span> 
     </span>
    </p>
   </div>
   <div class='ocr_carea' id='block_1_12' title="bbox 409 1087 1993 1168">
    <p class='ocr_par' dir='ltr' id='par_1_12' title="bbox 409 1087 1993 1168">
     <span class='ocr_line' id='line_1_12' title="bbox 409 1087 1993 1168; baseline -0.011 -9"><span class='ocrx_word' id='word_1_72' title='bbox 409 1103 667 1160; x_wconf 66' lang='lat' dir='ltr'><strong>doctrinae</strong></span> <span class='ocrx_word' id='word_1_73' title='bbox 709 1099 903 1168; x_wconf 89' lang='lat' dir='ltr'><strong>accipit</strong></span> <span class='ocrx_word' id='word_1_74' title='bbox 930 1113 960 1151; x_wconf 87' lang='lat' dir='ltr'><strong>a</strong></span> <span class='ocrx_word' id='word_1_75' title='bbox 998 1097 1240 1161; x_wconf 91' lang='lat' dir='ltr'><strong>doctore,</strong></span> <span class='ocrx_word' id='word_1_76' title='bbox 1283 1108 1474 1149; x_wconf 88' lang='lat' dir='ltr'><strong>servus</strong></span> <span class='ocrx_word' id='word_1_77' title='bbox 1503 1099 1587 1147; x_wconf 91' lang='lat' dir='ltr'><strong>est</strong></span> <span class='ocrx_word' id='word_1_78' title='bbox 1627 1089 1868 1161; x_wconf 83' lang='lat' dir='ltr'><strong>ejusdem</strong></span> <span class='ocrx_word' id='word_1_79' title='bbox 1900 1087 1993 1143; x_wconf 81' lang='lat' dir='ltr'><strong>do-</strong></span> 
     </span>
    </p>
   </div>
   <div class='ocr_carea' id='block_1_13' title="bbox 408 1180 1994 1257">
    <p class='ocr_par' dir='ltr' id='par_1_13' title="bbox 408 1180 1994 1257">
     <span class='ocr_line' id='line_1_13' title="bbox 408 1180 1994 1257; baseline -0.009 -8"><span class='ocrx_word' id='word_1_80' title='bbox 408 1192 594 1256; x_wconf 90' lang='lat' dir='ltr'><strong>ctoris,</strong></span> <span class='ocrx_word' id='word_1_81' title='bbox 627 1191 680 1246; x_wconf 90' lang='lat' dir='ltr'><strong>id</strong></span> <span class='ocrx_word' id='word_1_82' title='bbox 708 1201 812 1256; x_wconf 89' lang='lat' dir='ltr'><strong>est,</strong></span> <span class='ocrx_word' id='word_1_83' title='bbox 847 1188 1056 1245; x_wconf 87' lang='lat' dir='ltr'><strong>debitor</strong></span> <span class='ocrx_word' id='word_1_84' title='bbox 1088 1185 1348 1257; x_wconf 89' lang='lat' dir='ltr'><strong>implendi</strong></span> <span class='ocrx_word' id='word_1_85' title='bbox 1374 1184 1560 1239; x_wconf 86' lang='lat' dir='ltr'><strong>omnia</strong></span> <span class='ocrx_word' id='word_1_86' title='bbox 1600 1198 1722 1253; x_wconf 68' lang='lat' dir='ltr'><strong>quae</strong></span> <span class='ocrx_word' id='word_1_87' title='bbox 1755 1180 1844 1235; x_wconf 89' lang='lat' dir='ltr'><strong>ille</strong></span> <span class='ocrx_word' id='word_1_88' title='bbox 1879 1195 1994 1235; x_wconf 85' lang='lat' dir='ltr'><strong>ma-</strong></span> 
     </span>
    </p>
   </div>
   <div class='ocr_carea' id='block_1_14' title="bbox 409 1278 1323 1355">
    <p class='ocr_par' dir='ltr' id='par_1_14' title="bbox 409 1278 1323 1355">
     <span class='ocr_line' id='line_1_14' title="bbox 409 1278 1323 1355; baseline -0.01 -16"><span class='ocrx_word' id='word_1_89' title='bbox 409 1283 614 1355; x_wconf 82' lang='lat' dir='ltr'><strong>gisterii</strong></span> <span class='ocrx_word' id='word_1_90' title='bbox 646 1280 883 1337; x_wconf 60' lang='lat' dir='ltr'><strong>caelestis</strong></span> <span class='ocrx_word' id='word_1_91' title='bbox 911 1279 1033 1348; x_wconf 87' lang='lat' dir='ltr'><strong>jure</strong></span> <span class='ocrx_word' id='word_1_92' title='bbox 1061 1278 1323 1349; x_wconf 69' lang='lat' dir='ltr'><strong>praecipit.</strong></span> 
     </span>
    </p>
   </div>
   <div class='ocr_carea' id='block_1_15' title="bbox 479 1358 1995 1436">
    <p class='ocr_par' dir='ltr' id='par_1_15' title="bbox 479 1358 1995 1436">
     <span class='ocr_line' id='line_1_15' title="bbox 479 1358 1995 1436; baseline -0.007 -15"><span class='ocrx_word' id='word_1_93' title='bbox 479 1367 582 1434; x_wconf 90' lang='lat' dir='ltr'><strong>Qui</strong></span> <span class='ocrx_word' id='word_1_94' title='bbox 624 1368 844 1421; x_wconf 78' lang='lat' dir='ltr'><strong>seminat</strong></span> <span class='ocrx_word' id='word_1_95' title='bbox 887 1365 1216 1436; x_wconf 78' lang='lat' dir='ltr'><strong>iniquitatem</strong></span> <span class='ocrx_word' id='word_1_96' title='bbox 1252 1371 1405 1417; x_wconf 86' lang='lat' dir='ltr'><strong>metet</strong></span> <span class='ocrx_word' id='word_1_97' title='bbox 1451 1360 1617 1415; x_wconf 88' lang='lat' dir='ltr'><strong>mala:</strong></span> <span class='ocrx_word' id='word_1_98' title='bbox 1652 1358 1874 1414; x_wconf 80' lang='lat' dir='ltr'><strong>Certum</strong></span> <span class='ocrx_word' id='word_1_99' title='bbox 1910 1364 1995 1411; x_wconf 90' lang='lat' dir='ltr'><strong>est</strong></span> 
     </span>
    </p>
   </div>
   <div class='ocr_carea' id='block_1_16' title="bbox 408 1451 1990 1531">
    <p class='ocr_par' dir='ltr' id='par_1_16' title="bbox 408 1451 1990 1531">
     <span class='ocr_line' id='line_1_16' title="bbox 408 1451 1990 1531; baseline -0.006 -17"><span class='ocrx_word' id='word_1_100' title='bbox 408 1460 532 1531; x_wconf 88' lang='lat' dir='ltr'><strong>quia</strong></span> <span class='ocrx_word' id='word_1_101' title='bbox 565 1460 611 1515; x_wconf 92' lang='lat' dir='ltr'><strong>is</strong></span> <span class='ocrx_word' id='word_1_102' title='bbox 637 1459 729 1528; x_wconf 89' lang='lat' dir='ltr'><strong>qui</strong></span> <span class='ocrx_word' id='word_1_103' title='bbox 759 1457 843 1513; x_wconf 86' lang='lat' dir='ltr'><strong>vel</strong></span> <span class='ocrx_word' id='word_1_104' title='bbox 874 1459 1040 1513; x_wconf 91' lang='lat' dir='ltr'><strong>verbo</strong></span> <span class='ocrx_word' id='word_1_105' title='bbox 1061 1456 1145 1511; x_wconf 89' lang='lat' dir='ltr'><strong>vel</strong></span> <span class='ocrx_word' id='word_1_106' title='bbox 1169 1454 1420 1524; x_wconf 83' lang='lat' dir='ltr'><strong>exemplo</strong></span> <span class='ocrx_word' id='word_1_107' title='bbox 1442 1453 1604 1509; x_wconf 89' lang='lat' dir='ltr'><strong>docet</strong></span> <span class='ocrx_word' id='word_1_108' title='bbox 1627 1451 1990 1522; x_wconf 87' lang='lat' dir='ltr'><strong>iniquitatem,</strong></span> 
     </span>
    </p>
   </div>
   <div class='ocr_carea' id='block_1_17' title="bbox 409 1544 1614 1621">
    <p class='ocr_par' dir='ltr' id='par_1_17' title="bbox 409 1544 1614 1621">
     <span class='ocr_line' id='line_1_17' title="bbox 409 1544 1614 1621; baseline -0.005 -18"><span class='ocrx_word' id='word_1_109' title='bbox 409 1551 635 1621; x_wconf 83' lang='lat' dir='ltr'><strong>recipiet</strong></span> <span class='ocrx_word' id='word_1_110' title='bbox 661 1549 972 1604; x_wconf 88' lang='lat' dir='ltr'><strong>vindiclam.</strong></span> <span class='ocrx_word' id='word_1_111' title='bbox 1037 1546 1142 1602; x_wconf 85' lang='lat' dir='ltr'><strong>Sed</strong></span> <span class='ocrx_word' id='word_1_112' title='bbox 1172 1546 1298 1616; x_wconf 90' lang='lat' dir='ltr'><strong>quia</strong></span> <span class='ocrx_word' id='word_1_113' title='bbox 1331 1544 1577 1614; x_wconf 87' lang='lat' dir='ltr'><strong>sequitur</strong></span> <span class='ocrx_word' id='word_1_114' title='bbox 1602 1561 1614 1597; x_wconf 90' lang='lat'><strong>:</strong></span> 
     </span>
    </p>
   </div>
   <div class='ocr_carea' id='block_1_18' title="bbox 482 1635 1995 1712">
    <p class='ocr_par' dir='ltr' id='par_1_18' title="bbox 482 1635 1995 1712">
     <span class='ocr_line' id='line_1_18' title="bbox 482 1635 1995 1712; baseline -0.005 -17"><span class='ocrx_word' id='word_1_115' title='bbox 482 1643 550 1695; x_wconf 83' lang='lat' dir='ltr'><strong>Et</strong></span> <span class='ocrx_word' id='word_1_116' title='bbox 590 1642 733 1712; x_wconf 86' lang='lat' dir='ltr'><strong>virga</strong></span> <span class='ocrx_word' id='word_1_117' title='bbox 769 1641 863 1695; x_wconf 76' lang='lat' dir='ltr'><strong>ira:</strong></span> <span class='ocrx_word' id='word_1_118' title='bbox 903 1657 1014 1694; x_wconf 69' lang='lat' dir='ltr'><strong>suae</strong></span> <span class='ocrx_word' id='word_1_119' title='bbox 1045 1638 1514 1703; x_wconf 86' lang='lat' dir='ltr'><strong>consummabitur,</strong></span> <span class='ocrx_word' id='word_1_120' title='bbox 1567 1635 1715 1691; x_wconf 88' lang='lat' dir='ltr'><strong>illam</strong></span> <span class='ocrx_word' id='word_1_121' title='bbox 1760 1635 1995 1689; x_wconf 82' lang='lat' dir='ltr'><strong>maxime</strong></span> 
     </span>
    </p>
   </div>
   <div class='ocr_carea' id='block_1_19' title="bbox 410 1727 1996 1802">
    <p class='ocr_par' dir='ltr' id='par_1_19' title="bbox 410 1727 1996 1802">
     <span class='ocr_line' id='line_1_19' title="bbox 410 1727 1996 1802; baseline -0.004 -16"><span class='ocrx_word' id='word_1_122' title='bbox 410 1733 746 1802; x_wconf 80' lang='lat' dir='ltr'><strong>iniquitatem</strong></span> <span class='ocrx_word' id='word_1_123' title='bbox 764 1733 979 1787; x_wconf 88' lang='lat' dir='ltr'><strong>videtur</strong></span> <span class='ocrx_word' id='word_1_124' title='bbox 997 1730 1177 1785; x_wconf 91' lang='lat' dir='ltr'><strong>dicere</strong></span> <span class='ocrx_word' id='word_1_125' title='bbox 1200 1745 1321 1799; x_wconf 71' lang='lat' dir='ltr'><strong>qua:</strong></span> <span class='ocrx_word' id='word_1_126' title='bbox 1346 1728 1538 1783; x_wconf 88' lang='lat' dir='ltr'><strong>immiti</strong></span> <span class='ocrx_word' id='word_1_127' title='bbox 1559 1736 1614 1781; x_wconf 93' lang='lat' dir='ltr'><strong>et</strong></span> <span class='ocrx_word' id='word_1_128' title='bbox 1633 1727 1794 1796; x_wconf 89' lang='lat' dir='ltr'><strong>impia</strong></span> <span class='ocrx_word' id='word_1_129' title='bbox 1816 1735 1996 1780; x_wconf 90' lang='lat' dir='ltr'><strong>mente</strong></span> 
     </span>
    </p>
   </div>
   <div class='ocr_carea' id='block_1_20' title="bbox 2091 525 3677 603">
    <p class='ocr_par' dir='ltr' id='par_1_20' title="bbox 2091 525 3677 603">
     <span class='ocr_line' id='line_1_20' title="bbox 2091 525 3677 603; baseline -0.004 -14"><span class='ocrx_word' id='word_1_130' title='bbox 2091 535 2332 589; x_wconf 88' lang='lat' dir='ltr'><strong>actiones</strong></span> <span class='ocrx_word' id='word_1_131' title='bbox 2371 533 2422 588; x_wconf 90' lang='lat' dir='ltr'><strong>in</strong></span> <span class='ocrx_word' id='word_1_132' title='bbox 2460 531 2733 603; x_wconf 89' lang='lat' dir='ltr'><strong>publicum</strong></span> <span class='ocrx_word' id='word_1_133' title='bbox 2779 527 3054 600; x_wconf 78' lang='lat' dir='ltr'><strong>progredi,</strong></span> <span class='ocrx_word' id='word_1_134' title='bbox 3094 543 3162 582; x_wconf 90' lang='lat' dir='ltr'><strong>ne</strong></span> <span class='ocrx_word' id='word_1_135' title='bbox 3188 526 3326 581; x_wconf 84' lang='lat' dir='ltr'><strong>forte</strong></span> <span class='ocrx_word' id='word_1_136' title='bbox 3351 540 3437 581; x_wconf 91' lang='lat' dir='ltr'><strong>me</strong></span> <span class='ocrx_word' id='word_1_137' title='bbox 3463 525 3549 581; x_wconf 88' lang='lat' dir='ltr'><strong>vel</strong></span> <span class='ocrx_word' id='word_1_138' title='bbox 3578 541 3677 582; x_wconf 84' lang='lat' dir='ltr'><strong>an-</strong></span> 
     </span>
    </p>
   </div>
   <div class='ocr_carea' id='block_1_21' title="bbox 2091 618 3681 696">
    <p class='ocr_par' dir='ltr' id='par_1_21' title="bbox 2091 618 3681 696">
     <span class='ocr_line' id='line_1_21' title="bbox 2091 618 3681 696; baseline -0.004 -16"><span class='ocrx_word' id='word_1_139' title='bbox 2091 626 2230 696; x_wconf 88' lang='lat' dir='ltr'><strong>tiqui</strong></span> <span class='ocrx_word' id='word_1_140' title='bbox 2257 626 2429 681; x_wconf 86' lang='lat' dir='ltr'><strong>hostis</strong></span> <span class='ocrx_word' id='word_1_141' title='bbox 2458 619 2756 678; x_wconf 83' lang='lat' dir='ltr'><strong>adversitas</strong></span> <span class='ocrx_word' id='word_1_142' title='bbox 2785 622 3002 694; x_wconf 81' lang='lat' dir='ltr'><strong>gravior</strong></span> <span class='ocrx_word' id='word_1_143' title='bbox 3033 629 3183 676; x_wconf 91' lang='lat' dir='ltr'><strong>tenet</strong></span> <span class='ocrx_word' id='word_1_144' title='bbox 3209 618 3418 692; x_wconf 89' lang='lat' dir='ltr'><strong>[Forte,</strong></span> <span class='ocrx_word' id='word_1_145' title='bbox 3461 618 3681 692; x_wconf 85' lang='lat' dir='ltr'><strong>tentet],</strong></span> 
     </span>
    </p>
   </div>
   <div class='ocr_carea' id='block_1_22' title="bbox 2090 707 3685 784">
    <p class='ocr_par' dir='ltr' id='par_1_22' title="bbox 2090 707 3685 784">
     <span class='ocr_line' id='line_1_22' title="bbox 2090 707 3685 784; baseline -0.004 -14"><span class='ocrx_word' id='word_1_146' title='bbox 2090 715 2176 770; x_wconf 93' lang='lat' dir='ltr'><strong>vel</strong></span> <span class='ocrx_word' id='word_1_147' title='bbox 2195 715 2360 770; x_wconf 89' lang='lat' dir='ltr'><strong>etiam</strong></span> <span class='ocrx_word' id='word_1_148' title='bbox 2383 714 2545 769; x_wconf 88' lang='lat' dir='ltr'><strong>homo</strong></span> <span class='ocrx_word' id='word_1_149' title='bbox 2569 712 2794 784; x_wconf 85' lang='lat' dir='ltr'><strong>quilibet</strong></span> <span class='ocrx_word' id='word_1_150' title='bbox 2819 707 3110 783; x_wconf 86' lang='lat' dir='ltr'><strong>perversus</strong></span> <span class='ocrx_word' id='word_1_151' title='bbox 3134 727 3258 768; x_wconf 92' lang='lat' dir='ltr'><strong>cum</strong></span> <span class='ocrx_word' id='word_1_152' title='bbox 3282 726 3503 767; x_wconf 89' lang='lat' dir='ltr'><strong>suorum</strong></span> <span class='ocrx_word' id='word_1_153' title='bbox 3525 711 3685 765; x_wconf 85' lang='lat' dir='ltr'><strong>turba</strong></span> 
     </span>
    </p>
   </div>
   <div class='ocr_carea' id='block_1_23' title="bbox 2092 800 3687 873">
    <p class='ocr_par' dir='ltr' id='par_1_23' title="bbox 2092 800 3687 873">
     <span class='ocr_line' id='line_1_23' title="bbox 2092 800 3687 873; baseline -0.003 -13"><span class='ocrx_word' id='word_1_154' title='bbox 2092 805 2367 871; x_wconf 87' lang='lat' dir='ltr'><strong>derideat,</strong></span> <span class='ocrx_word' id='word_1_155' title='bbox 2417 805 2676 860; x_wconf 88' lang='lat' dir='ltr'><strong>conviciis</strong></span> <span class='ocrx_word' id='word_1_156' title='bbox 2705 803 3018 869; x_wconf 86' lang='lat' dir='ltr'><strong>confundat,</strong></span> <span class='ocrx_word' id='word_1_157' title='bbox 3071 802 3283 873; x_wconf 91' lang='lat' dir='ltr'><strong>injuriis</strong></span> <span class='ocrx_word' id='word_1_158' title='bbox 3313 800 3536 867; x_wconf 76' lang='lat' dir='ltr'><strong>alliciat,</strong></span> <span class='ocrx_word' id='word_1_159' title='bbox 3593 808 3687 856; x_wconf 90' lang='lat' dir='ltr'><strong>aut</strong></span> 
     </span>
    </p>
   </div>
   <div class='ocr_carea' id='block_1_24' title="bbox 2092 892 3684 965">
    <p class='ocr_par' dir='ltr' id='par_1_24' title="bbox 2092 892 3684 965">
     <span class='ocr_line' id='line_1_24' title="bbox 2092 892 3684 965; baseline -0.003 -14"><span class='ocrx_word' id='word_1_160' title='bbox 2092 897 2232 951; x_wconf 90' lang='lat' dir='ltr'><strong>sicut</strong></span> <span class='ocrx_word' id='word_1_161' title='bbox 2257 896 2453 952; x_wconf 90' lang='lat' dir='ltr'><strong>multos</strong></span> <span class='ocrx_word' id='word_1_162' title='bbox 2473 894 2766 964; x_wconf 76' lang='lat' dir='ltr'><strong>iustorum,</strong></span> <span class='ocrx_word' id='word_1_163' title='bbox 2808 895 2936 964; x_wconf 91' lang='lat' dir='ltr'><strong>quia</strong></span> <span class='ocrx_word' id='word_1_164' title='bbox 2960 896 3028 950; x_wconf 89' lang='lat' dir='ltr'><strong>ab</strong></span> <span class='ocrx_word' id='word_1_165' title='bbox 3057 894 3174 965; x_wconf 89' lang='lat' dir='ltr'><strong>ejus</strong></span> <span class='ocrx_word' id='word_1_166' title='bbox 3212 893 3324 948; x_wconf 91' lang='lat' dir='ltr'><strong>vita</strong></span> <span class='ocrx_word' id='word_1_167' title='bbox 3354 892 3684 958; x_wconf 86' lang='lat' dir='ltr'><strong>discordem,</strong></span> 
     </span>
    </p>
   </div>
   <div class='ocr_carea' id='block_1_25' title="bbox 2049 983 3687 1055">
    <p class='ocr_par' dir='ltr' id='par_1_25' title="bbox 2049 983 3687 1055">
     <span class='ocr_line' id='line_1_25' title="bbox 2049 983 3687 1055; baseline -0.004 -13"><span class='ocrx_word' id='word_1_168' title='bbox 2049 1020 2052 1023; x_wconf 98' lang='lat'><strong><em>-</em></strong></span> <span class='ocrx_word' id='word_1_169' title='bbox 2095 987 2379 1042; x_wconf 89' lang='lat' dir='ltr'><strong>tormentis</strong></span> <span class='ocrx_word' id='word_1_170' title='bbox 2399 984 2456 1042; x_wconf 85' lang='lat' dir='ltr'><strong>et</strong></span> <span class='ocrx_word' id='word_1_171' title='bbox 2468 995 2642 1042; x_wconf 85' lang='lat' dir='ltr'><strong>morte</strong></span> <span class='ocrx_word' id='word_1_172' title='bbox 2656 995 2959 1043; x_wconf 89' lang='lat' dir='ltr'><strong>consumat.</strong></span> <span class='ocrx_word' id='word_1_173' title='bbox 2977 984 3081 1040; x_wconf 87' lang='lat' dir='ltr'><strong>Leo</strong></span> <span class='ocrx_word' id='word_1_174' title='bbox 3091 1025 3106 1051; x_wconf 91' lang='lat'><strong>,</strong></span> <span class='ocrx_word' id='word_1_175' title='bbox 3122 985 3314 1055; x_wconf 86' lang='lat' dir='ltr'><strong>inquit,</strong></span> <span class='ocrx_word' id='word_1_176' title='bbox 3336 983 3487 1053; x_wconf 86' lang='lat' dir='ltr'><strong>foris,</strong></span> <span class='ocrx_word' id='word_1_177' title='bbox 3506 985 3561 1037; x_wconf 91' lang='lat' dir='ltr'><strong>in</strong></span> <span class='ocrx_word' id='word_1_178' title='bbox 3575 999 3687 1036; x_wconf 83' lang='lat' dir='ltr'><strong>me-</strong></span> 
     </span>
    </p>
   </div>
   <div class='ocr_carea' id='block_1_26' title="bbox 2094 1076 3681 1149">
    <p class='ocr_par' dir='ltr' id='par_1_26' title="bbox 2094 1076 3681 1149">
     <span class='ocr_line' id='line_1_26' title="bbox 2094 1076 3681 1149; baseline 0 -18"><span class='ocrx_word' id='word_1_179' title='bbox 2094 1079 2181 1132; x_wconf 88' lang='lat' dir='ltr'><strong>dio</strong></span> <span class='ocrx_word' id='word_1_180' title='bbox 2208 1077 2502 1149; x_wconf 86' lang='lat' dir='ltr'><strong>platearum</strong></span> <span class='ocrx_word' id='word_1_181' title='bbox 2517 1079 2830 1133; x_wconf 79' lang='lat' dir='ltr'><strong>occidendus</strong></span> <span class='ocrx_word' id='word_1_182' title='bbox 2851 1094 2988 1144; x_wconf 78' lang='lat' dir='ltr'><strong>sum,</strong></span> <span class='ocrx_word' id='word_1_183' title='bbox 3011 1077 3157 1148; x_wconf 89' lang='lat' dir='ltr'><strong>quod</strong></span> <span class='ocrx_word' id='word_1_184' title='bbox 3176 1085 3363 1147; x_wconf 88' lang='lat' dir='ltr'><strong>aperte</strong></span> <span class='ocrx_word' id='word_1_185' title='bbox 3376 1084 3461 1132; x_wconf 91' lang='lat' dir='ltr'><strong>est</strong></span> <span class='ocrx_word' id='word_1_186' title='bbox 3481 1076 3681 1142; x_wconf 88' lang='lat' dir='ltr'><strong>dicere,</strong></span> 
     </span>
    </p>
   </div>
   <div class='ocr_carea' id='block_1_27' title="bbox 2094 1169 3685 1240">
    <p class='ocr_par' dir='ltr' id='par_1_27' title="bbox 2094 1169 3685 1240">
     <span class='ocr_line' id='line_1_27' title="bbox 2094 1169 3685 1240; baseline -0.002 -14"><span class='ocrx_word' id='word_1_187' title='bbox 2094 1179 2153 1226; x_wconf 91' lang='lat' dir='ltr'><strong>et</strong></span> <span class='ocrx_word' id='word_1_188' title='bbox 2178 1171 2342 1226; x_wconf 89' lang='lat' dir='ltr'><strong>verba</strong></span> <span class='ocrx_word' id='word_1_189' title='bbox 2372 1180 2428 1226; x_wconf 92' lang='lat' dir='ltr'><strong>et</strong></span> <span class='ocrx_word' id='word_1_190' title='bbox 2459 1185 2624 1240; x_wconf 88' lang='lat' dir='ltr'><strong>opera</strong></span> <span class='ocrx_word' id='word_1_191' title='bbox 2651 1172 2936 1234; x_wconf 91' lang='lat' dir='ltr'><strong>virtutum,</strong></span> <span class='ocrx_word' id='word_1_192' title='bbox 2967 1170 3056 1224; x_wconf 91' lang='lat' dir='ltr'><strong>ubi</strong></span> <span class='ocrx_word' id='word_1_193' title='bbox 3090 1169 3303 1225; x_wconf 92' lang='lat' dir='ltr'><strong>ostendi</strong></span> <span class='ocrx_word' id='word_1_194' title='bbox 3331 1169 3476 1225; x_wconf 86' lang='lat' dir='ltr'><strong>foras</strong></span> <span class='ocrx_word' id='word_1_195' title='bbox 3504 1183 3685 1240; x_wconf 60' lang='lat' dir='ltr'><strong>caepe-</strong></span> 
     </span>
    </p>
   </div>
   <div class='ocr_carea' id='block_1_28' title="bbox 2098 1240 3684 1332">
    <p class='ocr_par' dir='ltr' id='par_1_28' title="bbox 2098 1240 3684 1332">
     <span class='ocr_line' id='line_1_28' title="bbox 2098 1240 3684 1332; baseline -0.001 -16"><span class='ocrx_word' id='word_1_196' title='bbox 2098 1262 2238 1328; x_wconf 90' lang='lat' dir='ltr'><strong>rint,</strong></span> <span class='ocrx_word' id='word_1_197' title='bbox 2277 1262 2461 1317; x_wconf 87' lang='lat' dir='ltr'><strong>statim</strong></span> <span class='ocrx_word' id='word_1_198' title='bbox 2494 1262 2801 1332; x_wconf 90' lang='lat' dir='ltr'><strong>persecutio</strong></span> <span class='ocrx_word' id='word_1_199' title='bbox 2829 1240 2914 1316; x_wconf 62' lang='grc' dir='ltr'><strong>ὅθι</strong></span> <span class='ocrx_word' id='word_1_200' title='bbox 2953 1261 3234 1316; x_wconf 89' lang='lat' dir='ltr'><strong>hominum</strong></span> <span class='ocrx_word' id='word_1_201' title='bbox 3263 1260 3347 1315; x_wconf 92' lang='lat' dir='ltr'><strong>vel</strong></span> <span class='ocrx_word' id='word_1_202' title='bbox 3398 1260 3684 1331; x_wconf 91' lang='lat' dir='ltr'><strong>spirituum</strong></span> 
     </span>
    </p>
   </div>
   <div class='ocr_carea' id='block_1_29' title="bbox 2055 1351 3682 1426">
    <p class='ocr_par' dir='ltr' id='par_1_29' title="bbox 2055 1351 3682 1426">
     <span class='ocr_line' id='line_1_29' title="bbox 2055 1351 3682 1426; baseline -0.001 -18"><span class='ocrx_word' id='word_1_203' title='bbox 2055 1393 2060 1396; x_wconf 50' lang='grc' dir='ltr'>ν</span> <span class='ocrx_word' id='word_1_204' title='bbox 2096 1353 2468 1426; x_wconf 89' lang='lat' dir='ltr'><strong>committatur</strong></span> <span class='ocrx_word' id='word_1_205' title='bbox 2495 1353 2914 1418; x_wconf 89' lang='lat' dir='ltr'><strong>immundorum,</strong></span> <span class='ocrx_word' id='word_1_206' title='bbox 2956 1367 3057 1406; x_wconf 89' lang='lat' dir='ltr'><strong>nec</strong></span> <span class='ocrx_word' id='word_1_207' title='bbox 3103 1351 3253 1406; x_wconf 87' lang='lat' dir='ltr'><strong>valeo</strong></span> <span class='ocrx_word' id='word_1_208' title='bbox 3293 1351 3682 1406; x_wconf 88' lang='lat' dir='ltr'><strong>tentationibus</strong></span> 
     </span>
    </p>
   </div>
   <div class='ocr_carea' id='block_1_30' title="bbox 2096 1442 3676 1514">
    <p class='ocr_par' dir='ltr' id='par_1_30' title="bbox 2096 1442 3676 1514">
     <span class='ocr_line' id='line_1_30' title="bbox 2096 1442 3676 1514; baseline -0.003 -14"><span class='ocrx_word' id='word_1_209' title='bbox 2096 1446 2369 1512; x_wconf 90' lang='lat' dir='ltr'><strong>resistere,</strong></span> <span class='ocrx_word' id='word_1_210' title='bbox 2402 1445 2496 1499; x_wconf 90' lang='lat' dir='ltr'><strong>sed</strong></span> <span class='ocrx_word' id='word_1_211' title='bbox 2526 1444 2581 1498; x_wconf 91' lang='lat' dir='ltr'><strong>in</strong></span> <span class='ocrx_word' id='word_1_212' title='bbox 2612 1442 2744 1514; x_wconf 91' lang='lat' dir='ltr'><strong>ipsis</strong></span> <span class='ocrx_word' id='word_1_213' title='bbox 2770 1444 2896 1499; x_wconf 91' lang='lat' dir='ltr'><strong>boni</strong></span> <span class='ocrx_word' id='word_1_214' title='bbox 2918 1442 3182 1513; x_wconf 88' lang='lat' dir='ltr'><strong>propositi</strong></span> <span class='ocrx_word' id='word_1_215' title='bbox 3212 1442 3397 1496; x_wconf 86' lang='lat' dir='ltr'><strong>vincar</strong></span> <span class='ocrx_word' id='word_1_216' title='bbox 3427 1442 3676 1511; x_wconf 89' lang='lat' dir='ltr'><strong>inceptis.</strong></span> 
     </span>
    </p>
   </div>
   <div class='ocr_carea' id='block_1_31' title="bbox 2168 1531 3685 1607">
    <p class='ocr_par' dir='ltr' id='par_1_31' title="bbox 2168 1531 3685 1607">
     <span class='ocr_line' id='line_1_31' title="bbox 2168 1531 3685 1607; baseline -0.005 -15"><span class='ocrx_word' id='word_1_217' title='bbox 2168 1536 2344 1592; x_wconf 88' lang='lat' dir='ltr'><strong>Fovea</strong></span> <span class='ocrx_word' id='word_1_218' title='bbox 2367 1536 2630 1607; x_wconf 81' lang='lat' dir='ltr'><strong>profunda</strong></span> <span class='ocrx_word' id='word_1_219' title='bbox 2671 1552 2728 1590; x_wconf 86' lang='lat' dir='ltr'><strong>os</strong></span> <span class='ocrx_word' id='word_1_220' title='bbox 2753 1534 2970 1591; x_wconf 64' lang='lat' dir='ltr'><strong>alienat:</strong></span> <span class='ocrx_word' id='word_1_221' title='bbox 3010 1534 3097 1587; x_wconf 86' lang='lat' dir='ltr'><strong>cui</strong></span> <span class='ocrx_word' id='word_1_222' title='bbox 3131 1533 3298 1587; x_wconf 89' lang='lat' dir='ltr'><strong>iratus</strong></span> <span class='ocrx_word' id='word_1_223' title='bbox 3322 1541 3396 1587; x_wconf 83' lang='lat' dir='ltr'><strong>est</strong></span> <span class='ocrx_word' id='word_1_224' title='bbox 3426 1531 3685 1585; x_wconf 80' lang='lat' dir='ltr'><strong>Dominus</strong></span> 
     </span>
    </p>
   </div>
   <div class='ocr_carea' id='block_1_32' title="bbox 2096 1625 3685 1694">
    <p class='ocr_par' dir='ltr' id='par_1_32' title="bbox 2096 1625 3685 1694">
     <span class='ocr_line' id='line_1_32' title="bbox 2096 1625 3685 1694; baseline -0.003 -11"><span class='ocrx_word' id='word_1_225' title='bbox 2096 1630 2288 1690; x_wconf 82' lang='lat' dir='ltr'><strong>incidet</strong></span> <span class='ocrx_word' id='word_1_226' title='bbox 2314 1628 2370 1682; x_wconf 90' lang='lat' dir='ltr'><strong>in</strong></span> <span class='ocrx_word' id='word_1_227' title='bbox 2405 1627 2575 1681; x_wconf 86' lang='lat' dir='ltr'><strong>illam.</strong></span> <span class='ocrx_word' id='word_1_228' title='bbox 2621 1626 2723 1694; x_wconf 86' lang='lat' dir='ltr'><strong>Qui</strong></span> <span class='ocrx_word' id='word_1_229' title='bbox 2761 1626 2922 1681; x_wconf 89' lang='lat' dir='ltr'><strong>verba</strong></span> <span class='ocrx_word' id='word_1_230' title='bbox 2945 1625 3031 1680; x_wconf 88' lang='lat' dir='ltr'><strong>vel</strong></span> <span class='ocrx_word' id='word_1_231' title='bbox 3074 1625 3591 1682; x_wconf 13' lang='lat' dir='ltr'><strong>oscularmeretricis</strong></span> <span class='ocrx_word' id='word_1_232' title='bbox 3615 1625 3685 1678; x_wconf 90' lang='lat' dir='ltr'><strong>li-</strong></span> 
     </span>
    </p>
   </div>
   <div class='ocr_carea' id='block_1_33' title="bbox 2098 1717 3686 1789">
    <p class='ocr_par' dir='ltr' id='par_1_33' title="bbox 2098 1717 3686 1789">
     <span class='ocr_line' id='line_1_33' title="bbox 2098 1717 3686 1789; baseline -0.003 -12"><span class='ocrx_word' id='word_1_233' title='bbox 2098 1723 2290 1777; x_wconf 89' lang='lat' dir='ltr'><strong>benter</strong></span> <span class='ocrx_word' id='word_1_234' title='bbox 2343 1718 2705 1789; x_wconf 89' lang='lat' dir='ltr'><strong>amplectitur,</strong></span> <span class='ocrx_word' id='word_1_235' title='bbox 2759 1719 2911 1788; x_wconf 90' lang='lat' dir='ltr'><strong>quasi</strong></span> <span class='ocrx_word' id='word_1_236' title='bbox 2949 1719 3168 1789; x_wconf 87' lang='lat' dir='ltr'><strong>januam</strong></span> <span class='ocrx_word' id='word_1_237' title='bbox 3207 1717 3322 1786; x_wconf 89' lang='lat' dir='ltr'><strong>jam</strong></span> <span class='ocrx_word' id='word_1_238' title='bbox 3369 1717 3686 1788; x_wconf 80' lang='lat' dir='ltr'><strong>gehennalis</strong></span> 
     </span>
    </p>
   </div>
   <div class='ocr_carea' id='block_1_34' title="bbox 411 1808 3685 1896">
    <p class='ocr_par' dir='ltr' id='par_1_34' title="bbox 411 1808 3685 1896">
     <span class='ocr_line' id='line_1_34' title="bbox 411 1808 3685 1896; baseline -0.005 -17"><span class='ocrx_word' id='word_1_239' title='bbox 411 1825 705 1896; x_wconf 79' lang='lat' dir='ltr'><strong>peragitur,</strong></span> <span class='ocrx_word' id='word_1_240' title='bbox 733 1831 792 1876; x_wconf 92' lang='lat' dir='ltr'><strong>ut</strong></span> <span class='ocrx_word' id='word_1_241' title='bbox 821 1835 936 1888; x_wconf 87' lang='lat' dir='ltr'><strong>est,</strong></span> <span class='ocrx_word' id='word_1_242' title='bbox 972 1821 1258 1876; x_wconf 86' lang='lat' dir='ltr'><strong>latrocinia</strong></span> <span class='ocrx_word' id='word_1_243' title='bbox 1286 1835 1561 1885; x_wconf 81' lang='lat' dir='ltr'><strong>exercere,</strong></span> <span class='ocrx_word' id='word_1_244' title='bbox 1599 1818 1845 1873; x_wconf 89' lang='lat' dir='ltr'><strong>homines</strong></span> <span class='ocrx_word' id='word_1_245' title='bbox 1882 1832 1996 1872; x_wconf 87' lang='lat' dir='ltr'><strong>ser-</strong></span> <span class='ocrx_word' id='word_1_246' title='bbox 2024 1808 2072 1868; x_wconf 90' lang='lat' dir='ltr'><strong>B</strong></span> <span class='ocrx_word' id='word_1_247' title='bbox 2098 1814 2276 1884; x_wconf 89' lang='lat' dir='ltr'><strong>pulsat</strong></span> <span class='ocrx_word' id='word_1_248' title='bbox 2305 1812 2504 1883; x_wconf 87' lang='lat' dir='ltr'><strong>abyssi,</strong></span> <span class='ocrx_word' id='word_1_249' title='bbox 2535 1811 2754 1883; x_wconf 88' lang='lat' dir='ltr'><strong>citoque</strong></span> <span class='ocrx_word' id='word_1_250' title='bbox 2784 1819 3058 1882; x_wconf 79' lang='lat' dir='ltr'><strong>mergetur</strong></span> <span class='ocrx_word' id='word_1_251' title='bbox 3079 1811 3124 1865; x_wconf 89' lang='lat' dir='ltr'><strong>si</strong></span> <span class='ocrx_word' id='word_1_252' title='bbox 3145 1811 3335 1880; x_wconf 91' lang='lat' dir='ltr'><strong>pedem</strong></span> <span class='ocrx_word' id='word_1_253' title='bbox 3363 1819 3554 1865; x_wconf 88' lang='lat' dir='ltr'><strong>cautus</strong></span> <span class='ocrx_word' id='word_1_254' title='bbox 3579 1825 3685 1864; x_wconf 89' lang='lat' dir='ltr'><strong>non</strong></span> 
     </span>
    </p>
   </div>
   <div class='ocr_carea' id='block_1_35' title="bbox 411 1905 1996 1987">
    <p class='ocr_par' dir='ltr' id='par_1_35' title="bbox 411 1905 1996 1987">
     <span class='ocr_line' id='line_1_35' title="bbox 411 1905 1996 1987; baseline -0.004 -21"><span class='ocrx_word' id='word_1_255' title='bbox 411 1914 544 1969; x_wconf 90' lang='lat' dir='ltr'><strong>vitio</strong></span> <span class='ocrx_word' id='word_1_256' title='bbox 580 1928 853 1987; x_wconf 81' lang='lat' dir='ltr'><strong>premere,</strong></span> <span class='ocrx_word' id='word_1_257' title='bbox 893 1912 1176 1967; x_wconf 88' lang='lat' dir='ltr'><strong>tormentis</strong></span> <span class='ocrx_word' id='word_1_258' title='bbox 1213 1905 1439 1976; x_wconf 85' lang='lat' dir='ltr'><strong>laniare,</strong></span> <span class='ocrx_word' id='word_1_259' title='bbox 1493 1918 1671 1982; x_wconf 14' lang='lat' dir='ltr'><strong>morte.</strong></span> <span class='ocrx_word' id='word_1_260' title='bbox 1704 1908 1996 1978; x_wconf 87' lang='lat' dir='ltr'><strong>perimere,</strong></span> 
     </span>
    </p>
   </div>
   <div class='ocr_carea' id='block_1_36' title="bbox 410 1987 1999 2073">
    <p class='ocr_par' dir='ltr' id='par_1_36' title="bbox 410 1987 1999 2073">
     <span class='ocr_line' id='line_1_36' title="bbox 410 1987 1999 2073; baseline -0.004 -14"><span class='ocrx_word' id='word_1_261' title='bbox 410 2007 605 2059; x_wconf 90' lang='lat' dir='ltr'><strong>bovem</strong></span> <span class='ocrx_word' id='word_1_262' title='bbox 624 2003 800 2059; x_wconf 72' lang='lat' dir='ltr'><strong>vidua:</strong></span> <span class='ocrx_word' id='word_1_263' title='bbox 828 2019 926 2073; x_wconf 90' lang='lat' dir='ltr'><strong>pro</strong></span> <span class='ocrx_word' id='word_1_264' title='bbox 953 1987 1178 2073; x_wconf 85' lang='lat' dir='ltr'><strong>pignore</strong></span> <span class='ocrx_word' id='word_1_265' title='bbox 1203 2001 1436 2066; x_wconf 82' lang='lat' dir='ltr'><strong>auferre,</strong></span> <span class='ocrx_word' id='word_1_266' title='bbox 1463 2001 1632 2070; x_wconf 92' lang='lat' dir='ltr'><strong>ipsam</strong></span> <span class='ocrx_word' id='word_1_267' title='bbox 1659 1999 1725 2054; x_wconf 93' lang='lat' dir='ltr'><strong>de</strong></span> <span class='ocrx_word' id='word_1_268' title='bbox 1748 1999 1999 2053; x_wconf 87' lang='lat' dir='ltr'><strong>adversa-</strong></span> 
     </span>
    </p>
   </div>
   <div class='ocr_carea' id='block_1_37' title="bbox 413 2090 1999 2166">
    <p class='ocr_par' dir='ltr' id='par_1_37' title="bbox 413 2090 1999 2166">
     <span class='ocr_line' id='line_1_37' title="bbox 413 2090 1999 2166; baseline -0.004 -16"><span class='ocrx_word' id='word_1_269' title='bbox 413 2097 514 2162; x_wconf 90' lang='lat' dir='ltr'><strong>rio,</strong></span> <span class='ocrx_word' id='word_1_270' title='bbox 556 2111 676 2151; x_wconf 92' lang='lat' dir='ltr'><strong>cum</strong></span> <span class='ocrx_word' id='word_1_271' title='bbox 704 2095 907 2166; x_wconf 88' lang='lat' dir='ltr'><strong>possit,</strong></span> <span class='ocrx_word' id='word_1_272' title='bbox 943 2094 1219 2150; x_wconf 89' lang='lat' dir='ltr'><strong>vindicare</strong></span> <span class='ocrx_word' id='word_1_273' title='bbox 1250 2108 1358 2148; x_wconf 90' lang='lat' dir='ltr'><strong>non</strong></span> <span class='ocrx_word' id='word_1_274' title='bbox 1408 2092 1546 2147; x_wconf 90' lang='lat' dir='ltr'><strong>velle</strong></span> <span class='ocrx_word' id='word_1_275' title='bbox 1591 2110 1603 2144; x_wconf 92' lang='lat'><strong>:</strong></span> <span class='ocrx_word' id='word_1_276' title='bbox 1639 2091 1764 2146; x_wconf 88' lang='lat' dir='ltr'><strong>talis</strong></span> <span class='ocrx_word' id='word_1_277' title='bbox 1797 2090 1999 2145; x_wconf 88' lang='lat' dir='ltr'><strong>etenim</strong></span> 
     </span>
    </p>
   </div>
   <div class='ocr_carea' id='block_1_38' title="bbox 413 2182 2001 2259">
    <p class='ocr_par' dir='ltr' id='par_1_38' title="bbox 413 2182 2001 2259">
     <span class='ocr_line' id='line_1_38' title="bbox 413 2182 2001 2259; baseline -0.006 -15"><span class='ocrx_word' id='word_1_278' title='bbox 413 2189 607 2244; x_wconf 88' lang='lat' dir='ltr'><strong>merito</strong></span> <span class='ocrx_word' id='word_1_279' title='bbox 641 2189 792 2259; x_wconf 87' lang='lat' dir='ltr'><strong>virga</strong></span> <span class='ocrx_word' id='word_1_280' title='bbox 834 2188 928 2242; x_wconf 66' lang='lat' dir='ltr'><strong>irae</strong></span> <span class='ocrx_word' id='word_1_281' title='bbox 972 2202 1083 2242; x_wconf 69' lang='lat' dir='ltr'><strong>suae</strong></span> <span class='ocrx_word' id='word_1_282' title='bbox 1132 2184 1630 2248; x_wconf 90' lang='lat' dir='ltr'><strong>consummabitur,</strong></span> <span class='ocrx_word' id='word_1_283' title='bbox 1677 2183 1823 2253; x_wconf 88' lang='lat' dir='ltr'><strong>quia,</strong></span> <span class='ocrx_word' id='word_1_284' title='bbox 1862 2182 2001 2236; x_wconf 90' lang='lat' dir='ltr'><strong>sicut</strong></span> 
     </span>
    </p>
   </div>
   <div class='ocr_carea' id='block_1_39' title="bbox 413 2273 1997 2348">
    <p class='ocr_par' dir='ltr' id='par_1_39' title="bbox 413 2273 1997 2348">
     <span class='ocr_line' id='line_1_39' title="bbox 413 2273 1997 2348; baseline -0.004 -14"><span class='ocrx_word' id='word_1_285' title='bbox 413 2280 673 2334; x_wconf 90' lang='lat' dir='ltr'><strong>Dominus</strong></span> <span class='ocrx_word' id='word_1_286' title='bbox 708 2280 813 2344; x_wconf 88' lang='lat' dir='ltr'><strong>ait,</strong></span> <span class='ocrx_word' id='word_1_287' title='bbox 855 2294 1044 2333; x_wconf 90' lang='lat' dir='ltr'><strong>omnes</strong></span> <span class='ocrx_word' id='word_1_288' title='bbox 1079 2278 1169 2348; x_wconf 92' lang='lat' dir='ltr'><strong>qui</strong></span> <span class='ocrx_word' id='word_1_289' title='bbox 1204 2277 1512 2347; x_wconf 88' lang='lat' dir='ltr'><strong>acceperint</strong></span> <span class='ocrx_word' id='word_1_290' title='bbox 1549 2275 1786 2346; x_wconf 79' lang='lat' dir='ltr'><strong>gladium</strong></span> <span class='ocrx_word' id='word_1_291' title='bbox 1816 2273 1997 2344; x_wconf 87' lang='lat' dir='ltr'><strong>gladio</strong></span> 
     </span>
    </p>
   </div>
   <div class='ocr_carea' id='block_1_40' title="bbox 411 2367 2000 2445">
    <p class='ocr_par' dir='ltr' id='par_1_40' title="bbox 411 2367 2000 2445">
     <span class='ocr_line' id='line_1_40' title="bbox 411 2367 2000 2445; baseline -0.004 -18"><span class='ocrx_word' id='word_1_292' title='bbox 411 2372 694 2445; x_wconf 88' lang='lat' dir='ltr'><strong>peribunt,</strong></span> <span class='ocrx_word' id='word_1_293' title='bbox 730 2371 783 2426; x_wconf 92' lang='lat' dir='ltr'><strong>id</strong></span> <span class='ocrx_word' id='word_1_294' title='bbox 814 2379 930 2435; x_wconf 87' lang='lat' dir='ltr'><strong>est,</strong></span> <span class='ocrx_word' id='word_1_295' title='bbox 962 2371 1055 2441; x_wconf 92' lang='lat' dir='ltr'><strong>qui</strong></span> <span class='ocrx_word' id='word_1_296' title='bbox 1091 2370 1289 2441; x_wconf 87' lang='lat' dir='ltr'><strong>injuste</strong></span> <span class='ocrx_word' id='word_1_297' title='bbox 1326 2369 1380 2423; x_wconf 89' lang='lat' dir='ltr'><strong>in</strong></span> <span class='ocrx_word' id='word_1_298' title='bbox 1419 2368 1553 2424; x_wconf 88' lang='lat' dir='ltr'><strong>alios</strong></span> <span class='ocrx_word' id='word_1_299' title='bbox 1582 2367 1843 2432; x_wconf 69' lang='lat' dir='ltr'><strong>saeviunt,</strong></span> <span class='ocrx_word' id='word_1_300' title='bbox 1883 2367 2000 2436; x_wconf 88' lang='lat' dir='ltr'><strong>ipsa</strong></span> 
     </span>
    </p>
   </div>
   <div class='ocr_carea' id='block_1_41' title="bbox 413 2455 1999 2527">
    <p class='ocr_par' dir='ltr' id='par_1_41' title="bbox 413 2455 1999 2527">
     <span class='ocr_line' id='line_1_41' title="bbox 413 2455 1999 2527; baseline -0.005 -9"><span class='ocrx_word' id='word_1_301' title='bbox 413 2461 622 2518; x_wconf 59' lang='lat' dir='ltr'><strong>saevitia</strong></span> <span class='ocrx_word' id='word_1_302' title='bbox 649 2461 866 2516; x_wconf 86' lang='lat' dir='ltr'><strong>sibimet</strong></span> <span class='ocrx_word' id='word_1_303' title='bbox 905 2461 1186 2515; x_wconf 90' lang='lat' dir='ltr'><strong>interitum</strong></span> <span class='ocrx_word' id='word_1_304' title='bbox 1225 2459 1606 2525; x_wconf 88' lang='lat' dir='ltr'><strong>consciscunt,</strong></span> <span class='ocrx_word' id='word_1_305' title='bbox 1643 2471 1836 2512; x_wconf 89' lang='lat' dir='ltr'><strong>verum</strong></span> <span class='ocrx_word' id='word_1_306' title='bbox 1871 2455 1999 2527; x_wconf 88' lang='lat' dir='ltr'><strong>quia</strong></span> 
     </span>
    </p>
   </div>
   <div class='ocr_carea' id='block_1_42' title="bbox 413 2549 1724 2624">
    <p class='ocr_par' dir='ltr' id='par_1_42' title="bbox 413 2549 1724 2624">
     <span class='ocr_line' id='line_1_42' title="bbox 413 2549 1724 2624; baseline -0.005 -16"><span class='ocrx_word' id='word_1_307' title='bbox 413 2555 626 2610; x_wconf 82' lang='lat' dir='ltr'><strong>dixerat</strong></span> <span class='ocrx_word' id='word_1_308' title='bbox 646 2554 713 2608; x_wconf 92' lang='lat' dir='ltr'><strong>de</strong></span> <span class='ocrx_word' id='word_1_309' title='bbox 741 2553 907 2624; x_wconf 90' lang='lat' dir='ltr'><strong>impio</strong></span> <span class='ocrx_word' id='word_1_310' title='bbox 937 2553 1181 2623; x_wconf 90' lang='lat' dir='ltr'><strong>sequitur</strong></span> <span class='ocrx_word' id='word_1_311' title='bbox 1209 2568 1240 2607; x_wconf 94' lang='lat' dir='ltr'><strong>e</strong></span> <span class='ocrx_word' id='word_1_312' title='bbox 1267 2559 1458 2607; x_wconf 91' lang='lat' dir='ltr'><strong>contra</strong></span> <span class='ocrx_word' id='word_1_313' title='bbox 1480 2549 1548 2604; x_wconf 92' lang='lat' dir='ltr'><strong>de</strong></span> <span class='ocrx_word' id='word_1_314' title='bbox 1575 2549 1664 2620; x_wconf 92' lang='lat' dir='ltr'><strong>pio</strong></span> <span class='ocrx_word' id='word_1_315' title='bbox 1693 2568 1724 2602; x_wconf 66' lang='grc' dir='ltr'><strong>τι</strong></span> 
     </span>
    </p>
   </div>
   <div class='ocr_carea' id='block_1_43' title="bbox 487 2639 2001 2715">
    <p class='ocr_par' dir='ltr' id='par_1_43' title="bbox 487 2639 2001 2715">
     <span class='ocr_line' id='line_1_43' title="bbox 487 2639 2001 2715; baseline -0.004 -16"><span class='ocrx_word' id='word_1_316' title='bbox 487 2646 590 2712; x_wconf 87' lang='lat' dir='ltr'><strong>Qui</strong></span> <span class='ocrx_word' id='word_1_317' title='bbox 613 2662 809 2715; x_wconf 87' lang='lat' dir='ltr'><strong>pronus</strong></span> <span class='ocrx_word' id='word_1_318' title='bbox 837 2655 910 2699; x_wconf 82' lang='lat' dir='ltr'><strong>est</strong></span> <span class='ocrx_word' id='word_1_319' title='bbox 941 2645 1009 2698; x_wconf 90' lang='lat' dir='ltr'><strong>ad</strong></span> <span class='ocrx_word' id='word_1_320' title='bbox 1042 2643 1489 2708; x_wconf 85' lang='lat' dir='ltr'><strong>misericordiam,</strong></span> <span class='ocrx_word' id='word_1_321' title='bbox 1525 2641 1854 2697; x_wconf 78' lang='lat' dir='ltr'><strong>benedicatur</strong></span> <span class='ocrx_word' id='word_1_322' title='bbox 1888 2656 1905 2694; x_wconf 92' lang='lat'><em>:</em></span> <span class='ocrx_word' id='word_1_323' title='bbox 1936 2639 2001 2693; x_wconf 86' lang='lat' dir='ltr'><strong>de</strong></span> 
     </span>
    </p>
   </div>
   <div class='ocr_carea' id='block_1_44' title="bbox 413 2729 1998 2809">
    <p class='ocr_par' dir='ltr' id='par_1_44' title="bbox 413 2729 1998 2809">
     <span class='ocr_line' id='line_1_44' title="bbox 413 2729 1998 2809; baseline -0.004 -19"><span class='ocrx_word' id='word_1_324' title='bbox 413 2738 636 2809; x_wconf 86' lang='lat' dir='ltr'><strong>panibus</strong></span> <span class='ocrx_word' id='word_1_325' title='bbox 660 2737 770 2790; x_wconf 88' lang='lat' dir='ltr'><strong>suis</strong></span> <span class='ocrx_word' id='word_1_326' title='bbox 798 2736 942 2790; x_wconf 82' lang='lat' dir='ltr'><strong>dedit</strong></span> <span class='ocrx_word' id='word_1_327' title='bbox 983 2735 1221 2807; x_wconf 82' lang='lat' dir='ltr'><strong>pauperi.</strong></span> <span class='ocrx_word' id='word_1_328' title='bbox 1264 2732 1399 2787; x_wconf 83' lang='lat' dir='ltr'><strong>Huic</strong></span> <span class='ocrx_word' id='word_1_329' title='bbox 1429 2731 1607 2786; x_wconf 85' lang='lat' dir='ltr'><strong>simile</strong></span> <span class='ocrx_word' id='word_1_330' title='bbox 1636 2739 1720 2785; x_wconf 87' lang='lat' dir='ltr'><strong>est</strong></span> <span class='ocrx_word' id='word_1_331' title='bbox 1748 2729 1878 2784; x_wconf 88' lang='lat' dir='ltr'><strong>illud</strong></span> <span class='ocrx_word' id='word_1_332' title='bbox 1907 2729 1998 2800; x_wconf 87' lang='lat' dir='ltr'><strong>ju-</strong></span> 
     </span>
    </p>
   </div>
   <div class='ocr_carea' id='block_1_45' title="bbox 415 2823 2001 2898">
    <p class='ocr_par' dir='ltr' id='par_1_45' title="bbox 415 2823 2001 2898">
     <span class='ocr_line' id='line_1_45' title="bbox 415 2823 2001 2898; baseline -0.004 -13"><span class='ocrx_word' id='word_1_333' title='bbox 415 2830 552 2885; x_wconf 91' lang='lat' dir='ltr'><strong>dicis</strong></span> <span class='ocrx_word' id='word_1_334' title='bbox 579 2829 844 2898; x_wconf 89' lang='lat' dir='ltr'><strong>ejusdem,</strong></span> <span class='ocrx_word' id='word_1_335' title='bbox 869 2829 962 2898; x_wconf 90' lang='lat' dir='ltr'><strong>qui</strong></span> <span class='ocrx_word' id='word_1_336' title='bbox 987 2826 1368 2882; x_wconf 87' lang='lat' dir='ltr'><strong>misericordes</strong></span> <span class='ocrx_word' id='word_1_337' title='bbox 1389 2824 1458 2878; x_wconf 89' lang='lat' dir='ltr'><strong>ab</strong></span> <span class='ocrx_word' id='word_1_338' title='bbox 1484 2823 1662 2892; x_wconf 90' lang='lat' dir='ltr'><strong>impiis</strong></span> <span class='ocrx_word' id='word_1_339' title='bbox 1688 2823 2001 2878; x_wconf 89' lang='lat' dir='ltr'><strong>discernens</strong></span> 
     </span>
    </p>
   </div>
   <div class='ocr_carea' id='block_1_46' title="bbox 417 2909 2000 2986">
    <p class='ocr_par' dir='ltr' id='par_1_46' title="bbox 417 2909 2000 2986">
     <span class='ocr_line' id='line_1_46' title="bbox 417 2909 2000 2986; baseline -0.003 -11"><span class='ocrx_word' id='word_1_340' title='bbox 417 2923 528 2976; x_wconf 89' lang='lat' dir='ltr'><strong>ait:</strong></span> <span class='ocrx_word' id='word_1_341' title='bbox 569 2909 785 2986; x_wconf 83' lang='lat' dir='ltr'><strong>Venite,</strong></span> <span class='ocrx_word' id='word_1_342' title='bbox 811 2919 1067 2974; x_wconf 85' lang='lat' dir='ltr'><strong>benedicti</strong></span> <span class='ocrx_word' id='word_1_343' title='bbox 1107 2916 1289 2971; x_wconf 86' lang='lat' dir='ltr'><strong>Patris</strong></span> <span class='ocrx_word' id='word_1_344' title='bbox 1313 2917 1447 2986; x_wconf 77' lang='lat' dir='ltr'><strong>mei,</strong></span> <span class='ocrx_word' id='word_1_345' title='bbox 1475 2915 1732 2986; x_wconf 87' lang='lat' dir='ltr'><strong>possidete</strong></span> <span class='ocrx_word' id='word_1_346' title='bbox 1753 2925 2000 2986; x_wconf 88' lang='lat' dir='ltr'><strong>paratum</strong></span> 
     </span>
    </p>
   </div>
   <div class='ocr_carea' id='block_1_47' title="bbox 417 3005 1999 3080">
    <p class='ocr_par' dir='ltr' id='par_1_47' title="bbox 417 3005 1999 3080">
     <span class='ocr_line' id='line_1_47' title="bbox 417 3005 1999 3080; baseline -0.004 -15"><span class='ocrx_word' id='word_1_347' title='bbox 417 3012 556 3066; x_wconf 84' lang='lat' dir='ltr'><strong>vobis</strong></span> <span class='ocrx_word' id='word_1_348' title='bbox 593 3026 807 3080; x_wconf 85' lang='lat' dir='ltr'><strong>regnum</strong></span> <span class='ocrx_word' id='word_1_349' title='bbox 842 3027 875 3063; x_wconf 93' lang='lat' dir='ltr'><strong>a</strong></span> <span class='ocrx_word' id='word_1_350' title='bbox 901 3008 1272 3062; x_wconf 88' lang='lat' dir='ltr'><strong>constitutione</strong></span> <span class='ocrx_word' id='word_1_351' title='bbox 1297 3006 1481 3060; x_wconf 91' lang='lat' dir='ltr'><strong>mundi</strong></span> <span class='ocrx_word' id='word_1_352' title='bbox 1509 3019 1527 3056; x_wconf 88' lang='lat'><strong><em>:</em></strong></span> <span class='ocrx_word' id='word_1_353' title='bbox 1554 3006 1676 3076; x_wconf 90' lang='lat' dir='ltr'><strong>quia</strong></span> <span class='ocrx_word' id='word_1_354' title='bbox 1712 3005 1923 3070; x_wconf 62' lang='lat' dir='ltr'><strong>esuﬁvi,</strong></span> <span class='ocrx_word' id='word_1_355' title='bbox 1951 3014 1999 3059; x_wconf 90' lang='lat' dir='ltr'><strong>et</strong></span> 
     </span>
    </p>
   </div>
   <div class='ocr_carea' id='block_1_48' title="bbox 417 3099 1998 3168">
    <p class='ocr_par' dir='ltr' id='par_1_48' title="bbox 417 3099 1998 3168">
     <span class='ocr_line' id='line_1_48' title="bbox 417 3099 1998 3168; baseline -0.004 -10"><span class='ocrx_word' id='word_1_356' title='bbox 417 3103 635 3158; x_wconf 83' lang='lat' dir='ltr'><strong>dedistis</strong></span> <span class='ocrx_word' id='word_1_357' title='bbox 664 3102 792 3154; x_wconf 85' lang='lat' dir='ltr'><strong>mihi</strong></span> <span class='ocrx_word' id='word_1_358' title='bbox 822 3101 1173 3165; x_wconf 84' lang='lat' dir='ltr'><strong>manducare,</strong></span> <span class='ocrx_word' id='word_1_359' title='bbox 1207 3105 1314 3154; x_wconf 91' lang='lat' dir='ltr'><strong>etc.</strong></span> <span class='ocrx_word' id='word_1_360' title='bbox 1351 3099 1585 3154; x_wconf 90' lang='lat' dir='ltr'><strong>Possunt</strong></span> <span class='ocrx_word' id='word_1_361' title='bbox 1612 3108 1794 3154; x_wconf 85' lang='lat' dir='ltr'><strong>autem</strong></span> <span class='ocrx_word' id='word_1_362' title='bbox 1828 3112 1998 3168; x_wconf 89' lang='lat' dir='ltr'><strong>panes</strong></span> 
     </span>
    </p>
   </div>
   <div class='ocr_carea' id='block_1_49' title="bbox 2100 1911 3692 1976">
    <p class='ocr_par' dir='ltr' id='par_1_49' title="bbox 2100 1911 3692 1976">
     <span class='ocr_line' id='line_1_49' title="bbox 2100 1911 3692 1976; baseline 0.002 -13"><span class='ocrx_word' id='word_1_363' title='bbox 2100 1911 2349 1976; x_wconf 89' lang='lat' dir='ltr'><strong>retrahit,</strong></span> <span class='ocrx_word' id='word_1_364' title='bbox 2383 1912 2426 1967; x_wconf 88' lang='lat' dir='ltr'><strong>si</strong></span> <span class='ocrx_word' id='word_1_365' title='bbox 2472 1928 2578 1967; x_wconf 93' lang='lat' dir='ltr'><strong>non</strong></span> <span class='ocrx_word' id='word_1_366' title='bbox 2612 1913 2858 1967; x_wconf 90' lang='lat' dir='ltr'><strong>membra</strong></span> <span class='ocrx_word' id='word_1_367' title='bbox 2911 1923 3105 1967; x_wconf 70' lang='lat' dir='ltr'><strong>caetera</strong></span> <span class='ocrx_word' id='word_1_368' title='bbox 3129 1925 3184 1966; x_wconf 81' lang='lat' dir='ltr'><strong>‘a</strong></span> <span class='ocrx_word' id='word_1_369' title='bbox 3228 1912 3440 1968; x_wconf 86' lang='lat' dir='ltr'><strong>vicinia</strong></span> <span class='ocrx_word' id='word_1_370' title='bbox 3477 1914 3692 1969; x_wconf 88' lang='lat' dir='ltr'><strong>cohibet</strong></span> 
     </span>
    </p>
   </div>
   <div class='ocr_carea' id='block_1_50' title="bbox 2099 2003 3692 2076">
    <p class='ocr_par' dir='ltr' id='par_1_50' title="bbox 2099 2003 3692 2076">
     <span class='ocr_line' id='line_1_50' title="bbox 2099 2003 3692 2076; baseline 0.003 -20"><span class='ocrx_word' id='word_1_371' title='bbox 2099 2003 2268 2059; x_wconf 60' lang='lat' dir='ltr'><strong>foveae</strong></span> <span class='ocrx_word' id='word_1_372' title='bbox 2285 2004 2536 2074; x_wconf 58' lang='lat' dir='ltr'><strong>paenulis,</strong></span> <span class='ocrx_word' id='word_1_373' title='bbox 2566 2005 2622 2059; x_wconf 90' lang='lat' dir='ltr'><strong>in</strong></span> <span class='ocrx_word' id='word_1_374' title='bbox 2647 2020 2809 2076; x_wconf 91' lang='lat' dir='ltr'><strong>quam</strong></span> <span class='ocrx_word' id='word_1_375' title='bbox 2839 2003 3019 2060; x_wconf 91' lang='lat' dir='ltr'><strong>nullus</strong></span> <span class='ocrx_word' id='word_1_376' title='bbox 3041 2004 3265 2060; x_wconf 86' lang='lat' dir='ltr'><strong>omnino</strong></span> <span class='ocrx_word' id='word_1_377' title='bbox 3295 2004 3403 2060; x_wconf 90' lang='lat' dir='ltr'><strong>nisi</strong></span> <span class='ocrx_word' id='word_1_378' title='bbox 3430 2003 3572 2060; x_wconf 84' lang='lat' dir='ltr'><strong>ﬁlius</strong></span> <span class='ocrx_word' id='word_1_379' title='bbox 3596 2005 3692 2060; x_wconf 70' lang='lat' dir='ltr'><strong>irae</strong></span> 
     </span>
    </p>
   </div>
   <div class='ocr_carea' id='block_1_51' title="bbox 2101 2095 2357 2150">
    <p class='ocr_par' dir='ltr' id='par_1_51' title="bbox 2101 2095 2357 2150">
     <span class='ocr_line' id='line_1_51' title="bbox 2101 2095 2357 2150; baseline 0 -2"><span class='ocrx_word' id='word_1_380' title='bbox 2101 2095 2357 2150; x_wconf 89' lang='lat' dir='ltr'><strong>illabitur.</strong></span> 
     </span>
    </p>
   </div>
   <div class='ocr_carea' id='block_1_52' title="bbox 2173 2183 3694 2258">
    <p class='ocr_par' dir='ltr' id='par_1_52' title="bbox 2173 2183 3694 2258">
     <span class='ocr_line' id='line_1_52' title="bbox 2173 2183 3694 2258; baseline 0.001 -18"><span class='ocrx_word' id='word_1_381' title='bbox 2173 2183 2412 2240; x_wconf 84' lang='lat' dir='ltr'><strong>Stultitia</strong></span> <span class='ocrx_word' id='word_1_382' title='bbox 2433 2185 2680 2256; x_wconf 86' lang='lat' dir='ltr'><strong>colligata</strong></span> <span class='ocrx_word' id='word_1_383' title='bbox 2713 2194 2790 2241; x_wconf 89' lang='lat' dir='ltr'><strong>est</strong></span> <span class='ocrx_word' id='word_1_384' title='bbox 2822 2186 2879 2240; x_wconf 90' lang='lat' dir='ltr'><strong>in</strong></span> <span class='ocrx_word' id='word_1_385' title='bbox 2899 2185 3053 2240; x_wconf 86' lang='lat' dir='ltr'><strong>corde</strong></span> <span class='ocrx_word' id='word_1_386' title='bbox 3072 2186 3242 2255; x_wconf 87' lang='lat' dir='ltr'><strong>pueri,</strong></span> <span class='ocrx_word' id='word_1_387' title='bbox 3273 2197 3320 2240; x_wconf 90' lang='lat' dir='ltr'><strong>et</strong></span> <span class='ocrx_word' id='word_1_388' title='bbox 3351 2187 3501 2258; x_wconf 84' lang='lat' dir='ltr'><strong>virga</strong></span> <span class='ocrx_word' id='word_1_389' title='bbox 3535 2186 3694 2241; x_wconf 83' lang='lat' dir='ltr'><strong>disci-</strong></span> 
     </span>
    </p>
   </div>
   <div class='ocr_carea' id='block_1_53' title="bbox 2099 2275 3697 2348">
    <p class='ocr_par' dir='ltr' id='par_1_53' title="bbox 2099 2275 3697 2348">
     <span class='ocr_line' id='line_1_53' title="bbox 2099 2275 3697 2348; baseline 0.003 -20"><span class='ocrx_word' id='word_1_390' title='bbox 2099 2275 2257 2346; x_wconf 75' lang='lat' dir='ltr'><strong>plina:</strong></span> <span class='ocrx_word' id='word_1_391' title='bbox 2291 2277 2534 2347; x_wconf 85' lang='lat' dir='ltr'><strong>purgabit</strong></span> <span class='ocrx_word' id='word_1_392' title='bbox 2562 2293 2702 2332; x_wconf 90' lang='lat' dir='ltr'><strong>eam.</strong></span> <span class='ocrx_word' id='word_1_393' title='bbox 2759 2276 2951 2332; x_wconf 82' lang='lat' dir='ltr'><strong>Multos</strong></span> <span class='ocrx_word' id='word_1_394' title='bbox 2985 2277 3233 2332; x_wconf 91' lang='lat' dir='ltr'><strong>novimus</strong></span> <span class='ocrx_word' id='word_1_395' title='bbox 3255 2293 3455 2348; x_wconf 91' lang='lat' dir='ltr'><strong>pueros</strong></span> <span class='ocrx_word' id='word_1_396' title='bbox 3490 2279 3697 2348; x_wconf 84' lang='lat' dir='ltr'><strong>sapien-</strong></span> 
     </span>
    </p>
   </div>
   <div class='ocr_carea' id='block_1_54' title="bbox 2103 2366 3689 2441">
    <p class='ocr_par' dir='ltr' id='par_1_54' title="bbox 2103 2366 3689 2441">
     <span class='ocr_line' id='line_1_54' title="bbox 2103 2366 3689 2441; baseline 0.002 -21"><span class='ocrx_word' id='word_1_397' title='bbox 2103 2368 2176 2421; x_wconf 89' lang='lat' dir='ltr'><strong>tia</strong></span> <span class='ocrx_word' id='word_1_398' title='bbox 2196 2367 2452 2437; x_wconf 69' lang='lat' dir='ltr'><strong>praaditos</strong></span> <span class='ocrx_word' id='word_1_399' title='bbox 2480 2383 2494 2422; x_wconf 87' lang='lat'><strong>:</strong></span> <span class='ocrx_word' id='word_1_400' title='bbox 2550 2384 2676 2423; x_wconf 86' lang='lat' dir='ltr'><strong>nam</strong></span> <span class='ocrx_word' id='word_1_401' title='bbox 2708 2376 2764 2422; x_wconf 91' lang='lat' dir='ltr'><strong>et</strong></span> <span class='ocrx_word' id='word_1_402' title='bbox 2785 2366 3050 2424; x_wconf 84' lang='lat' dir='ltr'><strong>Jeremias</strong></span> <span class='ocrx_word' id='word_1_403' title='bbox 3073 2383 3207 2438; x_wconf 89' lang='lat' dir='ltr'><strong>puer</strong></span> <span class='ocrx_word' id='word_1_404' title='bbox 3227 2369 3526 2439; x_wconf 74' lang='lat' dir='ltr'><strong>prophetiae</strong></span> <span class='ocrx_word' id='word_1_405' title='bbox 3570 2385 3689 2441; x_wconf 81' lang='lat' dir='ltr'><strong>my-</strong></span> 
     </span>
    </p>
   </div>
   <div class='ocr_carea' id='block_1_55' title="bbox 2101 2459 3694 2530">
    <p class='ocr_par' dir='ltr' id='par_1_55' title="bbox 2101 2459 3694 2530">
     <span class='ocr_line' id='line_1_55' title="bbox 2101 2459 3694 2530; baseline 0 -16"><span class='ocrx_word' id='word_1_406' title='bbox 2101 2460 2328 2514; x_wconf 91' lang='lat' dir='ltr'><strong>sterium</strong></span> <span class='ocrx_word' id='word_1_407' title='bbox 2350 2459 2624 2530; x_wconf 87' lang='lat' dir='ltr'><strong>suscepit;</strong></span> <span class='ocrx_word' id='word_1_408' title='bbox 2658 2467 2713 2515; x_wconf 86' lang='lat' dir='ltr'><strong>et</strong></span> <span class='ocrx_word' id='word_1_409' title='bbox 2736 2459 2923 2514; x_wconf 86' lang='lat' dir='ltr'><strong>Daniel</strong></span> <span class='ocrx_word' id='word_1_410' title='bbox 2961 2459 3150 2514; x_wconf 83' lang='lat' dir='ltr'><strong>scribit</strong></span> <span class='ocrx_word' id='word_1_411' title='bbox 3181 2459 3322 2529; x_wconf 90' lang='lat' dir='ltr'><strong>quod</strong></span> <span class='ocrx_word' id='word_1_412' title='bbox 3364 2460 3506 2513; x_wconf 89' lang='lat' dir='ltr'><strong>dedit</strong></span> <span class='ocrx_word' id='word_1_413' title='bbox 3552 2459 3694 2514; x_wconf 82' lang='lat' dir='ltr'><strong>Deus</strong></span> 
     </span>
    </p>
   </div>
   <div class='ocr_carea' id='block_1_56' title="bbox 2100 2550 3695 2620">
    <p class='ocr_par' dir='ltr' id='par_1_56' title="bbox 2100 2550 3695 2620">
     <span class='ocr_line' id='line_1_56' title="bbox 2100 2550 3695 2620; baseline -0.001 -16"><span class='ocrx_word' id='word_1_414' title='bbox 2100 2550 2276 2620; x_wconf 85' lang='lat' dir='ltr'><strong>pueris</strong></span> <span class='ocrx_word' id='word_1_415' title='bbox 2297 2551 2676 2606; x_wconf 82' lang='lat' dir='ltr'><strong>abstinentibus</strong></span> <span class='ocrx_word' id='word_1_416' title='bbox 2696 2551 2986 2617; x_wconf 88' lang='lat' dir='ltr'><strong>scientiam,</strong></span> <span class='ocrx_word' id='word_1_417' title='bbox 3025 2560 3072 2604; x_wconf 92' lang='lat' dir='ltr'><strong>et</strong></span> <span class='ocrx_word' id='word_1_418' title='bbox 3103 2550 3436 2619; x_wconf 82' lang='lat' dir='ltr'><strong>disciplinam</strong></span> <span class='ocrx_word' id='word_1_419' title='bbox 3470 2551 3526 2604; x_wconf 90' lang='lat' dir='ltr'><strong>in</strong></span> <span class='ocrx_word' id='word_1_420' title='bbox 3553 2552 3695 2605; x_wconf 89' lang='lat' dir='ltr'><strong>omni</strong></span> 
     </span>
    </p>
   </div>
   <div class='ocr_carea' id='block_1_57' title="bbox 2102 2644 3696 2716">
    <p class='ocr_par' dir='ltr' id='par_1_57' title="bbox 2102 2644 3696 2716">
     <span class='ocr_line' id='line_1_57' title="bbox 2102 2644 3696 2716; baseline 0 -18"><span class='ocrx_word' id='word_1_421' title='bbox 2102 2645 2251 2699; x_wconf 82' lang='lat' dir='ltr'><strong>verbo</strong></span> <span class='ocrx_word' id='word_1_422' title='bbox 2271 2654 2320 2699; x_wconf 90' lang='lat' dir='ltr'><strong>et</strong></span> <span class='ocrx_word' id='word_1_423' title='bbox 2345 2646 2626 2716; x_wconf 87' lang='lat' dir='ltr'><strong>sapientia.</strong></span> <span class='ocrx_word' id='word_1_424' title='bbox 2658 2645 2811 2701; x_wconf 88' lang='lat' dir='ltr'><strong>Unde</strong></span> <span class='ocrx_word' id='word_1_425' title='bbox 2839 2653 3006 2700; x_wconf 84' lang='lat' dir='ltr'><strong>restat</strong></span> <span class='ocrx_word' id='word_1_426' title='bbox 3024 2644 3328 2715; x_wconf 79' lang='lat' dir='ltr'><strong>intelligere</strong></span> <span class='ocrx_word' id='word_1_427' title='bbox 3353 2645 3478 2714; x_wconf 88' lang='lat' dir='ltr'><strong>quia</strong></span> <span class='ocrx_word' id='word_1_428' title='bbox 3499 2657 3696 2714; x_wconf 88' lang='lat' dir='ltr'><strong>pueros</strong></span> 
     </span>
    </p>
   </div>
   <div class='ocr_carea' id='block_1_58' title="bbox 2103 2734 3693 2806">
    <p class='ocr_par' dir='ltr' id='par_1_58' title="bbox 2103 2734 3693 2806">
     <span class='ocr_line' id='line_1_58' title="bbox 2103 2734 3693 2806; baseline -0.001 -16"><span class='ocrx_word' id='word_1_429' title='bbox 2103 2737 2208 2792; x_wconf 92' lang='lat' dir='ltr'><strong>hoc</strong></span> <span class='ocrx_word' id='word_1_430' title='bbox 2239 2736 2357 2792; x_wconf 90' lang='lat' dir='ltr'><strong>loco</strong></span> <span class='ocrx_word' id='word_1_431' title='bbox 2403 2751 2511 2791; x_wconf 91' lang='lat' dir='ltr'><strong>non</strong></span> <span class='ocrx_word' id='word_1_432' title='bbox 2555 2743 2714 2791; x_wconf 63' lang='lat' dir='ltr'><strong>aetate</strong></span> <span class='ocrx_word' id='word_1_433' title='bbox 2763 2736 2861 2791; x_wconf 89' lang='lat' dir='ltr'><strong>sed</strong></span> <span class='ocrx_word' id='word_1_434' title='bbox 2908 2750 3069 2790; x_wconf 89' lang='lat' dir='ltr'><strong>sensu</strong></span> <span class='ocrx_word' id='word_1_435' title='bbox 3104 2734 3360 2804; x_wconf 87' lang='lat' dir='ltr'><strong>parvulos</strong></span> <span class='ocrx_word' id='word_1_436' title='bbox 3409 2734 3693 2806; x_wconf 83' lang='lat' dir='ltr'><strong>signiﬁcet,</strong></span> 
     </span>
    </p>
   </div>
   <div class='ocr_carea' id='block_1_59' title="bbox 2103 2824 3698 2900">
    <p class='ocr_par' dir='ltr' id='par_1_59' title="bbox 2103 2824 3698 2900">
     <span class='ocr_line' id='line_1_59' title="bbox 2103 2824 3698 2900; baseline -0.004 -16"><span class='ocrx_word' id='word_1_437' title='bbox 2103 2829 2289 2900; x_wconf 84' lang='lat' dir='ltr'><strong>quales</strong></span> <span class='ocrx_word' id='word_1_438' title='bbox 2313 2843 2435 2884; x_wconf 91' lang='lat' dir='ltr'><strong>esse</strong></span> <span class='ocrx_word' id='word_1_439' title='bbox 2464 2827 2685 2884; x_wconf 88' lang='lat' dir='ltr'><strong>vetabat</strong></span> <span class='ocrx_word' id='word_1_440' title='bbox 2721 2827 3012 2898; x_wconf 82' lang='lat' dir='ltr'><strong>Apostolus</strong></span> <span class='ocrx_word' id='word_1_441' title='bbox 3059 2842 3154 2883; x_wconf 92' lang='lat' dir='ltr'><strong>eos</strong></span> <span class='ocrx_word' id='word_1_442' title='bbox 3181 2827 3378 2897; x_wconf 87' lang='lat' dir='ltr'><strong>quibus</strong></span> <span class='ocrx_word' id='word_1_443' title='bbox 3417 2827 3532 2880; x_wconf 89' lang='lat' dir='ltr'><strong>ait:</strong></span> <span class='ocrx_word' id='word_1_444' title='bbox 3578 2824 3698 2879; x_wconf 86' lang='grc' dir='ltr'><strong>Νο-</strong></span> 
     </span>
    </p>
   </div>
   <div class='ocr_carea' id='block_1_60' title="bbox 2103 2918 3701 2992">
    <p class='ocr_par' dir='ltr' id='par_1_60' title="bbox 2103 2918 3701 2992">
     <span class='ocr_line' id='line_1_60' title="bbox 2103 2918 3701 2992; baseline -0.001 -18"><span class='ocrx_word' id='word_1_445' title='bbox 2103 2921 2193 2976; x_wconf 89' lang='lat' dir='ltr'><strong>lite</strong></span> <span class='ocrx_word' id='word_1_446' title='bbox 2219 2921 2370 2992; x_wconf 85' lang='lat' dir='ltr'><strong>pueri</strong></span> <span class='ocrx_word' id='word_1_447' title='bbox 2420 2921 2550 2991; x_wconf 74' lang='lat' dir='ltr'><strong>efﬁci</strong></span> <span class='ocrx_word' id='word_1_448' title='bbox 2583 2921 2816 2975; x_wconf 81' lang='lat' dir='ltr'><strong>sensibus</strong></span> <span class='ocrx_word' id='word_1_449' title='bbox 2842 2962 2855 2986; x_wconf 90' lang='lat'><strong>,</strong></span> <span class='ocrx_word' id='word_1_450' title='bbox 2905 2920 2995 2975; x_wconf 88' lang='lat' dir='ltr'><strong>sed</strong></span> <span class='ocrx_word' id='word_1_451' title='bbox 3027 2919 3242 2974; x_wconf 81' lang='lat' dir='ltr'><strong>malitia</strong></span> <span class='ocrx_word' id='word_1_452' title='bbox 3279 2918 3485 2990; x_wconf 83' lang='lat' dir='ltr'><strong>parvuli</strong></span> <span class='ocrx_word' id='word_1_453' title='bbox 3536 2928 3701 2972; x_wconf 86' lang='lat' dir='ltr'><strong>estote</strong></span> 
     </span>
    </p>
   </div>
   <div class='ocr_carea' id='block_1_61' title="bbox 2104 3008 3701 3082">
    <p class='ocr_par' dir='ltr' id='par_1_61' title="bbox 2104 3008 3701 3082">
     <span class='ocr_line' id='line_1_61' title="bbox 2104 3008 3701 3082; baseline 0 -18"><span class='ocrx_word' id='word_1_454' title='bbox 2104 3009 2157 3081; x_wconf 90' lang='grc'><strong>(1</strong></span> <span class='ocrx_word' id='word_1_455' title='bbox 2181 3008 2305 3064; x_wconf 88' lang='lat' dir='ltr'><strong>Cor.</strong></span> <span class='ocrx_word' id='word_1_456' title='bbox 2339 3008 2476 3081; x_wconf 77' lang='lat' dir='ltr'><strong>xiv).</strong></span> <span class='ocrx_word' id='word_1_457' title='bbox 2505 3010 2823 3079; x_wconf 86' lang='lat' dir='ltr'><strong>Hujusmodi</strong></span> <span class='ocrx_word' id='word_1_458' title='bbox 2853 3011 2996 3065; x_wconf 90' lang='lat' dir='ltr'><strong>enim</strong></span> <span class='ocrx_word' id='word_1_459' title='bbox 3025 3008 3246 3082; x_wconf 85' lang='lat' dir='ltr'><strong>pueros,</strong></span> <span class='ocrx_word' id='word_1_460' title='bbox 3278 3011 3330 3066; x_wconf 90' lang='lat' dir='ltr'><strong>id</strong></span> <span class='ocrx_word' id='word_1_461' title='bbox 3359 3020 3459 3076; x_wconf 90' lang='lat' dir='ltr'><strong>est,</strong></span> <span class='ocrx_word' id='word_1_462' title='bbox 3485 3010 3701 3065; x_wconf 90' lang='lat' dir='ltr'><strong>animos</strong></span> 
     </span>
    </p>
   </div>
   <div class='ocr_carea' id='block_1_62' title="bbox 2106 3100 3704 3158">
    <p class='ocr_par' dir='ltr' id='par_1_62' title="bbox 2106 3100 3704 3158">
     <span class='ocr_line' id='line_1_62' title="bbox 2106 3100 3704 3158; baseline -0.001 -1"><span class='ocrx_word' id='word_1_463' title='bbox 2106 3101 2349 3157; x_wconf 70' lang='lat' dir='ltr'><strong>stultitiae</strong></span> <span class='ocrx_word' id='word_1_464' title='bbox 2373 3101 2456 3156; x_wconf 89' lang='lat' dir='ltr'><strong>vel</strong></span> <span class='ocrx_word' id='word_1_465' title='bbox 2492 3101 2728 3158; x_wconf 71' lang='lat' dir='ltr'><strong>lasciviae</strong></span> <span class='ocrx_word' id='word_1_466' title='bbox 2771 3103 2852 3157; x_wconf 90' lang='lat' dir='ltr'><strong>vel</strong></span> <span class='ocrx_word' id='word_1_467' title='bbox 2881 3103 3091 3158; x_wconf 72' lang='lat' dir='ltr'><strong>inertiae</strong></span> <span class='ocrx_word' id='word_1_468' title='bbox 3125 3100 3335 3158; x_wconf 88' lang='lat' dir='ltr'><strong>deditos</strong></span> <span class='ocrx_word' id='word_1_469' title='bbox 3361 3117 3580 3158; x_wconf 88' lang='lat' dir='ltr'><strong>necesse</strong></span> <span class='ocrx_word' id='word_1_470' title='bbox 3616 3109 3704 3156; x_wconf 90' lang='lat' dir='ltr'><strong>est</strong></span> 
     </span>
    </p>
   </div>
   <div class='ocr_carea' id='block_1_63' title="bbox 416 3169 3704 3266">
    <p class='ocr_par' dir='ltr' id='par_1_63' title="bbox 416 3169 3704 3266">
     <span class='ocr_line' id='line_1_63' title="bbox 416 3169 3704 3266; baseline 0.001 -18"><span class='ocrx_word' id='word_1_471' title='bbox 416 3193 510 3265; x_wconf 89' lang='lat' dir='ltr'><strong>qui</strong></span> <span class='ocrx_word' id='word_1_472' title='bbox 540 3190 764 3264; x_wconf 89' lang='lat' dir='ltr'><strong>pauperi</strong></span> <span class='ocrx_word' id='word_1_473' title='bbox 787 3191 1010 3256; x_wconf 88' lang='lat' dir='ltr'><strong>dantur,</strong></span> <span class='ocrx_word' id='word_1_474' title='bbox 1036 3204 1144 3244; x_wconf 89' lang='lat' dir='ltr'><strong>non</strong></span> <span class='ocrx_word' id='word_1_475' title='bbox 1166 3172 1339 3244; x_wconf 89' lang='lat' dir='ltr'><strong>solum</strong></span> <span class='ocrx_word' id='word_1_476' title='bbox 1363 3188 1608 3242; x_wconf 90' lang='lat' dir='ltr'><strong>alimenti</strong></span> <span class='ocrx_word' id='word_1_477' title='bbox 1628 3187 1880 3253; x_wconf 90' lang='lat' dir='ltr'><strong>carnalis,</strong></span> <span class='ocrx_word' id='word_1_478' title='bbox 1908 3188 2003 3243; x_wconf 90' lang='lat' dir='ltr'><strong>sed</strong></span> <span class='ocrx_word' id='word_1_479' title='bbox 2029 3169 2077 3233; x_wconf 64' lang='grc' dir='ltr'>Ε</span> <span class='ocrx_word' id='word_1_480' title='bbox 2101 3193 2328 3265; x_wconf 89' lang='lat' dir='ltr'><strong>juvenili</strong></span> <span class='ocrx_word' id='word_1_481' title='bbox 2355 3192 2635 3264; x_wconf 84' lang='lat' dir='ltr'><strong>disciplina</strong></span> <span class='ocrx_word' id='word_1_482' title='bbox 2659 3195 2937 3266; x_wconf 89' lang='lat' dir='ltr'><strong>castigari,</strong></span> <span class='ocrx_word' id='word_1_483' title='bbox 2969 3203 3024 3249; x_wconf 91' lang='lat' dir='ltr'><strong>et</strong></span> <span class='ocrx_word' id='word_1_484' title='bbox 3049 3194 3117 3250; x_wconf 89' lang='lat' dir='ltr'><strong>ad</strong></span> <span class='ocrx_word' id='word_1_485' title='bbox 3132 3194 3341 3266; x_wconf 85' lang='lat' dir='ltr'><strong>justum</strong></span> <span class='ocrx_word' id='word_1_486' title='bbox 3365 3195 3490 3249; x_wconf 66' lang='lat' dir='ltr'><strong>vita:</strong></span> <span class='ocrx_word' id='word_1_487' title='bbox 3519 3192 3704 3250; x_wconf 87' lang='lat' dir='ltr'><strong>trami-</strong></span> 
     </span>
    </p>
   </div>
   <div class='ocr_carea' id='block_1_64' title="bbox 415 3280 2007 3353">
    <p class='ocr_par' dir='ltr' id='par_1_64' title="bbox 415 3280 2007 3353">
     <span class='ocr_line' id='line_1_64' title="bbox 415 3280 2007 3353; baseline -0.003 -13"><span class='ocrx_word' id='word_1_488' title='bbox 415 3284 583 3341; x_wconf 88' lang='lat' dir='ltr'><strong>etiam</strong></span> <span class='ocrx_word' id='word_1_489' title='bbox 617 3283 878 3338; x_wconf 73' lang='lat' dir='ltr'><strong>doctrina:</strong></span> <span class='ocrx_word' id='word_1_490' title='bbox 915 3280 1205 3353; x_wconf 90' lang='lat' dir='ltr'><strong>spiritalis,</strong></span> <span class='ocrx_word' id='word_1_491' title='bbox 1240 3295 1350 3352; x_wconf 92' lang='lat' dir='ltr'><strong>qua</strong></span> <span class='ocrx_word' id='word_1_492' title='bbox 1376 3280 1556 3336; x_wconf 88' lang='lat' dir='ltr'><strong>anima</strong></span> <span class='ocrx_word' id='word_1_493' title='bbox 1586 3289 1882 3346; x_wconf 85' lang='lat' dir='ltr'><strong>recreatur,</strong></span> <span class='ocrx_word' id='word_1_494' title='bbox 1924 3281 2007 3336; x_wconf 90' lang='lat' dir='ltr'><strong>in-</strong></span> 
     </span>
    </p>
   </div>
   <div class='ocr_carea' id='block_1_65' title="bbox 418 3375 605 3445">
    <p class='ocr_par' dir='ltr' id='par_1_65' title="bbox 418 3375 605 3445">
     <span class='ocr_line' id='line_1_65' title="bbox 418 3375 605 3445; baseline 0 -15"><span class='ocrx_word' id='word_1_495' title='bbox 418 3375 605 3445; x_wconf 90' lang='lat' dir='ltr'><strong>telligi.</strong></span> 
     </span>
    </p>
   </div>
   <div class='ocr_carea' id='block_1_66' title="bbox 993 3463 1421 3522">
    <p class='ocr_par' dir='ltr' id='par_1_66' title="bbox 993 3463 1421 3522">
     <span class='ocr_line' id='line_1_66' title="bbox 993 3463 1421 3522; baseline -0.005 -2"><span class='ocrx_word' id='word_1_496' title='bbox 993 3465 1221 3522; x_wconf 83' lang='lat' dir='ltr'><strong>CAPUT</strong></span> <span class='ocrx_word' id='word_1_497' title='bbox 1258 3463 1421 3520; x_wconf 80' lang='lat' dir='ltr'><strong>XXII.</strong></span> 
     </span>
    </p>
   </div>
   <div class='ocr_carea' id='block_1_67' title="bbox 491 3555 2006 3626">
    <p class='ocr_par' dir='ltr' id='par_1_67' title="bbox 491 3555 2006 3626">
     <span class='ocr_line' id='line_1_67' title="bbox 491 3555 2006 3626; baseline 0 -16"><span class='ocrx_word' id='word_1_498' title='bbox 491 3555 641 3626; x_wconf 83' lang='lat' dir='ltr'><strong>Ejice</strong></span> <span class='ocrx_word' id='word_1_499' title='bbox 656 3555 940 3609; x_wconf 87' lang='lat' dir='ltr'><strong>derisorem</strong></span> <span class='ocrx_word' id='word_1_500' title='bbox 963 3563 1010 3609; x_wconf 91' lang='lat' dir='ltr'><strong>et</strong></span> <span class='ocrx_word' id='word_1_501' title='bbox 1031 3556 1189 3609; x_wconf 73' lang='lat' dir='ltr'><strong>exibit</strong></span> <span class='ocrx_word' id='word_1_502' title='bbox 1206 3572 1326 3610; x_wconf 85' lang='lat' dir='ltr'><strong>cum</strong></span> <span class='ocrx_word' id='word_1_503' title='bbox 1339 3572 1398 3610; x_wconf 93' lang='lat' dir='ltr'><strong>eo</strong></span> <span class='ocrx_word' id='word_1_504' title='bbox 1411 3555 1674 3626; x_wconf 84' lang='lat' dir='ltr'><strong>jurgium,</strong></span> <span class='ocrx_word' id='word_1_505' title='bbox 1703 3555 2006 3610; x_wconf 85' lang='lat' dir='ltr'><strong>cessabunt-</strong></span> 
     </span>
    </p>
   </div>
   <div class='ocr_carea' id='block_1_68' title="bbox 418 3645 2010 3718">
    <p class='ocr_par' dir='ltr' id='par_1_68' title="bbox 418 3645 2010 3718">
     <span class='ocr_line' id='line_1_68' title="bbox 418 3645 2010 3718; baseline 0.001 -18"><span class='ocrx_word' id='word_1_506' title='bbox 418 3663 518 3718; x_wconf 90' lang='lat' dir='ltr'><strong>que</strong></span> <span class='ocrx_word' id='word_1_507' title='bbox 545 3662 718 3700; x_wconf 78' lang='lat' dir='ltr'><strong>causa:</strong></span> <span class='ocrx_word' id='word_1_508' title='bbox 765 3655 811 3700; x_wconf 89' lang='lat' dir='ltr'><strong>et</strong></span> <span class='ocrx_word' id='word_1_509' title='bbox 851 3646 1200 3701; x_wconf 71' lang='lat' dir='ltr'><strong>contumeliae.</strong></span> <span class='ocrx_word' id='word_1_510' title='bbox 1263 3645 1410 3716; x_wconf 86' lang='lat' dir='ltr'><strong>Ejice</strong></span> <span class='ocrx_word' id='word_1_511' title='bbox 1460 3646 1796 3713; x_wconf 77' lang='lat' dir='ltr'><strong>haereticum,</strong></span> <span class='ocrx_word' id='word_1_512' title='bbox 1848 3661 2010 3717; x_wconf 89' lang='lat' dir='ltr'><strong>quem</strong></span> 
     </span>
    </p>
   </div>
   <div class='ocr_carea' id='block_1_69' title="bbox 421 3739 2008 3810">
    <p class='ocr_par' dir='ltr' id='par_1_69' title="bbox 421 3739 2008 3810">
     <span class='ocr_line' id='line_1_69' title="bbox 421 3739 2008 3810; baseline 0 -16"><span class='ocrx_word' id='word_1_513' title='bbox 421 3739 695 3810; x_wconf 74' lang='lat' dir='ltr'><strong>corrigere</strong></span> <span class='ocrx_word' id='word_1_514' title='bbox 720 3753 825 3793; x_wconf 90' lang='lat' dir='ltr'><strong>non</strong></span> <span class='ocrx_word' id='word_1_515' title='bbox 851 3748 1026 3808; x_wconf 90' lang='lat' dir='ltr'><strong>potes,</strong></span> <span class='ocrx_word' id='word_1_516' title='bbox 1048 3740 1117 3794; x_wconf 89' lang='lat' dir='ltr'><strong>de</strong></span> <span class='ocrx_word' id='word_1_517' title='bbox 1150 3739 1429 3806; x_wconf 85' lang='lat' dir='ltr'><strong>Ecclesia;</strong></span> <span class='ocrx_word' id='word_1_518' title='bbox 1483 3747 1540 3795; x_wconf 90' lang='lat' dir='ltr'><strong>et</strong></span> <span class='ocrx_word' id='word_1_519' title='bbox 1571 3755 1695 3795; x_wconf 92' lang='lat' dir='ltr'><strong>cum</strong></span> <span class='ocrx_word' id='word_1_520' title='bbox 1738 3739 1813 3794; x_wconf 89' lang='lat' dir='ltr'><strong>illi</strong></span> <span class='ocrx_word' id='word_1_521' title='bbox 1846 3740 2008 3795; x_wconf 89' lang='lat' dir='ltr'><strong>liber-</strong></span> 
     </span>
    </p>
   </div>
   <div class='ocr_carea' id='block_1_70' title="bbox 422 3831 2011 3903">
    <p class='ocr_par' dir='ltr' id='par_1_70' title="bbox 422 3831 2011 3903">
     <span class='ocr_line' id='line_1_70' title="bbox 422 3831 2011 3903; baseline 0.001 -17"><span class='ocrx_word' id='word_1_522' title='bbox 422 3839 588 3886; x_wconf 86' lang='lat' dir='ltr'><strong>tatem</strong></span> <span class='ocrx_word' id='word_1_523' title='bbox 613 3831 935 3901; x_wconf 86' lang='lat' dir='ltr'><strong>praedicandi</strong></span> <span class='ocrx_word' id='word_1_524' title='bbox 961 3832 1270 3898; x_wconf 88' lang='lat' dir='ltr'><strong>abstuleris,</strong></span> <span class='ocrx_word' id='word_1_525' title='bbox 1303 3831 1582 3888; x_wconf 72' lang='lat' dir='ltr'><strong>catholicae</strong></span> <span class='ocrx_word' id='word_1_526' title='bbox 1607 3832 1728 3903; x_wconf 90' lang='lat' dir='ltr'><strong>paci</strong></span> <span class='ocrx_word' id='word_1_527' title='bbox 1749 3832 2011 3887; x_wconf 77' lang='lat' dir='ltr'><strong>auxilium</strong></span> 
     </span>
    </p>
   </div>
   <div class='ocr_carea' id='block_1_71' title="bbox 423 3933 670 3998">
    <p class='ocr_par' dir='ltr' id='par_1_71' title="bbox 423 3933 670 3998">
     <span class='ocr_line' id='line_1_71' title="bbox 423 3933 670 3998; baseline 0 -18"><span class='ocrx_word' id='word_1_528' title='bbox 423 3933 670 3998; x_wconf 58' lang='lat' dir='ltr'><strong>praistas.</strong></span> 
     </span>
    </p>
   </div>
   <div class='ocr_carea' id='block_1_72' title="bbox 498 4017 2014 4091">
    <p class='ocr_par' dir='ltr' id='par_1_72' title="bbox 498 4017 2014 4091">
     <span class='ocr_line' id='line_1_72' title="bbox 498 4017 2014 4091; baseline 0.002 -20"><span class='ocrx_word' id='word_1_529' title='bbox 498 4017 600 4083; x_wconf 89' lang='lat' dir='ltr'><strong>Qui</strong></span> <span class='ocrx_word' id='word_1_530' title='bbox 633 4017 805 4088; x_wconf 81' lang='lat' dir='ltr'><strong>diligit</strong></span> <span class='ocrx_word' id='word_1_531' title='bbox 839 4019 1013 4075; x_wconf 87' lang='lat' dir='ltr'><strong>cordis</strong></span> <span class='ocrx_word' id='word_1_532' title='bbox 1042 4018 1380 4086; x_wconf 89' lang='lat' dir='ltr'><strong>munditiam,</strong></span> <span class='ocrx_word' id='word_1_533' title='bbox 1433 4027 1645 4091; x_wconf 85' lang='lat' dir='ltr'><strong>propter</strong></span> <span class='ocrx_word' id='word_1_534' title='bbox 1682 4021 1910 4090; x_wconf 89' lang='lat' dir='ltr'><strong>gratiam</strong></span> <span class='ocrx_word' id='word_1_535' title='bbox 1933 4019 2014 4074; x_wconf 90' lang='lat' dir='ltr'><strong>la-</strong></span> 
     </span>
    </p>
   </div>
   <div class='ocr_carea' id='block_1_73' title="bbox 428 4112 2014 4185">
    <p class='ocr_par' dir='ltr' id='par_1_73' title="bbox 428 4112 2014 4185">
     <span class='ocr_line' id='line_1_73' title="bbox 428 4112 2014 4185; baseline 0.003 -21"><span class='ocrx_word' id='word_1_536' title='bbox 428 4112 630 4165; x_wconf 88' lang='lat' dir='ltr'><strong>biorum</strong></span> <span class='ocrx_word' id='word_1_537' title='bbox 652 4128 867 4166; x_wconf 88' lang='lat' dir='ltr'><strong>suorum</strong></span> <span class='ocrx_word' id='word_1_538' title='bbox 921 4113 1127 4167; x_wconf 86' lang='lat' dir='ltr'><strong>habebit</strong></span> <span class='ocrx_word' id='word_1_539' title='bbox 1175 4115 1400 4167; x_wconf 86' lang='lat' dir='ltr'><strong>amicum</strong></span> <span class='ocrx_word' id='word_1_540' title='bbox 1431 4130 1630 4185; x_wconf 80' lang='lat' dir='ltr'><strong>regem.</strong></span> <span class='ocrx_word' id='word_1_541' title='bbox 1668 4113 1771 4180; x_wconf 90' lang='lat' dir='ltr'><strong>Qui</strong></span> <span class='ocrx_word' id='word_1_542' title='bbox 1815 4115 2014 4170; x_wconf 70' lang='lat' dir='ltr'><strong>mundi)</strong></span> 
     </span>
    </p>
   </div>
   <div class='ocr_carea' id='block_1_74' title="bbox 425 4201 2016 4272">
    <p class='ocr_par' dir='ltr' id='par_1_74' title="bbox 425 4201 2016 4272">
     <span class='ocr_line' id='line_1_74' title="bbox 425 4201 2016 4272; baseline 0 -14"><span class='ocrx_word' id='word_1_543' title='bbox 425 4203 587 4258; x_wconf 91' lang='lat' dir='ltr'><strong>corde</strong></span> <span class='ocrx_word' id='word_1_544' title='bbox 620 4201 1057 4272; x_wconf 57' lang='lat' dir='ltr'><strong>recta-praedicat</strong></span> <span class='ocrx_word' id='word_1_545' title='bbox 1107 4203 1250 4258; x_wconf 87' lang='lat' dir='ltr'><strong>inter</strong></span> <span class='ocrx_word' id='word_1_546' title='bbox 1281 4203 1400 4258; x_wconf 92' lang='lat' dir='ltr'><strong>illos</strong></span> <span class='ocrx_word' id='word_1_547' title='bbox 1426 4204 1890 4267; x_wconf 89' lang='lat' dir='ltr'><strong>annumerabitur,</strong></span> <span class='ocrx_word' id='word_1_548' title='bbox 1949 4205 2016 4259; x_wconf 91' lang='lat' dir='ltr'><strong>de</strong></span> 
     </span>
    </p>
   </div>
   <div class='ocr_carea' id='block_1_75' title="bbox 426 4277 2015 4362">
    <p class='ocr_par' dir='ltr' id='par_1_75' title="bbox 426 4277 2015 4362">
     <span class='ocr_line' id='line_1_75' title="bbox 426 4277 2015 4362; baseline 0.002 -17"><span class='ocrx_word' id='word_1_549' title='bbox 426 4293 620 4362; x_wconf 88' lang='lat' dir='ltr'><strong>quibus</strong></span> <span class='ocrx_word' id='word_1_550' title='bbox 645 4292 823 4346; x_wconf 89' lang='lat' dir='ltr'><strong>eidem</strong></span> <span class='ocrx_word' id='word_1_551' title='bbox 865 4293 979 4362; x_wconf 87' lang='lat' dir='ltr'><strong>regi</strong></span> <span class='ocrx_word' id='word_1_552' title='bbox 1006 4300 1062 4346; x_wconf 90' lang='lat' dir='ltr'><strong>et</strong></span> <span class='ocrx_word' id='word_1_553' title='bbox 1085 4292 1349 4347; x_wconf 89' lang='lat' dir='ltr'><strong>conditori</strong></span> <span class='ocrx_word' id='word_1_554' title='bbox 1388 4293 1711 4348; x_wconf 67' lang='lat' dir='ltr'><strong>saeculorum</strong></span> <span class='ocrx_word' id='word_1_555' title='bbox 1745 4277 2015 4362; x_wconf 76' lang='lat' dir='ltr'><strong>Propheta</strong></span> 
     </span>
    </p>
   </div>
   <div class='ocr_carea' id='block_1_76' title="bbox 427 4381 2016 4451">
    <p class='ocr_par' dir='ltr' id='par_1_76' title="bbox 427 4381 2016 4451">
     <span class='ocr_line' id='line_1_76' title="bbox 427 4381 2016 4451; baseline 0.001 -13"><span class='ocrx_word' id='word_1_556' title='bbox 427 4384 642 4439; x_wconf 85' lang='lat' dir='ltr'><strong>dicebat</strong></span> <span class='ocrx_word' id='word_1_557' title='bbox 669 4397 684 4435; x_wconf 89' lang='lat'><strong>:</strong></span> <span class='ocrx_word' id='word_1_558' title='bbox 724 4381 860 4437; x_wconf 73' lang='lat' dir='ltr'><strong>Mihi</strong></span> <span class='ocrx_word' id='word_1_559' title='bbox 880 4391 1057 4437; x_wconf 88' lang='lat' dir='ltr'><strong>autem</strong></span> <span class='ocrx_word' id='word_1_560' title='bbox 1081 4383 1236 4436; x_wconf 89' lang='lat' dir='ltr'><strong>nimis</strong></span> <span class='ocrx_word' id='word_1_561' title='bbox 1262 4383 1597 4451; x_wconf 85' lang='lat' dir='ltr'><strong>honoriﬁcati</strong></span> <span class='ocrx_word' id='word_1_562' title='bbox 1621 4395 1780 4450; x_wconf 90' lang='lat' dir='ltr'><strong>sunt;</strong></span> <span class='ocrx_word' id='word_1_563' title='bbox 1818 4400 1944 4439; x_wconf 87' lang='lat' dir='ltr'><strong>nam</strong></span> <span class='ocrx_word' id='word_1_564' title='bbox 1969 4386 2016 4441; x_wconf 90' lang='lat' dir='ltr'><strong>si</strong></span> 
     </span>
    </p>
   </div>
   <div class='ocr_carea' id='block_1_77' title="bbox 426 4461 2013 4546">
    <p class='ocr_par' dir='ltr' id='par_1_77' title="bbox 426 4461 2013 4546">
     <span class='ocr_line' id='line_1_77' title="bbox 426 4461 2013 4546; baseline 0.002 -18"><span class='ocrx_word' id='word_1_565' title='bbox 426 4473 520 4546; x_wconf 88' lang='lat' dir='ltr'><strong>qui</strong></span> <span class='ocrx_word' id='word_1_566' title='bbox 545 4472 775 4545; x_wconf 88' lang='lat' dir='ltr'><strong>gratiam</strong></span> <span class='ocrx_word' id='word_1_567' title='bbox 790 4471 1052 4528; x_wconf 92' lang='lat' dir='ltr'><strong>labiorum</strong></span> <span class='ocrx_word' id='word_1_568' title='bbox 1081 4481 1229 4529; x_wconf 86' lang='lat' dir='ltr'><strong>recta</strong></span> <span class='ocrx_word' id='word_1_569' title='bbox 1250 4473 1594 4544; x_wconf 63' lang='lat' dir='ltr'><strong>praedicando</strong></span> <span class='ocrx_word' id='word_1_570' title='bbox 1610 4461 2013 4544; x_wconf 64' lang='lat' dir='ltr'><strong>praemonstrat,</strong></span> 
     </span>
    </p>
   </div>
   <div class='ocr_carea' id='block_1_78' title="bbox 427 4563 2014 4635">
    <p class='ocr_par' dir='ltr' id='par_1_78' title="bbox 427 4563 2014 4635">
     <span class='ocr_line' id='line_1_78' title="bbox 427 4563 2014 4635; baseline 0.002 -15"><span class='ocrx_word' id='word_1_571' title='bbox 427 4565 606 4620; x_wconf 83' lang='lat' dir='ltr'><strong>cordis</strong></span> <span class='ocrx_word' id='word_1_572' title='bbox 640 4573 822 4620; x_wconf 89' lang='lat' dir='ltr'><strong>autem</strong></span> <span class='ocrx_word' id='word_1_573' title='bbox 857 4563 1177 4619; x_wconf 90' lang='lat' dir='ltr'><strong>munditiam</strong></span> <span class='ocrx_word' id='word_1_574' title='bbox 1219 4564 1492 4620; x_wconf 87' lang='lat' dir='ltr'><strong>custodire</strong></span> <span class='ocrx_word' id='word_1_575' title='bbox 1525 4565 1858 4635; x_wconf 84' lang='lat' dir='ltr'><strong>dissimulat,</strong></span> <span class='ocrx_word' id='word_1_576' title='bbox 1915 4584 2014 4624; x_wconf 91' lang='lat' dir='ltr'><strong>ne-</strong></span> 
     </span>
    </p>
   </div>
   <div class='ocr_carea' id='block_1_79' title="bbox 428 4656 2015 4733">
    <p class='ocr_par' dir='ltr' id='par_1_79' title="bbox 428 4656 2015 4733">
     <span class='ocr_line' id='line_1_79' title="bbox 428 4656 2015 4733; baseline 0.004 -22"><span class='ocrx_word' id='word_1_577' title='bbox 428 4673 700 4729; x_wconf 85' lang='lat' dir='ltr'><strong>quaquam</strong></span> <span class='ocrx_word' id='word_1_578' title='bbox 730 4656 851 4712; x_wconf 85' lang='lat' dir='ltr'><strong>talis</strong></span> <span class='ocrx_word' id='word_1_579' title='bbox 875 4657 1062 4713; x_wconf 65' lang='lat' dir='ltr'><strong>aeterni</strong></span> <span class='ocrx_word' id='word_1_580' title='bbox 1109 4657 1253 4729; x_wconf 87' lang='lat' dir='ltr'><strong>regis</strong></span> <span class='ocrx_word' id='word_1_581' title='bbox 1294 4657 1534 4714; x_wconf 89' lang='lat' dir='ltr'><strong>amicitia</strong></span> <span class='ocrx_word' id='word_1_582' title='bbox 1572 4657 1678 4714; x_wconf 85' lang='lat' dir='ltr'><strong>lrui</strong></span> <span class='ocrx_word' id='word_1_583' title='bbox 1712 4676 1872 4731; x_wconf 91' lang='lat' dir='ltr'><strong>posse</strong></span> <span class='ocrx_word' id='word_1_584' title='bbox 1915 4677 2015 4733; x_wconf 92' lang='lat' dir='ltr'><strong>pu-</strong></span> 
     </span>
    </p>
   </div>
   <div class='ocr_carea' id='block_1_80' title="bbox 430 4750 746 4804">
    <p class='ocr_par' dir='ltr' id='par_1_80' title="bbox 430 4750 746 4804">
     <span class='ocr_line' id='line_1_80' title="bbox 430 4750 746 4804; baseline -0.006 -1"><span class='ocrx_word' id='word_1_585' title='bbox 430 4750 623 4804; x_wconf 83' lang='lat' dir='ltr'><strong>tundus</strong></span> <span class='ocrx_word' id='word_1_586' title='bbox 645 4756 746 4804; x_wconf 89' lang='lat' dir='ltr'><strong>est.</strong></span> 
     </span>
    </p>
   </div>
   <div class='ocr_carea' id='block_1_81' title="bbox 501 4840 2021 4916">
    <p class='ocr_par' dir='ltr' id='par_1_81' title="bbox 501 4840 2021 4916">
     <span class='ocr_line' id='line_1_81' title="bbox 501 4840 2021 4916; baseline 0.003 -20"><span class='ocrx_word' id='word_1_587' title='bbox 501 4840 655 4896; x_wconf 88' lang='lat' dir='ltr'><strong>Oculi</strong></span> <span class='ocrx_word' id='word_1_588' title='bbox 671 4840 883 4895; x_wconf 90' lang='lat' dir='ltr'><strong>Domini</strong></span> <span class='ocrx_word' id='word_1_589' title='bbox 907 4841 1206 4896; x_wconf 85' lang='lat' dir='ltr'><strong>custodiunt</strong></span> <span class='ocrx_word' id='word_1_590' title='bbox 1221 4842 1516 4910; x_wconf 85' lang='lat' dir='ltr'><strong>scientiam,</strong></span> <span class='ocrx_word' id='word_1_591' title='bbox 1542 4852 1589 4897; x_wconf 90' lang='lat' dir='ltr'><strong>et</strong></span> <span class='ocrx_word' id='word_1_592' title='bbox 1613 4844 2021 4916; x_wconf 86' lang='lat' dir='ltr'><strong>supplantantur</strong></span> 
     </span>
    </p>
   </div>
   <div class='ocr_carea' id='block_1_82' title="bbox 428 4931 2018 5004">
    <p class='ocr_par' dir='ltr' id='par_1_82' title="bbox 428 4931 2018 5004">
     <span class='ocr_line' id='line_1_82' title="bbox 428 4931 2018 5004; baseline 0.001 -15"><span class='ocrx_word' id='word_1_593' title='bbox 428 4932 583 4989; x_wconf 80' lang='lat' dir='ltr'><strong>verba</strong></span> <span class='ocrx_word' id='word_1_594' title='bbox 629 4932 815 5000; x_wconf 86' lang='lat' dir='ltr'><strong>iniqui.</strong></span> <span class='ocrx_word' id='word_1_595' title='bbox 850 4931 1096 5002; x_wconf 87' lang='lat' dir='ltr'><strong>Superna</strong></span> <span class='ocrx_word' id='word_1_596' title='bbox 1126 4932 1393 5003; x_wconf 88' lang='lat' dir='ltr'><strong>inspectio</strong></span> <span class='ocrx_word' id='word_1_597' title='bbox 1439 4935 1932 5004; x_wconf 84' lang='lat' dir='ltr'><strong>custoditsemper</strong></span> <span class='ocrx_word' id='word_1_598' title='bbox 1964 4935 2018 4990; x_wconf 91' lang='lat' dir='ltr'><strong>in</strong></span> 
     </span>
    </p>
   </div>
   <div class='ocr_carea' id='block_1_83' title="bbox 430 5023 2016 5094">
    <p class='ocr_par' dir='ltr' id='par_1_83' title="bbox 430 5023 2016 5094">
     <span class='ocr_line' id='line_1_83' title="bbox 430 5023 2016 5094; baseline 0 -14"><span class='ocrx_word' id='word_1_599' title='bbox 430 5023 672 5080; x_wconf 85' lang='lat' dir='ltr'><strong>Ecclesia</strong></span> <span class='ocrx_word' id='word_1_600' title='bbox 699 5023 983 5078; x_wconf 88' lang='lat' dir='ltr'><strong>scientiam</strong></span> <span class='ocrx_word' id='word_1_601' title='bbox 1021 5024 1268 5080; x_wconf 88' lang='lat' dir='ltr'><strong>veritatis</strong></span> <span class='ocrx_word' id='word_1_602' title='bbox 1301 5040 1465 5094; x_wconf 91' lang='lat' dir='ltr'><strong>quam</strong></span> <span class='ocrx_word' id='word_1_603' title='bbox 1496 5025 1697 5090; x_wconf 90' lang='lat' dir='ltr'><strong>docuit,</strong></span> <span class='ocrx_word' id='word_1_604' title='bbox 1731 5026 1894 5080; x_wconf 90' lang='lat' dir='ltr'><strong>verba</strong></span> <span class='ocrx_word' id='word_1_605' title='bbox 1916 5041 2016 5080; x_wconf 92' lang='lat' dir='ltr'><strong>au-</strong></span> 
     </span>
    </p>
   </div>
   <div class='ocr_carea' id='block_1_84' title="bbox 432 5115 2017 5188">
    <p class='ocr_par' dir='ltr' id='par_1_84' title="bbox 432 5115 2017 5188">
     <span class='ocr_line' id='line_1_84' title="bbox 432 5115 2017 5188; baseline 0.001 -18"><span class='ocrx_word' id='word_1_606' title='bbox 432 5124 544 5170; x_wconf 92' lang='lat' dir='ltr'><strong>tem</strong></span> <span class='ocrx_word' id='word_1_607' title='bbox 575 5115 972 5185; x_wconf 68' lang='lat' dir='ltr'><strong>haereticorum,</strong></span> <span class='ocrx_word' id='word_1_608' title='bbox 1022 5117 1189 5171; x_wconf 90' lang='lat' dir='ltr'><strong>immo</strong></span> <span class='ocrx_word' id='word_1_609' title='bbox 1210 5117 1388 5172; x_wconf 90' lang='lat' dir='ltr'><strong>omnis</strong></span> <span class='ocrx_word' id='word_1_610' title='bbox 1410 5132 1589 5173; x_wconf 85' lang='lat' dir='ltr'><strong>sermo</strong></span> <span class='ocrx_word' id='word_1_611' title='bbox 1615 5117 1807 5188; x_wconf 88' lang='lat' dir='ltr'><strong>pietati</strong></span> <span class='ocrx_word' id='word_1_612' title='bbox 1832 5124 1889 5172; x_wconf 90' lang='lat' dir='ltr'><strong>et</strong></span> <span class='ocrx_word' id='word_1_613' title='bbox 1925 5115 2017 5186; x_wconf 90' lang='lat' dir='ltr'><strong>ju—</strong></span> 
     </span>
    </p>
   </div>
   <div class='ocr_carea' id='block_1_85' title="bbox 433 5207 2021 5279">
    <p class='ocr_par' dir='ltr' id='par_1_85' title="bbox 433 5207 2021 5279">
     <span class='ocr_line' id='line_1_85' title="bbox 433 5207 2021 5279; baseline 0 -15"><span class='ocrx_word' id='word_1_614' title='bbox 433 5207 598 5265; x_wconf 73' lang='lat' dir='ltr'><strong>stitiae</strong></span> <span class='ocrx_word' id='word_1_615' title='bbox 637 5207 970 5275; x_wconf 88' lang='lat' dir='ltr'><strong>contrarius,</strong></span> <span class='ocrx_word' id='word_1_616' title='bbox 1012 5209 1138 5278; x_wconf 89' lang='lat' dir='ltr'><strong>quia</strong></span> <span class='ocrx_word' id='word_1_617' title='bbox 1168 5207 1396 5265; x_wconf 91' lang='lat' dir='ltr'><strong>Domino</strong></span> <span class='ocrx_word' id='word_1_618' title='bbox 1435 5219 1658 5279; x_wconf 89' lang='lat' dir='ltr'><strong>regente</strong></span> <span class='ocrx_word' id='word_1_619' title='bbox 1700 5225 1808 5266; x_wconf 90' lang='lat' dir='ltr'><strong>non</strong></span> <span class='ocrx_word' id='word_1_620' title='bbox 1838 5225 2021 5265; x_wconf 86' lang='lat' dir='ltr'><strong>serva-</strong></span> 
     </span>
    </p>
   </div>
   <div class='ocr_carea' id='block_1_86' title="bbox 433 5301 1452 5366">
    <p class='ocr_par' dir='ltr' id='par_1_86' title="bbox 433 5301 1452 5366">
     <span class='ocr_line' id='line_1_86' title="bbox 433 5301 1452 5366; baseline -0.003 -9"><span class='ocrx_word' id='word_1_621' title='bbox 433 5307 545 5366; x_wconf 85' lang='lat' dir='ltr'><strong>tur,</strong></span> <span class='ocrx_word' id='word_1_622' title='bbox 581 5314 708 5355; x_wconf 90' lang='lat' dir='ltr'><strong>cum</strong></span> <span class='ocrx_word' id='word_1_623' title='bbox 728 5314 827 5354; x_wconf 92' lang='lat' dir='ltr'><strong>suo</strong></span> <span class='ocrx_word' id='word_1_624' title='bbox 856 5308 1074 5355; x_wconf 89' lang='lat' dir='ltr'><strong>auctore</strong></span> <span class='ocrx_word' id='word_1_625' title='bbox 1100 5301 1452 5356; x_wconf 88' lang='lat' dir='ltr'><strong>subvertitur.</strong></span> 
     </span>
    </p>
   </div>
   <div class='ocr_carea' id='block_1_87' title="bbox 507 5392 2022 5468">
    <p class='ocr_par' dir='ltr' id='par_1_87' title="bbox 507 5392 2022 5468">
     <span class='ocr_line' id='line_1_87' title="bbox 507 5392 2022 5468; baseline 0.003 -21"><span class='ocrx_word' id='word_1_626' title='bbox 507 5392 649 5448; x_wconf 86' lang='lat' dir='ltr'><strong>Dicit</strong></span> <span class='ocrx_word' id='word_1_627' title='bbox 671 5394 853 5465; x_wconf 84' lang='lat' dir='ltr'><strong>piger:</strong></span> <span class='ocrx_word' id='word_1_628' title='bbox 901 5393 1004 5449; x_wconf 90' lang='lat' dir='ltr'><strong>Leo</strong></span> <span class='ocrx_word' id='word_1_629' title='bbox 1037 5394 1195 5465; x_wconf 79' lang='lat' dir='ltr'><strong>foris,</strong></span> <span class='ocrx_word' id='word_1_630' title='bbox 1230 5394 1289 5450; x_wconf 88' lang='lat' dir='ltr'><strong>in</strong></span> <span class='ocrx_word' id='word_1_631' title='bbox 1328 5395 1502 5451; x_wconf 88' lang='lat' dir='ltr'><strong>medio</strong></span> <span class='ocrx_word' id='word_1_632' title='bbox 1550 5395 1846 5468; x_wconf 85' lang='lat' dir='ltr'><strong>platearum</strong></span> <span class='ocrx_word' id='word_1_633' title='bbox 1883 5399 2022 5452; x_wconf 89' lang='lat' dir='ltr'><strong>occi-</strong></span> 
     </span>
    </p>
   </div>
   <div class='ocr_carea' id='block_1_88' title="bbox 432 5483 2022 5560">
    <p class='ocr_par' dir='ltr' id='par_1_88' title="bbox 432 5483 2022 5560">
     <span class='ocr_line' id='line_1_88' title="bbox 432 5483 2022 5560; baseline 0.005 -23"><span class='ocrx_word' id='word_1_634' title='bbox 432 5483 637 5543; x_wconf 77' lang='lat' dir='ltr'><strong>dendus</strong></span> <span class='ocrx_word' id='word_1_635' title='bbox 679 5501 816 5537; x_wconf 88' lang='lat' dir='ltr'><strong>sum.</strong></span> <span class='ocrx_word' id='word_1_636' title='bbox 879 5484 1020 5538; x_wconf 90' lang='lat' dir='ltr'><strong>Dicit</strong></span> <span class='ocrx_word' id='word_1_637' title='bbox 1051 5500 1191 5555; x_wconf 84' lang='lat' dir='ltr'><strong>saepe</strong></span> <span class='ocrx_word' id='word_1_638' title='bbox 1234 5486 1288 5541; x_wconf 92' lang='lat' dir='ltr'><strong>in</strong></span> <span class='ocrx_word' id='word_1_639' title='bbox 1343 5487 1525 5543; x_wconf 90' lang='lat' dir='ltr'><strong>animo</strong></span> <span class='ocrx_word' id='word_1_640' title='bbox 1569 5503 1670 5544; x_wconf 92' lang='lat' dir='ltr'><strong>suo</strong></span> <span class='ocrx_word' id='word_1_641' title='bbox 1715 5489 1784 5556; x_wconf 89' lang='lat' dir='ltr'><strong>is,</strong></span> <span class='ocrx_word' id='word_1_642' title='bbox 1816 5489 1910 5560; x_wconf 92' lang='lat' dir='ltr'><strong>qui</strong></span> <span class='ocrx_word' id='word_1_643' title='bbox 1953 5489 2022 5545; x_wconf 93' lang='lat' dir='ltr'><strong>ad</strong></span> 
     </span>
    </p>
   </div>
   <div class='ocr_carea' id='block_1_89' title="bbox 439 5575 2014 5660">
    <p class='ocr_par' dir='ltr' id='par_1_89' title="bbox 439 5575 2014 5660">
     <span class='ocr_line' id='line_1_89' title="bbox 439 5575 2014 5660; baseline 0.001 -26"><span class='ocrx_word' id='word_1_644' title='bbox 439 5577 642 5660; x_wconf 88' lang='lat' dir='ltr'><strong>agenda</strong></span> <span class='ocrx_word' id='word_1_645' title='bbox 667 5576 808 5632; x_wconf 87' lang='lat' dir='ltr'><strong>bona</strong></span> <span class='ocrx_word' id='word_1_646' title='bbox 835 5590 998 5646; x_wconf 84' lang='lat' dir='ltr'><strong>opera</strong></span> <span class='ocrx_word' id='word_1_647' title='bbox 1025 5575 1174 5647; x_wconf 90' lang='lat' dir='ltr'><strong>piger</strong></span> <span class='ocrx_word' id='word_1_648' title='bbox 1204 5585 1306 5642; x_wconf 90' lang='lat' dir='ltr'><strong>est,</strong></span> <span class='ocrx_word' id='word_1_649' title='bbox 1337 5579 1406 5634; x_wconf 91' lang='lat' dir='ltr'><strong>ad</strong></span> <span class='ocrx_word' id='word_1_650' title='bbox 1429 5579 1788 5636; x_wconf 84' lang='lat' dir='ltr'><strong>conﬁtendam</strong></span> <span class='ocrx_word' id='word_1_651' title='bbox 1831 5581 2014 5648; x_wconf 89' lang='lat' dir='ltr'><strong>tidem,</strong></span> 
     </span>
    </p>
   </div>
   <div class='ocr_carea' id='block_1_90' title="bbox 437 5667 2020 5740">
    <p class='ocr_par' dir='ltr' id='par_1_90' title="bbox 437 5667 2020 5740">
     <span class='ocr_line' id='line_1_90' title="bbox 437 5667 2020 5740; baseline 0.003 -20"><span class='ocrx_word' id='word_1_652' title='bbox 437 5683 600 5738; x_wconf 84' lang='lat' dir='ltr'><strong>quam</strong></span> <span class='ocrx_word' id='word_1_653' title='bbox 631 5668 791 5723; x_wconf 88' lang='lat' dir='ltr'><strong>corde</strong></span> <span class='ocrx_word' id='word_1_654' title='bbox 820 5675 988 5735; x_wconf 90' lang='lat' dir='ltr'><strong>tenet,</strong></span> <span class='ocrx_word' id='word_1_655' title='bbox 1020 5667 1242 5724; x_wconf 91' lang='lat' dir='ltr'><strong>timidus</strong></span> <span class='ocrx_word' id='word_1_656' title='bbox 1268 5683 1283 5721; x_wconf 90' lang='lat'><strong>:</strong></span> <span class='ocrx_word' id='word_1_657' title='bbox 1309 5667 1424 5725; x_wconf 70' lang='lat' dir='ltr'><strong>Non</strong></span> <span class='ocrx_word' id='word_1_658' title='bbox 1453 5672 1624 5727; x_wconf 89' lang='lat' dir='ltr'><strong>audeo</strong></span> <span class='ocrx_word' id='word_1_659' title='bbox 1651 5670 1832 5738; x_wconf 85' lang='lat' dir='ltr'><strong>ﬁdem,</strong></span> <span class='ocrx_word' id='word_1_660' title='bbox 1857 5686 2020 5740; x_wconf 90' lang='lat' dir='ltr'><strong>quam</strong></span> 
     </span>
    </p>
   </div>
   <div class='ocr_carea' id='block_1_91' title="bbox 440 5759 2024 5834">
    <p class='ocr_par' dir='ltr' id='par_1_91' title="bbox 440 5759 2024 5834">
     <span class='ocr_line' id='line_1_91' title="bbox 440 5759 2024 5834; baseline 0 -19"><span class='ocrx_word' id='word_1_661' title='bbox 440 5760 585 5828; x_wconf 88' lang='lat' dir='ltr'><strong>novi,</strong></span> <span class='ocrx_word' id='word_1_662' title='bbox 612 5760 754 5817; x_wconf 73' lang='lat' dir='ltr'><strong>[bras</strong></span> <span class='ocrx_word' id='word_1_663' title='bbox 784 5759 1046 5833; x_wconf 78' lang='lat' dir='ltr'><strong>proﬁteri,</strong></span> <span class='ocrx_word' id='word_1_664' title='bbox 1093 5775 1159 5816; x_wconf 88' lang='lat' dir='ltr'><strong>ne</strong></span> <span class='ocrx_word' id='word_1_665' title='bbox 1185 5774 1273 5817; x_wconf 90' lang='lat' dir='ltr'><strong>me</strong></span> <span class='ocrx_word' id='word_1_666' title='bbox 1303 5775 1613 5832; x_wconf 86' lang='lat' dir='ltr'><strong>persecutor</strong></span> <span class='ocrx_word' id='word_1_667' title='bbox 1634 5763 1853 5834; x_wconf 87' lang='lat' dir='ltr'><strong>impius,</strong></span> <span class='ocrx_word' id='word_1_668' title='bbox 1896 5763 2024 5833; x_wconf 84' lang='lat' dir='ltr'><strong>quia</strong></span> 
     </span>
    </p>
   </div>
   <div class='ocr_carea' id='block_1_92' title="bbox 2042 4525 2095 4584">
    <p class='ocr_par' dir='ltr' id='par_1_92' title="bbox 2042 4525 2095 4584">
     <span class='ocr_line' id='line_1_92' title="bbox 2042 4525 2095 4584; baseline 0 0"><span class='ocrx_word' id='word_1_669' title='bbox 2042 4525 2095 4584; x_wconf 92' lang='lat' dir='ltr'><strong>D</strong></span> 
     </span>
    </p>
   </div>
   <div class='ocr_carea' id='block_1_93' title="bbox 2109 3285 3054 3356">
    <p class='ocr_par' dir='ltr' id='par_1_93' title="bbox 2109 3285 3054 3356">
     <span class='ocr_line' id='line_1_93' title="bbox 2109 3285 3054 3356; baseline -0.003 -15"><span class='ocrx_word' id='word_1_670' title='bbox 2109 3295 2219 3342; x_wconf 91' lang='lat' dir='ltr'><strong>tem</strong></span> <span class='ocrx_word' id='word_1_671' title='bbox 2246 3285 2571 3356; x_wconf 90' lang='lat' dir='ltr'><strong>prudentum</strong></span> <span class='ocrx_word' id='word_1_672' title='bbox 2610 3285 2792 3356; x_wconf 90' lang='lat' dir='ltr'><strong>rigore</strong></span> <span class='ocrx_word' id='word_1_673' title='bbox 2814 3285 3054 3354; x_wconf 89' lang='lat' dir='ltr'><strong>perduci.</strong></span> 
     </span>
    </p>
   </div>
   <div class='ocr_carea' id='block_1_94' title="bbox 2094 3375 3696 3448">
    <p class='ocr_par' dir='ltr' id='par_1_94' title="bbox 2094 3375 3696 3448">
     <span class='ocr_line' id='line_1_94' title="bbox 2094 3375 3696 3448; baseline 0.001 -18"><span class='ocrx_word' id='word_1_674' title='bbox 2094 3424 2099 3430; x_wconf 87' lang='lat'><strong>.</strong></span> <span class='ocrx_word' id='word_1_675' title='bbox 2183 3375 2287 3443; x_wconf 86' lang='lat' dir='ltr'><strong>Qui</strong></span> <span class='ocrx_word' id='word_1_676' title='bbox 2317 3377 2673 3431; x_wconf 85' lang='lat' dir='ltr'><strong>calumniatur</strong></span> <span class='ocrx_word' id='word_1_677' title='bbox 2705 3392 2986 3447; x_wconf 86' lang='lat' dir='ltr'><strong>pauperem</strong></span> <span class='ocrx_word' id='word_1_678' title='bbox 3010 3385 3067 3429; x_wconf 90' lang='lat' dir='ltr'><strong>ut</strong></span> <span class='ocrx_word' id='word_1_679' title='bbox 3097 3387 3288 3448; x_wconf 88' lang='lat' dir='ltr'><strong>augeat</strong></span> <span class='ocrx_word' id='word_1_680' title='bbox 3313 3377 3526 3431; x_wconf 88' lang='lat' dir='ltr'><strong>divitias</strong></span> <span class='ocrx_word' id='word_1_681' title='bbox 3551 3393 3696 3443; x_wconf 86' lang='lat' dir='ltr'><strong>suas,</strong></span> 
     </span>
    </p>
   </div>
   <div class='ocr_carea' id='block_1_95' title="bbox 2109 3464 3704 3538">
    <p class='ocr_par' dir='ltr' id='par_1_95' title="bbox 2109 3464 3704 3538">
     <span class='ocr_line' id='line_1_95' title="bbox 2109 3464 3704 3538; baseline 0.001 -17"><span class='ocrx_word' id='word_1_682' title='bbox 2109 3467 2254 3521; x_wconf 86' lang='lat' dir='ltr'><strong>dabit</strong></span> <span class='ocrx_word' id='word_1_683' title='bbox 2285 3467 2391 3536; x_wconf 86' lang='lat' dir='ltr'><strong>ipse</strong></span> <span class='ocrx_word' id='word_1_684' title='bbox 2420 3466 2615 3538; x_wconf 45' lang='lat' dir='ltr'><strong>ditiori.</strong></span> <span class='ocrx_word' id='word_1_685' title='bbox 2639 3475 2689 3521; x_wconf 90' lang='lat' dir='ltr'><strong>et</strong></span> <span class='ocrx_word' id='word_1_686' title='bbox 2727 3465 2911 3536; x_wconf 87' lang='lat' dir='ltr'><strong>egebit.</strong></span> <span class='ocrx_word' id='word_1_687' title='bbox 2963 3464 3190 3521; x_wconf 88' lang='lat' dir='ltr'><strong>Constat</strong></span> <span class='ocrx_word' id='word_1_688' title='bbox 3234 3467 3362 3538; x_wconf 89' lang='lat' dir='ltr'><strong>quia</strong></span> <span class='ocrx_word' id='word_1_689' title='bbox 3389 3480 3611 3536; x_wconf 88' lang='lat' dir='ltr'><strong>rapaces</strong></span> <span class='ocrx_word' id='word_1_690' title='bbox 3646 3475 3704 3522; x_wconf 87' lang='lat' dir='ltr'><strong>et</strong></span> 
     </span>
    </p>
   </div>
   <div class='ocr_carea' id='block_1_96' title="bbox 2111 3556 3702 3629">
    <p class='ocr_par' dir='ltr' id='par_1_96' title="bbox 2111 3556 3702 3629">
     <span class='ocr_line' id='line_1_96' title="bbox 2111 3556 3702 3629; baseline -0.001 -16"><span class='ocrx_word' id='word_1_691' title='bbox 2111 3574 2232 3629; x_wconf 73' lang='lat' dir='ltr'><strong>qua:</strong></span> <span class='ocrx_word' id='word_1_692' title='bbox 2260 3557 2587 3629; x_wconf 88' lang='lat' dir='ltr'><strong>pauperibus</strong></span> <span class='ocrx_word' id='word_1_693' title='bbox 2615 3556 2897 3623; x_wconf 83' lang='lat' dir='ltr'><strong>auferunt,</strong></span> <span class='ocrx_word' id='word_1_694' title='bbox 2945 3565 3000 3612; x_wconf 89' lang='lat' dir='ltr'><strong>et</strong></span> <span class='ocrx_word' id='word_1_695' title='bbox 3025 3571 3149 3628; x_wconf 72' lang='lat' dir='ltr'><strong>qua:</strong></span> <span class='ocrx_word' id='word_1_696' title='bbox 3183 3557 3335 3628; x_wconf 90' lang='lat' dir='ltr'><strong>juste</strong></span> <span class='ocrx_word' id='word_1_697' title='bbox 3379 3558 3702 3618; x_wconf 84' lang='lat' dir='ltr'><strong>videbantur</strong></span> 
     </span>
    </p>
   </div>
   <div class='ocr_carea' id='block_1_97' title="bbox 2111 3653 3704 3727">
    <p class='ocr_par' dir='ltr' id='par_1_97' title="bbox 2111 3653 3704 3727">
     <span class='ocr_line' id='line_1_97' title="bbox 2111 3653 3704 3727; baseline -0.002 -16"><span class='ocrx_word' id='word_1_698' title='bbox 2111 3655 2409 3727; x_wconf 89' lang='lat' dir='ltr'><strong>possidere,</strong></span> <span class='ocrx_word' id='word_1_699' title='bbox 2458 3655 2665 3725; x_wconf 89' lang='lat' dir='ltr'><strong>pariter</strong></span> <span class='ocrx_word' id='word_1_700' title='bbox 2695 3654 2878 3714; x_wconf 82' lang='lat' dir='ltr'><strong>omnia</strong></span> <span class='ocrx_word' id='word_1_701' title='bbox 2902 3653 3155 3723; x_wconf 87' lang='lat' dir='ltr'><strong>perdunt,</strong></span> <span class='ocrx_word' id='word_1_702' title='bbox 3201 3668 3326 3709; x_wconf 90' lang='lat' dir='ltr'><strong>cum</strong></span> <span class='ocrx_word' id='word_1_703' title='bbox 3350 3653 3409 3709; x_wconf 89' lang='lat' dir='ltr'><strong>in</strong></span> <span class='ocrx_word' id='word_1_704' title='bbox 3454 3653 3704 3709; x_wconf 78' lang='lat' dir='ltr'><strong>examine</strong></span> 
     </span>
    </p>
   </div>
   <div class='ocr_carea' id='block_1_98' title="bbox 2113 3741 3703 3817">
    <p class='ocr_par' dir='ltr' id='par_1_98' title="bbox 2113 3741 3703 3817">
     <span class='ocr_line' id='line_1_98' title="bbox 2113 3741 3703 3817; baseline -0.002 -16"><span class='ocrx_word' id='word_1_705' title='bbox 2113 3746 2344 3802; x_wconf 89' lang='lat' dir='ltr'><strong>districti</strong></span> <span class='ocrx_word' id='word_1_706' title='bbox 2367 3745 2567 3814; x_wconf 89' lang='lat' dir='ltr'><strong>judicis</strong></span> <span class='ocrx_word' id='word_1_707' title='bbox 2603 3760 2793 3817; x_wconf 64' lang='lat' dir='ltr'><strong>poenas</strong></span> <span class='ocrx_word' id='word_1_708' title='bbox 2845 3760 2946 3816; x_wconf 90' lang='lat' dir='ltr'><strong>pro</strong></span> <span class='ocrx_word' id='word_1_709' title='bbox 2994 3744 3080 3799; x_wconf 85' lang='lat' dir='ltr'><strong>his</strong></span> <span class='ocrx_word' id='word_1_710' title='bbox 3130 3741 3250 3814; x_wconf 59' lang='lat' dir='ltr'><strong>quae</strong></span> <span class='ocrx_word' id='word_1_711' title='bbox 3298 3757 3514 3813; x_wconf 75' lang='lat' dir='ltr'><strong>gessere</strong></span> <span class='ocrx_word' id='word_1_712' title='bbox 3560 3743 3703 3801; x_wconf 84' lang='lat' dir='ltr'><strong>reci-</strong></span> 
     </span>
    </p>
   </div>
   <div class='ocr_carea' id='block_1_99' title="bbox 2113 3823 3728 3910">
    <p class='ocr_par' dir='ltr' id='par_1_99' title="bbox 2113 3823 3728 3910">
     <span class='ocr_line' id='line_1_99' title="bbox 2113 3823 3728 3910; baseline -0.002 -17"><span class='ocrx_word' id='word_1_713' title='bbox 2113 3839 2286 3910; x_wconf 88' lang='lat' dir='ltr'><strong>piunt.</strong></span> <span class='ocrx_word' id='word_1_714' title='bbox 2328 3838 2436 3894; x_wconf 88' lang='lat' dir='ltr'><strong>Sed</strong></span> <span class='ocrx_word' id='word_1_715' title='bbox 2461 3846 2515 3894; x_wconf 91' lang='lat' dir='ltr'><strong>et</strong></span> <span class='ocrx_word' id='word_1_716' title='bbox 2537 3838 2583 3893; x_wconf 92' lang='lat' dir='ltr'><strong>is</strong></span> <span class='ocrx_word' id='word_1_717' title='bbox 2602 3838 2695 3908; x_wconf 89' lang='lat' dir='ltr'><strong>qui</strong></span> <span class='ocrx_word' id='word_1_718' title='bbox 2719 3853 3013 3908; x_wconf 88' lang='lat' dir='ltr'><strong>pauperem</strong></span> <span class='ocrx_word' id='word_1_719' title='bbox 3035 3837 3227 3906; x_wconf 91' lang='lat' dir='ltr'><strong>spiritu</strong></span> <span class='ocrx_word' id='word_1_720' title='bbox 3249 3835 3477 3892; x_wconf 86' lang='lat' dir='ltr'><strong>fratrem</strong></span> <span class='ocrx_word' id='word_1_721' title='bbox 3502 3823 3728 3898; x_wconf 23' lang='lat' dir='ltr'><strong>calum--</strong></span> 
     </span>
    </p>
   </div>
   <div class='ocr_carea' id='block_1_100' title="bbox 2114 3926 3704 3998">
    <p class='ocr_par' dir='ltr' id='par_1_100' title="bbox 2114 3926 3704 3998">
     <span class='ocr_line' id='line_1_100' title="bbox 2114 3926 3704 3998; baseline -0.001 -14"><span class='ocrx_word' id='word_1_722' title='bbox 2114 3932 2316 3996; x_wconf 89' lang='lat' dir='ltr'><strong>niatur,</strong></span> <span class='ocrx_word' id='word_1_723' title='bbox 2341 3929 2631 3987; x_wconf 88' lang='lat' dir='ltr'><strong>virtutibus</strong></span> <span class='ocrx_word' id='word_1_724' title='bbox 2656 3926 2776 3998; x_wconf 84' lang='lat' dir='ltr'><strong>ejus</strong></span> <span class='ocrx_word' id='word_1_725' title='bbox 2803 3929 3158 3994; x_wconf 90' lang='lat' dir='ltr'><strong>detrahendo,</strong></span> <span class='ocrx_word' id='word_1_726' title='bbox 3188 3937 3249 3982; x_wconf 94' lang='lat' dir='ltr'><strong>ut</strong></span> <span class='ocrx_word' id='word_1_727' title='bbox 3272 3943 3370 3998; x_wconf 90' lang='lat' dir='ltr'><strong>per</strong></span> <span class='ocrx_word' id='word_1_728' title='bbox 3395 3926 3704 3996; x_wconf 89' lang='lat' dir='ltr'><strong>hujusmodi</strong></span> 
     </span>
    </p>
   </div>
   <div class='ocr_carea' id='block_1_101' title="bbox 2114 4019 3705 4101">
    <p class='ocr_par' dir='ltr' id='par_1_101' title="bbox 2114 4019 3705 4101">
     <span class='ocr_line' id='line_1_101' title="bbox 2114 4019 3705 4101; baseline -0.004 -23"><span class='ocrx_word' id='word_1_729' title='bbox 2114 4022 2565 4092; x_wconf 86' lang='lat' dir='ltr'><strong>vituperationem</strong></span> <span class='ocrx_word' id='word_1_730' title='bbox 2612 4021 2876 4101; x_wconf 66' lang='lat' dir='ltr'><strong>animose”</strong></span> <span class='ocrx_word' id='word_1_731' title='bbox 2928 4020 3183 4086; x_wconf 90' lang='lat' dir='ltr'><strong>divitias,</strong></span> <span class='ocrx_word' id='word_1_732' title='bbox 3237 4035 3374 4089; x_wconf 88' lang='lat' dir='ltr'><strong>quas</strong></span> <span class='ocrx_word' id='word_1_733' title='bbox 3433 4019 3705 4074; x_wconf 88' lang='lat' dir='ltr'><strong>desiderat</strong></span> 
     </span>
    </p>
   </div>
   <div class='ocr_carea' id='block_1_102' title="bbox 2116 4109 3702 4185">
    <p class='ocr_par' dir='ltr' id='par_1_102' title="bbox 2116 4109 3702 4185">
     <span class='ocr_line' id='line_1_102' title="bbox 2116 4109 3702 4185; baseline -0.004 -17"><span class='ocrx_word' id='word_1_734' title='bbox 2116 4123 2332 4185; x_wconf 83' lang='lat' dir='ltr'><strong>augeat,</strong></span> <span class='ocrx_word' id='word_1_735' title='bbox 2373 4113 2428 4168; x_wconf 91' lang='lat' dir='ltr'><strong>id</strong></span> <span class='ocrx_word' id='word_1_736' title='bbox 2475 4121 2577 4180; x_wconf 91' lang='lat' dir='ltr'><strong>est,</strong></span> <span class='ocrx_word' id='word_1_737' title='bbox 2633 4111 2863 4183; x_wconf 83' lang='lat' dir='ltr'><strong>gloriam</strong></span> <span class='ocrx_word' id='word_1_738' title='bbox 2908 4110 3083 4166; x_wconf 92' lang='lat' dir='ltr'><strong>laudis</strong></span> <span class='ocrx_word' id='word_1_739' title='bbox 3133 4111 3385 4166; x_wconf 65' lang='lat' dir='ltr'><strong>humanm</strong></span> <span class='ocrx_word' id='word_1_740' title='bbox 3419 4109 3702 4180; x_wconf 87' lang='lat' dir='ltr'><strong>majorem,</strong></span> 
     </span>
    </p>
   </div>
   <div class='ocr_carea' id='block_1_103' title="bbox 2117 4199 3707 4274">
    <p class='ocr_par' dir='ltr' id='par_1_103' title="bbox 2117 4199 3707 4274">
     <span class='ocr_line' id='line_1_103' title="bbox 2117 4199 3707 4274; baseline -0.003 -17"><span class='ocrx_word' id='word_1_741' title='bbox 2117 4202 2272 4274; x_wconf 91' lang='lat' dir='ltr'><strong>quasi</strong></span> <span class='ocrx_word' id='word_1_742' title='bbox 2319 4202 2559 4257; x_wconf 91' lang='lat' dir='ltr'><strong>sanctior</strong></span> <span class='ocrx_word' id='word_1_743' title='bbox 2608 4201 2884 4270; x_wconf 89' lang='lat' dir='ltr'><strong>accipiat,</strong></span> <span class='ocrx_word' id='word_1_744' title='bbox 2939 4202 3133 4256; x_wconf 90' lang='lat' dir='ltr'><strong>merito</strong></span> <span class='ocrx_word' id='word_1_745' title='bbox 3169 4200 3292 4256; x_wconf 86' lang='lat' dir='ltr'><strong>talis</strong></span> <span class='ocrx_word' id='word_1_746' title='bbox 3347 4199 3707 4256; x_wconf 89' lang='lat' dir='ltr'><strong>calumniator</strong></span> 
     </span>
    </p>
   </div>
   <div class='ocr_carea' id='block_1_104' title="bbox 2117 4291 3709 4365">
    <p class='ocr_par' dir='ltr' id='par_1_104' title="bbox 2117 4291 3709 4365">
     <span class='ocr_line' id='line_1_104' title="bbox 2117 4291 3709 4365; baseline -0.003 -16"><span class='ocrx_word' id='word_1_747' title='bbox 2117 4294 2379 4365; x_wconf 90' lang='lat' dir='ltr'><strong>quidquid</strong></span> <span class='ocrx_word' id='word_1_748' title='bbox 2408 4296 2564 4348; x_wconf 82' lang='lat' dir='ltr'><strong>bonae</strong></span> <span class='ocrx_word' id='word_1_749' title='bbox 2593 4292 2825 4348; x_wconf 87' lang='lat' dir='ltr'><strong>actionis</strong></span> <span class='ocrx_word' id='word_1_750' title='bbox 2850 4292 3054 4348; x_wconf 90' lang='lat' dir='ltr'><strong>habere</strong></span> <span class='ocrx_word' id='word_1_751' title='bbox 3092 4293 3398 4358; x_wconf 87' lang='lat' dir='ltr'><strong>videbatur,</strong></span> <span class='ocrx_word' id='word_1_752' title='bbox 3429 4291 3628 4346; x_wconf 88' lang='lat' dir='ltr'><strong>amittit</strong></span> <span class='ocrx_word' id='word_1_753' title='bbox 3653 4297 3709 4345; x_wconf 92' lang='lat' dir='ltr'><strong>et</strong></span> 
     </span>
    </p>
   </div>
   <div class='ocr_carea' id='block_1_105' title="bbox 2119 4381 3382 4440">
    <p class='ocr_par' dir='ltr' id='par_1_105' title="bbox 2119 4381 3382 4440">
     <span class='ocr_line' id='line_1_105' title="bbox 2119 4381 3382 4440; baseline -0.003 -1"><span class='ocrx_word' id='word_1_754' title='bbox 2119 4401 2150 4439; x_wconf 91' lang='lat' dir='ltr'><strong>a</strong></span> <span class='ocrx_word' id='word_1_755' title='bbox 2178 4384 2359 4440; x_wconf 80' lang='lat' dir='ltr'><strong>fructu</strong></span> <span class='ocrx_word' id='word_1_756' title='bbox 2383 4384 2644 4438; x_wconf 89' lang='lat' dir='ltr'><strong>virtutum</strong></span> <span class='ocrx_word' id='word_1_757' title='bbox 2672 4397 2875 4438; x_wconf 89' lang='lat' dir='ltr'><strong>vacuus</strong></span> <span class='ocrx_word' id='word_1_758' title='bbox 2905 4383 2960 4437; x_wconf 90' lang='lat' dir='ltr'><strong>in</strong></span> <span class='ocrx_word' id='word_1_759' title='bbox 2988 4382 3094 4437; x_wconf 86' lang='lat' dir='ltr'><strong>ﬁne</strong></span> <span class='ocrx_word' id='word_1_760' title='bbox 3123 4381 3382 4437; x_wconf 89' lang='lat' dir='ltr'><strong>manebit.</strong></span> 
     </span>
    </p>
   </div>
   <div class='ocr_carea' id='block_1_106' title="bbox 2192 4471 3710 4544">
    <p class='ocr_par' dir='ltr' id='par_1_106' title="bbox 2192 4471 3710 4544">
     <span class='ocr_line' id='line_1_106' title="bbox 2192 4471 3710 4544; baseline -0.003 -15"><span class='ocrx_word' id='word_1_761' title='bbox 2192 4474 2310 4529; x_wconf 85' lang='lat' dir='ltr'><strong>Huc</strong></span> <span class='ocrx_word' id='word_1_762' title='bbox 2353 4490 2528 4544; x_wconf 89' lang='lat' dir='ltr'><strong>usque</strong></span> <span class='ocrx_word' id='word_1_763' title='bbox 2551 4474 2810 4544; x_wconf 89' lang='lat' dir='ltr'><strong>pertingit</strong></span> <span class='ocrx_word' id='word_1_764' title='bbox 2839 4473 3024 4528; x_wconf 91' lang='lat' dir='ltr'><strong>titulus</strong></span> <span class='ocrx_word' id='word_1_765' title='bbox 3052 4472 3438 4532; x_wconf 86' lang='lat' dir='ltr'><strong>Parabolorum</strong></span> <span class='ocrx_word' id='word_1_766' title='bbox 3468 4471 3710 4528; x_wconf 85' lang='lat' dir='ltr'><strong>Salomo-</strong></span> 
     </span>
    </p>
   </div>
   <div class='ocr_carea' id='block_1_107' title="bbox 2121 4566 3710 4643">
    <p class='ocr_par' dir='ltr' id='par_1_107' title="bbox 2121 4566 3710 4643">
     <span class='ocr_line' id='line_1_107' title="bbox 2121 4566 3710 4643; baseline -0.001 -22"><span class='ocrx_word' id='word_1_767' title='bbox 2121 4569 2201 4623; x_wconf 87' lang='lat' dir='ltr'><strong>nis</strong></span> <span class='ocrx_word' id='word_1_768' title='bbox 2237 4567 2330 4639; x_wconf 92' lang='lat' dir='ltr'><strong>qui</strong></span> <span class='ocrx_word' id='word_1_769' title='bbox 2373 4582 2532 4637; x_wconf 89' lang='lat' dir='ltr'><strong>supra</strong></span> <span class='ocrx_word' id='word_1_770' title='bbox 2561 4567 2768 4638; x_wconf 89' lang='lat' dir='ltr'><strong>positus</strong></span> <span class='ocrx_word' id='word_1_771' title='bbox 2795 4575 2898 4623; x_wconf 88' lang='lat' dir='ltr'><strong>est.</strong></span> <span class='ocrx_word' id='word_1_772' title='bbox 2953 4566 3166 4643; x_wconf 16' lang='lat' dir='ltr'><strong>Ex‘quo</strong></span> <span class='ocrx_word' id='word_1_773' title='bbox 3197 4581 3397 4621; x_wconf 89' lang='lat' dir='ltr'><strong>novum</strong></span> <span class='ocrx_word' id='word_1_774' title='bbox 3425 4566 3710 4622; x_wconf 87' lang='lat' dir='ltr'><strong>locutionis</strong></span> 
     </span>
    </p>
   </div>
   <div class='ocr_carea' id='block_1_108' title="bbox 2122 4657 3711 4732">
    <p class='ocr_par' dir='ltr' id='par_1_108' title="bbox 2122 4657 3711 4732">
     <span class='ocr_line' id='line_1_108' title="bbox 2122 4657 3711 4732; baseline -0.006 -15"><span class='ocrx_word' id='word_1_775' title='bbox 2122 4677 2292 4732; x_wconf 82' lang='lat' dir='ltr'><strong>genus</strong></span> <span class='ocrx_word' id='word_1_776' title='bbox 2319 4661 2580 4732; x_wconf 89' lang='lat' dir='ltr'><strong>probatur</strong></span> <span class='ocrx_word' id='word_1_777' title='bbox 2608 4660 2986 4729; x_wconf 88' lang='lat' dir='ltr'><strong>assumpsisse,</strong></span> <span class='ocrx_word' id='word_1_778' title='bbox 3019 4665 3081 4711; x_wconf 91' lang='lat' dir='ltr'><strong>ut</strong></span> <span class='ocrx_word' id='word_1_779' title='bbox 3105 4672 3170 4712; x_wconf 87' lang='lat' dir='ltr'><strong>ea</strong></span> <span class='ocrx_word' id='word_1_780' title='bbox 3198 4673 3320 4728; x_wconf 69' lang='lat' dir='ltr'><strong>quae</strong></span> <span class='ocrx_word' id='word_1_781' title='bbox 3337 4657 3584 4712; x_wconf 90' lang='lat' dir='ltr'><strong>dicentur</strong></span> <span class='ocrx_word' id='word_1_782' title='bbox 3603 4671 3711 4710; x_wconf 88' lang='lat' dir='ltr'><strong>non</strong></span> 
     </span>
    </p>
   </div>
   <div class='ocr_carea' id='block_1_109' title="bbox 2122 4746 3706 4822">
    <p class='ocr_par' dir='ltr' id='par_1_109' title="bbox 2122 4746 3706 4822">
     <span class='ocr_line' id='line_1_109' title="bbox 2122 4746 3706 4822; baseline -0.005 -15"><span class='ocrx_word' id='word_1_783' title='bbox 2122 4752 2277 4822; x_wconf 88' lang='lat' dir='ltr'><strong>quasi</strong></span> <span class='ocrx_word' id='word_1_784' title='bbox 2304 4752 2372 4806; x_wconf 89' lang='lat' dir='ltr'><strong>ad</strong></span> <span class='ocrx_word' id='word_1_785' title='bbox 2402 4750 2563 4805; x_wconf 90' lang='lat' dir='ltr'><strong>alium</strong></span> <span class='ocrx_word' id='word_1_786' title='bbox 2591 4764 2751 4818; x_wconf 89' lang='lat' dir='ltr'><strong>quem</strong></span> <span class='ocrx_word' id='word_1_787' title='bbox 2775 4749 2994 4803; x_wconf 90' lang='lat' dir='ltr'><strong>doceret</strong></span> <span class='ocrx_word' id='word_1_788' title='bbox 3023 4747 3308 4818; x_wconf 90' lang='lat' dir='ltr'><strong>loquendo,</strong></span> <span class='ocrx_word' id='word_1_789' title='bbox 3339 4747 3433 4802; x_wconf 90' lang='lat' dir='ltr'><strong>sed</strong></span> <span class='ocrx_word' id='word_1_790' title='bbox 3455 4746 3600 4800; x_wconf 90' lang='lat' dir='ltr'><strong>velut</strong></span> <span class='ocrx_word' id='word_1_791' title='bbox 3621 4760 3706 4800; x_wconf 49' lang='lat' dir='ltr'><strong>ser</strong></span> 
     </span>
    </p>
   </div>
   <div class='ocr_carea' id='block_1_110' title="bbox 2123 4837 3681 4906">
    <p class='ocr_par' dir='ltr' id='par_1_110' title="bbox 2123 4837 3681 4906">
     <span class='ocr_line' id='line_1_110' title="bbox 2123 4837 3681 4906; baseline -0.004 -7"><span class='ocrx_word' id='word_1_792' title='bbox 2123 4859 2248 4898; x_wconf 91' lang='lat' dir='ltr'><strong>cum</strong></span> <span class='ocrx_word' id='word_1_793' title='bbox 2277 4842 2423 4899; x_wconf 89' lang='lat' dir='ltr'><strong>solus</strong></span> <span class='ocrx_word' id='word_1_794' title='bbox 2451 4840 2823 4898; x_wconf 83' lang='lat' dir='ltr'><strong>ratiocinando</strong></span> <span class='ocrx_word' id='word_1_795' title='bbox 2849 4839 3098 4895; x_wconf 87' lang='lat' dir='ltr'><strong>videatur</strong></span> <span class='ocrx_word' id='word_1_796' title='bbox 3123 4837 3295 4894; x_wconf 74' lang='lat' dir='ltr'><strong>elfari.</strong></span> <span class='ocrx_word' id='word_1_797' title='bbox 3342 4838 3524 4906; x_wconf 83' lang='lat' dir='ltr'><strong>Quare</strong></span> <span class='ocrx_word' id='word_1_798' title='bbox 3559 4837 3681 4893; x_wconf 85' lang='lat' dir='ltr'><strong>vide</strong></span> 
     </span>
    </p>
   </div>
   <div class='ocr_carea' id='block_1_111' title="bbox 2124 4931 3698 5006">
    <p class='ocr_par' dir='ltr' id='par_1_111' title="bbox 2124 4931 3698 5006">
     <span class='ocr_line' id='line_1_111' title="bbox 2124 4931 3698 5006; baseline -0.004 -15"><span class='ocrx_word' id='word_1_799' title='bbox 2124 4937 2251 4993; x_wconf 91' lang='lat' dir='ltr'><strong>licet</strong></span> <span class='ocrx_word' id='word_1_800' title='bbox 2276 4935 2660 4992; x_wconf 87' lang='lat' dir='ltr'><strong>Parabolarum</strong></span> <span class='ocrx_word' id='word_1_801' title='bbox 2685 4935 2894 5006; x_wconf 91' lang='lat' dir='ltr'><strong>primus</strong></span> <span class='ocrx_word' id='word_1_802' title='bbox 2920 4942 3006 4990; x_wconf 92' lang='lat' dir='ltr'><strong>est</strong></span> <span class='ocrx_word' id='word_1_803' title='bbox 3037 4931 3336 4989; x_wconf 88' lang='lat' dir='ltr'><strong>versiculus</strong></span> <span class='ocrx_word' id='word_1_804' title='bbox 3365 4950 3379 4986; x_wconf 89' lang='lat'><strong>:</strong></span> <span class='ocrx_word' id='word_1_805' title='bbox 3423 4931 3599 4987; x_wconf 82' lang='lat' dir='ltr'><strong>Filius</strong></span> <span class='ocrx_word' id='word_1_806' title='bbox 3625 4947 3698 4986; x_wconf 83' lang='lat' dir='ltr'><strong>sa-</strong></span> 
     </span>
    </p>
   </div>
   <div class='ocr_carea' id='block_1_112' title="bbox 2121 5023 3713 5100">
    <p class='ocr_par' dir='ltr' id='par_1_112' title="bbox 2121 5023 3713 5100">
     <span class='ocr_line' id='line_1_112' title="bbox 2121 5023 3713 5100; baseline -0.003 -17"><span class='ocrx_word' id='word_1_807' title='bbox 2121 5030 2267 5100; x_wconf 87' lang='lat' dir='ltr'><strong>piens</strong></span> <span class='ocrx_word' id='word_1_808' title='bbox 2293 5025 2523 5095; x_wconf 79' lang='lat' dir='ltr'><strong>ltetiﬁcat</strong></span> <span class='ocrx_word' id='word_1_809' title='bbox 2551 5037 2777 5096; x_wconf 83' lang='lat' dir='ltr'><strong>patrem,</strong></span> <span class='ocrx_word' id='word_1_810' title='bbox 2812 5024 2956 5094; x_wconf 79' lang='lat' dir='ltr'><strong>ﬁlius</strong></span> <span class='ocrx_word' id='word_1_811' title='bbox 2985 5041 3104 5080; x_wconf 82' lang='lat' dir='ltr'><strong>vero</strong></span> <span class='ocrx_word' id='word_1_812' title='bbox 3124 5023 3318 5079; x_wconf 84' lang='lat' dir='ltr'><strong>stultus</strong></span> <span class='ocrx_word' id='word_1_813' title='bbox 3345 5025 3590 5079; x_wconf 76' lang='lat' dir='ltr'><strong>maestitia</strong></span> <span class='ocrx_word' id='word_1_814' title='bbox 3637 5033 3713 5079; x_wconf 85' lang='lat' dir='ltr'><strong>est</strong></span> 
     </span>
    </p>
   </div>
   <div class='ocr_carea' id='block_1_113' title="bbox 2123 5112 3716 5188">
    <p class='ocr_par' dir='ltr' id='par_1_113' title="bbox 2123 5112 3716 5188">
     <span class='ocr_line' id='line_1_113' title="bbox 2123 5112 3716 5188; baseline -0.003 -16"><span class='ocrx_word' id='word_1_815' title='bbox 2123 5119 2282 5172; x_wconf 88' lang='lat' dir='ltr'><strong>matri</strong></span> <span class='ocrx_word' id='word_1_816' title='bbox 2302 5134 2454 5183; x_wconf 75' lang='lat' dir='ltr'><strong>sum;</strong></span> <span class='ocrx_word' id='word_1_817' title='bbox 2489 5116 2726 5178; x_wconf 66' lang='lat' dir='ltr'><strong>ultimus.</strong></span> <span class='ocrx_word' id='word_1_818' title='bbox 2747 5117 2851 5172; x_wconf 91' lang='lat' dir='ltr'><strong>iste</strong></span> <span class='ocrx_word' id='word_1_819' title='bbox 2879 5116 2946 5172; x_wconf 89' lang='lat' dir='ltr'><strong>ad</strong></span> <span class='ocrx_word' id='word_1_820' title='bbox 2971 5131 3132 5188; x_wconf 88' lang='lat' dir='ltr'><strong>quem</strong></span> <span class='ocrx_word' id='word_1_821' title='bbox 3167 5123 3339 5186; x_wconf 65' lang='lat' dir='ltr'><strong>usuue</strong></span> <span class='ocrx_word' id='word_1_822' title='bbox 3374 5112 3716 5186; x_wconf 78' lang='lat' dir='ltr'><strong>explanando</strong></span> 
     </span>
    </p>
   </div>
   <div class='ocr_carea' id='block_1_114' title="bbox 2125 5210 3716 5282">
    <p class='ocr_par' dir='ltr' id='par_1_114' title="bbox 2125 5210 3716 5282">
     <span class='ocr_line' id='line_1_114' title="bbox 2125 5210 3716 5282; baseline -0.001 -15"><span class='ocrx_word' id='word_1_823' title='bbox 2125 5211 2486 5282; x_wconf 90' lang='lat' dir='ltr'><strong>pervenimus.</strong></span> <span class='ocrx_word' id='word_1_824' title='bbox 2535 5210 2674 5265; x_wconf 86' lang='lat' dir='ltr'><strong>Hinc</strong></span> <span class='ocrx_word' id='word_1_825' title='bbox 2721 5211 2790 5266; x_wconf 91' lang='lat' dir='ltr'><strong>ad</strong></span> <span class='ocrx_word' id='word_1_826' title='bbox 2819 5211 3058 5280; x_wconf 89' lang='lat' dir='ltr'><strong>priorem</strong></span> <span class='ocrx_word' id='word_1_827' title='bbox 3082 5210 3334 5280; x_wconf 90' lang='lat' dir='ltr'><strong>loquendi</strong></span> <span class='ocrx_word' id='word_1_828' title='bbox 3377 5210 3596 5266; x_wconf 90' lang='lat' dir='ltr'><strong>modum</strong></span> <span class='ocrx_word' id='word_1_829' title='bbox 3624 5224 3716 5265; x_wconf 88' lang='lat' dir='ltr'><strong>re-</strong></span> 
     </span>
    </p>
   </div>
   <div class='ocr_carea' id='block_1_115' title="bbox 2126 5300 3715 5372">
    <p class='ocr_par' dir='ltr' id='par_1_115' title="bbox 2126 5300 3715 5372">
     <span class='ocr_line' id='line_1_115' title="bbox 2126 5300 3715 5372; baseline 0 -16"><span class='ocrx_word' id='word_1_830' title='bbox 2126 5304 2358 5364; x_wconf 86' lang='lat' dir='ltr'><strong>vertitur</strong></span> <span class='ocrx_word' id='word_1_831' title='bbox 2378 5311 2438 5356; x_wconf 92' lang='lat' dir='ltr'><strong>ut</strong></span> <span class='ocrx_word' id='word_1_832' title='bbox 2463 5300 2770 5372; x_wconf 88' lang='lat' dir='ltr'><strong>specialiter</strong></span> <span class='ocrx_word' id='word_1_833' title='bbox 2798 5301 2868 5355; x_wconf 90' lang='lat' dir='ltr'><strong>ad</strong></span> <span class='ocrx_word' id='word_1_834' title='bbox 2893 5315 3018 5357; x_wconf 91' lang='lat' dir='ltr'><strong>eum</strong></span> <span class='ocrx_word' id='word_1_835' title='bbox 3045 5316 3207 5372; x_wconf 90' lang='lat' dir='ltr'><strong>quem</strong></span> <span class='ocrx_word' id='word_1_836' title='bbox 3235 5301 3470 5357; x_wconf 87' lang='lat' dir='ltr'><strong>instruet</strong></span> <span class='ocrx_word' id='word_1_837' title='bbox 3491 5301 3715 5357; x_wconf 86' lang='lat' dir='ltr'><strong>verbum</strong></span> 
     </span>
    </p>
   </div>
   <div class='ocr_carea' id='block_1_116' title="bbox 2126 5391 2861 5462">
    <p class='ocr_par' dir='ltr' id='par_1_116' title="bbox 2126 5391 2861 5462">
     <span class='ocr_line' id='line_1_116' title="bbox 2126 5391 2861 5462; baseline 0 -16"><span class='ocrx_word' id='word_1_838' title='bbox 2126 5393 2311 5458; x_wconf 82' lang='lat' dir='ltr'><strong>faciat,</strong></span> <span class='ocrx_word' id='word_1_839' title='bbox 2354 5391 2498 5462; x_wconf 91' lang='lat' dir='ltr'><strong>quod</strong></span> <span class='ocrx_word' id='word_1_840' title='bbox 2530 5391 2606 5445; x_wconf 88' lang='lat' dir='ltr'><strong>ita</strong></span> <span class='ocrx_word' id='word_1_841' title='bbox 2634 5391 2824 5462; x_wconf 88' lang='lat' dir='ltr'><strong>incipit</strong></span> <span class='ocrx_word' id='word_1_842' title='bbox 2846 5405 2861 5446; x_wconf 90' lang='lat'><strong>:</strong></span> 
     </span>
    </p>
   </div>
   <div class='ocr_carea' id='block_1_117' title="bbox 2197 5471 3715 5557">
    <p class='ocr_par' dir='ltr' id='par_1_117' title="bbox 2197 5471 3715 5557">
     <span class='ocr_line' id='line_1_117' title="bbox 2197 5471 3715 5557; baseline 0.001 -21"><span class='ocrx_word' id='word_1_843' title='bbox 2197 5482 2404 5538; x_wconf 85' lang='lat' dir='ltr'><strong>Inclina</strong></span> <span class='ocrx_word' id='word_1_844' title='bbox 2434 5499 2616 5538; x_wconf 90' lang='lat' dir='ltr'><strong>aurem</strong></span> <span class='ocrx_word' id='word_1_845' title='bbox 2649 5492 2795 5538; x_wconf 90' lang='lat' dir='ltr'><strong>tuam</strong></span> <span class='ocrx_word' id='word_1_846' title='bbox 2824 5471 2874 5538; x_wconf 77' lang='lat' dir='ltr'><strong>et</strong></span> <span class='ocrx_word' id='word_1_847' title='bbox 2908 5484 3036 5539; x_wconf 89' lang='lat' dir='ltr'><strong>audi</strong></span> <span class='ocrx_word' id='word_1_848' title='bbox 3067 5483 3221 5540; x_wconf 86' lang='lat' dir='ltr'><strong>verba</strong></span> <span class='ocrx_word' id='word_1_849' title='bbox 3249 5485 3545 5557; x_wconf 86' lang='lat' dir='ltr'><strong>sapientum</strong></span> <span class='ocrx_word' id='word_1_850' title='bbox 3569 5501 3587 5541; x_wconf 91' lang='lat'><strong><em>:</em></strong></span> <span class='ocrx_word' id='word_1_851' title='bbox 3617 5501 3715 5556; x_wconf 73' lang='lat' dir='ltr'><strong>ap-</strong></span> 
     </span>
    </p>
   </div>
   <div class='ocr_carea' id='block_1_118' title="bbox 2125 5576 3719 5650">
    <p class='ocr_par' dir='ltr' id='par_1_118' title="bbox 2125 5576 3719 5650">
     <span class='ocr_line' id='line_1_118' title="bbox 2125 5576 3719 5650; baseline 0.001 -18"><span class='ocrx_word' id='word_1_852' title='bbox 2125 5593 2258 5649; x_wconf 87' lang='lat' dir='ltr'><strong>pone</strong></span> <span class='ocrx_word' id='word_1_853' title='bbox 2279 5585 2452 5632; x_wconf 88' lang='lat' dir='ltr'><strong>autem</strong></span> <span class='ocrx_word' id='word_1_854' title='bbox 2474 5595 2565 5632; x_wconf 90' lang='lat' dir='ltr'><strong>cor</strong></span> <span class='ocrx_word' id='word_1_855' title='bbox 2593 5588 2739 5632; x_wconf 90' lang='lat' dir='ltr'><strong>tuum</strong></span> <span class='ocrx_word' id='word_1_856' title='bbox 2765 5577 2834 5632; x_wconf 88' lang='lat' dir='ltr'><strong>ad</strong></span> <span class='ocrx_word' id='word_1_857' title='bbox 2859 5576 3153 5634; x_wconf 84' lang='lat' dir='ltr'><strong>doctrinam</strong></span> <span class='ocrx_word' id='word_1_858' title='bbox 3179 5594 3374 5633; x_wconf 87' lang='lat' dir='ltr'><strong>meam.</strong></span> <span class='ocrx_word' id='word_1_859' title='bbox 3398 5579 3719 5650; x_wconf 85' lang='lat' dir='ltr'><strong>Pulchrum-</strong></span> 
     </span>
    </p>
   </div>
   <div class='ocr_carea' id='block_1_119' title="bbox 2127 5668 3721 5742">
    <p class='ocr_par' dir='ltr' id='par_1_119' title="bbox 2127 5668 3721 5742">
     <span class='ocr_line' id='line_1_119' title="bbox 2127 5668 3721 5742; baseline 0.001 -20"><span class='ocrx_word' id='word_1_860' title='bbox 2127 5685 2231 5740; x_wconf 86' lang='lat' dir='ltr'><strong>que</strong></span> <span class='ocrx_word' id='word_1_861' title='bbox 2252 5670 2462 5726; x_wconf 91' lang='lat' dir='ltr'><strong>initium</strong></span> <span class='ocrx_word' id='word_1_862' title='bbox 2489 5670 2642 5742; x_wconf 90' lang='lat' dir='ltr'><strong>ponit</strong></span> <span class='ocrx_word' id='word_1_863' title='bbox 2670 5686 2821 5726; x_wconf 74' lang='lat' dir='ltr'><strong>nova:</strong></span> <span class='ocrx_word' id='word_1_864' title='bbox 2857 5668 3164 5727; x_wconf 91' lang='lat' dir='ltr'><strong>locutionis.</strong></span> <span class='ocrx_word' id='word_1_865' title='bbox 3202 5669 3270 5725; x_wconf 90' lang='lat' dir='ltr'><strong>Ut</strong></span> <span class='ocrx_word' id='word_1_866' title='bbox 3300 5686 3489 5728; x_wconf 85' lang='lat' dir='ltr'><strong>aurem</strong></span> <span class='ocrx_word' id='word_1_867' title='bbox 3513 5671 3721 5742; x_wconf 82' lang='lat' dir='ltr'><strong>pariter</strong></span> 
     </span>
    </p>
   </div>
   <div class='ocr_carea' id='block_1_120' title="bbox 2129 5762 3716 5838">
    <p class='ocr_par' dir='ltr' id='par_1_120' title="bbox 2129 5762 3716 5838">
     <span class='ocr_line' id='line_1_120' title="bbox 2129 5762 3716 5838; baseline 0.001 -22"><span class='ocrx_word' id='word_1_868' title='bbox 2129 5763 2196 5818; x_wconf 86' lang='lat' dir='ltr'><strong>ad</strong></span> <span class='ocrx_word' id='word_1_869' title='bbox 2223 5763 2546 5820; x_wconf 86' lang='lat' dir='ltr'><strong>audiendum</strong></span> <span class='ocrx_word' id='word_1_870' title='bbox 2575 5770 2628 5818; x_wconf 89' lang='lat' dir='ltr'><strong>et</strong></span> <span class='ocrx_word' id='word_1_871' title='bbox 2659 5778 2754 5820; x_wconf 88' lang='lat' dir='ltr'><strong>cor</strong></span> <span class='ocrx_word' id='word_1_872' title='bbox 2775 5777 3045 5835; x_wconf 83' lang='lat' dir='ltr'><strong>apponere</strong></span> <span class='ocrx_word' id='word_1_873' title='bbox 3067 5762 3134 5820; x_wconf 81' lang='lat' dir='ltr'><strong>ad</strong></span> <span class='ocrx_word' id='word_1_874' title='bbox 3165 5763 3567 5838; x_wconf 79' lang='lat' dir='ltr'><strong>intelligendum</strong></span> <span class='ocrx_word' id='word_1_875' title='bbox 3597 5766 3716 5832; x_wconf 66' lang='lat' dir='ltr'><strong>quia</strong></span> 
     </span>
    </p>
   </div>
  </div>
