4100 6324
364 403 566 476 755‘

1122 403 1482 462 EXPOSITIO
1522 401 1588 458 IN
1626 401 2018 460 PROVERBIA
2059 397 2472 456 SALOMONIS.
2513 427 2583 438 ——
2619 398 2749 452 LIB.
2789 397 2853 451 Il.

3532 395 3638 452 75b

366 529 642 603 sapienter
669 525 978 596 loquantur,
1009 525 1133 575 eum
1164 532 1324 588 quem
1349 517 1525 572 erudit
1558 515 1745 586 jubeat
1772 533 1784 567 :
1821 512 1952 579 Qua:
1980 515 2034 576 Α
2057 513 2201 566 hunc
2235 511 2400 603 indie
2425 509 2702 603 novissimi
2731 507 2997 603 examinis
3023 522 3216 603 coram
3243 508 3518 577 apostolis,
3547 508 3640 580 qui

367 624 588 698 pulchra
618 623 714 676 erit
739 620 853 684 tibi,
889 633 1007 671 cum
1031 612 1312 670 servaveris
1337 627 1452 666 eam
1479 611 1535 664 in
1557 618 1732 664 ventre
1754 618 1868 671 tuo,
1906 615 1954 660 et

371 709 1152 773 redundabitinlabiistuis‘.
1198 745 1213 760 .
1257 745 1272 760 .
1316 744 1331 759 .
1371 744 1386 758 .
1428 743 1443 758 .
1487 745 1500 758 .
1543 743 1556 756 .
1596 743 1609 756 .
1655 742 1668 755 .
1711 741 1724 756 .
1768 743 1780 755 .
1823 741 1836 754 .
1882 740 1895 753 .
1940 740 1954 754 .

372 895 559 950 Potest
582 892 651 948 de
687 889 926 961 quolibet
960 901 1198 959 paupere
1221 886 1306 942 vel
1330 901 1502 958 egeno
1531 884 1731 955 accipi,
1761 883 1827 939 de
1852 897 1960 951 quo

375 986 617 1042 dictum:
648 982 762 1036 Tibi
799 981 939 1036 enim
976 979 1253 1034 derelictus
1301 987 1378 1034 est
1403 993 1634 1049 pauper,
1674 975 1873 1049 pupillo
1901 983 1960 1028 tu

374 1080 476 1135 eris
496 1077 710 1148 adjutor
733 1089 752 1128 :
790 1089 979 1130 verum
1001 1073 1128 1147 quia
1152 1073 1396 1143 sequitur
1421 1089 1436 1126 :

444 1171 516 1226 Et
543 1171 762 1242 conliget
780 1187 868 1226 eos
890 1171 980 1241 qui
1007 1170 1318 1239 conﬁxerint
1342 1169 1575 1230 animam
1599 1169 1737 1240 ejus,
1765 1166 1960 1223 melius

375 1265 442 1319 de
465 1263 557 1318 illo
579 1261 910 1334 intelligitur,
943 1261 1035 1332 qui
1058 1275 1180 1316 cum
1204 1260 1354 1316 dives
1371 1268 1536 1327 esset,
1561 1275 1764 1331 pauper
1786 1259 1960 1314 factus

373 1366 458 1414 est
485 1371 584 1428 pro
605 1356 794 1422 nobis,
838 1371 938 1410 nec
971 1355 1144 1410 solum
1171 1356 1461 1426 pauperari
1505 1363 1566 1410 ut
1608 1371 1708 1412 nos
1737 1355 1956 1420 ditaret,

377 1447 470 1503 sed
495 1445 680 1510 etiam,
712 1452 773 1500 ut
823 1460 922 1500 nos
949 1446 1260 1511 redimeret,
1305 1446 1549 1514 cruciﬁgi
1582 1447 1832 1519 dignatus
1856 1455 1960 1502 est.

376 1536 634 1592 Prohibet
683 1551 813 1606 ergo
843 1536 1105 1606 sapientia
1139 1552 1268 1591 suos
1298 1537 1589 1613 auditores,
1647 1537 1877 1593 Domino
1907 1539 1962 1592 in

377 1643 541 1683 carne
595 1627 912 1697 praedicanti
971 1627 1278 1683 violentiam
1340 1638 1678 1700 mortemque
1738 1629 1960 1696 inferre,

379 1721 504 1790 quia
533 1719 792 1774 nimirum
819 1727 999 1774 certus
1028 1727 1192 1775 restet
1219 1720 1469 1776 interitus
1494 1722 1592 1788 eis,
1630 1722 1722 1791 qui
1764 1723 1816 1776 in
1867 1737 1962 1777 ac-

379 1818 550 1865 torem
576 1808 702 1864 vita:
721 1823 912 1862 manus
936 1809 1148 1864 mittere
1177 1825 1280 1864 non
1305 1809 1600 1864 timuerint.

2057 618 2179 660 cum
2205 601 2422 657 Christo
2467 599 2726 654 mundum
2745 596 3038 666 iudicaturi
3075 596 3358 661 sedebunt,
3390 612 3510 652 esse
3532 603 3644 652 sta-

2059 702 2262 757 turum,
2292 691 2418 762 quia
2445 689 2701 744 videlicet
2724 703 2912 743 eorum
2935 687 3083 758 jussa
3114 686 3434 751 servaverit,
3467 702 3644 756 neque

2060 785 2115 838 in
2142 791 2294 854 parte
2329 781 2661 852 ignobilium
2687 780 2968 834 doctorum
3000 793 3230 847 quorum
3267 777 3532 832 cavefecit
3556 793 3645 833 er-

2061 892 2240 932 rorem
2272 895 2284 928 :
2328 876 2431 930 hoc
2460 886 2545 930 est
2571 917 2585 939 ,
2649 874 2715 928 ad
2751 873 3027 928 sinistram
3049 871 3246 942 judicis
3296 887 3417 928 esse
3443 888 3645 942 ponen-

2061 966 2206 1021 dum.

2624 1054 2850 1111 CAPUT
2894 1054 3078 1111 XXIII.

2133 1168 2358 1234 Quando
2385 1169 2579 1223 sederis
2605 1177 2663 1223 ut
2694 1169 2934 1224 comedas
2955 1186 3070 1223 cum
3098 1169 3350 1240 principe,
3377 1168 3649 1238 diligenter

2062 1259 2270 1313 attende
2307 1276 2423 1330 qua:
2456 1261 2625 1329 posita
2670 1261 2772 1313 sint
2813 1260 2882 1313 ad
2921 1260 3108 1330 faciem
3161 1270 3338 1329 tuam,
3390 1271 3436 1314 et
3479 1268 3650 1313 statue

2063 1349 2284 1404 cultrum
2311 1351 2363 1404 in
2387 1361 2593 1421 gutture
2614 1360 2721 1414 tuo,
2747 1352 2792 1404 si
2807 1361 2980 1405 tamen
3006 1352 3160 1406 habes
3189 1352 3241 1405 in
3255 1360 3508 1421 potestate
3533 1349 3651 1403 ani-

2063 1458 2201 1496 mam
2234 1451 2399 1495 tuam.
2423 1441 2527 1495 Per
2558 1441 2867 1511 allegoriam
2891 1450 3086 1496 cuncta
3123 1442 3396 1496 dicuntur.
3426 1439 3652 1508 Quando

2063 1533 2269 1588 sederis
2299 1535 2365 1587 ad
2396 1533 2679 1602 legendum
2724 1549 2846 1586 cum
2893 1534 3181 1605 magistro,
3234 1544 3291 1586 ut
3337 1548 3472 1602 pane
3499 1529 3652 1586 verbi

2065 1625 2348 1689 reﬁciaris,
2381 1625 2664 1696 diligenter
2686 1625 2920 1696 intellige
2947 1642 3066 1695 qua:
3089 1627 3288 1696 scripta
3315 1634 3439 1680 sunt
3462 1634 3517 1678 et
3544 1625 3654 1679 dis-

2066 1719 2360 1775 cretionem
2391 1733 2558 1774 sacra:
2574 1714 2829 1773 lectionis
2858 1718 2911 1771 in
2943 1726 3032 1772 tua
3059 1718 3327 1773 locutione
3353 1732 3609 1773 conserva
3635 1731 3652 1782 ;

2067 1811 2112 1865 si
2144 1819 2320 1865 tamen
2353 1809 2478 1864 talis
2505 1825 2587 1874 es,
2637 1817 2950 1878 tantumque
2987 1799 3252 1874 eruditus,
3303 1810 3393 1878 qui
3421 1811 3474 1863 in
3499 1817 3653 1879 pote—

456 1898 582 1954 Noli
607 1917 716 1954 esse
758 1902 957 1955 amicus
982 1902 1179 1956 homini
1209 1903 1492 1970 iracundo,
1540 1922 1703 1975 neque
1731 1881 2206 1962 ambulesBSlate
2263 1901 2465 1956 habeas
2521 1900 2757 1954 animam
2816 1907 2987 1966 illam.
3048 1915 3148 1954 nec
3199 1900 3351 1968 (Ιυίὶεί
3407 1899 3658 1952 ίηάοειυε

382 2009 498 2046 cum
526 1992 634 2044 viro
673 1991 894 2060 furioso,
941 2008 1002 2045 ne
1032 1991 1164 2061 forte
1192 1993 1364 2048 discas
1395 1995 1608 2049 semitas
1635 1997 1768 2066 ejus,
1803 2008 1850 2051 et
1879 2012 2001 2051 su-'

382 2100 495 2138 mas
524 2082 831 2136 scandalum
859 2083 1050 2137 animle
1081 2092 1204 2138 tuae.
1235 2084 1300 2138 Et
1321 2086 1436 2140 haec
1462 2102 1584 2141 cum
1605 2087 1671 2144 de
1695 2089 1839 2142 omni
1872 2089 1972 2143 ira-

383 2172 560 2226 cundo
601 2171 688 2226 vel
719 2171 921 2228 furioso
949 2174 1158 2242 possint
1186 2176 1514 2244 generaliter
1537 2179 1730 2248 accipi,
1779 2179 1853 2233 nil
1886 2190 1968 2234 ta-

382 2278 506 2318 men
534 2261 778 2333 prohibet
806 2264 1112 2343 specialiter
1149 2266 1320 2337 accipi
1356 2267 1422 2322 de
1467 2269 1606 2335 illis,
1659 2271 1751 2341 qui
1781 2279 1970 2326 contra

383 2351 707 2408 salvatorem
729 2362 784 2408 et
808 2353 1100 2424 discipulos
1128 2357 1245 2428 ejus
1264 2373 1464 2414 vesana
1494 2370 1676 2416 mente
1700 2361 1970 2430 furebant,

333 2457 336 2464 '
383 2458 415 2498 a
445 2458 672 2514 quorum
699 2445 940 2501 amicitia
971 2455 1025 2502 et
1049 2450 1307 2504 comitatu
1333 2453 1714 2521 prohibentur,
1754 2456 1974 2525 quicun-

382 2548 489 2604 que
515 2533 571 2588 in
593 2548 716 2588 eum
747 2537 1032 2592 credentes
1058 2553 1247 2594 curam
1272 2554 1383 2595 sua:
1411 2541 1600 2598 salutis
1622 2545 1875 2615 agebant,
1907 2562 1975 2602 ne

384 2639 453 2680 ex
477 2627 675 2681 vicinia
702 2642 990 2698 pravorum
1014 2631 1176 2686 etiam
1209 2633 1310 2703 ipsi
1339 2635 1580 2703 perirent
1604 2653 1616 2689 :
1661 2637 1805 2706 quod
1824 2636 1975 2694 Iudae

385 2715 660 2773 Iscariotis
695 2733 826 2774 casu
865 2719 982 2776 ﬁeri
1023 2737 1180 2791 posse
1225 2725 1512 2794 probatum
1545 2735 1647 2782 est.
1697 2727 1977 2784 Generali-

387 2814 472 2862 ter
497 2816 675 2864 autem
701 2809 1009 2877 dicendum,
1037 2815 1164 2883 quia
1192 2816 1331 2870 sicut
1354 2816 1579 2886 perfecti
1625 2819 1726 2873 viri
1757 2834 1976 2889 perver-

389 2913 480 2954 sos
506 2899 781 2969 proximos
807 2917 912 2956 non
943 2902 1140 2958 debent
1169 2903 1390 2976 fugere,
1431 2908 1556 2977 quia
1587 2907 1707 2964 illos
1736 2925 1878 2980 saepe
1904 2910 1972 2965 ad

390 2991 768 3046 rectitudinem
794 2995 1036 3060 trahunt,
1074 3005 1128 3050 et
1155 2996 1256 3066 ipsi
1289 2998 1357 3053 ad
1380 3001 1793 3069 perversitatem
1839 3019 1981 3058 nun-

391 3097 552 3152 quam
576 3085 884 3152 trahuntur,
934 3087 1006 3141 ita
1035 3088 1233 3144 inﬁrmi
1275 3091 1474 3162 quique
1523 3095 1838 3150 societatem
1887 3097 1980 3152 de-

2070 2003 2252 2050 mente
2275 2003 2365 2050 tua
2388 1994 2789 2050 circumferaris
2822 1993 2967 2047 omni
3000 2000 3163 2048 vento
3189 1993 3468 2047 doctrinae.
3525 1989 3658 2044 Gut-

2071 2092 2160 2138 tur
2207 2100 2441 2154 namque
2488 2100 2587 2154 pro
2639 2084 2850 2154 loquela
2895 2084 3093 2152 posuit,
3139 2084 3267 2152 quia
3319 2097 3422 2136 vox
3453 2081 3506 2134 in
3541 2089 3661 2151 gut-

2072 2181 2192 2228 ture
2215 2181 2318 2237 est,
2353 2173 2555 2227 cultum
2583 2189 2680 2242 pro
2717 2173 3060 2237 discretione,
3096 2173 3221 2241 quia
3250 2173 3400 2227 cibos
3426 2187 3548 2225 cum
3581 2186 3660 2225 re

2074 2262 2291 2318 ﬁcimur
2320 2263 2495 2318 cultro
2545 2271 2761 2318 secante
2789 2279 3157 2333 praeparamus
3205 2281 3217 2316 :
3279 2272 3334 2317 et
3379 2262 3574 2317 sedens
3601 2271 3662 2316 ut

2074 2352 2340 2410 comedat
2366 2344 2598 2408 cultrum
2628 2356 2680 2408 in
2709 2363 2925 2425 gutture
2965 2367 3063 2408 suo
3089 2353 3299 2419 statuit,
3333 2352 3548 2421 quando
3592 2351 3660 2417 is,

2075 2445 2169 2516 qui
2190 2446 2369 2501 divina
2398 2445 2616 2501 sedulus
2641 2446 2954 2511 meditatur,
2980 2445 3194 2515 eloquio
3224 2445 3454 2499 discreta
3484 2460 3551 2498 ex
3570 2458 3665 2498 ore

2076 2535 2241 2591 verba
2283 2535 2580 2606 depromit,
2633 2553 2733 2592 nec
2787 2537 2889 2590 alia
2935 2537 3130 2607 saepius
3175 2538 3232 2590 in
3282 2536 3461 2607 lingua
3503 2551 3663 2606 quam

2079 2625 2314 2681 caelestis
2339 2626 2541 2682 oraculi
2584 2627 2726 2682 dicta
2783 2627 3031 2682 revolvit.
3088 2626 3202 2682 Hoc
3231 2635 3410 2682 autem
3441 2627 3558 2696 ejus
3585 2635 3670 2682 est

2079 2715 2284 2782 facere,
2329 2718 2420 2786 qui
2451 2718 2506 2771 in
2534 2726 2800 2788 potestate
2827 2719 2991 2774 habet
3028 2719 3263 2774 animam
3297 2713 3473 2784 suam,
3506 2719 3558 2772 id
3587 2726 3671 2773 est

2081 2807 2413 2862 immobilem
2459 2809 2600 2863 inter
2626 2824 2842 2864 errores
2882 2808 3182 2863 fallentium
3211 2809 3536 2879 sapientium
3583 2823 3673 2863 sa-

2079 2897 2279 2968 pientis
2309 2899 2473 2953 animi
2526 2906 2724 2955 statum
2755 2915 2972 2955 servare
3000 2899 3208 2966 didicit,
3259 2899 3398 2955 unde
3447 2907 3502 2955 et
3526 2907 3673 2954 recte

2082 2987 2356 3061 subiungit
2384 3009 2396 3044 :

2156 3081 2240 3136 Ne
2263 3082 2525 3138 desideres
2571 3084 2636 3138 de
2657 3085 2784 3138 cibis
2811 3085 2947 3156 ejus,
2980 3086 3034 3138 in
3061 3101 3163 3155 quo
3185 3093 3260 3139 est
3285 3085 3436 3155 panis
3459 3084 3672 3139 menda-

390 3173 519 3228 bent
544 3175 815 3233 declinare
843 3195 1154 3248 pravorum,
1196 3197 1264 3237 ne
1308 3183 1471 3251 mala,
1521 3202 1642 3257 qua;
1669 3186 1980 3258 frequenter
2026 3256 2043 3258 _
2081 3175 2168 3228 cii.
2201 3174 2354 3242 Quod
2375 3185 2459 3231 est
2487 3186 2674 3247 aperte
2700 3177 2902 3244 dicere,
2938 3193 3004 3232 ne
3029 3177 3301 3233 desideres
3319 3179 3436 3249 ejus
3465 3177 3677 3233 auscul-

393 3265 660 3335 aspiciunt
691 3276 747 3322 et
785 3270 1057 3340 corrigere
1082 3287 1189 3328 non
1224 3273 1404 3329 valent
1428 3316 1443 3340 ,
1501 3256 1664 3332 ειίεη,
1703 3256 1979 3334 deiecta-
2008 3256 2054 3319 C
2088 3277 2205 3325 tare
2237 3272 2601 3336 sermonibus,
2655 3272 2746 3329 qui
2778 3271 3059 3327 dulcedine
3111 3272 3516 3326 mendaciorum
3546 3271 3679 3340 dog-

397 3365 484 3410 tur
508 3358 729 3415 imitari.

469 3447 596 3504 Noli
635 3468 747 3506 esse
774 3469 894 3507 cum
925 3455 1006 3508 his
1043 3457 1133 3526 qui
1157 3457 1388 3528 deﬁgunt
1425 3475 1614 3514 manus
1641 3477 1784 3526 suas,
1817 3472 1865 3517 et
1890 3464 1983 3534 qui

395 3542 552 3597 vades
577 3559 632 3596 se
657 3543 880 3612 offerunt
909 3561 1003 3613 pro
1041 3546 1246 3611 debitis,
1292 3549 1337 3602 si
1377 3550 1514 3602 enim
1542 3566 1646 3604 non
1669 3551 1820 3606 habet
1847 3553 1986 3608 unde

397 3632 658 3698 restituat,
703 3635 829 3703 quid
850 3651 1025 3690 causae
1051 3647 1126 3691 est
1155 3647 1210 3691 ut
1231 3638 1381 3692 tollat
1407 3641 1782 3709 operimentum
1813 3642 1876 3697 de
1896 3661 1988 3698 cu-

399 3720 493 3775 bili
519 3712 628 3776 tuo.
654 3721 774 3778 Noli
799 3739 920 3780 esse
943 3741 1067 3780 cum
1093 3727 1177 3781 his
1201 3727 1290 3796 qui
1314 3743 1374 3783 se
1394 3743 1514 3782 cum
1537 3739 1720 3785 essent
1743 3731 1898 3788 liberi
1923 3750 1988 3790 ac

398 3810 618 3866 sibimet
653 3821 910 3869 vacantes
935 3813 1176 3886 deﬁgunt
1207 3816 1261 3871 in
1295 3833 1425 3872 cura
1473 3819 1662 3875 salutis
1699 3822 1985 3891 malorum,

401 3906 732 3976 spondentes
777 3923 836 3962 se
882 3909 1147 3965 rationem
1193 3926 1291 3980 pro
1320 3927 1507 3967 eorum
1568 3914 1851 3971 animabus
1887 3917 1991 3972 Do-

402 4001 549 4056 mino
588 4001 942 4058 reddituros:
996 4004 1043 4059 si
1073 4003 1372 4073 enimille,
1422 4021 1522 4077 pro
1571 4023 1677 4077 quo
1725 4009 1992 4079 spondisti

403 4106 511 4146 non
531 4092 695 4147 habet
724 4093 865 4147 bona
892 4108 1078 4164 opera,
1109 4095 1307 4164 quibus
1336 4103 1389 4151 te
1425 4096 1622 4152 librum
1652 4113 1717 4154 ac
1741 4115 1990 4154 securum

403 4180 615 4246 reddat,
644 4190 749 4237 tua:
792 4185 1118 4253 sponsionis,
1146 4187 1275 4255 quid
1304 4187 1400 4242 tibi
1428 4188 1560 4244 utile
1586 4197 1688 4255 est,
1713 4199 1773 4244 ut
1798 4191 1911 4260 ipse
1938 4191 1993 4247 in

405 4271 492 4328 die
513 4273 701 4344 judicii
727 4290 825 4344 pro
861 4277 978 4346 ejus
1005 4278 1183 4333 anima
1202 4277 1508 4347 iudiceris?
1543 4283 1870 4354 amittasque
1896 4285 1995 4340 ha-

406 4363 577 4418 bitum
601 4363 827 4433 iustitiae
854 4384 962 4439 quo
987 4370 1207 4427 indutus
1232 4387 1352 4429 esse
1392 4373 1683 4440 videbaris,
1731 4390 1794 4430 ac
1821 4376 1996 4431 nudus

409 4455 478 4509 ab
512 4466 833 4513 ornamento
865 4461 1141 4520 virtutum
1171 4463 1407 4520 existere
1449 4466 1840 4535 comproberis,
1866 4467 1995 4536 quia

409 4549 554 4620 quod
581 4551 808 4607 Domino
834 4561 970 4608 teste
1004 4554 1275 4624 pollicitus
1308 4571 1385 4622 es,
1410 4557 1634 4626 implere
1652 4559 1993 4628 nequiveras.

411 4639 526 4697 Hoc
563 4651 744 4700 autem
767 4643 970 4700 dictum
994 4655 1096 4712 est,
1149 4661 1256 4702 non
1295 4663 1402 4716 quo
1423 4662 1610 4703 curam
1639 4653 1995 4722 regendarum

411 4735 735 4804 animarum,
766 4755 888 4794 cum
913 4738 1011 4794 tibi
1038 4740 1358 4811 regulariter
1385 4743 1636 4813 imposita
1676 4741 1859 4809 fuerit,
1879 4759 1997 4798 sus-

412 4827 592 4897 cipere
617 4844 726 4884 non
755 4829 974 4896 debeas,
1008 4831 1104 4885 sed
1143 4846 1212 4885 ne
1247 4831 1447 4900 passim
1478 4831 1624 4886 nullo
1655 4831 1878 4902 jubente
1905 4833 1999 4889 do-

413 4919 582 4975 ctoris
641 4919 740 4976 tibi
787 4935 852 4976 ac
901 4920 1146 4992 prtesulis
1200 4920 1433 4976 oﬁicium
1473 4921 1797 4977 temerarius
1842 4938 1998 4978 usur-

413 5024 530 5080 pes.

488 5101 572 5157 Ne
592 5105 997 5175 transgrediaris
1018 5107 1266 5161 terminos
1295 5108 1538 5179 antiquos
1566 5123 1694 5177 quos
1718 5118 2003 5177 posuerunt

415 5202 588 5264 patres
619 5197 716 5250 tui.
750 5195 830 5252 Ne
859 5198 1271 5269 transgrediaris
1296 5199 1556 5254 terminos
1577 5198 1722 5264 ﬁdei,
1753 5214 1888 5268 quos
1916 5215 2004 5254 ca-

419 5284 606 5340 tholici
634 5287 702 5342 ab
727 5287 881 5344 initio
901 5297 1140 5344 statuere
1165 5289 1436 5345 doctores.

499 5375 691 5433 Vidisti
715 5381 884 5436 virum
921 5381 1140 5436 velocem
1180 5383 1234 5436 in
1262 5398 1412 5452 opere
1436 5399 1554 5448 suo,
1596 5399 1774 5437 coram
1802 5381 2007 5452 regibus

419 5470 599 5534 stabit,
633 5488 724 5526 nec
768 5474 865 5528 erit
889 5484 1010 5530 ante
1034 5474 1302 5546 ignobiles.
1353 5475 1738 5547 Quemcunque
1766 5476 2005 5532 velocem

419 5561 625 5618 videris
654 5564 709 5619 in
735 5580 898 5636 opere
940 5583 1059 5632 suo,
1095 5567 1146 5622 id
1198 5575 1301 5633 est,
1357 5568 1413 5622 in
1457 5582 1623 5638 opere
1647 5568 1807 5632 bono,
1863 5568 2008 5638 quod

421 5651 538 5722 ejus
580 5662 699 5710 erat
743 5656 940 5723 facere,
969 5666 1244 5713 strenuum
1290 5666 1453 5729 atque
1491 5658 1778 5715 sollicitum
1803 5699 1819 5726 ,
1869 5659 2007 5715 scito

2087 3372 2294 3418 matum
2323 3365 2598 3419 auditores
2629 3381 2756 3420 suos
2787 3364 2974 3420 fallere
2995 3366 3290 3421 consuevit.

2161 3452 2292 3508 Noli
2327 3453 2568 3509 laborare
2598 3465 2654 3509 ut
2683 3455 2886 3510 diteris.
2937 3457 3164 3512 Divitias
3195 3457 3436 3512 scientia:
3476 3453 3682 3528 signiﬁ-

2090 3550 2198 3608 cat,
2242 3559 2377 3613 quas
2415 3544 2555 3599 ultra
2610 3560 2918 3602 mensuram
2957 3547 3275 3617 capacitatis
3308 3555 3506 3601 nostra:
3537 3559 3684 3616 qum-

2089 3647 2211 3687 rere
2236 3634 2604 3704 prohibemur.

2163 3721 2268 3779 Sed
2288 3726 2580 3795 prudentia:
2609 3736 2715 3781 tuae
2752 3745 2884 3796 pone
2909 3729 3138 3784 modum.
3170 3729 3322 3784 Illum
3347 3729 3600 3786 videlicet
3618 3731 3684 3786 de

2090 3834 2199 3888 quo
2234 3835 2397 3889 supra
2431 3820 2632 3874 dictum
2675 3827 2794 3874 est:
2859 3819 2942 3874 Ne
2988 3823 3393 3892 transgrediaris
3437 3823 3682 3878 terminos

2093 3911 2353 3981 antiquos,
2382 3927 2511 3981 quos
2531 3920 2814 3980 posuerunt
2840 3922 3012 3982 patres
3037 3914 3136 3976 tui,
3166 3912 3266 3966 hoc
3291 3921 3396 3977 est,
3425 3913 3684 3969 terminos

2094 4004 2235 4058 datae
2259 4017 2288 4055 a
2314 4003 2561 4073 patribus
2583 4003 2824 4058 veritatis
2851 4010 2906 4057 et
2929 4003 3071 4057 ﬁdei.

2167 4093 2251 4147 Ne
2281 4094 2451 4164 erigas
2479 4093 2657 4148 oculos
2688 4103 2804 4148 tuos
2835 4094 2903 4148 ad
2934 4112 3052 4164 opes
3081 4113 3211 4166 quas
3243 4095 3432 4150 habere
3458 4113 3560 4149 non
3587 4113 3686 4167 po-

2095 4196 2191 4252 tes,
2225 4188 2350 4258 quia
2378 4188 2574 4257 facient
2597 4188 2698 4242 sibi
2725 4205 2958 4258 pennas,
3003 4190 3154 4260 quasi
3200 4189 3412 4260 aquilw,
3451 4201 3498 4244 et
3547 4189 3689 4244 vola-

2097 4279 2222 4332 bunt
2242 4279 2298 4332 in
2325 4278 2529 4334 ccelum.
2576 4279 2653 4334 Ne
2685 4281 2863 4351 erigas
2889 4290 3125 4336 mentem
3152 4292 3297 4356 tu‘am
3341 4283 3410 4337 ad
3439 4295 3688 4354 perscru-

2097 4371 2260 4426 tanda
2292 4371 2592 4427 divinitatis
2632 4388 2832 4428 arcana
2875 4389 2995 4444 quae
3045 4383 3333 4444 penetrare
3363 4389 3469 4430 non
3512 4386 3687 4447 potes,

2098 4463 2215 4518 hac
2235 4463 2379 4518 enim
2400 4464 2712 4520 coelestibus
2740 4465 2912 4520 solum
2942 4466 3150 4520 civibus
3179 4475 3381 4536 patent.

2173 4554 2256 4609 Ne
2280 4557 2520 4611 comedas
2550 4574 2668 4611 cum
2703 4559 2910 4611 [tantine
2957 4557 3153 4622 invido,
3178 4568 3224 4611 et
3250 4575 3312 4612 ne
3333 4557 3592 4612 desideres
3618 4558 3688 4611 ci-

2101 4643 2190 4700 bos
2225 4645 2362 4714 ejus,
2388 4649 2636 4716 quoniam
2673 4647 2730 4700 in
2749 4647 3144 4701 similitudinem
3175 4647 3330 4700 arioli
3355 4657 3404 4700 et
3432 4648 3692 4716 conjecto-

2101 4735 2175 4788 ris
2199 4736 2421 4788 testimat
2449 4737 2590 4806 quod
2616 4737 2843 4806 ignorat.
2883 4735 2960 4790 Ne
2987 4738 3055 4791 de
3101 4735 3400 4805 Scripturis
3426 4735 3553 4790 cum
3586 4737 3694 4790 bte-

2102 4826 2273 4882 retico
2314 4827 2574 4896 loquaris,
2619 4827 2711 4896 qui
2739 4826 2943 4882 invidet
2986 4828 3236 4882 humanas
3274 4825 3458 4891 saluti,
3488 4825 3695 4882 malens

2101 4917 2353 4988 decipere
2398 4932 2561 4987 quam
2608 4918 2838 4988 corrigi,
2891 4918 3144 4988 quoniam
3191 4917 3332 4972 sicut
3385 4916 3588 4973 ariolus
3639 4929 3696 4973 et

2102 5011 2377 5083 conjector
2406 5012 2739 5068 somniorum
2760 5013 2992 5068 aestimat
3015 5013 3158 5083 quod
3191 5012 3433 5082 ignorat,
3483 5012 3558 5067 ita
3586 5013 3698 5068 ha:-

2104 5102 2326 5168 reticus,
2370 5104 2463 5174 qui
2505 5120 2612 5159 non
2651 5103 2917 5174 intelligit,
2965 5104 3017 5158 in
3047 5101 3342 5172 Scripturis
3374 5112 3538 5174 prout
3565 5102 3698 5158 libet

2107 5195 2456 5265 interpretari
2485 5197 2783 5267 praesumit.

2180 5287 2406 5344 Comede
2445 5300 2493 5343 et
2526 5290 2656 5357 bibe,
2689 5291 2818 5344 dicit
2844 5289 2958 5356 tibi,
2994 5298 3041 5344 et
3071 5305 3216 5345 mens
3246 5289 3361 5361 ejus
3387 5306 3493 5344 non
3520 5299 3596 5345 est
3625 5298 3701 5345 te-

2109 5397 2247 5435 cum.
2283 5379 2541 5446 Securus,
2571 5381 2767 5450 inquit,
2798 5381 2945 5436 disce
2972 5390 3029 5436 et
3055 5397 3176 5452 age,
3209 5381 3538 5454 quedoceo,
3575 5398 3699 5439 cum

2111 5473 2227 5542 ipse
2253 5473 2342 5526 his
2391 5487 2511 5541 qua:
2539 5471 2696 5527 docet
2722 5471 2884 5527 ﬁdem
2909 5482 3115 5527 certam
3138 5488 3246 5529 non
3275 5473 3494 5539 habeat,
3521 5473 3702 5529 sciens

2075 5563 2174 5619 ‘se
2199 5565 2266 5620 de
2290 5563 2455 5619 corde
2480 5578 2578 5619 suo
2601 5564 2837 5629 ﬁnxisse,
2867 5581 2987 5636 quae
3017 5567 3252 5624 doceret.

2187 5653 2342 5711 Cibos
2361 5673 2488 5728 quos
2518 5657 2815 5712 comederas
2835 5675 3033 5715 evomes
3055 5669 3102 5715 et
3128 5660 3310 5731 perdes
3333 5657 3578 5730 pulchros
3598 5671 3706 5710 ser-

495 5781 522 5810 α
550 5768 825 5844 Lacunam
875 5773 1016 5844 hanc
1072 5787 1139 5826 ex
1195 5771 1396 5844 scripto
1460 5772 1756 5843 exemplari
1829 5770 2078 5843 supplere
2127 5785 2234 5828 non
2265 5771 2572 5842 potuimus;
2618 5772 2762 5843 quod
2811 5789 2932 5844 qua:
2987 5774 3044 5830 in
3092 5773 3265 5830 altero
3297 5772 3471 5829 latere
3499 5770 3703 5841 scripta

423 5851 582 5895 erant
617 5842 842 5897 alterius
872 5842 1193 5910 scripturam
1220 5842 1586 5899 obtuscarent.
