4100 6324
387 350 490 408 ³157

1164 338 1529 407 EXPOSiTiO
1561 346 1633 404 IN
1669 340 2072 405 PROVEBBIA
2112 340 2525 408 SALOMONiS.
2566 374 2636 393 -ι
2673 344 2803 408 LIB.
2841 349 2911 407 ii.

3554 344 3662 416 ‘758

384 484 504 543 quae
523 470 742 539 quidem
761 466 1214 538 evigilat-sopiat;
1230 473 1293 521 ut
1310 478 1533 521 rursum
1548 465 1678 521 vina
1694 463 1961 536 reperiat:
1984 466 2047 527 Ἀ
2071 478 2164 526 sus
2194 468 2449 541 spiritalis
2481 464 2760 541 aliquanto
2787 478 2911 527 eum
2955 470 3144 529 labore
3170 472 3256 529 vel
3297 486 3451 530 mora
3476 474 3657 545 porci-

385 566 513 635 quia
546 561 792 633 quamvis
821 570 1012 616 somno
1042 559 1277 629 tumoris
1302 574 1334 613 a
1354 561 1442 614 sui
1478 559 1725 615 custodia
1751 570 1968 629 prema-

385 663 497 722 tur,
520 654 744 726 vigilare
767 660 947 708 tamen
976 652 1045 708 ad
1064 662 1225 708 utras
1246 651 1429 707 saeculi
1460 651 1653 706 nititur
1671 658 1732 705 ut
1752 665 1971 720 semper

386 750 752 819 voluptatibus
779 749 1039 804 ebrietur.
1092 746 1160 801 Et
1193 760 1317 802 cum
1357 745 1424 800 ad
1461 742 1593 800 illud
1625 744 1878 810 duruiiat,
1910 741 1967 798 in

387 857 497 914 quo
523 842 750 899 solerter
776 841 999 912 vigilare
1029 842 1307 907 debuerat,
1341 832 1408 895 ad
1449 840 1579 894 illud
1607 837 1834 909 vigilare
1876 852 1970 909 ap-

385 936 520 1008 petit
552 936 620 990 ad
643 935 786 1005 quod
816 932 1157 989 laudabiliter
1181 933 1419 988 dormire
1446 932 1732 1003 potuisset.

941 1024 1170 1081 CAPUT
1213 1023 1385 1080 XXIV
1397 1065 1411 1078 .
1553 1044 1558 1055 θ

456 1116 541 1173 Ne
568 1117 831 1173 mularis
870 1117 1009 1171 viros
1035 1116 1205 1170 malos
1225 1157 1241 1181 ,
1273 1132 1366 1170 nec
1399 1114 1661 1169 desideres
1703 1129 1814 1168 esse
1851 1126 1971 1168 cum

383 1210 479 1274 eis,
509 1215 614 1276 etc.
652 1206 733 1262 Ne
759 1205 1033 1261 desideres
1060 1219 1155 1261 eos
1182 1206 1383 1260 imitari
1427 1216 1564 1275 quos
1592 1204 1739 1260 vitiis
1770 1203 1877 1258 illis
1907 1204 1974 1259 de

383 1301 580 1370 quibus
618 1299 1034 1355 commemorari
1083 1297 1287 1355 viderls
1333 1298 1620 1368 implicari,
1653 1298 1747 1353 sed
1790 1296 1974 1367 potius

384 1390 659 1460 sapientiae
680 1398 903 1459 operam
933 1389 1067 1443 dare
1095 1395 1305 1443 curato.

455 1481 526 1537 In
561 1483 800 1537 doctrina
830 1481 1167 1551 rapiebantur
1187 1480 1427 1544 cellaria,
1455 1480 1699 1534 imitersa
1725 1479 1971 1534 substan-

383 1575 461 1628 tia
489 1574 713 1644 pretiosa
738 1582 787 1627 ct
805 1570 1173 1643 pulcherrima.
1205 1568 1435 1626 Cellaria
1459 1577 1585 1626 sunt
1612 1571 1771 1625 corda
1793 1568 1972 1637 justo-

384 1679 528 1728 rum,
551 1677 673 1731 quae
701 1676 809 1717 non
835 1658 940 1717 nisi
969 1676 1067 1732 per
1097 1661 1401 1716 doctrinam
1422 1660 1707 1730 sapientiae
1732 1659 1974 1715 donariis

382 1757 647 1811 virtutum
678 1755 975 1824 replentur.

2020 622 2028 631 ,
2073 563 2237 634 pitur.

2149 651 2235 709 Ne
2268 652 2536 709 insidieris
2568 660 2617 708 et
2644 669 2852 727 quaeras
2880 652 3197 728 [Mpietate‘m
3222 655 3280 711 in
3311 656 3466 711 domo
3487 656 3657 733 justi,

2075 760 2239 823 neque
2270 758 2435 804 vestes
2460 748 2688 819 requiem
2719 746 2854 817 ejus.
2887 744 2967 802 Ne
2997 760 3213 818 quasras
3240 747 3474 818 aliquam
3500 764 3659 806 occa-

2076 842 2285 897 sionem
2320 858 2419 914 per
2447 857 2610 913 quam
2638 842 2864 913 deroges
2887 839 3092 897 homini
3113 838 3280 909 justo,
3309 838 3397 894 ille
3435 842 3581 897 enim
3610 843 3658 897 si

2076 935 2352 1000 ceciderit,
2380 934 2486 989 cito
2526 941 2740 988 amovet
2780 932 2975 1006 pedem
3004 948 3159 988 suum
3181 973 3196 998 ,
3231 941 3285 987 et
3328 936 3478 987 caret
3505 931 3657 998 vitio,

2076 1030 2218 1098 quod
2248 1039 2352 1085 non
2380 1027 2607 1083 iteratur
2631 1027 2685 1081 in
2708 1025 2871 1082 facto.
2893 1020 3046 1096 impii
3069 1034 3247 1081 autem
3271 1025 3350 1080 sic
3374 1030 3657 1092 corniunt,

2076 1127 2137 1173 ut
2166 1118 2391 1174 ulterius
2420 1130 2528 1175 non
2558 1118 2801 1175 redeant.
2833 1112 2987 1189 Sicut
3024 1118 3421 1189 subsequenter
3452 1115 3661 1172 addidit

2078 1209 2295 1267 dicens:

2151 1300 2352 1370 Septiei
2400 1301 2536 1356 enim
2582 1301 2723 1356 cadit
2752 1302 2937 1373 justus
2966 1309 3015 1356 et
3043 1299 3289 1372 resurgit,
3311 1299 3458 1370 impii
3485 1306 3662 1354 autem

2078 1400 2318 1445 Corruent
2339 1390 2394 1444 in
2415 1389 2633 1444 malum.
2654 1388 2933 1458 Quomodo
2957 1397 3137 1447 autem
3151 1390 3330 1461 iustus
3359 1387 3663 1458 appellatur

2079 1482 2171 1549 qui
2199 1480 2411 1546 cadere,
2439 1480 2493 1535 id
2522 1488 2607 1536 est
2647 1497 2894 1552 peccare,
2927 1490 3279 1548 memoratur,
3307 1481 3411 1538 nisi
3442 1481 3567 1551 quia
3595 1481 3665 1538 de

2078 1568 2288 1625 levibus
2314 1570 2748 1641 quotidianisque
2773 1571 3015 1643 loquitur
3033 1572 3291 1643 peccatis,
3323 1573 3441 1628 sine
3467 1573 3664 1643 quibus

2079 1676 2179 1717 nec
2200 1660 2471 1730 iustorum
2504 1662 2772 1733 quispiam
2802 1664 3006 1721 essein
3033 1665 3136 1721 hac
3162 1666 3270 1720 vita
3308 1665 3503 1735 potuit,
3534 1664 3662 1735 quia

2076 1752 2339 1807 nimirum
2362 1768 2459 1827 per
2485 1753 2866 1822 ignorantiam,
2891 1770 2988 1829 per
3008 1754 3355 1819 oblivionem,
3388 1770 3487 1825 per
3511 1754 3663 1825 cogi-

461 1846 559 1903 Vir
596 1850 828 1919 sapiens,
858 1846 1011 1916 fortis
1054 1852 1130 1899 est
1142 1860 1164 1910 ;
1199 1852 1250 1898 et
1290 1844 1371 1898 vir
1413 1843 1618 1905 doctus,
1652 1840 1895 1896 robustus
1924 1851 1972 1897 et
2000 1826 2047 1887 Β
2077 1846 2356 1910 tationem,
2382 1858 2480 1915 per
2508 1860 2833 1913 sermonem,
2864 1826 2962 1917 per
2988 1844 3410 1915 subreptionem,
3441 1860 3539 1915 per
3570 1860 3662 1900 ne-

383 1936 608 1995 validus.
644 1935 763 1994 Non
796 1937 972 1992 omnis
1001 1935 1093 2004 qui
1127 1933 1285 1989 fortis
1318 1941 1373 1998 et
1413 1933 1633 2002 sapiens
1655 1939 1761 1998 est,
1792 1932 1972 1988 omnis

384 2038 568 2086 autem
596 2029 811 2099 sapiens
838 2034 893 2082 et
930 2026 1088 2081 fortis
1114 2038 1235 2081 esse
1273 2024 1535 2079 dicendus
1577 2030 1681 2087 est,
1710 2023 1838 2093 quia
1870 2023 1973 2078 etsi

384 2134 612 2193 corpore
630 2120 918 2176 imbecillis
933 2120 1036 2184 est,
1059 2120 1104 2177 si
1128 2118 1267 2173 adsit
1292 2118 1585 2188 sapientia,
1609 2117 1793 2173 omnia
1815 2117 1974 2174 fortis

383 2212 698 2278 adversarii,
729 2211 784 2267 id
813 2220 896 2267 est
918 2209 1120 2265 diaboli
1146 2210 1445 2265 certamina
1476 2210 1663 2265 vincit.

454 2302 681 2358 Excelsa
719 2301 880 2357 stulto
924 2302 1207 2372 sapientia,
1243 2302 1301 2356 in
1340 2309 1491 2370 porta
1532 2309 1638 2355 non
1675 2303 1872 2372 aperiet
1902 2319 1972 2358 'os

383 2410 558 2451 suum.
592 2393 707 2449 Non
744 2396 923 2464 potest
951 2392 1151 2448 stultus
1188 2393 1258 2447 ad
1305 2392 1630 2463 sapientiam
1680 2376 1969 2463 attingere,

385 2486 492 2542 alta
514 2492 596 2542 est
623 2487 769 2542 enim
792 2485 861 2540 ab
882 2498 950 2540 eo
976 2484 1068 2554 qui
1096 2486 1152 2539 in
1177 2483 1378 2539 inlimis
1400 2484 1545 2554 jacet
1567 2478 1842 2538 vitiorum.
1868 2485 1972 2552 Qui

384 2579 490 2633 etsi
520 2578 576 2633 in
607 2576 860 2647 praesenti
883 2588 944 2631 se
974 2574 1177 2645 aliquid
1205 2589 1399 2645 sapere
1423 2581 1593 2645 putat,
1625 2575 1679 2628 in
1710 2584 1864 2644 parta
1894 2580 1973 2629 ta-

382 2681 514 2723 men
544 2667 801 2732 civitatis,
828 2666 882 2723 id
912 2672 994 2721 est
1022 2666 1078 2720 in
1105 2666 1253 2721 exitu
1281 2665 1407 2720 vilze
1431 2664 1592 2736 hujus
1618 2664 1855 2721 inveniet
1886 2666 1972 2722 ni-

387 2757 470 2816 hil
490 2758 658 2816 fuisse
684 2761 829 2829 quod
855 2759 1052 2829 sapuit.

463 2849 569 2916 Qui
589 2851 780 2921 cogitat
809 2848 949 2904 mala
972 2851 1163 2920 facere,
1189 2847 1381 2903 stultus
1403 2848 1690 2903 vocabitur.
1725 2848 1804 2905 Ne
1822 2856 1973 2920 puta-

390 2954 480 2999 res
507 2940 729 2997 stultum
764 2940 1141 2996 aestimandum
1179 2937 1346 2994 fuisse
1376 2928 1497 2994 enin
1537 2950 1697 3009 quem
1724 2939 1973 2995 hebetem

391 3036 712 3105 tardumque
735 3034 950 3106 ingenio
976 3034 1214 3099 videres,
1241 3035 1418 3105 palam
1445 3034 1702 3097 ostendit,
1733 3036 1859 3105 quia
1884 3034 1974 3091 ille

390 3128 586 3185 stultus
609 3127 681 3184 sit
709 3127 1000 3193 vocandus,
1044 3127 1135 3197 qui
1167 3127 1250 3182 vel
1294 3128 1349 3182 in
1391 3127 1720 3203 cogitatione
1763 3129 1973 3197 peccati

393 3218 825 3293 suggestienibus
855 3193 1153 3286 consentit,
1184 3219 1398 3273 tametsi
1431 3193 1559 3274 acer
1588 3193 1801 3289 ingenio
1828 3218 1975 3274 vide-
2001 3193 2047 3257 (ἶ

391 3319 481 3367 tur
524 3312 779 3383 existere,
813 3327 919 3366 non
967 3319 1147 3366 autem
1194 3309 1284 3365 ille
1329 3311 1440 3385 qui,
1476 3311 1578 3366 etsi
1617 3310 1784 3366 hebes
1811 3327 1977 3367 sensu

390 3413 643 3475 apparet,
672 3400 767 3457 Dei
811 3410 993 3458 tamen
1021 3400 1265 3475 imperiis
1290 3419 1410 3474 quae
1443 3400 1652 3459 discere
1679 3402 1856 3474 potuit
1881 3404 1978 3460 ob-

392 3503 696 3567 temperare
725 3495 1008 3564 disposuit.

468 3574 527 3640 Si
551 3586 902 3656 desperaveris
927 3582 1099 3640 lassus
1125 3585 1179 3639 in
1205 3583 1293 3639 die
1327 3583 1606 3655 angustiis,
1638 3584 1980 3638 imminuetur

396 3675 651 3746 fortitudo
670 3682 782 3729 tua.
810 3673 953 3729 Nihil
975 3672 1364 3731 exsecrabilius
1392 3674 1790 3744 desperatione,
1814 3684 1977 3744 quam

395 3768 794 3839 quihabuerit,
816 3768 945 3823 etin
975 3764 1317 3838 generalibus
1344 3765 1509 3835 huius
1530 3765 1657 3821 sita:
1682 3762 1976 3831 laboribus,

391 3868 467 3926 et,
497 3860 644 3929 quod
672 3859 910 3914 maxime
936 3867 1115 3925 nocet,
1150 3858 1213 3913 in
1243 3857 1369 3914 ﬁdei
1398 3857 1695 3913 certamine
1719 3863 1975 3912 constan-

393 3954 526 4008 tiam
560 3952 893 4009 fortitudinis
925 3955 1122 4024 perdit.

461 4045 608 4100 Erue
631 4062 719 4101 eos
741 4047 831 4118 qui
856 4047 1123 4101 ducuntur
1153 4047 1222 4101 ad
1245 4055 1484 4112 mortem,
1509 4055 1557 4100 et
1582 4045 1673 4117 qui
1695 4045 1978 4102 trahuntur

390 4138 460 4193 ad
479 4140 747 4193 interitum
768 4139 989 4193 liberare
1012 4158 1074 4194 ne
1094 4156 1277 4194 cesses.
1305 4139 1491 4195 Potest
1520 4139 1749 4212 mystice
1779 4138 1975 4207 accipi,

391 4245 523 4294 erue
550 4245 643 4285 eos
668 4231 759 4300 qui
786 4232 856 4286 ab
878 4232 1147 4297 haereticis
1178 4233 1551 4302 decipiuntur,
1579 4240 1785 4287 rectam
1815 4232 1975 4286 ﬁdem

390 4322 753 4391 praedicando,
782 4321 951 4378 libera
978 4324 1246 4379 bonorum
1290 4336 1515 4393 cperam
1546 4321 1793 4394 exerupia
1820 4336 1976 4378 mon-

392 4411 616 4467 strando
656 4427 749 4467 eos
772 4451 788 4478 ,
819 4412 969 4482 quia
995 4411 1134 4467 male
1182 4414 1489 4470 viventibus
1533 4414 1815 4470 catholicis
1865 4422 1975 4468 tra-

2075 1939 2407 2004 cessitatem,
2441 1948 2538 2008 per
2584 1937 2935 2009 fragilitatem
2966 1937 3151 1993 carnis
3194 1937 3422 2007 singulis
3471 1937 3662 1991 diebus

2075 2030 2161 2086 vel
2190 2031 2343 2085 inviti
2367 2037 2422 2084 et
2446 2030 2687 2085 volentes
2727 2029 3039 2101 frequenter
3070 2035 3278 2083 reatum
3312 2026 3657 2090 incurrimus,

2074 2129 2131 2178 et
2171 2131 2352 2177 tamen
2396 2123 2630 2192 resurgit
2666 2120 2866 2190 justus,
2894 2121 3147 2176 videlicet
3193 2121 3320 2191 (ιώ
3347 2119 3529 2189 justus
3557 2125 3661 2184 est,

2076 2229 2177 2269 nec
2203 2212 2480 2282 iniustitiae
2511 2212 2626 2281 ejus
2652 2212 2968 2283 praeiudicat
3008 2213 3193 2281 lapsus
3220 2211 3530 2281 fragilitatis
3557 2212 3660 2265 hu-

2076 2314 2267 2369 manm,
2298 2305 2440 2359 unde
2466 2304 2604 2359 bene
2633 2318 2756 2359 cum
2779 2304 2846 2358 de
2867 2302 3001 2371 justi
3029 2318 3158 2357 casu
3182 2303 3515 2373 loqueretur,
3552 2316 3661 2356 non

2077 2393 2285 2450 addidit
2308 2395 2362 2449 in
2390 2394 2588 2449 malum
2621 2413 2632 2449 :
2661 2394 2785 2463 quia
2816 2393 2918 2450 etsi
2947 2393 3146 2448 malum
3169 2401 3252 2449 est
3271 2393 3413 2462 quod
3438 2394 3659 2457 cadunt,

2076 2501 2146 2541 ne
2192 2494 2375 2540 tamen
2400 2485 2454 2540 in
2488 2486 2629 2540 malo
2658 2486 2800 2556 quod
2845 2486 3145 2541 inciderant
3187 2484 3398 2539 haerere
3444 2484 3659 2554 possint

2077 2576 2238 2631 citius
2264 2577 2595 2647 resurgendo
2616 2585 2928 2646 procurant.
2960 2577 3071 2632 Aut
3086 2582 3273 2631 contra
3295 2576 3361 2630 de
3390 2576 3657 2645 reprohis.

2077 2667 2235 2737 Impii
2266 2676 2461 2735 autem,
2490 2668 2685 2738 inquit,
2717 2674 2959 2722 corruent
3003 2668 3058 2722 in
3099 2667 3319 2734 malum,
3350 2667 3477 2738 quia
3514 2667 3663 2721 vide-
3762 2687 3767 2693 ο

2076 2762 2203 2818 licet
2234 2763 2383 2832 impii
2410 2779 2532 2818 cum
2568 2762 2891 2828 ceciderint,
2915 2768 2968 2838 et
2998 2765 3140 2833 quod
3181 2771 3264 2819 est
3296 2762 3515 2832 gravius
3543 2774 3665 2817 eor-

2077 2855 2308 2920 ruerint,
2336 2862 2397 2908 ut
2423 2852 2705 2923 Scriptura
2744 2854 2892 2919 dicit,
2927 2854 2981 2909 id
3007 2863 3091 2910 est
3118 2869 3242 2910 cum
3271 2853 3522 2923 capitalia
3548 2852 3657 2908 cri-

2077 2944 2225 2999 mina
2255 2945 2639 3015 perpetrarint,
2672 2944 2745 2998 ita
2775 2959 2873 2999 suo
2902 2944 3051 2999 casui
3081 2943 3397 2999 delectando
3425 2956 3657 2999 consen-

2078 3036 2246 3100 tiunt,
2281 3044 2341 3091 ut
2368 3036 2436 3090 ab
2461 3037 2565 3091 hoc
2591 3035 2905 3107 paenitendo
2937 3036 3165 3090 relevari
3196 3034 3513 3105 despiciant.

2149 3128 2282 3185 Cum
2309 3129 2547 3185 ceciderit
2570 3129 2813 3183 inimicus
2832 3137 2974 3194 tuus,
2990 3142 3053 3181 ne
3080 3126 3331 3198 gaudeas,
3356 3134 3403 3180 et
3430 3126 3487 3180 in
3509 3125 3667 3179 ruina

2080 3222 2194 3294 ejus
2225 3238 2288 3278 ne
2310 3221 2530 3277 exsultet
2556 3234 2645 3276 cor
2670 3232 2843 3288 tuum,
2874 3220 2939 3274 ue
2967 3221 3101 3289 forte
3128 3218 3298 3273 videat
3328 3217 3586 3274 Dominus
3615 3225 3663 3272 et

2081 3317 2352 3389 displiceat
2382 3316 2460 3382 ei,
2490 3325 2538 3370 et
2565 3316 2772 3387 auferat
2799 3314 2865 3369 ab
2895 3330 2955 3369 eo
2982 3313 3119 3367 iram
3160 3328 3332 3367 suam.
3386 3310 3561 3380 Supra
3586 3308 3670 3379 ju-

2079 3415 2163 3463 sto
2192 3405 2415 3463 insidias
2443 3406 2664 3462 tendere
2690 3405 2864 3461 vetult
2884 3446 2899 3473 ,
2927 3418 3071 3460 nunc
3100 3412 3281 3459 autem
3313 3408 3372 3456 ut
3400 3408 3451 3457 te
3483 3399 3665 3471 perfe-
3722 3406 3725 3410 ’

2079 3510 2222 3557 ctum
2254 3501 2442 3557 reddat
2474 3501 2527 3555 in
2559 3500 2830 3566 omnibus,
2858 3500 3021 3554 etiam
3045 3498 3297 3563 inimicis,
3327 3512 3447 3552 cum
3475 3508 3669 3568 peccag

2078 3590 2275 3657 vcrlnt,
2306 3598 2399 3646 aut
2425 3590 2627 3662 aliquid
2652 3590 2999 3647 adversitatis
3024 3589 3374 3650 incurrerint,
3406 3586 3667 3642 insultare

2077 3684 2343 3755 prohibet,
2377 3698 2445 3738 ne
2472 3684 2610 3739 forte
2634 3683 2680 3739 si
2708 3683 3001 3738 miserante
3028 3677 3256 3738 Domino
3292 3681 3359 3734 ad
3398 3678 3671 3749 paeniten-

2078 3774 2210 3830 tiam
2245 3773 2583 3845 saiutetnquc
2614 3775 2806 3830 animm
2841 3774 3128 3839 redierint,
3159 3784 3223 3828 ac
3248 3776 3426 3827 tecum
3452 3769 3669 3826 fidelem

2079 3866 2374 3921 amicitiam
2395 3866 2597 3920 habere
2615 3866 2902 3935 coeperint,
2919 3874 3048 3921 tunc
3066 3866 3376 3932 erubescas,
3394 3867 3523 3934 quia
3546 3861 3670 3919 illos

2035 3998 2039 4001 τ
2076 3956 2367 4037 aliquando
2411 3956 2740 4027 despexeris,
2765 3971 2902 4026 quos
2951 3957 3123 4028 gratia
3166 3955 3348 4010 divina
3388 3956 3455 4010 ad
3496 3954 3665 4008 vitam

2079 4056 2416 4118 servaverat.
2442 4048 2537 4103 sed
2587 4057 2848 4118 quantum
2876 4056 3033 4118 potes
3066 4045 3373 4117 iacentibus
3418 4042 3663 4107 condole,

2077 4159 2279 4218 eosque
2318 4151 2378 4199 ut
2425 4156 2711 4213 resurgere
2769 4138 3261 4209 debeaut‘adiuva,
3295 4146 3351 4194 et
3391 4137 3437 4192 si
3482 4144 3669 4191 votum

2078 4247 2440 4307 conatumque
2466 4250 2625 4291 suum
2657 4234 2902 4303 sequitur
2925 4231 3173 4298 effectus,
3206 4230 3468 4304 gaudebis
3494 4229 3561 4284 de
3587 4242 3671 4285 sa-

2076 4337 2223 4395 nato,
2251 4344 2411 4398 quem
2456 4326 2595 4382 male
2646 4323 2935 4380 habentem
2975 4323 3247 4390 dolueras,
3273 4324 3359 4379 sin
3388 4323 3523 4378 alias
3558 4328 3665 4377 tuae

2070 4430 2257 4478 tamen
2296 4419 2681 4476 benevolentia
2708 4415 2849 4488 apud
2880 4416 3169 4473 Dominum
3206 4415 3386 4472 fructu
3431 4424 3539 4471 non
3577 4430 3669 4470 ca-

393 4501 596 4556 huntur
642 4505 711 4610 ad
737 4504 1053 4610 interitum,
1215 4514 1273 4560 et
1314 4505 1362 4561 si
1404 4519 1542 4575 quos
1580 4505 1635 4561 in
1680 4507 1974 4562 certamine
1998 4551 2053 4610 Β
2077 4514 2244 4579 rebls,
2267 4522 2324 4570 et
2371 4521 2521 4569 certe
2564 4512 2640 4566 ita
2686 4509 2995 4575 dicendum,
3033 4525 3102 4565 ne
3143 4510 3379 4581 gaudeas
3426 4509 3494 4566 de
3534 4522 3668 4566 casu
3734 4501 3739 4511 ’

393 4598 782 4665 persecutionis
810 4598 989 4667 lapsus
1024 4598 1108 4652 vel
1132 4598 1379 4669 lapsuros
1417 4600 1713 4670 aspexeris,
1744 4600 1972 4655 sollicita
2000 4597 2049 4610 ¹¹
2080 4603 2307 4669 inimici,
2336 4619 2405 4658 ne
2448 4603 2588 4657 forte
2616 4601 2877 4657 Dominus
2901 4600 3209 4670 superbiam
3236 4608 3405 4665 tuam,
3436 4608 3557 4666 quae
3589 4597 3667 4653 illi

394 4688 495 4743 hos
520 4690 894 4745 exhortatione
918 4684 985 4747 ad
1005 4691 1170 4745 vitam
1194 4700 1502 4751 restaurare
1527 4702 1741 4764 satage;
1768 4694 1814 4765 si
1836 4708 1972 4763 quos

395 4777 538 4835 fama
564 4779 856 4863 perituros,
886 4782 931 4836 si
962 4794 1100 4853 quos
1129 4783 1312 4853 algore
1339 4782 1562 4851 videris,
1593 4783 1715 4839 illos
1741 4783 1867 4837 dato
1894 4784 1973 4839 vi-

394 4878 486 4924 ctu
512 4884 576 4925 ao
607 4871 806 4927 vestitu
836 4884 1042 4930 recrea.

466 4963 709 5030 Comede,
731 4966 833 5035 ﬁli,
860 4965 983 5032 mel,
1011 4968 1135 5038 quia
1165 4967 1355 5022 bonum
1382 4975 1480 5031 est,
1504 4976 1552 5021 et
1580 4967 1758 5036 favum
1786 4967 1979 5023 dulci»

393 5056 587 5111 simum
622 5059 822 5127 gutturi
859 5068 949 5113 tuo
972 5072 990 5111 :
1013 5058 1088 5112 sic
1114 5067 1162 5112 et
1186 5058 1423 5113 doctrina
1468 5058 1739 5128 sapientia:
1784 5060 1976 5112 animo:

396 5156 521 5205 tum.
547 5148 702 5207 Patet
724 5150 997 5217 facillime,
1021 5164 1188 5221 quare
1207 5150 1509 5206 doctrinam
1535 5151 1812 5220 sapientiai
1832 5151 1977 5207 melli

362 5237 373 5245 “
398 5251 675 5312 comparet
699 5252 752 5300 et
777 5242 919 5311 favo,
952 5243 1077 5315 quia
1116 5243 1378 5299 nimirum
1409 5246 1549 5300 sicut
1572 5245 1666 5300 ilia
1714 5240 1871 5310 cibis,
1901 5247 1977 5301 ita

398 5332 516 5388 haec
535 5333 793 5391 doctrinis
820 5337 1032 5393 caeteris
1058 5334 1341 5393 dulcedine
1367 5345 1619 5409 prastat,
1650 5339 1741 5393 sed
1769 5340 1871 5394 hoc
1897 5339 1979 5393 in-

402 5431 484 5479 ter
523 5425 806 5496 utriusque
846 5429 1260 5498 significantiam
1299 5429 1484 5485 distat.
1533 5428 1668 5495 Quia
1700 5430 1805 5484 mel
1834 5430 1977 5499 quod

399 5516 453 5570 in
499 5528 749 5588 promptu
797 5530 881 5575 est
932 5522 999 5576 ad
1044 5523 1429 5578 comedendum
1478 5522 1735 5578 moralem
1784 5522 1979 5577 litterte

400 5609 738 5684 sopcrtlciem
762 5614 1018 5679 insinuat,
1043 5615 1195 5672 favus
1221 5627 1401 5673 autem
1422 5618 1474 5672 in
1499 5632 1606 5688 quo
1631 5618 1735 5673 mel
1759 5619 1823 5672 de
1853 5632 1977 5672 cera

397 5702 737 5776 exprimitur,
770 5705 1108 5777 allegoricam
1137 5706 1466 5764 locutionem
1497 5710 1726 5781 ﬁgurate
1765 5704 1996 5763 denun‘-‘

399 5794 538 5873 tiat,
573 5799 664 5861 ubi
714 5800 975 5863 subducto
1024 5801 1217 5863 litterae
1259 5803 1529 5866 velamine
1570 5802 1806 5865 suavitas
1851 5816 1979 5863 sen-

2080 4695 2285 4764 uhsque
2309 4692 2472 4747 dubio
2500 4690 2752 4761 displicet
2780 4691 2882 4745 hoc
2905 4690 3097 4745 ordine
3124 4687 3380 4757 dejiciens
3410 4686 3659 4741 humiliet

2078 4792 2142 4843 ut
2185 4795 2238 4842 te
2282 4787 2509 4842 cadente
2560 4786 2615 4839 in
2658 4794 2942 4855 peceatum
2990 4783 3080 4837 ille
3127 4780 3455 4850 resipiscens
3501 4786 3662 4835 sane-

2082 4887 2297 5025 ulillisue
2324 4966 2622 5031 Dominum,
2647 4963 2727 5034 ﬁli
2759 4963 2854 5031 mi,
2880 4971 2927 5017 et
2953 4977 3143 5033 regem.
3169 4958 3331 5017 Juxta
3372 4957 3520 5029 quod
3553 4957 3668 5028 ipse

2080 5064 2192 5119 ait:
2222 5061 2440 5116 Reddite
2483 5076 2605 5131 ergo
2636 5056 2837 5113 Gtesari
2869 5072 2986 5128 quas
3030 5053 3257 5109 Caesaris
3302 5061 3447 5116 sunt,
3470 5059 3525 5111 et
3549 5065 3667 5121 qua:

2080 5165 2201 5211 sunt
2236 5152 2333 5209 Dei
2359 5154 2465 5208 Deo
2504 5151 2709 5225 (Marc.
2745 5151 2885 5224 an);
2933 5163 3109 5220 neque
3150 5146 3352 5217 aliquid
3391 5146 3572 5202 obstat
3606 5144 3658 5198 in

2085 5246 2313 5301 Domino
2334 5253 2388 5298 et
2407 5258 2532 5314 rege
2552 5252 2761 5314 patrem
2786 5250 2841 5296 et
2859 5241 3029 5295 filium
3052 5238 3349 5309 intelligere
3370 5234 3665 5306 designari,

2084 5337 2178 5409 qui
2210 5351 2318 5391 uno
2354 5336 2655 5404 eodemque
2683 5340 2810 5388 sunt
2843 5330 3140 5386 divinitatis
3176 5331 3381 5384 honore
3408 5326 3618 5383 colendi
3646 5342 3661 5379 :

2084 5429 2176 5499 qui
2203 5429 2348 5483 enim
2382 5442 2489 5481 non
2519 5424 2843 5480 honoriﬁcat
2868 5421 3036 5476 tilium
3068 5436 3175 5477 non
3203 5419 3528 5476 honoriﬁcat
3549 5416 3657 5473 Pa-

2080 5532 2219 5578 trem
2248 5521 2339 5590 qui
2369 5520 2517 5574 misit
2547 5519 2712 5572 illum.

2154 5614 2219 5669 Et
2249 5629 2366 5667 cum
2399 5608 2777 5665 detractoribus
2811 5624 2874 5663 ue
2902 5608 3308 5663 commisceam.
3338 5604 3447 5660 illis
3471 5599 3665 5658 videli-

2078 5717 2166 5765 cet
2190 5709 2280 5780 qui
2315 5708 2557 5763 dicentes
2586 5721 2643 5763 se
2668 5705 2836 5763 Deum
2868 5705 3085 5760 Patrem
3116 5718 3297 5767 nosse,
3332 5700 3531 5757 Filium
3561 5695 3665 5755 Dei

2081 5800 2137 5864 in
2165 5815 2330 5861 carne
2354 5807 2703 5883 apparentem
2726 5798 3013 5863 noluerunt
3042 5798 3307 5881 recipere.
