4100 6324
469 322 574 378 759

1137 317 1195 373 Β.
1240 317 1493 374 RABANI
1531 319 1751 376 MAURI
1785 320 2104 376 ARCHIEP.
2145 287 2452 379 blOGUNT.
2495 322 2781 380 OPERUM
2817 321 2995 380 PARS
3033 325 3118 380 Ill.

3621 331 3730 386 760

535 435 798 502 Quoniam
827 444 1030 505 repente
1068 445 1344 506 consurget
1370 436 1591 505 perditio
1631 453 1830 502 eorum,
1858 446 1906 490 et
1934 436 2046 492 rui—
2071 450 2126 512 Α
2150 455 2336 521 agrum
2367 451 2537 510 tuum,
2565 452 2623 499 ut
2647 455 2829 516 postea
2871 448 3097 516 aediﬁces
3134 451 3348 505 domum
3376 460 3542 505 tuam.
3593 449 3737 518 Quid

469 545 590 582 nam
620 527 887 597 utriusque
926 527 1043 596 quis
1083 527 1247 580 novit.
1304 525 1594 595 Utriusque
1633 525 1764 581 dicit
1788 535 1843 580 et
1865 527 2047 598 detra-

463 617 660 686 hentis,
688 625 744 672 et
769 615 884 688 ejus
909 617 1000 686 qui
1032 616 1105 670 illi
1139 615 1364 671 favendo
1407 617 1722 672 commistus
1760 626 1861 683 est,
1890 619 2047 672 dero-

461 708 704 781 gantium
731 707 944 764 Christo
975 707 1298 778 principum,
1323 715 1377 762 et
1407 708 1617 778 decepti
1649 709 1714 763 ab
1739 710 1818 765 eis
1841 709 2042 779 populi,

459 797 817 855 lacerantium
846 799 1005 854 ﬁdem
1029 799 1514 856 haeresiarcharum
1545 811 1601 856 et
1625 801 2045 857 auscultantium

460 889 568 946 illis
589 891 913 946 auditorum.
1124 961 1126 963 _

534 981 665 1039 Haec
696 1001 899 1055 quoque
922 984 1260 1054 sapientibus.
1292 983 1644 1051 Subauditur,
1679 985 1860 1056 ignota
1894 998 2041 1055 sunt,

459 1073 676 1143 quando
725 1073 1072 1143 reproborum
1120 1076 1378 1146 quisque,
1408 1076 1500 1146 qui
1548 1074 1753 1149 [Forte,
1786 1080 2044 1134 redundat

457 1163 594 1218 illud
637 1163 748 1236 qui]
795 1167 1076 1233 repentino
1113 1167 1336 1222 interitu
1385 1168 1625 1237 rapiatur
1651 1183 1683 1222 e
1711 1169 1925 1236 saeculo,
1958 1171 2044 1226 vel

459 1258 575 1313 haec
597 1273 810 1329 quoque
833 1258 1166 1327 sapientibus
1188 1267 1319 1314 sunt
1337 1260 1698 1325 observanda,
1721 1276 1839 1330 qua:
1861 1261 2041 1327 docui,

457 1365 525 1404 ne
558 1347 951 1404 detractoribus
980 1351 1454 1406 commisceantur.
1488 1350 1623 1418 Quia
1656 1353 1760 1407 boc
1794 1353 2043 1421 speciali-

456 1449 538 1496 ter
578 1442 708 1496 vitio
739 1450 908 1498 totum
949 1459 1088 1514 pene
1133 1459 1300 1513 genus
1346 1445 1681 1514 periclitatur
1719 1445 2038 1501 humanum.

459 1530 608 1588 Unde
635 1534 809 1588 eidem
841 1535 974 1589 vitio
1001 1535 1203 1590 mederi
1229 1535 1416 1590 volens
1443 1537 1632 1591 beatus
1667 1535 1828 1592 Pater
1858 1537 2043 1607 Auu-

451 1627 646 1692 stinus,
677 1629 777 1683 hos
809 1629 862 1684 in
885 1644 983 1683 sua
1013 1644 1198 1684 mensa
1227 1629 1525 1685 versiculos
1555 1629 1685 1685 fecit
1713 1631 1946 1686 describi
1974 1645 1990 1686 :

635 1739 865 1807 Quisquis
889 1748 1014 1790 amat
1035 1741 1455 1807 dictisabsentum
1474 1755 1682 1807 carpere
1700 1746 1867 1807 vitam,

694 1801 832 1851 Hanc
855 1815 1074 1854 mensam
1098 1806 1297 1854 vetitam
1315 1805 1509 1855 noverit
1530 1801 1642 1856 esse
1675 1806 1788 1856 sibi.

449 1903 604 1959 Hunc
655 1906 980 1961 versiculum
1031 1908 1252 1976 antiqua
1292 1908 1456 1963 editio
1491 1908 1833 1966 manifestius
1864 1911 2034 1968 dicit:

449 1993 586 2061 Haec
629 1995 745 2050 dico
788 1996 930 2050 vobis
976 1999 1287 2068 sapientiam
1333 2001 1750 2071 agnoscentibus,
1783 2004 1925 2071 quod
1951 2020 2038 2060 se-

448 2088 730 2157 quentium
776 2091 1169 2168 gntentiarum
1215 2079 1323 2146 nun
1368 2091 1664 2162 incongrue
1706 2101 1886 2164 potest
1917 2111 2038 2151 esse

448 2177 792 2247 principium.

517 2268 838 2340 Cognoscere
882 2289 1160 2342 personam
1203 2275 1258 2328 in
1295 2274 1502 2344 judicio
1545 2291 1649 2330 non
1693 2284 1768 2330 est
1820 2276 2032 2332 bonum.

447 2359 621 2431 Supra
650 2375 834 2432 regem
867 2363 1058 2419 timere
1088 2365 1269 2419 docuit
1291 2373 1346 2419 et
1376 2381 1520 2420 nunc
1555 2381 1844 2436 personam
1876 2368 1929 2421 in
1949 2367 2038 2436 ju-

443 2451 584 2506 dicio
609 2467 938 2523 cognoscere
963 2462 1130 2519 vetat,
1155 2456 1298 2510 unde
1325 2455 1617 2527 colligitur,
1646 2457 1771 2525 quia
1793 2457 1864 2510 ita
1889 2457 2038 2526 prin-

443 2541 652 2610 cipibus
674 2543 910 2598 debitum
936 2546 1178 2614 obsequii
1203 2545 1513 2615 temporalis
1533 2545 1803 2615 subjectos
1823 2555 2037 2616 oportet

442 2633 779 2702 impendere,
793 2645 853 2690 ut
871 2653 1146 2708 nunquam
1169 2638 1487 2694 reverentia:
1506 2638 1591 2694 vel
1614 2637 1826 2694 timoris
1847 2653 2035 2695 eorum

442 2736 692 2797 respectu
718 2745 750 2783 a
781 2729 868 2784 via
899 2731 1147 2786 veritatis
1172 2733 1501 2787 exorbitant.

513 2817 680 2873 Labia
716 2811 1109 2876 deosculabitur
1135 2823 1225 2893 qui
1262 2833 1402 2878 recta
1445 2823 1731 2894 respondit.
1775 2821 2034 2878 Osculum

441 2912 591 2981 pacis
613 2919 668 2966 et
692 2912 894 2968 amoris
918 2922 1003 2968 est
1027 2914 1259 2984 signum,
1287 2914 1376 2983 qui
1401 2929 1529 2984 ergo
1559 2922 1708 2969 recta
1729 2913 2031 2984 respondit,

444 3003 587 3056 labia
635 3004 1058 3070 deosculabitur,
1085 3007 1210 3074 quia
1251 3005 1558 3075 quicunque
1599 3005 1841 3074 neglecta
1870 3018 2032 3058 acce-

442 3095 624 3167 ptione
649 3110 1003 3165 personarum
1033 3096 1145 3151 sola
1180 3096 1406 3166 justitiaa
1432 3096 1596 3151 verba
1625 3097 1893 3164 sequitur,
1924 3095 2030 3151 iste

2149 535 2233 582 est
2256 540 2557 599 praeparato
2585 549 2749 604 opere
2789 551 2976 608 agrum
3000 537 3288 609 diligenter
3311 553 3565 596 exercere
3583 581 3598 606 ,
3625 543 3734 600 nisi

2147 619 2347 675 evulsis
2394 622 2693 694 iniquitatis
2749 627 3012 695 sentibus,
3059 631 3323 686 actionem
3372 640 3614 688 nostram
3663 633 3735 689 ad

2148 710 2357 783 frugem
2387 715 2758 774 retributionis
2778 720 3063 776 excolere?
3087 721 3156 776 Et
3182 723 3309 793 quid
3347 730 3431 778 est
3454 732 3577 794 post
3616 725 3734 793 agri

2147 805 2464 862 exercitium
2513 810 2580 865 ad
2623 811 2910 868 aediﬁcium
2953 815 3144 870 domus
3187 816 3386 881 redire,
3440 816 3542 871 nisi
3590 818 3735 887 quod

2145 895 2462 968 plerumque
2481 915 2550 956 ex
2569 903 2727 958 bonis
2750 905 3005 976 operibus
3028 907 3289 962 discimus
3315 917 3578 977 quantam
3606 909 3733 964 vita:

2109 1034 2118 1044 .
2145 989 2464 1046 munditiam
2494 1000 2549 1047 et
2569 993 2622 1048 in
2645 997 2970 1066 cogitatione
2995 1008 3396 1065 construamus,
3422 999 3509 1055 ille
3533 1001 3734 1072 quippe

2144 1081 2282 1137 bene
2328 1085 2526 1138 mentis
2569 1084 2789 1142 domum
2829 1089 3095 1154 aediﬁcat,
3127 1091 3219 1160 qui
3259 1092 3493 1162 primum
3542 1107 3733 1163 agrum

2144 1175 2387 1244 corporis
2409 1191 2439 1230 a
2461 1178 2627 1246 spinis
2647 1180 2900 1236 vitiorum
2927 1191 3141 1254 purgat,
3165 1199 3234 1238 ne
3261 1184 3308 1238 si
3339 1183 3733 1262 desideriorum

2143 1275 2323 1322 sentes
2353 1268 2408 1322 in
2440 1271 2619 1325 carnis
2656 1287 2786 1343 agro
2815 1274 3105 1342 proﬁciant
3135 1275 3281 1331 intus
3311 1283 3422 1331 tota
3463 1276 3728 1332 virtutum

2143 1357 2347 1413 fabrica
2371 1357 2512 1415 fame
2533 1363 2659 1416 boni
2691 1373 3042 1420 excrescente
3069 1366 3403 1425 destruatur.

2213 1451 2297 1505 Ne
2344 1454 2417 1508 sis
2464 1456 2608 1508 testis
2650 1456 2848 1524 frustra
2893 1465 3075 1513 contra
3121 1461 3423 1530 proximum
3472 1470 3637 1523 tuum,
3669 1479 3732 1515 ne

2141 1543 2300 1600 lactes
2333 1562 2643 1618 quemquam
2687 1549 2836 1604 labiis
2863 1552 2985 1614 tuis,
3020 1553 3257 1606 ne'dicas
3302 1555 3560 1624 quomodo
3606 1555 3730 1622 fecit

2140 1635 2272 1690 mihi
2304 1637 2499 1705 faciam
2529 1642 2596 1705 ei,
2627 1648 2732 1694 etc.
2777 1640 2901 1695 llaec
2931 1642 2996 1695 ad
3034 1636 3356 1698 exercitium
3383 1645 3497 1714 agri
3528 1645 3730 1709 nostri,

2142 1724 2197 1780 id
2229 1734 2313 1784 est
2339 1729 2408 1782 ad
2449 1729 2652 1784 cultum
2681 1731 2838 1786 bona:
2867 1732 3095 1786 actionis
3140 1734 3433 1803 pertinent,
3463 1735 3726 1789 innocen-

2066 1819 2115 1879 B
2142 1824 2252 1872 tem
2280 1819 2530 1888 videlicet
2550 1821 2858 1890 proximum
2881 1821 3016 1877 falso
3043 1823 3352 1878 testimonio
3377 1839 3485 1879 non
3508 1823 3728 1887 lzedere,

2141 1907 2390 1977 peccanti
2417 1908 2635 1964 cuilibet
2659 1909 2908 1964 ﬁduciam
2931 1910 3157 1980 amplius
3179 1911 3437 1980 peccandi
3459 1913 3730 1968 adulando

2141 2013 2248 2053 non
2271 1999 2529 2065 tribuere,
2559 1999 2756 2054 malum
2777 2015 2875 2071 pro
2901 2001 3041 2057 malo
3059 2017 3167 2057 non
3187 2003 3434 2058 reddere.
3469 2001 3560 2058 Sic
3579 2005 3730 2060 enim

2141 2088 2202 2142 ﬁt
2231 2097 2290 2142 ut
2317 2104 2440 2144 cum
2468 2090 2674 2159 primos
2699 2100 2854 2146 actus
2883 2092 3125 2145 exterius
3158 2093 3296 2148 bene
3335 2095 3727 2164 composueris,

2139 2180 2482 2248 postmodum
2523 2181 2592 2236 ad
2638 2182 2916 2237 interioris
2964 2197 3178 2252 quoque
3210 2183 3448 2238 hominis
3477 2185 3730 2240 excolen-

2141 2271 2264 2325 dam
2293 2271 2611 2326 munditiam
2654 2275 2952 2344 pertingas,
2977 2282 3031 2328 et
3057 2274 3212 2344 quasi
3240 2283 3362 2344 post
3405 2277 3729 2331 exercitium

2139 2363 2255 2433 agri
2301 2365 2464 2418 etiam
2507 2366 2708 2421 mentis
2752 2367 3119 2422 habitaculum
3166 2369 3269 2437 piis
3310 2369 3731 2439 cogitationibus

2138 2466 2375 2516 ornare,
2418 2453 2688 2524 altiusque
2737 2465 3055 2510 construere
3102 2456 3370 2526 incipias;
3410 2458 3552 2528 quod
3599 2457 3727 2526 quia

2141 2543 2354 2613 reprobi
2381 2543 2559 2600 facere
2587 2546 2952 2614 dissimulant,
2984 2556 3129 2604 recte
3160 2549 3408 2604 subditur
3433 2569 3447 2604 :

2214 2632 2323 2688 Per
2345 2652 2531 2705 agrum
2557 2637 2783 2692 hominis
2812 2639 2947 2709 pigri
2969 2639 3185 2693 transivi
3205 2649 3254 2693 et
3273 2657 3367 2710 per
3395 2640 3596 2695 vineam
3627 2639 3727 2694 viri

2137 2726 2306 2792 stulti,
2321 2737 2368 2782 et
2392 2744 2505 2783 ecce
2529 2737 2694 2783 totum
2720 2729 3037 2800 repleverant
3061 2733 3268 2796 urticae,
3291 2743 3603 2802 operuerunt
3627 2749 3722 2804 su-

2136 2820 2394 2890 perﬁciem
2423 2821 2536 2890 ejus
2567 2823 2750 2891 spinte.
2780 2821 2883 2878 Per
2925 2839 3112 2895 agrum
3135 2824 3458 2894 vineamque
3493 2825 3631 2895 pigri
3656 2839 3726 2882 ac

2137 2910 2287 2966 stulti
2313 2911 2547 2966 transire
2587 2916 2670 2967 est
2695 2913 2980 2983 cujuslibet
3018 2915 3184 2969 vitam
3211 2915 3528 2985 negligentis
3554 2914 3724 2985 inspi-

2135 3016 2280 3066 cere,
2310 3018 2473 3071 quam
2502 3003 2690 3058 urticae
2733 3003 2817 3058 vel
2856 3004 3025 3074 spina:
3051 3005 3280 3075 replent,
3309 3006 3433 3075 quia
3468 3007 3522 3059 in
3551 3007 3724 3064 corde

2137 3095 2520 3164 negligentium
2543 3095 2844 3166 prurieutia
2875 3104 3088 3152 terrena
3111 3095 3370 3153 desideria
3391 3105 3445 3151 et
3469 3099 3724 3168 punctioo

459 3187 548 3258 gtsi
597 3187 979 3259 insipientibus
1021 3189 1202 3260 gravis
1247 3189 1386 3244 forte
1413 3189 1626 3243 videtur
1668 3195 1722 3243 et
1751 3196 2028 3256 austeras,
2055 3181 2099 3244 C
2132 3200 2227 3241 nes
2274 3185 2538 3256 pullulant
2583 3186 2860 3250 vitiorum,
2890 3185 3044 3256 juxta
3091 3187 3236 3256 quod
3276 3187 3539 3257 scriptum
3587 3195 3715 3244 est:

460 3279 641 3336 nultos
670 3289 874 3345 tamen,
898 3295 1019 3335 cum
1047 3281 1243 3352 quibus
1263 3295 1451 3349 pacem
1475 3281 1690 3345 habeat,
1715 3280 2026 3348 prudentes,

448 3369 640 3426 multos
667 3371 758 3440 qui
785 3386 881 3424 sua
906 3371 1047 3426 dicta
1069 3385 1189 3426 cum
1215 3384 1400 3425 amore
1429 3367 1843 3438 amplectentur,
1878 3369 2029 3424 inve-

441 3459 584 3524 niet,
617 3475 760 3529 stepe
802 3461 964 3515 etiam
1011 3459 1129 3515 illos
1157 3475 1294 3530 quos
1323 3459 1672 3514 adversantes
1715 3459 1827 3514 suis
1862 3459 2028 3514 rectis

443 3553 837 3608 assertionibus
885 3553 1224 3620 toleraverat,
1258 3567 1550 3608 conversos
1582 3552 1924 3623 postmodum
1955 3553 2024 3608 ad

447 3640 669 3696 meliora
703 3642 908 3697 amicos
930 3643 1153 3713 recipiet
1178 3651 1233 3698 et
1260 3643 1455 3699 socios.

515 3729 773 3802 Praepara
821 3735 951 3804 foris
1009 3751 1137 3806 opus
1188 3744 1368 3802 tuum,
1419 3743 1469 3791 et
1523 3734 1799 3807 diligenter
1849 3750 2029 3790 exerce

2137 3277 2205 3331 In
2227 3277 2498 3331 desideriis
2523 3285 2598 3331 est
2627 3278 2793 3331 omnis
2825 3279 3041 3332 otiosus.
3439 3323 3441 3326 .

2206 3368 2273 3422 Et
2322 3368 2550 3423 maceria
2593 3366 2826 3437 lapidum
2856 3367 3121 3422 destructa
3156 3376 3289 3422 erat.
3314 3367 3549 3426 Maceria
3585 3367 3720 3437 lapi-

2133 3461 2258 3515 dum
2305 3459 2360 3513 in
2400 3459 2558 3514 vinea
2585 3459 2671 3514 vel
2709 3474 2838 3530 agro
2884 3459 3032 3514 stulti
3064 3460 3340 3514 destructa
3380 3459 3567 3529 jacet:
3596 3473 3714 3513 cum

2132 3555 2307 3617 coepta
2329 3547 2592 3603 virtutum
2612 3548 2929 3612 munimina,
2955 3547 3038 3602 vel
3068 3549 3412 3618 improbitate
3441 3547 3713 3603 hominum

2132 3639 2399 3696 malorum
2443 3640 2698 3709 deceptus
2724 3639 2808 3693 vel
2837 3639 3238 3694 immundérum
3268 3639 3557 3708 spirituum
3584 3651 3707 3709 per-

2137 3733 2390 3789 suasione
2413 3731 2606 3789 callida
2629 3733 2858 3804 quisque
2890 3732 3168 3806 negligens
3192 3732 3392 3804 perdit.

1653 4019 1956 4098 LIBER
2017 4017 2495 4098 TERTIUS.
2559 4074 2563 4078 -

1009 4305 1237 4365 CAPUT
1284 4305 1448 4361 XXV.

517 4399 618 4456 Ha:
663 4416 865 4471 quoque
903 4397 1170 4469 parabolte
1213 4396 1547 4464 Salomonis,
1575 4414 1709 4467 quas
1739 4397 2023 4452 transtule-

2203 4305 2384 4362 Gloria
2419 4306 2631 4362 Domini
2669 4308 2837 4363 celare
2866 4310 3099 4376 verbum,
3130 4316 3177 4364 et
3201 4308 3371 4380 gloria
3411 4325 3589 4380 regum
3629 4311 3711 4367 in-

2132 4399 2384 4470 vestigare
2411 4415 2723 4454 sermonem.
2752 4398 2937 4456 Gloria
2977 4400 3186 4456 Domini
3216 4407 3300 4454 est
3334 4401 3390 4455 in
3426 4416 3589 4456 carne
3617 4415 3712 4470 ap.-

438 4504 564 4551 runt
593 4467 694 4549 viri
726 4467 966 4546 Eeechia:
1009 4491 1143 4562 regis
1185 4488 1350 4544 Iuda.
1386 4488 1526 4546 Hinc
1552 4504 1695 4544 novo
1723 4489 1913 4544 ordine
1940 4489 2020 4544 lo-
2052 4467 2104 4527 ι)
2130 4467 2369 4563 parentis
2417 4491 2772 4548 humanitatis
2820 4507 2931 4548 sua:
2981 4492 3154 4563 magis
3198 4507 3362 4563 quam
3416 4467 3710 4552 divinitatis

439 4587 530 4656 qui
580 4584 786 4656 incipit,
817 4591 877 4637 ut
911 4597 1016 4637 non
1060 4581 1202 4637 sicut
1233 4564 1386 4652 prius
1413 4582 1578 4660 quasi
1605 4582 1674 4636 ad
1712 4581 2024 4637 audientem

437 4678 663 4732 verbum
704 4675 884 4740 faciat,
916 4673 1013 4729 sed
1040 4687 1222 4728 secum
1264 4674 1396 4744 ipse,
1425 4673 1554 4744 quid
1601 4674 1742 4729 ratio
1783 4673 2026 4728 veritatis

440 4769 656 4832 habeat,
689 4764 1014 4837 disputando
1055 4771 1347 4834 pertractet
1370 4783 1383 4819 :
1410 4765 1466 4820 in
1503 4765 1699 4834 quibus
1745 4774 1926 4821 tamen
1949 4763 2026 4820 le-

437 4874 568 4929 gens
595 4859 825 4928 quisque
873 4856 954 4911 vel
995 4856 1242 4922 audiens,
1270 4857 1399 4928 quid
1444 4865 1721 4927 appetere,
1755 4856 1886 4926 quid
1935 4871 2025 4912 ca-

437 4966 564 5005 vere
612 4951 826 5016 debeat,
873 4949 1214 5019 apertissime
1259 4949 1555 5019 dignoscat.
1611 4949 1756 5016 Quas
1803 4949 2025 5018 quidem

437 5039 726 5110 parabolas
762 5042 864 5095 viri
893 5041 1141 5097 Ezechias
1170 5030 1511 5097 transtulisse
1535 5042 1864 5107 referuntur,
1895 5043 2023 5112 quia

438 5128 684 5183 fortassis
713 5130 780 5184 ad
805 5131 922 5200 ejus
949 5147 1117 5201 usque
1163 5141 1406 5201 tempora
1451 5132 1706 5202 dispersae
1749 5133 2024 5189 habeban-

438 5229 528 5276 tur
553 5235 584 5274 a
613 5220 856 5289 pluribus
879 5263 894 5287 ,
926 5233 1084 5294 prout
1109 5241 1176 5280 ex
1204 5239 1300 5279 ore
1343 5225 1728 5295 sapientissimi
1763 5227 1907 5298 regis
1937 5241 2022 5282 se-

439 5310 546 5364 mel
594 5311 769 5366 dictas
820 5324 1173 5384 exceperant;
1222 5315 1316 5370 sed
1358 5331 1456 5386 per
1503 5315 1826 5371 industriam
1882 5317 2023 5374 illius

436 5398 676 5456 collecta:
705 5402 759 5456 in
787 5419 952 5458 unum
981 5412 1036 5458 et
1080 5405 1136 5459 in
1178 5405 1340 5476 hujus
1365 5405 1529 5460 libelli
1559 5415 1686 5462 sunt
1713 5423 1910 5479 corpus
1938 5409 2023 5464 in-

437 5501 616 5547 sertae.
652 5492 956 5550 Notandum
1000 5511 1132 5552 sane
1175 5499 1301 5567 quia
1347 5499 1399 5553 in
1431 5499 1517 5554 bis
1546 5500 1821 5571 parabolis
1851 5502 2024 5557 multo

439 5592 567 5638 sunt
591 5585 745 5654 plura
772 5601 934 5655 quam
963 5588 1021 5640 in
1047 5588 1257 5643 caeteris
1283 5605 1380 5659 per
1405 5590 1715 5662 allegoriam
1749 5593 1910 5658 dicta,
1953 5609 2019 5648 ex

437 5675 722 5733 collatione
769 5677 1016 5734 videlicet
1057 5693 1239 5735 rerum
1267 5697 1386 5750 qua:
1428 5683 1615 5753 ﬁguris
1661 5693 1801 5755 aptae
1837 5685 2021 5740 viden-

442 5775 547 5824 tur.

2131 4594 2381 4642 naturam
2428 4585 2739 4640 mortalium
2783 4583 2956 4640 oculis
3009 4583 3314 4649 ostendere,
3341 4591 3398 4640 et
3425 4598 3485 4639 se
3531 4581 3710 4654 potius

2127 4692 2350 4748 operum
2394 4675 2669 4732 miraculis
2715 4691 2779 4732 ac
2817 4675 3060 4748 mysticis
3103 4674 3494 4738 locutioni—bus,
3545 4687 3708 4742 quam

2129 4770 2330 4840 apertis
2375 4767 2767 4825 assertionibus
2797 4768 3046 4832 verbum,
3076 4766 3130 4820 id
3172 4774 3255 4822 est
3280 4765 3378 4822 Dei
3398 4764 3595 4820 Filium
3621 4762 3705 4817 fa-

2129 4863 2252 4918 teri.
2290 4861 2442 4918 Unde
2471 4861 2642 4915 multo
2681 4859 2874 4930 sapius
2900 4859 2955 4914 in
3001 4856 3290 4929 Evangelio
3319 4855 3488 4910 ﬁlium
3513 4869 3571 4910 se
3604 4855 3704 4908 ho-

2127 4954 2288 5008 minis
2308 4966 2473 5023 quam
2496 4951 2692 5005 Filium
2716 4949 2810 5005 Dei
2833 4948 3101 5019 appellare
3125 4947 3422 5003 consuevit.
3453 4944 3521 5000 Et
3539 4943 3706 5015 gloria

2128 5042 2365 5098 ﬁdelium
2407 5040 2524 5110 ejus
2550 5039 2932 5110 discipulorum
2963 5047 3046 5092 est
3091 5037 3374 5107 diligenter
3403 5036 3521 5105 ejus
3549 5035 3704 5090 inve-

2127 5135 2326 5206 stigare
2347 5146 2673 5197 sermonem,
2701 5145 2808 5199 quo
2846 5143 2904 5185 sc
2943 5128 3113 5182 Deum
3139 5128 3305 5182 etiam
3334 5127 3425 5181 ubi
3458 5135 3707 5198 patenter

2125 5242 2233 5282 non
2263 5225 2410 5290 dicit,
2439 5224 2665 5295 mystice
2690 5219 2975 5291 signiﬁcat.
3009 5217 3177 5285 Quale
3215 5225 3300 5273 est
3327 5216 3454 5272 illud
3481 5235 3492 5271 :
3519 5215 3631 5287 Ego
3654 5223 3708 5270 et

2127 5313 2292 5370 Pater
2330 5331 2491 5368 unum
2534 5327 2714 5367 sumus
2741 5310 2920 5383 (.Ioan.
2953 5306 3029 5379 χ),
3061 5316 3115 5362 et
3145 5303 3341 5363 caetera
3372 5305 3700 5376 huiusmodi.

2125 5407 2365 5478 Denique
2386 5405 2566 5461 celans
2591 5403 2740 5460 verbi
2765 5402 3122 5458 aeternitatem
3145 5409 3202 5456 et
3219 5399 3560 5472 pretendens
3581 5413 3706 5453 car-

2125 5503 2209 5556 nis
2238 5500 2627 5565 iuﬁrmitatem,
2649 5500 2723 5553 ait
2747 5515 2759 5551 :
2783 5496 2949 5563 Quem
2987 5512 3068 5550 me
3110 5495 3288 5548 dicunt
3331 5494 3562 5548 homines
3591 5507 3704 5547 esse

2123 5592 2294 5662 ﬁlium
2327 5590 2590 5644 hominis?
2617 5587 2800 5660 (Joan.
2833 5586 2934 5658 Vl.)
2980 5585 3079 5641 Cui
3120 5599 3307 5656 regum
3341 5582 3572 5638 eximius
3612 5581 3699 5635 in—

2124 5683 2388 5751 vestigato
2433 5679 2550 5750 ejus
2578 5693 2857 5743 sermone,
2890 5692 3052 5746 quem
3081 5683 3242 5729 antea
3287 5673 3481 5742 saepius
3511 5670 3698 5725 audie-

2124 5782 2210 5828 rat
2233 5773 2510 5842 respondit
2533 5790 2546 5826 ε
2575 5770 2653 5825 Tu
2676 5787 2729 5825 es
2755 5767 2992 5825 Christus
3014 5765 3188 5820 Filius
3220 5763 3317 5818 Dei
3345 5764 3444 5818 vivi
3469 5759 3658 5837 (Ibid.)
3678 5799 3697 5826 ,
