4100 6324
383 333 481 388 761

1095 288 1509 385 'Exrosmo
1544 329 1612 383 IN
1650 322 2050 388 pnovennnt
2083 333 2495 393 SALOMONIS.
2530 367 2602 379 -
2639 335 2767 393 LIB.
2809 338 2898 394 ll].

3549 337 3653 395 762

382 461 484 504 nec
516 458 737 516 parvam
762 445 865 501 hac
882 433 1301 514 investigatione
1324 444 1524 498 meruit
1548 444 1794 514 gloriam.
1828 445 1962 500 Nam
1991 451 2045 511 Α
2069 465 2200 520 pore
2223 465 2341 516 suo,
2365 452 2491 522 quia
2519 453 2610 522 qui
2633 451 2855 507 verbum
2877 452 2973 508 Dei
2994 458 3292 524 opportune
3321 456 3469 511 novit
3495 453 3654 524 juxta

381 533 916 612 protinus'audivit:
941 533 1133 592 Beatus
1181 553 1269 601 es,
1317 535 1502 591 Simon
1541 535 1814 606 Barjona,
1855 546 1960 594 etc.

384 631 604 705 (Matth.
636 629 775 694 xvi.)

455 723 655 780 Caelum
693 739 922 788 sursum,
954 731 1004 776 et
1031 729 1170 776 terra
1198 725 1466 786 deorsum,
1497 730 1544 774 et
1567 737 1659 776 cor
1684 737 1861 791 regum
1887 721 1970 774 in-

384 815 685 872 scrutabile.
719 813 870 868 Sicut
893 821 949 867 et
969 811 1194 867 altitudo
1216 812 1340 868 caeli
1361 820 1416 867 et
1438 811 1779 882 profunditas
1808 820 1970 866 terra:

386 908 580 980 conjici
602 908 668 962 ab
687 905 996 961 hominibus
1022 919 1130 959 non
1157 913 1352 974 potest,
1378 904 1453 958 ita
1481 904 1710 959 scientia
1739 903 1970 974 pr0phe‘

385 1005 567 1051 tarum
595 1003 651 1051 et
671 994 1059 1064 apostolorum,
1084 994 1177 1064 qui
1206 1009 1404 1049 arcana
1435 991 1736 1049 divinitatis
1765 991 1970 1063 Spiritu

382 1084 659 1141 revelante
700 1091 1089 1154 cognoverunt,
1116 1091 1315 1139 nostrae
1361 1083 1668 1156 fragilitatis
1696 1084 1971 1153 capacita-

385 1182 500 1231 tem
531 1173 880 1229 transcendit.

455 1267 623 1338 Aufer
653 1267 940 1337 rubiginem
972 1267 1037 1320 de
1079 1276 1316 1338 argento,
1360 1275 1408 1320 et
1438 1267 1736 1336 egredietur
1762 1283 1852 1320 vas
1875 1284 1974 1336 pu-

337 1353 355 1372 ¹
386 1361 672 1416 rissimum.
727 1357 897 1412 Aufer
932 1357 1127 1413 littera:
1171 1357 1517 1432 superficiem
1571 1359 1636 1413 de
1681 1373 1836 1413 sacro
1863 1357 1974 1411 elo-

383 1452 511 1521 quio
558 1458 613 1505 et
660 1449 906 1505 invenies
955 1464 1172 1504 sensum
1219 1448 1570 1518 purissimum
1622 1451 1722 1504 sub
1767 1449 1974 1504 vilitate

385 1542 580 1598 litterae
611 1541 970 1605 reconditum,
1013 1551 1068 1595 et
1101 1540 1201 1595 sub
1249 1540 1550 1595 carnalium
1585 1542 1771 1612 ﬁguris
1811 1555 1975 1596 caere-

385 1634 694 1688 moniarum
724 1631 992 1701 spiritalia
1026 1631 1245 1686 latuisse
1270 1632 1546 1702 mysteria.

455 1720 622 1789 Aufer
645 1721 963 1789 impietatem
1006 1721 1071 1775 de
1113 1720 1256 1776 vultu
1293 1723 1454 1792 regio,
1492 1733 1541 1777 et
1569 1723 1974 1795 ﬁrmabiturju-

2070 541 2399 596 audientium
2444 543 2802 611 capacitatem
2851 542 3171 612 praedicare,
3217 544 3377 599 modo
3410 544 3653 614 exempla

2069 645 2133 685 ac
2156 630 2300 685 dicta
2324 630 2565 697 Patrum,
2592 646 2689 702 per
2711 646 2941 700 quorum
2968 633 3268 687 custodiam
3308 635 3376 689 ad
3415 634 3656 704 requiem
3686 679 3695 687 .

2068 723 2380 794 pervenitur
2407 732 2686 789 aeternam,
2731 722 2887 792 juxta
2916 723 3152 778 litteram
3202 724 3446 795 mplicat,
3493 724 3656 782 modo

2070 812 2348 866 suaviores
2375 813 2428 867 in
2455 813 2540 867 his
2567 829 2820 868 sensuum
2843 813 3165 883 spiritalium
3202 813 3432 880 fructus,
3460 815 3655 884 quibus

2069 902 2157 970 pia
2185 901 2518 958 audientium
2538 902 2804 959 desideria
2832 913 3040 974 pascat,
3069 913 3277 960 remoto
3305 904 3476 960 litera:
3504 905 3654 961 vela-

2071 995 2214 1049 mine
2243 995 2449 1064 pandit.
3609 997 3615 1002 ’

2144 1085 2360 1142 Inauris
2418 1105 2581 1143 aurea
2629 1098 2678 1142 et
2706 1091 3056 1160 margaritum
3097 1088 3324 1160 fulgens,
3355 1090 3444 1160 qui
3482 1088 3664 1160 arguit

2070 1179 2354 1248 sapientem
2377 1188 2424 1232 et
2445 1196 2626 1233 aurem
2646 1180 2985 1234 obedientem.
3018 1179 3184 1236 Recte
3203 1180 3422 1235 humilis
3445 1181 3661 1235 auditor

2071 1271 2246 1325 inauri
2271 1280 2616 1341 comparatur
2644 1288 2844 1338 aureae,
2884 1273 3008 1342 quia
3048 1274 3175 1328 dum
3213 1273 3444 1328 libenter
3475 1273 3652 1328 incre-

2071 1362 2219 1432 panti
2252 1377 2316 1418 ac
2362 1363 2579 1418 docenti
2624 1379 2808 1418 aurem
2864 1364 3259 1430 accommodat,
3286 1364 3398 1434 jam
3449 1379 3568 1419 sese
3592 1364 3661 1420 ad

2073 1455 2473 1524 percipiendam
2494 1455 2795 1511 claritatem
2819 1457 3093 1526 sapientiae
3107 1456 3346 1512 caelestis
3367 1467 3659 1526 praeparat,

2053 1556 2059 1562 '
2067 1546 2181 1616 jam
2204 1562 2449 1616 superna:
2477 1547 2612 1602 lucis
2647 1548 2841 1602 visioni
2872 1549 3175 1618 appr0piat,
3205 1556 3356 1604 recte
3398 1549 3663 1619 magister

2073 1639 2318 1695 eruditus
2349 1640 2642 1712 margarito
2694 1640 2918 1711 fulgenti
2967 1641 3332 1707 assimulatur,
3379 1641 3504 1712 quia
3533 1641 3664 1696 dum

2074 1732 2506 1787 emendationem
2548 1747 2782 1796 morum,
2824 1731 2950 1786 dum
2992 1745 3350 1800 supernorum
3380 1731 3663 1787 scientiam

383 1811 533 1868 stitia
581 1810 800 1864 thronus
844 1811 976 1880 ejus.
1032 1809 1199 1865 Aufer
1231 1812 1560 1880 impietatem
1612 1815 1970 1884 persequendi

2076 1823 2504 1879 desiderantibus
2533 1839 2597 1879 ac
2622 1824 2709 1893 pie
2750 1822 3115 1893 quaerentibus
3158 1822 3351 1876 animis
3399 1822 3657 1888 ostendit,

387 1900 726 1956 Christianos
767 1900 832 1954 de
860 1901 1043 1954 animo
1093 1900 1239 1956 Sauli
1285 1902 1369 1956 vel
1417 1903 1640 1959 alterius
1687 1903 1974 1974 cujuslibet

386 1991 760 2048 aemulatorum
784 1990 937 2062 legis,
967 1998 1022 2046 et
1068 2007 1190 2048 cum
1217 1991 1494 2048 Christum
1531 1995 1828 2064 prtedicare
1863 2010 1973 2051 coe-

385 2084 587 2156 perint,
621 2081 927 2137 tirmabitur
950 2083 1182 2153 justitia,
1206 2084 1464 2140 cathedra
1503 2085 1759 2140 doctrinm
1785 2102 1974 2142 eorum

389 2175 592 2248 [Forte,
617 2173 778 2246 ejus],
813 2189 972 2244 quam
1001 2175 1151 2244 prius
1174 2191 1328 2230 suam
1354 2174 1559 2248 [Forte,
1585 2177 1704 2249 sua]
1737 2178 1976 2248 impelle-

385 2264 480 2319 bat
508 2266 771 2335 impietas,
803 2265 1039 2334 quandiu
1064 2265 1288 2335 justitia:
1312 2267 1406 2322 Dei
1435 2275 1796 2338 repugnantes
1821 2283 1976 2323 suam

385 2373 701 2429 praeponere
747 2357 1084 2430 satagebant.
1149 2357 1282 2414 Item
1343 2359 1505 2428 aufer,
1549 2361 1864 2430 impietatem
1912 2360 1976 2414 de

387 2450 530 2505 uultu
569 2451 701 2521 regis
755 2458 804 2503 et
845 2449 1146 2518 ﬁrmabitur
1194 2449 1398 2515 iustitia
1446 2450 1664 2520 thronus
1693 2449 1853 2520 ejus;
1885 2451 1976 2519 qui

384 2542 529 2596 enim
553 2550 793 2611 praesunt
822 2541 1033 2612 populis
1081 2541 1126 2595 si
1164 2541 1332 2597 velint
1376 2541 1590 2596 ﬁrmum
1619 2557 1739 2598 esse
1784 2542 1977 2598 solium

386 2651 565 2701 suum,
592 2618 805 2705 semper
833 2634 1105 2690 hilaritate
1127 2642 1184 2690 et
1204 2634 1378 2705 gratia
1403 2633 1592 2703 plenos
1621 2635 1801 2689 vultus
1827 2634 1979 2689 exhi-

386 2726 572 2791 beant,
594 2741 662 2780 ne
683 2741 782 2796 per
803 2725 1168 2797 arrogantiam
1190 2724 1476 2796 rigidiores
1504 2723 1684 2779 effecti
1719 2724 1976 2780 mussita—

387 2817 593 2873 tionem
619 2817 864 2872 incidant
893 2817 1084 2887 plebis.

461 2909 546 2964 Ne
583 2908 843 2980 gloriosus
871 2925 1130 2979 apparens
1171 2924 1349 2962 coram
1389 2925 1525 2980 rege,
1553 2917 1601 2964 et
1629 2911 1685 2964 in
1719 2909 1835 2964 loco
1865 2927 1980 2965 ma-

387 3019 607 3074 gnorum
633 3019 696 3058 ne
724 3003 1039 3071 constiteris,
1073 3011 1128 3058 et
1150 3011 1366 3060 caetera.
1413 3003 1674 3074 Superius
1695 3006 1980 3076 praesulem

387 3095 616 3160 monuit,
653 3109 797 3148 nunc
822 3094 1115 3159 subditum,
1152 3109 1277 3149 nam
1327 3094 1467 3149 sicut
1493 3093 1569 3149 illi
1616 3095 1774 3162 dixit,
1806 3104 1867 3150 ut
1889 3095 1978 3150 hi-

388 3185 532 3241 lares
549 3186 731 3242 vultus
750 3187 1001 3242 ostendat
1028 3187 1306 3257 subjectis,
1338 3187 1412 3241 ita
1439 3186 1582 3243 hunc
1609 3187 1880 3252 admonet,
1908 3201 1977 3243 ne
2002 3177 2048 3241 C

387 3276 443 3332 in
477 3288 769 3350 conspectu
796 3277 1060 3348 majorum
1087 3293 1348 3350 arrogans
1377 3287 1656 3349 appareat,
1685 3280 1779 3333 sed
1798 3279 1978 3348 potius

387 3368 440 3424 in
462 3370 722 3432 mediocri
748 3370 958 3440 positus
1000 3369 1120 3425 loco
1160 3371 1410 3440 superius
1436 3371 1649 3425 evocari
1679 3379 1974 3436 mereatur,

387 3461 474 3515 cui
504 3469 588 3516 est
604 3460 778 3515 simile
805 3460 935 3515 illud
959 3461 1299 3515 Dominicum
1324 3478 1338 3514 :
1370 3460 1502 3514 Cum
1532 3461 1780 3516 invitatus
1808 3461 1974 3530 fueris

387 3550 458 3604 ad
498 3551 728 3620 nuptias,
759 3567 863 3605 non
904 3551 1200 3615 discumbas
1242 3553 1298 3605 in
1319 3553 1487 3621 primo
1516 3551 1647 3618 loco,
1680 3561 1788 3607 etc.
1821 3551 1974 3624 (Luc.

388 3647 527 3718 xlv).
558 3645 853 3702 Possumus
890 3654 1073 3700 autem
1101 3646 1156 3701 in
1185 3660 1312 3717 rege
1339 3655 1396 3700 et
1419 3646 1659 3716 principe
1691 3646 1978 3702 Dominum

388 3739 752 3810 signiﬁcatum
777 3738 1099 3811 intelligere,
1126 3739 1183 3794 in
1212 3739 1367 3808 cujus
1388 3746 1676 3809 conspectu
1709 3755 1808 3796 nos
1838 3755 1982 3796 sem-

385 3845 483 3902 per
504 3828 777 3884 bumiliari
807 3844 1029 3886 necesse
1072 3837 1180 3894 est,
1225 3837 1480 3886 monente
1508 3830 1750 3899 apostolo
1796 3829 1977 3898 Petro,

385 3921 480 3992 qui
513 3920 589 3974 ait
629 3938 642 3974 :
702 3919 1072 3975 Humiliamini
1125 3921 1286 3992 igitur
1323 3921 1417 3976 sub
1461 3923 1657 3993 potenti
1693 3940 1853 3978 manu
1880 3923 1980 3978 Dei

384 4020 445 4067 ut
471 4029 557 4068 vos
578 4012 768 4067 exaltet
787 4014 844 4066 in
866 4023 1093 4084 tempore
1119 4015 1434 4070 uisitationis
1464 4015 1517 4088 (Ι
1543 4013 1692 4072 Petr.
1717 4016 1795 4090 v).
1839 4056 1848 4064 ο

459 4103 591 4172 Qua:
614 4106 853 4161 viderunt
891 4107 1033 4161 oculi
1053 4109 1152 4174 tui,
1184 4125 1247 4163 ne
1283 4109 1522 4179 proferas
1565 4111 1620 4165 in
1635 4111 1818 4183 jurgio
1853 4112 1975 4178 cito,

386 4213 450 4252 ne
492 4204 668 4268 postea
703 4198 980 4253 emendare
1011 4215 1115 4253 non
1161 4201 1350 4270 possis,
1395 4217 1515 4256 cum
1563 4202 1979 4259 dehonestaveris

386 4290 613 4344 amicum
633 4300 802 4345 tuum.
854 4291 920 4346 Et
945 4291 1000 4346 in
1022 4291 1313 4363 Evangelio
1348 4291 1647 4349 Dominus:
1703 4292 1763 4348 Si
1790 4310 1976 4364 pecca-

385 4383 528 4447 uerit,
560 4383 756 4453 inquit,
807 4385 862 4438 in
888 4393 936 4439 te
981 4384 1146 4454 frater
1191 4394 1332 4451 tuus,
1384 4386 1515 4440 vade
1556 4394 1605 4440 et
1635 4385 1836 4457 corrige
1861 4403 1978 4442 eum

382 4475 518 4532 inter
540 4486 589 4532 te
611 4486 661 4533 et
695 4478 869 4548 ipsum
891 4476 1084 4544 solum,
1109 4485 1213 4534 etc.
1247 4477 1464 4546 (Matth.
1484 4478 1662 4551 xvm).

2074 1919 2228 1990 quasi
2253 1934 2417 1974 aureo
2442 1919 2680 1985 ornatui,
2712 1916 2971 1986 majorem
3013 1918 3232 1988 insuper
3259 1917 3663 1989 gratioremque

2075 2009 2335 2082 fulgorem
2359 2025 2585 2081 gemmae
2606 2010 2848 2065 ardentis
2871 2009 3128 2066 annectit.

2147 2102 2299 2158 Sicut
2344 2102 2510 2172 frigus
2542 2103 2673 2155 nivis
2713 2103 2770 2154 in
2795 2100 2878 2154 die
2925 2099 3127 2164 messis,
3160 2099 3234 2152 ita
3269 2097 3468 2168 legatus
3494 2095 3666 2166 fidelis

2073 2194 2121 2249 ei
2149 2195 2238 2264 qui
2259 2193 2398 2247 misit
2444 2209 2585 2258 eum,
2630 2192 2862 2245 animam
2889 2192 3003 2261 ejus
3038 2179 3354 2260 requiescere
3384 2189 3530 2258 facit.
3562 2187 3667 2242 lm-

2073 2293 2362 2357 portunum
2389 2285 2599 2339 videtur
2640 2282 2966 2338 omnimodis
3015 2289 3257 2351 tempore
3304 2280 3515 2345 messis,
3547 2277 3669 2331 nin-

2077 2393 2222 2450 gere.
2261 2376 2397 2432 Nam
2420 2384 2475 2431 et
2513 2373 2652 2429 infra
2680 2374 2943 2446 legimus:
2979 2371 3252 2438 Quomodo
3282 2371 3374 2425 nia:
3409 2378 3589 2424 (estate
3614 2376 3667 2423 et

2074 2469 2264 2542 pluviw
2291 2470 2346 2523 in
2397 2484 2581 2532 messe,
2626 2467 2701 2521 sic
2745 2465 2987 2520 indecens
3032 2462 3312 2518 est'stulto
3342 2461 3530 2532 gloria.
3559 2459 3667 2516 Sed

2080 2568 2258 2616 tamen
2291 2561 2346 2615 in
2393 2559 2804 2616 ferventissimis
2857 2557 3156 2613 Palaestinae
3203 2556 3512 2626 regionibus
3558 2570 3668 2610 non

2079 2666 2270 2721 parum
2315 2647 2636 2704 delectabile
2683 2656 2767 2703 est
2814 2646 3161 2711 metentibus,
3207 2645 3254 2700 si
3289 2644 3468 2700 subito
3499 2643 3670 2716 frigus

2080 2741 2348 2812 quomodo
2370 2739 2426 2794 in
2452 2739 2578 2794 nive
2602 2738 2757 2803 solet,
2791 2737 3064 2803 adveniat,
3089 2736 3232 2806 quod
3262 2736 3511 2791 incendia
3540 2733 3671 2791 solis

2082 2833 2415 2904 aliquantum
2444 2830 2748 2901 refrigeret,
2779 2829 3032 2884 sudorem
3079 2827 3442 2883 laborantium
3472 2832 3668 2896 tergat,

2082 2927 2335 2982 ardentes
2360 2931 2623 2994 temperet
2649 2922 2936 2977 anhelitus.
2959 2920 3058 2976 Cui
3076 2929 3224 2976 recte
3245 2919 3433 2990 frigori
3460 2919 3670 2990 legatus

2082 3015 2410 3072 assimilatur
2436 3013 2627 3077 fidelis,
2666 3012 2793 3082 quia
2843 3019 3081 3067 mentem
3131 3009 3248 3079 ejus
3287 3011 3380 3081 qui
3423 3025 3482 3065 se
3522 3010 3672 3064 misit

2081 3108 2375 3179 prudenter
2409 3105 2618 3176 agendo
2661 3110 2936 3174 repausat.
2975 3100 3220 3172 Mystice‘
3248 3109 3432 3155 autem
3459 3099 3671 3170 legatus

2081 3198 2253 3254 ﬁdelis
2276 3199 2466 3254 doctor
2486 3205 2569 3252 est
2589 3195 2925 3260 catholicus;
2954 3193 3046 3264 qui
3091 3201 3272 3248 autem
3316 3192 3486 3246 mittit
3521 3205 3668 3258 eum,

2081 3293 2358 3349 Dominus.
2388 3291 2560 3346 Porro
2585 3290 2702 3345 dies
2726 3288 2919 3344 messis
2947 3287 3004 3340 in
3029 3294 3163 3342 aestu
3193 3293 3404 3355 tempus
3423 3290 3510 3338 est
3535 3295 3674 3353 pm-

2081 3384 2367 3441 dicationis
2397 3384 2540 3439 inter
2582 3381 2796 3437 furores
2846 3377 3308 3450 persequentium,
3341 3378 3408 3432 de
3454 3389 3562 3446 quo
3590 3372 3674 3430 di-

2081 3487 2225 3532 ctum
2250 3483 2370 3530 est:
2399 3473 2587 3528 Messis
2612 3472 2823 3543 quidem
2840 3469 3030 3534 multa,
3060 3470 3289 3540 operarii
3316 3479 3489 3522 autem
3513 3464 3672 3537 pauci

2080 3566 2296 3640 (Matth.
2320 3565 2419 3636 ιι).
2470 3565 2662 3635 Frigus
2715 3562 2856 3617 nivis
2906 3561 2963 3616 in
3012 3573 3190 3615 messe
3219 3555 3550 3629 aliquantula
3589 3563 3672 3613 est

2080 3658 2236 3730 quies
2264 3656 2671 3727 praedicantium
2724 3669 2755 3708 a
2804 3651 3180 3723 persecutione
3229 3646 3667 3719 repugnantium,

2081 3757 2228 3805 recte
2251 3763 2380 3818 ergo
2408 3747 2606 3802 dicitur
2631 3765 2642 3799 :
2698 3743 2846 3800 Sicut
2893 3743 3060 3813 frigus
3113 3741 3242 3796 nivis
3269 3739 3324 3794 in
3354 3740 3438 3794 die
3461 3738 3668 3804 messis,

2080 3842 2155 3896 ita
2179 3841 2380 3911 legatus
2417 3839 2590 3908 ﬁdelis
2619 3840 2667 3894 ei
2709 3839 2799 3909 qui
2826 3837 2970 3892 misit
2999 3851 3137 3900 eum,
3167 3835 3398 3888 animam
3425 3831 3568 3885 illius
3590 3847 3672 3886 re-

2079 3935 2339 4006 quiescere
2364 3934 2509 4003 facit.
2543 3931 2680 3998 Quia
2707 3932 2847 3986 sicut
2865 3929 3099 4000 optabile
3118 3936 3202 3984 est
3223 3922 3672 3996 praedicatoribus

2080 4027 2252 4094 verbi,
2281 4041 2406 4082 cum
2435 4025 2505 4081 ab
2530 4023 2829 4079 infidelium
2858 4021 3008 4076 rabie
3056 4018 3197 4102 forte
3227 4017 3455 4088 .aliquid
3511 4013 3670 4072 refri-

2081 4120 2216 4194 gerii
2244 4117 2533 4187 accipiunt,
2565 4131 2667 4171 nec
2689 4113 2919 4170 facultas
2937 4111 3170 4180 docendi
3196 4116 3444 4179 negatur,
3466 4107 3542 4161 ita
3564 4103 3670 4176 ipsi

2080 4213 2173 4284 qui
2198 4213 2262 4269 ad
2288 4212 2692 4282 praedicandum
2722 4223 2816 4264 eos
2844 4205 2994 4262 misit
3032 4204 3264 4259 Domino
3311 4209 3524 4271 gratum
3550 4211 3672 4255 esse

2081 4310 2316 4368 constat,
2346 4317 2469 4356 cum
2497 4306 2802 4370 susceptam
2831 4297 2900 4352 ab
2941 4309 3008 4351 eo
3038 4293 3362 4367 legationem
3387 4289 3553 4346 etiam
3588 4288 3672 4344 in-

2082 4403 2164 4450 ter
2183 4393 2408 4449 adversa
2433 4390 2815 4448 obsistentium
2838 4385 3072 4442 ﬁdeliter
3091 4381 3380 4453 complent.
3406 4379 3669 4448 Denique,

2082 4493 2144 4539 ut
2167 4484 2340 4540 Lucas
2391 4482 2581 4547 refert,
2620 4479 2852 4537 reversis
2879 4494 2911 4534 a
2943 4473 3346 4548 praedicationis
3392 4470 3568 4534 cilicio
3593 4469 3672 4526 di-

455 4583 605 4642 Mala
632 4605 795 4644 aurea
823 4589 879 4642 in
899 4587 1044 4643 lectis
1070 4589 1346 4658 argenteis,
1390 4587 1478 4658 qui
1501 4587 1734 4658 loquitur
1764 4587 1976 4641 verbum

2084 4575 2328 4647 scipulis,
2355 4572 2634 4628 exsultans
2681 4569 2886 4640 Spiritu
2932 4574 3120 4623 sancto
3165 4564 3311 4618 Patri
3339 4561 3541 4633 gratias
3566 4559 3669 4616 ob-

383 4677 438 4731 in
454 4686 680 4748 tempore
721 4695 840 4732 suo.
875 4677 1044 4734 Sacra
1067 4677 1281 4747 eloquia
1310 4677 1613 4732 rectissime
1640 4676 1795 4732 lectis
1832 4691 1976 4731 com-

381 4777 643 4838 parantur
693 4768 986 4840 argenteis,
1041 4768 1195 4824 lectis
1242 4766 1510 4832 videlicet,
1564 4765 1692 4835 quia
1735 4765 1976 4835 requiem

381 4869 642 4931 praestant
688 4861 971 4916 animabus
1021 4860 1393 4924 audientium;
1446 4857 1718 4929 argenteis
1770 4865 1971 4924 autem,

383 4954 510 5023 quia
531 4951 809 5023 splendida
840 4951 1045 5022 fulgent
1066 4951 1358 5007 virtutibus
1382 4950 1622 5005 Patrum.
1661 4948 1814 5004 Unde
1839 4949 1972 5004 scri-

381 5051 534 5113 ptum
563 5053 680 5109 est;
718 5043 931 5114 eloquia
961 5042 1175 5098 Domini
1213 5041 1425 5110 eloquia
1471 5049 1640 5106 casta,
1690 5048 1972 5110 argentum

385 5131 507 5204 igne
534 5133 924 5190 examinatum.
980 5133 1222 5200 Quorum
1273 5131 1489 5186 ornatui
1538 5131 1801 5186 lectorum
1832 5129 1973 5185 mala

385 5225 698 5293 superaddit
754 5240 938 5291 aurea,
995 5223 1242 5295 quisquis
1291 5223 1481 5278 eadem
1531 5221 1711 5276 divina
1761 5219 1973 5291 eloquia

385 5313 552 5370 etiam
577 5315 907 5384 spiritalibus
932 5315 1092 5386 plena
1132 5313 1381 5370 sensibus
1419 5320 1475 5368 et
1517 5311 1790 5384 mysteriis
1811 5327 1976 5382 expo-

388 5403 566 5458 nendo
590 5405 940 5461 demonstrat.
988 5404 1090 5472 Qui
1137 5404 1393 5458 nimirum
1437 5417 1628 5458 sensus
1666 5411 1789 5472 apte
1832 5400 1974 5455 mala

388 5501 672 5561 vocantur,
703 5495 826 5564 quia
871 5496 937 5550 de
963 5498 1158 5551 arbore
1180 5495 1327 5560 vitae,
1363 5494 1415 5549 id
1443 5502 1546 5560 est,
1571 5493 1666 5547 Dei
1709 5492 1973 5564 sapientia

389 5592 517 5641 sunt
539 5584 677 5649 orti;
701 5594 824 5655 apte
845 5601 1009 5640 aurea
1029 5585 1190 5651 mala,
1215 5585 1342 5656 quia
1364 5584 1610 5640 notitiam
1626 5595 1973 5652 amoremque

390 5683 667 5748 perpetua:
704 5676 968 5732 claritatis
1007 5680 1280 5734 mentibus
1321 5677 1627 5733 infundunt.
1677 5675 1815 5730 Mala
1841 5689 1971 5747 ergo

390 5781 554 5823 aurea
575 5767 629 5822 in
657 5767 811 5824 lectis
838 5768 1108 5838 argenteis
1127 5769 1218 5837 qui
1246 5767 1486 5838 loquitur
1510 5768 1736 5824 verbum
1757 5767 1810 5822 in
1835 5775 1970 5824 tem-

2083 4667 2222 4732 tulit,
2263 4666 2490 4720 dicens:
2541 4661 2805 4729 Conﬁteor
2831 4657 2959 4736 tibi,
3000 4654 3184 4720 Pater,
3229 4651 3451 4706 Domine
3479 4648 3670 4706 ctelict

2081 4765 2255 4819 teme,
2285 4762 2390 4808 elc.
2425 4750 2575 4823 (Luc.
2595 4748 2672 4818 x).

2154 4844 2335 4900 Nubes
2355 4852 2406 4898 et
2429 4851 2641 4912 ventus,
2666 4849 2714 4894 et
2741 4838 2930 4910 pluvia:
2974 4853 3077 4892 non
3111 4840 3403 4904 sequentes,
3447 4831 3529 4886 uir
3559 4828 3670 4902 glo—

2078 4937 2248 4992 riosus
2272 4944 2321 4990 et
2349 4934 2620 5005 promissa,
2643 4947 2748 4986 non
2775 4927 3055 5000 complens.
3088 4925 3225 4981 Huic
3249 4921 3426 4979 simile
3453 4921 3670 4978 videtur

2078 5029 2222 5100 quod
2249 5026 2496 5098 superius
2543 5025 2619 5080 ait
2644 5043 2657 5079 :
2709 5040 2771 5077 ne
2795 5022 2964 5093 jactes
2984 5033 3295 5092 quemquam
3324 5014 3494 5082 labiis,
3515 5013 3618 5068 tuis
3644 5026 3664 5066 :

2080 5125 2176 5181 sed
2202 5131 2258 5179 et
2279 5123 2366 5179 ille
2391 5121 2692 5178 versiculus
2717 5119 3023 5190 specialiter
3051 5118 3155 5173 hoc
3184 5112 3426 5170 continet
3447 5126 3516 5166 ne
3543 5124 3668 5181 pro-

2077 5215 2340 5273 mittendo
2367 5215 2645 5270 hominem
2674 5212 2936 5281 suscipias
2964 5217 3144 5266 etnon
3176 5202 3493 5276 complendo
3521 5200 3665 5256 deci-

2076 5308 2230 5378 pias:
2284 5307 2388 5362 iste
2411 5320 2542 5360 vero
2590 5301 2888 5359 versiculus
2937 5308 2992 5356 et
3033 5300 3136 5354 hoc
3161 5296 3440 5353 continere
3465 5298 3662 5364 potest,

2075 5407 2132 5456 et
2159 5399 2288 5454 illud
2316 5397 2467 5469 quod
2495 5395 2626 5452 dicit
2653 5392 2939 5464 Apostolus
2962 5390 3049 5464 (II
3078 5389 3212 5444 Tim.
3237 5387 3318 5460 Ill)
3353 5405 3368 5442 :
3401 5384 3665 5440 Habentes

2077 5491 2296 5562 speciem
2321 5488 2550 5560 pietatis,
2581 5486 2818 5540 virtutem
2844 5492 3016 5538 autem
3040 5482 3154 5553 ejus
3183 5487 3446 5550 negantes.

2153 5581 2418 5636 Patientia
2445 5579 2666 5633 lenietur
2713 5577 2970 5648 princeps,
3019 5584 3067 5629 et
3111 5572 3291 5642 lingua
3343 5568 3513 5623 mollis
3546 5581 3668 5621 con-

2079 5673 2268 5744 fringet
2300 5671 2571 5724 duritiam.
2597 5668 2731 5724 Cum
2759 5666 3048 5722 Dominum
3074 5661 3350 5736 peccando
3369 5655 3661 5719 offendisti.

2076 5775 2232 5838 potes
2263 5772 2438 5818 tamen
2487 5762 2605 5832 ejus
2637 5759 2832 5816 mereri
2889 5756 3248 5822 clementiam,
3304 5751 3348 5806 si
3394 5748 3663 5819 patienter
