4100 6324
418 348 523 406 Ἰὕῧ

1080 340 1144 396 Β.
1189 335 1444 395 MBAN
1482 332 1704 393 MAUN
1738 326 2020 393 ΑΒΟΠΙΕΙ

2121 288 2412 387 locum.
2452 318 2741 381 orunuu
2774 318 2958 379 rans
2991 318 3083 377 ιιι.

419 463 669 527 adversa,
699 470 818 528 qua:
839 455 1063 524 tibipra
1080 451 1323 522 peccatis
1340 451 1672 521 irrogmtur,
1696 444 2010 521 pertuleris,
2037 442 2095 509 Α.
2114 439 2263 499 tinus
2287 448 2344 496 et
2365 439 2555 497 ebullit
2577 455 2592 494 :
2621 444 2677 494 et
2697 449 2955 507 perversa
2977 448 3134 494 mens
3156 436 3376 508 quando
3391 450 3495 508 per
3521 435 3701 495 incre’

418 553 718 623 humilique
775 547 1148 605 satisfactione
1179 543 1439 603 duritiam
1491 540 1767 600 damneris
1818 545 2012 597 contu-

418 646 609 704 macia:
632 641 852 716 prioris.

2109 535 2697 608 patienemieorrlpitur
2715 542 2807 589 aut
2830 547 2927 604 per
2946 531 3343 602 pradicationis
3362 530 3705 590 dulcedinem

2110 630 2255 686 bona
2283 628 2565 693 suadetur,
2589 627 2655 682 de
2680 623 3021 693 correptione
3048 621 3109 676 ﬁt
3132 621 3393 689 deterior,
3417 630 3476 679 et
3502 622 3628 681 inde
3646 622 3707 683 in

471 720 599 792 illul
634 713 901 795 invenisti,
948 726 1157 782 mea
1189 725 1331 798 quod
1381 722 1569 795 reﬁcit
1604 720 1718 787 tibi,
1769 733 1834 777 ne
1879 717 2015 787 forte
2111 719 2560 779 murmurationis
2586 717 2930 788 iniquitatem
2960 713 3306 773 succenditur
3343 715 3488 773 unde
3520 713 3711 773 debuit

419 834 692 886 saturatas
732 836 942 879 eramus
987 818 1140 874 illud.
1194 815 1543 873 Dulcedinem
1591 812 1846 870 invenisti
1901 825 2015 866 ore.

418 919 608 975 lestern
630 911 1067 988 intelleﬂasquaj:
1086 909 1406 980 spiritalium
1425 916 1641 978 patrum
1661 904 1839 960 oliieio
1859 902 2015 973 quasi

419 1007 965 1081 prudentissimorum
994 1003 1174 1073 apium
1204 1002 1298 1056 tibi
1344 1000 1526 1057 labore
1570 1000 1877 1055 ministrata
1908 1004 2013 1065 est,

418 1100 543 1157 vide
568 1113 701 1170 ergo
723 1111 793 1153 ne
826 1096 882 1150 in
921 1109 986 1149 ea
1014 1093 1135 1163 plus
1163 1107 1356 1164 sapere
1402 1100 1629 1162 appetas
1664 1106 1831 1161 quam
1854 1104 2017 1161 opor-

421 1197 496 1246 tet
521 1202 731 1261 sapere,
777 1201 849 1242 ne
880 1186 1010 1240 dum
1063 1198 1273 1238 summa
1328 1182 1629 1253 intelligere
1681 1181 1823 1236 ultra
1873 1180 2021 1237 vim
2066 1224 2069 1227 ι

421 1283 640 1353 quaeris,
665 1281 831 1336 etiam
859 1292 979 1348 quae
1017 1277 1154 1332 bene
1184 1274 1528 1331 intellexeras
1551 1273 1771 1330 amittas
1796 1290 1810 1326 :
1838 1276 2021 1344 potest

421 1382 601 1428 autem
628 1372 682 1426 in
710 1371 814 1429 hoc
852 1367 1121 1423 versiculo
1146 1366 1325 1437 typice
1352 1366 1559 1422 dictum
1589 1363 1843 1435 intelligi,
1870 1362 2018 1433 quod

420 1467 477 1522 in
500 1465 743 1535 sequenti
766 1462 1049 1531 subjicitur
1072 1474 1089 1514 ι

493 1557 757 1614 Subtrahe
804 1555 987 1626 pedem
1035 1562 1187 1611 luunt
1232 1552 1299 1605 de
1347 1549 1503 1604 domo
1549 1551 1778 1619 proximi
1829 1549 1926 1614 tui,
1954 1565 2020 1604 ne

418 1649 630 1721 quando
658 1647 883 1701 satiatus
913 1643 1082 1698 oderit
1109 1652 1179 1697 te.
1226 1641 1341 1699 Etsi
1370 1641 1517 1695 etaim
1567 1639 1801 1709 proximi
1842 1636 2022 1706 cujus-

419 1738 551 1795 libet
597 1737 978 1794 allocutionem
1023 1733 1108 1789 vel
1135 1733 1497 1791 visitationem
1541 1730 1700 1786 melle
1722 1730 2022 1787 dulciorem

2113 816 2183 871 ab
2210 816 2494 884 iniquitate
2521 812 2816 883 compesci.

2184 904 2243 960 8i
2262 905 2534 961 esuriverit
2566 904 2813 960 inimicus
2851 912 2998 971 tua,
3028 905 3146 960 ciba
3173 901 3369 966 illum;
3419 899 3465 955 si
3492 898 3709 964 sitierit,

2115 997 2185 1052 da
2212 996 2291 1051 illi
2320 1011 2512 1067 aquam
2535 995 2725 1050 bibere.
2757 994 2826 1051 Et
2845 996 2914 1050 de
2942 995 3317 1067 corporalibus
3334 991 3632 1057 diluentis,
3653 998 3714 1049 et

2116 1091 2187 1147 de
2215 1089 2552 1161 spiritalibus
2578 1097 2759 1158 potest
2790 1088 3036 1158 intelligi.

2188 1178 2401 1236 Prunas
2445 1181 2582 1234 enim
2623 1182 2959 1251 congregabis
2990 1196 3145 1250 super
3173 1187 3330 1247 caput
3367 1178 3505 1248 ejus,
3529 1185 3578 1231 et
3600 1175 3715 1233 Des

2117 1273 2291 1331 minus
2316 1271 2494 1327 reddet
2535 1272 2652 1329 tibi.
2684 1270 2802 1329 Non
2836 1271 2904 1327 de
2930 1271 3198 1328 incendiis
3245 1284 3529 1340 prunarum
3557 1268 3711 1335 dicit,

2118 1379 2295 1435 neque
2321 1363 2467 1420 enim
2490 1364 2716 1419 doceret
2739 1369 2792 1419 te
2812 1362 3076 1437 sapientia
3098 1370 3161 1417 ut
3180 1362 3318 1416 bona
3343 1361 3570 1415 inimico
3592 1370 3716 1430 per-

2120 1459 2342 1515 ditionis
2391 1457 2510 1528 ejus
2561 1471 2725 1512 causa
2776 1455 3136 1518 ministram,
3185 1453 3279 1509 sed
3325 1467 3526 1523 prunas
3555 1467 3717 1522 super

2121 1557 2283 1619 caput
2310 1547 2449 1617 ejus,
2483 1548 2736 1604 ardorem
2784 1545 3070 1601 cbarltatis
3116 1545 3172 1600 in
3199 1544 3365 1599 corde
3408 1541 3528 1612 ejus
3556 1542 3717 1613 signi-

2122 1640 2268 1706 ﬁcat,
2294 1642 2353 1694 lit
2373 1641 2517 1695 enim
2540 1654 2925 1709 nonnunquam
2959 1645 3022 1691 ut
3041 1638 3292 1692 inimicus
3314 1635 3522 1691 crebris
3543 1636 3716 1690 victus

2121 1734 2400 1793 beneﬂciis
2426 1734 2676 1790 odiorum
2706 1735 2886 1804 rigore
2927 1732 3134 1788 mollito
3174 1732 3412 1788 calorem
3450 1732 3504 1786 in
3533 1738 3715 1787 mente

420 1826 649 1893 iurenis,
684 1828 878 1882 melius
910 1835 1094 1881 tamen
1120 1831 1205 1879 est
1247 1832 1311 1879 ut
1353 1823 1531 1881 rarius
1557 1820 1829 1878 veniendo
1848 1820 2019 1879 facias
2044 1802 2093 1869 Β
2118 1827 2406 1884 ehoritatis
2432 1827 2685 1897 excipiat,
2735 1802 2801 1881 ac
2849 1825 2917 1880 de
2966 1822 3188 1880 inimico
3235 1824 3445 1904 amicus
3488 1822 3628 1888 fieri,
3660 1829 3715 1876 et

421 1937 551 1985 eum
595 1935 808 1991 semper
858 1928 1011 1974 tuum
1063 1916 1287 1988 diligere
1345 1915 1634 1973 adventum
1658 1952 1675 1979 ,
1735 1927 1899 1983 quam
1959 1920 2022 1971 ut

420 2012 506 2067 vel
532 1992 783 2065 una'vice
807 2009 1011 2063 tamdiu
1059 2022 1185 2064 cum
1233 2006 1329 2063 illo
1372 2019 1616 2071 maneas,
1648 2003 1735 2062 vel
1761 2005 1923 2061 toties
1950 2004 2021 2064 ad

421 2115 545 2157 eum
580 2100 987 2167 vmlss,qdonec
1014 2104 1069 2155 te
1112 2098 1299 2155 videre
1341 2095 1664 2155 fastidistet
1688 2108 1759 2154 ne
1802 2096 2015 2163 redeas,

417 2196 646 2265 quaerat.
773 2197 776 2201 '

487 2283 629 2342 Dens
648 2284 913 2355 putrida,
939 2292 987 2339 et
1006 2300 1094 2354 pes
1118 2282 1307 2350 lessus,
1323 2283 1413 2355 qui
1432 2290 1607 2353 sperat
1632 2299 1790 2354 super
1813 2281 2019 2353 inﬁdeli

422 2377 481 2429 in
500 2374 586 2429 die
631 2378 908 2446 angustia,
938 2383 988 2430 et
1013 2376 1209 2433 amittit
1232 2374 1454 2443 pallium
1479 2376 1537 2429 in
1556 2375 1642 2430 die
1679 2375 1913 2445 frigoris.
1950 2375 2020 2433 Et

420 2458 686 2524 Jeremias
713 2469 793 2524 ait
816 2486 832 2521 :
862 2467 1177 2523 Malcdictus
1197 2468 1288 2540 qui
1330 2485 1473 2539 spent
1495 2485 1647 2523 suam
1668 2469 1814 2539 ponit
1837 2469 1896 2523 in
1917 2468 2017 2524 lto-

419 2561 580 2626 tnine,
601 2569 649 2615 et
672 2560 821 2628 ponit
844 2576 1054 2615 carnem
1079 2560 1353 2616 brachium
1371 2576 1547 2615 suum.
1569 2560 1671 2627 Qui
1698 2567 1847 2616 recte
1867 2562 2017 2617 deuti

418 2651 637 2722 putrida
664 2658 719 2705 et
748 2652 871 2721 pedi
896 2650 1041 2707 lasso
1070 2659 1438 2722 comparatur,
1464 2651 1592 2721 quia
1623 2651 1713 2722 qui
1747 2651 1877 2709 illud
1897 2651 2019 2708 uni«

420 2756 544 2798 cum
573 2742 809 2798 hominis
830 2732 1187 2811 bonum,'hoc
1212 2752 1316 2811 est,
1343 2744 1623 2803 adherere
1648 2745 1781 2812 Deo,
1814 2760 2019 2817 ponere

420 2835 475 2891 in
503 2836 732 2892 Domino
750 2833 864 2892 Deo
892 2852 1041 2908 spem
1064 2851 1221 2893 suam
1263 2839 1460 2902 nescit,
1486 2839 1588 2897 iste
1623 2853 1723 2893 nec
1749 2838 1875 2894 vita
1900 2852 2018 2907 pars

420 2927 602 2996 ciperc
626 2928 827 2993 cibum,
857 2942 959 2983 nec
985 2928 1054 2983 ad
1091 2930 1432 2985 mansionem
1477 2938 1656 3000 potest
1696 2931 2018 2987 desiderata

421 3016 615 3074 salutis
638 3020 966 3089 pertingere,
998 3026 1052 3075 et
1080 3019 1206 3074 talis
1236 3020 1438 3081 amittit
1464 3022 1684 3092 pallium
1721 3024 1776 3077 in
1815 3023 1903 3078 die
1927 3023 2021 3077 iri-

2121 1932 2245 1977 eum
2267 1933 2429 1989 quem
2457 1913 2656 1987 injuste
2674 1910 2889 1983 oderat,
2920 1918 3068 1990 juste
3090 1915 3376 1971 redamare
3402 1914 3642 1984 incipiat.

2199 2012 2395 2069 Ventus
2418 2011 2593 2084 aquilo
2622 2012 2840 2082 dissipat
2871 2010 3096 2082 pluuias,
3127 2017 3176 2063 et
3206 2006 3368 2079 facies
3412 2008 3578 2061 tristis
3615 2005 3718 2061 lin-

2119 2118 2277 2177 guam
2309 2104 2689 2159 detrahentem.
2752 2101 2810 2157 Si
2859 2100 3022 2157 hilari
3074 2100 3227 2155 vultu
3258 2099 3497 2154 audieris
3538 2099 3718 2153 detra-

2120 2197 2361 2260 hentem,
2411 2203 2470 2251 tu
2514 2194 2593 2249 illi
2640 2194 2739 2250 das
2785 2192 3030 2271 fomitem
3077 2190 3440 2273 detrahendi;
3496 2190 3542 2246 si
3587 2205 3717 2249 vero

2118 2291 2261 2346 tristi
2320 2289 2466 2344 vultu
2497 2288 2614 2344 base
2660 2285 2863 2352 audias,
2916 2286 2977 2342 tit
3020 2285 3158 2341 dixit
3202 2285 3421 2356 quidam
3468 2284 3554 2339 vir
3598 2282 3715 2349 Dei,

2121 2381 2281 2437 discit
2326 2394 2431 2436 non
2477 2380 2709 2436 libenter
2743 2379 2963 2447 dicere,
3014 2377 3161 2450 quod
3205 2377 3457 2434 didicerit
3509 2390 3618 2433 non
3645 2374 3715 2432 b-

2119 2473 2315 2529 benter
2344 2472 2538 2527 audiri.
3155 2478 3159 2482 ‘

2195 2559 2388 2618 Helius
2428 2572 2503 2618 est
2536 2563 2716 2618 sedere
2764 2560 2819 2616 in
2872 2560 3066 2633 angulo
3116 2560 3345 2615 domatis
3397 2574 3554 2631 quam
3598 2572 3717 2615 eum

2120 2653 2338 2709 muliere
2382 2652 2608 2725 litigiosa
2637 2654 2693 2708 in
2741 2654 2896 2709 domo
2925 2654 3206 2708 communi.
3256 2651 3499 2707 Damalis
3539 2659 3597 2707 et
3617 2664 3716 2707 ex-

2121 2742 2301 2800 celsus
2321 2751 2376 2800 et
2405 2752 2648 2800 secretus
2675 2752 2759 2800 est
2788 2744 2958 2811 locus,
2985 2744 3128 2815 quod
3157 2743 3301 2800 enim
3326 2744 3485 2800 doma
3506 2742 3717 2811 Graece,

2120 2838 2311 2893 Latine
2360 2838 2558 2893 dicitur
2580 2846 2807 2905 tectum,
2848 2838 3082 2907 denique
3128 2837 3184 2892 in
3234 2835 3464 2893 Actibus
3506 2843 3719 2907 aposto-

2119 2928 2293 2984 lorum
2324 2926 2415 2982 ubi
2446 2927 2640 2983 Petrus
2662 2928 2718 2982 in
2743 2929 3024 2998 superiora
3053 2928 3121 2982 ad
3149 2928 3417 2983 orandum
3448 2927 3715 2993 ascendit,

2119 3034 2220 3092 pro
2240 3020 2616 3092 superioribus
2635 3021 2688 3075 in
2712 3019 2904 3076 Graeco
2928 3020 3085 3075 doma
3109 3020 3370 3091 scriptum
3392 3028 3492 3082 est,
3523 3018 3722 3074 melius

425 3108 594 3179 geris,
616 3108 745 3179 quia
787 3109 889 3163 etsi
920 3110 974 3163 in
1025 3112 1320 3167 serenitate
1366 3112 1492 3167 vitae
1519 3114 1803 3182 praesentis
1830 3112 2015 3175 habitu
2046 3162 2089 3186 η
2122 3120 2206 3170 est
2248 3126 2383 3186 ergo
2408 3114 2465 3169 in
2521 3112 2805 3169 aiti'udine
2849 3114 3112 3169 virtutum
3144 3126 3365 3169 manere
3409 3114 3717 3183 quempiam

424 3162 703 3268 ἷοιιειοιῖιο
732 3200 947 3255 videtur
970 3200 1211 3267 indutus,
1255 3202 1345 3258 ubi
1376 3162 1556 3259 tame;
1599 3205 1869 3261 districtio
1885 3162 2017 3275 justi
2044 3162 2093 3237 ο
2126 3162 2356 3261 liberum
2383 3221 2413 3260 a
2440 3205 2672 3261 vinculis
2696 3205 2935 3271 uxoreis,
2979 3213 3035 3261 et
3056 3219 3087 3259 ει
3121 3202 3304 3261 saeculi
3339 3162 3502 3275 huius
3541 3162 3721 3259 scere.

417 3288 611 3361 judicii
642 3292 907 3362 ingruerit
933 3294 1111 3349 nudus
1138 3296 1464 3351 omnimodis
1485 3298 1554 3353 ab
1578 3306 1770 3353 ornatu
1796 3299 2021 3369 justitite

421 3381 656 3453 parebit,
687 3396 791 3437 nec
813 3398 1001 3455 eorum
1028 3388 1307 3451 consortio
1332 3389 1546 3459 dignus,
1578 3391 1644 3445 de
1671 3389 1870 3461 quibus
1893 3392 2022 3447 scri-

424 3482 575 3545 ptum
602 3484 725 3527 est:
769 3473 967 3529 Beatus
994 3478 1085 3548 qui
1131 3478 1309 3548 uigilat
1350 3489 1402 3533 et
1444 3480 1671 3536 custodit
1714 3484 2020 3539 restituente

425 3576 547 3633 sua,
583 3572 646 3621 ita
690 3570 867 3627 sudus
907 3569 1136 3625 ambulet
1162 3581 1213 3626 et
1254 3572 1461 3629 uideant
1502 3577 1880 3648 turpitudinem
1902 3576 2018 3649 ejus

427 3656 613 3728 (ιροε.
634 3660 769 3729 xui

434 3782 440 3789 -
500 3747 718 3803 Acetum
747 3751 805 3805 is
824 3752 986 3819 ultro,
1020 3754 1111 3824 qut
1132 3761 1310 3809 cantat
1332 3757 1570 3815 carmina
1591 3758 1737 3814 cordi
1770 3760 2016 3831 pessimo.

427 3838 640 3896 Nltrum
662 3856 693 3895 a
721 3841 897 3898 Nitria
920 3844 1224 3914 provincia,
1269 3846 1373 3913 ubi.
1404 3848 1642 3906 maxime
1685 3853 1837 3908 nasci
1860 3852 2019 3920 solet,

424 3944 623 3987 nomen
647 3924 869 4002 awipit,
893 3948 992 3990 nec
1016 3934 1243 3993 multum
1262 3951 1295 3992 a
1317 3937 1449 3994 salis
1472 3939 1811 3999 Ammoniaei
1834 3942 2019 4013 specie

428 4023 613 4080 distat.
640 4024 775 4082 Nam
801 4028 942 4083 sicut
973 4028 1143 4084 salem
1172 4028 1231 4087 in
1264 4030 1450 4087 littore
1476 4034 1647 4089 maris
1675 4033 1860 4091 fervor
1884 4050 2016 4091 com

427 4114 543 4174 ilcit
585 4120 736 4187 solis,-
770 4121 1016 4177 durando
1061 4123 1116 4177 in
1146 4132 1359 4194 petram
1400 4138 1573 4195 aquas
1616 4126 1856 4182 marinas
1884 4143 2022 4197 quas

428 4212 606 4283 major
634 4214 719 4268 vis
738 4224 1044 4281 ventorum,
1072 4215 1155 4271 vei
1202 4218 1371 4287 ipsius
1410 4220 1577 4274 mris
1613 4219 1818 4287 fervor,
1848 4222 1904 4277 in
1933 4221 2023 4280 lito

429 4312 549 4358 tera
581 4304 841 4359 ulteriora
886 4307 1222 4376 proiecerit;
1263 4309 1338 4363 ita
1389 4310 1442 4369 in
1472 4310 1668 4378 Nitria,
1695 4314 1788 4367 ubi
1828 4321 2020 4370 assuta

431 4393 625 4464 pluviae
652 4394 972 4463 prolixiores
1018 4398 1263 4453 tellurem
1294 4399 1607 4466 infundunt,
1652 4404 1834 4459 adurit
1857 4406 2022 4461 ardor

430 4481 624 4537 sideris
640 4488 840 4550 tantus,
855 4487 946 4556 qui
964 4486 1112 4557 ipsas
1122 4498 1290 4557 aquas
1303 4490 1564 4561 pluviales
1573 4507 1672 4562 per
1685 4494 1776 4549 lati
1784 4494 2019 4550 tudinem

433 4587 723 4629 arenarum
753 4585 1057 4647 concoquat
1093 4579 1148 4633 in
1168 4588 1402 4650 petram,
1430 4582 1528 4637 sail
1554 4584 1774 4653 quidem
1799 4586 1882 4641 vel
1903 4584 2017 4656 gla-

432 4666 537 4722 ciei
565 4676 789 4738 aspectu
820 4670 1178 4740 simillimam,
1228 4675 1325 4730 sed
1364 4675 1441 4733 nil
1485 4677 1647 4747 gelidi
1698 4680 1911 4751 rigoris,
1941 4682 2037 4736 nii'

430 4758 548 4815 falsi
573 4763 781 4832 saporis
809 4763 1138 4830 habentem;
1172 4781 1291 4836 quae
1334 4775 1533 4833 tamen,
1566 4770 1721 4840 juxta
1767 4780 2015 4827 naturam

431 4851 560 4909 salis
604 4855 657 4908 in
688 4862 935 4910 caumate
964 4856 1183 4922 durare,
1231 4865 1288 4911 at
1338 4858 1391 4913 in
1421 4860 1671 4917 nubiloso
1699 4872 1825 4917 sere
1854 4862 2019 4919 liuere

432 4956 496 4997 sc
526 4943 791 5013 liqueﬁeri
817 4944 989 5000 solet:
1024 4946 1161 5002 hanc
1188 4947 1452 5019 indigena:
1474 4960 1750 5008 sumentes
1779 4946 2014 5019 servant,

430 5042 487 5089 et
523 5034 615 5088 ubi
660 5050 794 5104 opus
840 5038 1115 5094 exstiterit
1158 5055 1259 5110 pro
1297 5042 1546 5112 jumento
1593 5052 1837 5100 utuntur.
1871 5045 2023 5103 Unde

432 5121 616 5181 Judeze
644 5128 892 5195 peccauit
916 5128 1047 5184 dicit
1071 5133 1333 5201 propheta
1361 5151 1375 5188 :
1404 5132 1464 5188 Si
1502 5134 1693 5189 laveris
1722 5147 1772 5190 te
1792 5138 1950 5203 nitro,
1973 5146 2022 5193 et

433 5218 862 5289 multiplicaveris
912 5222 1006 5276 tibi
1054 5224 1269 5280 herbam
1316 5228 1511 5293 boritlt,
1564 5227 1832 5283 maculata
1880 5242 1937 5285 es
1964 5232 2022 5286 in

433 5311 709 5381 iniquitate
752 5323 867 5381 tua,
911 5317 1038 5372 dicit
1068 5317 1327 5375 Dominus
1356 5320 1517 5374 Deus.
1556 5319 1799 5390 Crepitet
1837 5330 2019 5380 autem

432 5401 490 5458 in
525 5417 665 5476 aqua
694 5400 961 5476 quomodo
985 5406 1104 5464 ealx
1126 5411 1272 5474 viva,
1301 5416 1358 5464 et
1383 5410 1498 5480 ipsa
1519 5411 1737 5480 quidem
1759 5413 2018 5484 disperit;

434 5494 529 5549 sed
557 5510 748 5564 aquam
800 5498 1056 5556 lavationi
1110 5500 1342 5556 habilem
1394 5502 1589 5559 reddit.
1625 5504 1791 5577 Cujus
1825 5515 2018 5563 natura

433 5586 518 5643 cui
546 5586 618 5642 sit
644 5598 767 5659 apta
790 5590 974 5663 figurae
1004 5606 1234 5649 cernens
1276 5593 1552 5664 SalomOn,
1580 5600 1694 5654 sit:
1726 5601 1939 5656 Acetum
1964 5602 2020 5658 in

434 5680 591 5743 nitro,
615 5690 665 5736 et
691 5683 781 5755 qui
826 5692 1005 5740 cantat
1035 5685 1270 5741 carmina
1311 5689 1457 5745 cordi
1487 5692 1755 5761 pessimo;
1805 5703 2017 5752 acetum

435 5772 631 5851 quippe
658 5772 709 5833 si
744 5774 995 5834 mittatur
1018 5776 1075 5835 in
1102 5776 1324 5849 uitrum,
1356 5778 1614 5844 fervescit
1650 5784 1854 5847 uitrum
1890 5800 2020 5867 pro-

2121 3302 2236 3353 tum
2268 3296 2573 3362 desideriis,
2625 3310 2788 3367 quam
2840 3310 2963 3352 cum
2992 3297 3228 3351 carnalis
3280 3311 3379 3352 usu
3427 3295 3721 3366 voluptatis

2086 3400 2089 3405 '
2122 3387 2451 3459 quotidiauis
2476 3387 2695 3443 nefariae
2722 3388 2965 3443 mulieris
2987 3387 3331 3443 contumeliis
3359 3387 3520 3443 aﬂici.

2191 3480 2342 3552 Aqua
2385 3479 2579 3550 [rigida
2622 3481 2813 3534 animo:
2862 3480 3079 3547 sitienti,
3118 3489 3167 3535 et
3198 3480 3414 3535 nuntius
3455 3480 3617 3535 bonus
3646 3479 3714 3535 de

2121 3576 2263 3627 terra
2291 3570 2595 3642 longinqua.
2626 3571 2767 3626 Dicit
2788 3570 3122 3625 Psalmists:
3166 3570 3319 3626 Sicut
3364 3586 3543 3626 cereus
3580 3569 3719 3625 desi-

2121 3662 2272 3716 derat
2295 3661 2364 3715 ad
2404 3662 2573 3732 fontes
2603 3676 2881 3733 aquarum,
2905 3662 2981 3715 ita
3011 3661 3274 3716 desiderat
3295 3662 3474 3716 opirna
3509 3677 3623 3716 mea
3647 3662 3717 3716 ad

2120 3761 2188 3817 te,
2218 3753 2380 3808 Beas.
2430 3753 2581 3823 Aqua
2620 3764 2750 3823 ergo
2797 3746 2992 3821 {rigida
3021 3764 3155 3823 qua.
3194 3751 3429 3807 sitientis
3468 3752 3716 3813 ardorem

2124 3841 2438 3913 restringat,
2488 3850 2544 3899 et
2595 3843 2816 3899 rmntlus
2853 3844 2945 3913 qui
2993 3844 3061 3899 de
3108 3843 3267 3915 longe
3310 3844 3536 3900 veniens
3578 3858 3718 3905 nova

2120 3934 2379 4005 quaslibet
2411 3943 2468 3990 et
2516 3934 2791 4004 inopinata
2849 3933 3042 4005 gaudia
3094 3942 3274 4005 portet
3328 3934 3714 3993 assimilsntur.

2122 4024 2260 4092 Quia
2288 4033 2345 4083 et
2368 4026 2598 4081 dulcedo
2632 4021 2828 4083 divinat
2852 4024 3077 4082 visionis
3110 4027 3344 4082 animam
3390 4026 3480 4082 diu
3511 4025 3719 4085 deside-

2122 4127 2337 4175 rantem
2360 4119 2690 4185 consolatur,
2720 4127 2885 4189 atque
2904 4120 2973 4176 ab
3000 4126 3137 4175 aestu
3160 4116 3510 4191 praemium
3544 4119 3719 4176 tribu—

2122 4212 2388 4268 lationum
2436 4213 2662 4268 liberam
2687 4210 2887 4279 reddit,
2913 4223 2967 4270 et
2995 4213 3170 4286 ngeil
3209 4214 3451 4283 quotidie
3480 4213 3546 4269 de
3568 4221 3714 4269 terra

2121 4303 2435 4377 longinqua,
2469 4306 2572 4362 hoc
2611 4314 2716 4373 est,
2746 4308 2813 4363 de
2845 4321 3080 4378 superna
3110 4304 3283 4378 patria
3324 4308 3719 4364 descendentes

2121 4399 2178 4455 in
2223 4394 2506 4465 mundum,
2540 4394 2716 4471 justus
2759 4401 2845 4455 vel
2893 4402 3037 4459 inter
3066 4404 3391 4459 tentatlones
3427 4412 3521 4473 spe
3555 4402 3716 4459 etsie-

2126 4493 2289 4546 stium
2318 4492 2575 4548 roborant
2602 4487 2688 4549 vel
2732 4494 2899 4550 [initis
2925 4496 3285 4551 tentationum
3328 4495 3717 4552 certaminibus

2123 4586 2192 4642 ad
2218 4585 2451 4657 palmam
2477 4594 2751 4655 perpetuae
2782 4587 3152 4647 retributionis
3181 4588 3462 4645 inducunt.

2195 4674 2344 4731 Fons
2368 4675 2609 4733 turbatus
2634 4677 2784 4746 pede,
2816 4687 2864 4733 et
2882 4694 3013 4733 uena
3040 4687 3307 4749 corrupta,
3324 4679 3504 4748 justus
3525 4677 3714 4733 cedens

2124 4784 2303 4822 eorum
2324 4768 2505 4837 impio.
2528 4767 2674 4825 Fons
2701 4778 2758 4826 et
2786 4784 2921 4824 vena
2944 4770 3069 4827 vine
3094 4778 3176 4828 est
3202 4786 3266 4827 os
3287 4781 3342 4826 et
3360 4771 3541 4839 lingua
3561 4768 3714 4837 justi,

2125 4860 2218 4930 qui
2247 4861 2598 4916 meditabitur
2626 4863 2948 4933 sapientiam
2983 4873 3037 4919 et
3073 4864 3320 4934 loquetur
3354 4863 3636 4935 judicium,
3660 4871 3719 4920 et
3820 4932 3841 4943 α

2125 4952 2173 5006 si
2210 4952 2412 5008 hunca
2439 4953 2657 5008 diabolo
2710 4955 2955 5023 superari
3001 4963 3163 5024 atque
3207 4956 3261 5011 in
3313 4968 3498 5011 casum
3543 4953 3716 5026 redigi

2127 5044 2437 5116 contigerit,
2476 5046 2671 5100 merito
2714 5045 2835 5102 fons
2868 5032 3131 5103 turbatus.
3159 5046 3468 5121 adversario
3493 5044 3715 5102 concul-

2125 5142 2285 5190 cante
2326 5143 2383 5189 et
2425 5146 2562 5189 vena
2608 5136 2807 5192 dicitur
2850 5152 2973 5193 esse
3021 5147 3297 5208 corrupta.
3332 5136 3522 5192 Evenit
3568 5136 3715 5193 enim

2124 5241 2287 5297 saepe,
2330 5234 2393 5282 ut
2437 5227 2532 5297 qui
2564 5227 2759 5298 majori
2789 5230 3018 5286 scientia
3067 5229 3276 5299 prtediti
3323 5227 3618 5299 fulgebant,
3647 5226 3714 5282 ad

2124 5321 2372 5381 ultimum
2404 5322 2525 5392 plus
2556 5322 2801 5377 volentes
2830 5336 3046 5393 sapere,
3076 5336 3238 5391 quam
3284 5319 3562 5391 fragilitati
3616 5320 3715 5374 bu-

2128 5428 2303 5469 mente
2325 5428 2643 5471 concessum
2671 5423 2774 5481 est,
2817 5415 2873 5470 in
2913 5415 3235 5485 insipientia;
3264 5413 3473 5470 foveam
3496 5412 3711 5467 decide-

2128 5513 2269 5571 rent,
2294 5507 2436 5563 unde
2456 5516 2852 5578 consequenter
2878 5506 3190 5578 adiungitur
3219 5521 3235 5560 :

2197 5597 2347 5656 Sicut
2368 5604 2458 5671 qui
2483 5602 2581 5656 mel
2612 5600 2834 5655 comedit
2861 5598 3103 5665 nutritum,
3151 5612 3257 5652 non
3283 5608 3358 5651 est
3398 5596 3446 5651 ei
3479 5595 3711 5657 bonum;

2125 5694 2201 5750 sic
2227 5694 2317 5765 qui
2356 5701 2619 5748 scrutator
2640 5700 2716 5747 est
2754 5691 3065 5762 majestatis,
3111 5691 3432 5762 opprimetur
3458 5706 3492 5743 a
3521 5687 3709 5759 gloria.

2126 5785 2366 5851 Deiectio
2403 5784 2549 5847 enim
2594 5775 2774 5845 mellis
2812 5783 2859 5843 si
2902 5783 3191 5871 plusquam
3235 5794 3457 5844 necesse
3486 5791 3593 5851 eet.
3620 5795 3716 5843 eu-
