4100 6324
349 354 455 416 765

1134 350 1498 410 EXPOSITIO
1535 349 1603 407 ut
1638 347 2030 422 movimus
2069 347 2480 410 SALOMONIS.
2519 377 2591 398 -—
2626 314 2751 414 ιξω.
2789 358 2877 417 1n.

3527 366 3630 422 ται

345 477 537 542 mitur,
558 439 960 528 unde‘delectat
986 485 1050 527 os
1099 471 1223 526 inde
1253 472 1360 526 vita
1409 471 1745 528 comedenti’s
1781 481 1936 526 neca-
1959 470 2016 532 Λ
2038 470 2197 526 ciuis
2222 473 2271 526 ei.
2288 474 2498 530 similis.
2518 452 2790 540 Responde
2805 480 2968 535 stulto
2977 483 3142 552 juxta
3157 481 3434 539 stultitiam
3453 501 3626 553 suam,

347 578 460 633 tur,
489 552 664 621 dulcis
687 565 887 633 quippe
915 570 1000 618 est
1042 562 1326 632 requisitio
1367 561 1689 631 maiestatis,
1716 563 1809 617 sed
1843 561 1938 630 qui

343 658 467 729 plus
489 657 631 712 hanc
664 653 896 709 scrutari
927 651 1149 723 appetit,
1173 658 1338 722 quam
1361 653 1710 708 humanitatis
1736 652 1939 722 agnitio

344 749 634 819 permittit,
650 747 764 816 ipsa
793 746 935 800 hunc
953 743 1069 812 ejus
1089 744 1260 814 gloria
1275 744 1472 814 premit
1491 767 1504 797 .
1522 744 1648 813 quia
1671 743 1816 799 velut
1835 742 1938 798 mel

346 849 619 913 sumptum
647 841 998 896 immoderate
1020 843 1415 910 perscrutantis
1438 857 1657 896 sensum
1677 841 1804 896 dum
1831 856 1939 896 nox

347 936 558 1005 capitur
586 934 801 1003 rumpit.
829 932 946 986 Non
966 931 1068 986 hoc
1093 940 1272 987 autem
1291 932 1462 988 solum
1479 933 1705 1004 quisque
1726 932 1939 1002 sapiens

349 1028 627 1082 attendere
664 1028 842 1092 debet,
889 1041 957 1081 ne
985 1027 1176 1081 altiora
1201 1042 1258 1081 se
1285 1037 1514 1096 quaint,
1539 1037 1683 1082 etne
1713 1027 1937 1082 fortiora

348 1131 406 1174 se
464 1127 738 1174 scrutatus
786 1120 876 1186 sit,
941 1130 1131 1173 verum
1179 1120 1344 1174 etiam
1389 1135 1457 1174 ne
1510 1123 1574 1175 ea
1610 1136 1746 1189 iqum
1791 1131 1937 1176 recte

349 1213 550 1269 utiliter
578 1213 718 1269 scire
740 1211 933 1283 potuit,
961 1213 1330 1268 immoderatis
1356 1213 1695 1268 sermonibus
1723 1213 1939 1269 sibimet

347 1311 526 1365 minus
565 1309 717 1362 utilia
765 1306 977 1372 reddat,-
1016 1305 1157 1361 unde
1184 1306 1359 1361 adhuc
1403 1315 1529 1377 apte
1571 1308 1932 1363 subnectitur:

421 1403 569 1459 Sicut
613 1403 735 1456 urbs
782 1412 964 1472 patens
989 1410 1035 1456 et
1081 1402 1272 1471 absque
1317 1409 1590 1454 murorum
1619 1401 1839 1466 antbitu,
1862 1403 1938 1455 ita

309 1534 312 1554 ε
347 1497 424 1552 rir
444 1498 533 1566 qui
564 1511 666 1549 non
694 1499 856 1566 potest
880 1496 932 1548 in
960 1495 1215 1560 loquendo
1238 1495 1473 1548 cohibere
1495 1496 1734 1565 Spiritum
1760 1509 1933 1548 suum.

349 1587 501 1644 Sicut
528 1589 670 1644 enim
704 1604 916 1642 murum
946 1587 1146 1642 silentii
1188 1603 1294 1641 non
1321 1587 1502 1650 habet,
1549 1595 1702 1656 patet
1733 1588 1934 1642 inimici

341 1680 542 1749 jaculis
591 1681 786 1736 civitas
836 1681 1051 1744 mentis,
1110 1685 1164 1734 et
1213 1691 1336 1734 cum
1369 1694 1427 1734 se
1472 1691 1570 1748 per
1596 1681 1759 1735 verba
1785 1688 1940 1734 extra

286 1839 295 1858 ⁸
348 1772 699 1842 scmetipstxm
729 1769 896 1840 ejicit,
926 1779 1168 1842 apertam
1217 1787 1276 1826 se
1328 1771 1638 1825 adversario
1679 1771 1936 1837 ostendit,

347 1873 511 1934 quam
544 1872 694 1919 tanto
727 1862 815 1919 ille
846 1864 966 1919 sine
993 1862 1176 1918 labore
1220 1867 1460 1932 Superat,
1503 1869 1708 1933 quanto
1736 1869 1791 1917 et
1820 1862 1934 1932 ipsa

347 1965 471 2026 quae
496 1954 732 2012 vincitur
781 1963 970 2012 contra
1021 1947 1370 2026 Semetlpsam
1413 1963 1510 2026 per
1538 1954 1934 2025 mollitaquium

345 2048 569 2117 pugnat.

923 2147 1152 2215 CAPUT
1186 2149 1379 2215 XXVI.

422 2251 693 2320 Quomodo
722 2252 813 2306 nix
843 2252 898 2306 in
925 2259 1104 2306 testate
1138 2259 1184 2306 et
1221 2244 1407 2320 plurim
1437 2249 1493 2305 in
1533 2259 1719 2315 messe.
1754 2251 1829 2304 sic
1854 2241 1936 2303 in-

347 2345 535 2402 decens
557 2353 630 2400 est
661 2345 818 2402 stulto
842 2343 1029 2415 gloria.
1062 2336 1130 2398 Et
1156 2335 1244 2400 hic
1272 2342 1572 2397 versiculus
1601 2355 1668 2397 ne
1709 2337 1937 2397 indoctis

346 2438 523 2492 honor
554 2425 781 2492 docendi
812 2427 1184 2490 committatur
1217 2437 1535 2504 praemonet,
1580 2427 1672 2487 nix
1704 2439 1937 2501 namque

347 2531 558 2595 aestate,
587 2531 640 2583 et
684 2525 879 2598 pluvia:
909 2527 1036 2581 sunt
1082 2526 1136 2580 in
1186 2531 1362 2580 inesse
1385 2517 1791 2595 persecutiones
1821 2521 1938 2578 inli-

348 2621 570 2687 delium,
615 2621 669 2675 in
695 2631 940 2690 tempore
983 2619 1383 2689 prmdicationis
1425 2610 1782 2689 Evangelicae,
1820 2626 1938 2689 quae

350 2721 475 2768 dum
503 2713 781 2784 graviores
830 2710 967 2766 forte
1015 2701 1272 2767 insistunt
1319 2719 1373 2766 et
1403 2710 1636 2766 c’alorem
1668 2705 1720 2765 in
1755 2711 1941 2766 multis

349 2801 651 2872 impediunt
697 2797 1020 2867 dilectionis,
1080 2809 1136 2855 et
1189 2800 1370 2872 fruges
1418 2799 1556 2856 bene
1607 2794 1940 2872 operationis

349 2887 574 2948 fmdant.
606 2883 811 2960 Quibus
856 2890 1001 2947 recte
1050 2885 1238 2966 gloria,
1286 2898 1405 2964 qua:
1454 2893 1618 2971 stulto
1643 2893 1937 2962 confertur,

351 2987 472 3036 esse
519 2977 710 3036 similis
741 2988 1108 3048 asseveratur,
1147 2977 1272 3053 quia
1317 2979 1362 3038 si
1416 2983 1630 3038 indocto
1679 2985 1938 3039 eathedra

351 3061 572 3127 docendi
603 3073 858 3127 tribuitur
904 3085 1057 3143 teque
1095 3081 1195 3144 per
1239 3071 1343 3131 hoc
1371 3071 1611 3131 Ecclesia
1637 3080 1697 3130 ut
1746 3077 1938 3133 inﬁde-

2044 579 2107 617 ac
2127 564 2228 617 sibi
2253 567 2461 636 sapiens
2487 584 2600 623 csse
2622 571 2880 651 uitiantur.-
2919 572 3040 628 Non
3085 575 3200 629 haec
3226 575 3459 631 invicem
3500 579 3630 634 sibi-

2042 665 2154 714 met
2183 662 2456 716 contraria
2483 665 2686 721 debent
2723 666 2916 733 videri,
2947 683 3056 722 non
3100 671 3426 736 respondere
3467 670 3634 726 stulto

2035 749 2195 820 juxta
2223 753 2507 810 stultitiam
2533 756 2674 826 eius,
2702 766 2756 813 et
2786 761 3115 829 respondere
3138 761 3306 814 stulto
3327 762 3480 832 juxta
3505 763 3633 817 stul-

2041 844 2216 899 titiam
2243 845 2381 916 ejus,
2429 857 2722 922 utrumque
2749 854 2894 907 enim
2934 861 3034 924 pro
3079 862 3380 924 temporum
3410 859 3466 909 et
3509 870 3632 925 per-

2041 945 2297 996 sonarum
2321 943 2636 1001 diversitate
2662 948 2976 1012 concordat,
3009 948 3136 1003 dum
3185 956 3241 1002 et
3279 946 3474 1002 stultus
3502 961 3630 1001 con-

2040 1031 2319 1098 temnitur,
2353 1034 2478 1097 quia
2518 1050 2626 1091 non
2652 1039 2844 1108 recipit
2871 1039 3214 1106 sapientiam,
3241 1047 3295 1092 et
3335 1038 3502 1092 stulta
3538 1051 3629 1092 su-

2036 1125 2224 1190 perbia
2247 1127 2356 1180 alia
2393 1128 2670 1184 decutitur
2710 1130 2958 1195 stultitia,
3001 1129 3156 1198 juxta
3205 1131 3345 1198 quod
3377 1117 3437 1184 ‘et
3481 1127 3632 1200 Apo-

2038 1219 2210 1274 stolus
2237 1219 2406 1274 dicit:
2456 1218 2660 1274 Factus
2701 1233 2819 1275 sum
2861 1222 3130 1292 insipiens,
3169 1235 3253 1274 vos
3283 1235 3364 1274 me
3394 1220 3631 1290 cosgiuis

2040 1313 2128 1388 (ΙΙ
2149 1314 2274 1370 Cor.
2299 1317 2420 1386 xit).

2109 1406 2344 1460 Glauctas
2379 1407 2613 1477 pedibus,
2661 1417 2710 1462 at
2749 1405 3076 1479 iniquitatem
3120 1407 3314 1472 bibens,
3346 1406 3436 1477 qui
3472 1407 3632 1460 mittit

2038 1497 2192 1552 verba
2235 1513 2326 1568 per
2367 1499 2606 1552 nuntium
2656 1499 2892 1553 stultum.
2924 1498 3108 1553 Potest
3151 1497 3291 1552 forte
3327 1498 3548 1552 evenire
3572 1506 3634 1551 ut

2041 1589 2259 1658 sapiens
2286 1590 2515 1657 quilibet
2553 1589 2774 1644 stultum
2832 1591 2886 1643 in
2933 1589 3255 1659 legationem
3305 1588 3503 1651 mittat,
3537 1605 3632 1641 ne-

2039 1680 2217 1735 sciens
2249 1681 2374 1749 quia
2425 1681 2622 1736 stultus
2653 1691 2756 1746 est.
2806 1689 2908 1736 nec
2959 1689 3140 1736 tamen
3191 1682 3306 1750 ipse
3356 1679 3632 1749 sapientia

2043 1787 2156 1830 sum
2183 1774 2408 1845 gloriam
2462 1775 2672 1843 perdat,
2710 1775 2764 1828 in
2810 1783 2876 1827 eo
2921 1774 3066 1842 quod
3094 1774 3161 1826 de
3214 1771 3398 1841 ignoto
3431 1773 3630 1826 bonum

1969 1832 2016 1892 Β
2043 1832 2480 1933 ιιυοιῗαιιιιίετεί
2508 1832 2756 1919 credidit.
2796 1832 3034 1919 cuitu-{ms
3065 1871 3148 1918 est
3192 1832 3418 1933 ρέιιίικιε
3443 1871 3498 1916 et
3529 1863 3632 1916 ini-

2038 1956 2300 2025 quitatem
2328 1957 2545 2021 bibens,
2567 1955 2694 2024 quia
2725 1962 2780 2010 et
2806 1956 2988 2024 operis
3034 1954 3160 2009 bo'ni
3202 1953 3336 2008 toris
3360 1953 3631 2007 incessum

2039 2047 2239 2111 amisit,
2303 2055 2359 2102 et
2424 2047 2686 2102 interiora
2744 2047 2829 2102 sui
2889 2052 3082 2102 sensus
3132 2046 3331 2101 haustu
3387 2046 3632 2101 stultitiae

2039 2134 2291 2192 inebriat.

2110 2229 2256 2285 Sicut
2277 2231 2365 2301 qui
2394 2231 2555 2284 mittit
2599 2221 2824 2301 lapidem
2863 2231 2919 2284 in
2966 2239 3204 2285 aderrant
3245 2229 3518 2296 Mercurii,
3553 2229 3631 2284 ita

2036 2324 2126 2393 qui
2152 2322 2351 2376 tribuit
2374 2323 2639 2392 insipienti
2675 2322 2941 2376 honorem.
2971 2322 3070 2389 Qui
3102 2322 3396 2393 insipienti,
3431 2322 3483 2375 id
3521 2327 3628 2390 est,

2039 2417 2298 2472 ht'e‘r'etico
2321 2417 2582 2471 honorem
2610 2413 2838 2471 docendi
2860 2415 3092 2480 confert,-
3118 2425 3224 2469 non
3251 2415 3428 2470 minus
3454 2409 3628 2470 delin-

2040 2509 2174 2577 quit,
2201 2515 2359 2577 quam
2401 2507 2496 2578 qui
2523 2508 2651 2563 deos
2682 2523 2746 2562 ac
2774 2506 2998 2562 delubra
3021 2506 3262 2577 gentiam
3291 2504 3439 2562 cultu
3466 2513 3629 2561 vene-

2039 2603 2194 2654 ratur
2219 2599 2387 2654 inani.

2111 2689 2387 2756 Quomodo
2403 2690 2449 2744 si
2475 2690 2630 2760 spina
2659 2695 2908 2744 noscatur
2947 2691 3006 2745 in
3033 2701 3194 2743 manu
3231 2689 3517 2755 temulenti,
3553 2681 3628 2742 sic

2041 2779 2292 2852 parabola
2333 2781 2388 2833 in
2419 2797 2506 2834 ore
2546 2779 2846 2834 stultorum.
2897 2779 3061 2850 Spina
3089 2780 3144 2832 in
3194 2793 3359 2832 manu
3387 2777 3629 2832 nascitur

2041 2870 2340 2933 temulenti,
2372 2885 2493 2924 cum
2525 2869 2578 2923 in
2621 2866 2876 2940 operibus
2904 2868 3022 2939 ejus
3057 2870 3148 2938 qui
3177 2869 3485 2924 carnalibus
3508 2883 3627 2923 ser-

2039 2962 2120 3016 vit
2144 2961 2412 3017 illecebris
2439 2961 2758 3029 punctiones
2812 2960 3064 3015 oriuntur
3111 2959 3401 3022 scelerum,
3432 2953 3626 3027 quibus

2041 3060 2194 3108 recto
2232 3051 2507 3121 parabola,
2540 3059 2701 3121 quam
2749 3051 2948 3106 stultus
2986 3051 3240 3120 proponit
3272 3049 3621 3104 assimilatur'.

349 3161 477 3218 nam
527 3164 904 3233 persecutione
954 3139 1181 3228 ιζεεηιὶηι,
1223 3166 1364 3235 quod
1418 3173 1540 3221 esse
1592 3163 1935 3221 verissimum
1963 3211 2006 3235 η
2042 3146 2179 3213 Quia
2201 3145 2302 3199 etsi
2323 3144 2487 3200 verba
2516 3143 2816 3214 prudentiae
2839 3141 3238 3235 stultus'dicere
3265 3143 3431 3206 novit,
3462 3143 3517 3196 in
3537 3139 3626 3235 his

348 3247 558 3311 Arianae
597 3258 935 3328 tempestatis
958 3257 1238 3314 calamitas
1267 3259 1536 3329 probavit.

419 3347 565 3405 Sicut
596 3351 704 3405 avis
733 3349 801 3404 ad
855 3349 962 3405 alia
1004 3350 1354 3418 transvolans,
1405 3361 1452 3406 et
1484 3359 1667 3422 passer
1711 3350 1937 3422 quolibet

347 3443 562 3506 vadens,
585 3443 658 3495 sic
685 3441 1012 3496 maledictum
1035 3441 1234 3511 frustra
1261 3444 1521 3514 prolatum
1558 3437 1610 3498 in
1642 3443 1937 3516 quampiam

349 3534 691 3599 superveniet.
723 3524 896 3586 Verba
918 3529 1134 3602 quidem
1157 3537 1299 3589 recte
1323 3527 1511 3589 avibus
1534 3541 1934 3606 comparantur,

349 3624 474 3693 quia
505 3621 744 3678 sanando
793 3639 890 3692 per
934 3639 1060 3678 aera
1103 3626 1435 3680 transvolant
1479 3617 1546 3680 alii
1567 3639 1662 3681 ore
1691 3621 1941 3682 videlicet

349 3717 622 3786 loquentis
647 3717 712 3772 ad
741 3733 900 3772 aures
921 3732 1091 3786 usque
1110 3718 1398 3783 audientis,
1427 3718 1522 3773 sed
1551 3717 1754 3774 distant
1779 3721 1829 3774 in
1852 3735 1936 3786 eo,

353 3807 478 3882 quia
507 3813 687 3879 potest
719 3805 858 3875 fieri,
883 3817 941 3863 ut
965 3810 1079 3864 avis
1102 3809 1344 3879 quolibet
1367 3809 1554 3866 volans
1583 3826 1648 3866 eo
1677 3811 1779 3866 loci
1807 3813 1942 3866 resi-

353 3901 498 3966 deat,
536 3895 625 3954 ubi
667 3899 738 3953 nil
779 3897 829 3954 ei
859 3905 1024 3955 certa:
1048 3897 1389 3954 necessitatis
1417 3907 1510 3954 aut
1537 3895 1788 3955 utilitatis
1817 3909 1941 3972 sup-

352 3995 524 4062 petat,
549 3992 711 4046 verba
742 3999 922 4045 autem
966 4003 1086 4060 quin
1137 3991 1411 4062 loquimur
1451 4000 1556 4047 non
1587 3988 1827 4062 quolibet
1854 3993 1937 4046 di-

353 4099 537 4154 spersa
570 4083 622 4138 in
649 4089 868 4138 ventum
902 4080 1148 4139 dillluunt
1193 4090 1354 4154 atque
1380 4093 1730 4150 evanescunt,
1758 4079 1852 4140 sed
1884 4086 1938 4140 in

352 4180 626 4228 auctorem
654 4183 807 4227 suum
838 4181 1032 4229 cuneta
1059 4176 1420 4237 revertuntur,
1450 4181 1504 4230 et
1528 4176 1611 4229 vel
1648 4175 1784 4230 bene
1810 4185 1938 4246 pro-

352 4263 461 4320 lata
487 4264 682 4333 juvant
727 4259 1055 4334 loquentem,
1101 4263 1186 4320 Vel
1230 4263 1370 4320 male
1395 4266 1540 4321 edita
1585 4273 1831 4333 gravant,
1865 4259 1938 4321 ita

353 4363 414 4412 ut
442 4373 538 4427 pro
569 4357 715 4412 omni
747 4357 910 4411 etiam
939 4357 1114 4412 otiuso
1159 4353 1325 4412 verbo
1373 4355 1635 4412 rationem
1663 4358 1717 4412 in
1753 4355 1837 4414 die
1853 4355 1941 4427 ju-

353 4450 476 4505 dicii
509 4451 731 4512 reddere
760 4462 1034 4517 cogamur,
1085 4459 1286 4519 quanto
1337 4458 1518 4506 autem
1566 4451 1736 4522 magis
1773 4451 1939 4506 male-

354 4541 516 4604 dicta,
538 4557 646 4595 non
671 4539 843 4595 solum
868 4554 931 4594 ea
953 4553 1073 4610 qua:
1093 4537 1360 4596 malitiosa
1387 4547 1566 4597 mente
1587 4542 1638 4596 in
1668 4543 1934 4599 insontem

346 4625 678 4700 iaculantur,
708 4640 896 4688 verum
927 4633 1092 4686 etiam
1143 4631 1249 4696 illa,
1305 4645 1423 4702 qua:
1468 4635 1630 4688 stulta
1658 4630 1936 4706 negligen-

353 4719 481 4776 timn
510 4723 897 4777 consuetudine
925 4719 1125 4792 passim
1183 4723 1236 4776 in
1268 4723 1537 4793 quoslibet
1565 4723 1933 4794 proferuntur,

352 4828 458 4865 non
488 4813 650 4867 alium
680 4814 771 4868 sed
807 4814 980 4884 ipsum
1011 4811 1379 4884 [maledicum]
1410 4815 1741 4883 opprimunt,
1767 4829 1941 4884 neque

350 4905 492 4958 enim
545 4903 792 4960 maledici
832 4915 1059 4974 regnum
1090 4899 1185 4960 Dei
1217 4905 1587 4974 possidebunt.
1617 4899 1732 4961 Non
1759 4914 1939 4961 autem

351 4995 468 5050 sine
498 5007 659 5050 causa
687 4987 839 5062 dicit,
874 4995 1219 5050 maledictum
1251 4989 1450 5050 frustra
1481 4995 1767 5066 prolatum,
1814 4996 1940 5066 quia

350 5093 434 5141 est
461 5093 516 5140 et
539 5085 879 5142 maledictum
921 5097 1026 5141 non
1069 5084 1268 5141 frustra
1303 5083 1591 5156 prolatum,
1621 5086 1712 5140 sed
1734 5083 1943 5155 iustitia

351 5173 546 5231 divina:
576 5172 934 5232 districtionis
961 5172 1040 5230 ira
1075 5177 1125 5231 in
1157 5175 1352 5246 impios
1380 5176 1657 5241 emissum,
1690 5181 1747 5229 ut
1768 5177 1856 5231 est
1880 5173 1945 5230 il-

350 5265 444 5321 lud
473 5268 579 5321 divi
625 5268 774 5323 Petri
826 5261 881 5323 in
933 5267 1209 5323 Simonem
1263 5265 1514 5338 Magum:
1571 5265 1804 5321 PeCunia
1851 5275 1941 5321 ma

354 5366 521 5410 tecum
564 5355 629 5411 sit
677 5353 734 5412 in
781 5357 1121 5428 perditionem
1151 5357 1288 5428 (Act.
1332 5355 1471 5429 vm).
1515 5355 1580 5411 Et
1621 5371 1683 5411 ea
1729 5367 1848 5426 quae
1887 5355 1939 5410 in

354 5455 630 5518 apostatas
688 5449 972 5505 haereticos
1042 5449 1422 5504 Ecclesiastica
1475 5449 1940 5504 animadversione

353 5537 706 5612 proferuntur
743 5541 1108 5595 anathemata.
1140 5534 1215 5596 De
1243 5538 1438 5611 quibus
1482 5539 1740 5596 Dominus
1765 5541 1939 5596 eidem

355 5627 611 5690 Ecclesia:
635 5633 764 5689 dicit
788 5643 800 5688 ε
856 5630 1188 5705 Quwcunque
1213 5629 1508 5705 alligaveris
1534 5647 1689 5704 super
1725 5636 1940 5699 terram,

353 5738 508 5790 erunt
537 5723 702 5800 ligata
732 5735 780 5782 et
803 5725 857 5782 in
887 5725 1047 5780 cazlis.

434 5821 516 5893 Ne
542 5821 855 5885 t-csuondm
876 5819 1036 5884 stulto
1051 5821 1213 5904 juxta
1235 5821 1516 5886 stultitiam
1540 5831 1718 5895 suam,
1749 5827 1812 5881 tu
1831 5815 1943 5901 σω-

1963 3211 2008 3274 C
2042 3211 2222 3295 tamen
2249 3239 2504 3293 vitiarum
2517 3211 2874 3308 punctiones,
2906 3236 3100 3304 quibus
3127 3234 3210 3289 vel
3251 3235 3509 3303 seipsum,
3536 3232 3625 3291 vel

2037 3332 2343 3402 proximum
2371 3330 2592 3395 laceret,
2617 3329 2792 3382 vitare
2818 3338 2930 3381 non
2972 3327 3162 3392 novit;
3209 3338 3351 3395 saepe
3389 3338 3623 3394 namque

2040 3422 2228 3483 doctor
2252 3421 2566 3489 imprudens
2599 3419 2653 3473 in
2692 3433 2757 3474 eo
2788 3419 2931 3487 quod
2979 3419 3117 3472 bona
3159 3417 3306 3481 dicit,
3347 3424 3439 3470 aut
3470 3429 3624 3470 suam

2039 3513 2250 3567 occulte
2297 3512 2510 3566 laudem
2558 3513 2628 3566 ab
2675 3510 2984 3566 hominibus
3033 3517 3130 3564 aut
3173 3509 3624 3580 vituperationem

2037 3603 2232 3674 quaerit
2254 3603 2506 3658 aliorum.

2111 3695 2260 3750 Sicut
2307 3696 2455 3749 canis
2495 3695 2586 3764 qui
2625 3695 2900 3748 revertitur
2927 3693 2998 3748 ad
3042 3692 3292 3747 comitum
3330 3704 3503 3752 suum,
3548 3691 3628 3743 sic

2037 3787 2340 3856 imprudens
2357 3786 2448 3856 qui
2489 3787 2643 3840 itcrat
2677 3785 2954 3840 stultitiam
2981 3799 3151 3839 suam.
3182 3782 3344 3840 Canis
3383 3797 3505 3837 cum
3525 3796 3622 3835 vo.

2039 3876 2138 3932 mit
2173 3875 2418 3946 profecto
2458 3876 2642 3931 cibum
2689 3877 2780 3946 qui
2812 3886 3003 3944 peetus
3045 3873 3403 3943 deprimebat,
3446 3870 3620 3938 jec‘it;
3717 3909 3729 3920 .

2036 3970 2134 4024 sed
2167 3980 2289 4024 cum
2314 3968 2384 4022 ad
2412 3969 2674 4024 vomitum
2709 3968 3002 4024 revertitur
3034 3967 3180 4020 unde
3213 3964 3476 4034 levigatus
3510 3960 3626 4016 fue-

2040 4068 2146 4125 rat,
2170 4071 2362 4115 rursus
2395 4066 2676 4125 oneratur,
2709 4069 2765 4113 et
2805 4059 2898 4129 qui
2940 4057 3140 4110 amissa
3185 4055 3474 4126 plangunt,
3500 4067 3627 4123 pro-

2038 4150 2183 4206 fecto
2212 4152 2508 4220 nequitiam
2533 4153 2601 4206 de
2629 4165 2735 4221 qua
2762 4149 2906 4205 male
2929 4148 3109 4204 satiati
3152 4146 3389 4211 lerant,
3425 4154 3478 4200 et
3501 4159 3625 4215 que

2035 4245 2237 4306 mentis
2286 4245 2476 4299 intima
2530 4238 2906 4314 deprimebat,
2960 4240 3267 4296 conﬁtendo
3313 4236 3621 4308 proﬁciunt,

2037 4344 2199 4406 quam
2222 4343 2344 4406 post
2367 4333 2762 4390 confessionem
2782 4333 2909 4389 dum
2939 4338 3201 4403 appetunt
3226 4339 3528 4385 resumam.

2121 4427 2307 4484 Vidisti
2338 4427 2597 4482 hominem
2614 4428 2899 4496 sapientem
2942 4424 3044 4478 sibi
3066 4424 3252 4488 sideri,
3296 4423 3465 4493 magis
3520 4419 3614 4476 illo

2039 4531 2180 4592 spent
2209 4517 2415 4574 habebit
2465 4521 2734 4589 insipiens.
2771 4517 2887 4573 Hoc
2915 4529 3194 4586 exponens
3220 4515 3480 4570 Dominus
3508 4515 3618 4568 ait:

2043 4615 2108 4670 In
2130 4615 2384 4684 iudicium
2421 4625 2516 4682 ego
2540 4613 2593 4665 in
2617 4613 2754 4665 hunc
2782 4611 3037 4664 mundum
3063 4611 3200 4673 ueni,
3224 4618 3280 4661 ut
3301 4609 3389 4678 qui
3415 4622 3517 4662 non
3546 4607 3626 4659 vi-

2044 4706 2168 4758 dent
2217 4705 2447 4768 videant,
2474 4713 2522 4756 et
2546 4703 2634 4772 qui
2669 4701 2842 4754 vident
2867 4702 2990 4754 εωσί
3018 4700 3151 4768 ﬁant
3183 4697 3367 4768 (Joan.
3399 4696 3497 4762 ιχ).
3531 4695 3627 4747 Di—

2043 4797 2113 4850 cit
2133 4797 2278 4865 piger
2304 4807 2321 4846 :
2344 4794 2535 4848 Leana
2557 4794 2612 4846 in
2632 4793 2734 4858 via,
2759 4791 2839 4845 leo
2861 4791 2915 4844 in
2926 4790 3223 4843 itincribus.
3257 4786 3410 4841 Sicut
3433 4785 3623 4839 ostium

2043 4889 2262 4943 vertitur
2292 4887 2345 4940 in
2374 4883 2584 4940 cardine
2621 4899 2742 4950 suo,
2795 4884 2871 4938 ita
2896 4884 3040 4952 piger
3074 4883 3131 4935 in
3169 4879 3300 4934 lecto
3325 4894 3441 4932 suo.
3477 4876 3625 4931 nutu

2047 4989 2170 5037 eum
2193 4979 2417 5035 verbum
2440 4977 2834 5034 exhortationis
2855 4973 3078 5028 audiunt
3100 4977 3396 5026 caueantur
3423 4969 3489 5023 de
3517 4967 3626 5022 dia-

2045 5075 2169 5131 bolo
2187 5117 2200 5140 ,
2225 5074 2484 5134 dicentes,
2518 5068 2652 5126 velle
2671 5071 2888 5140 quidem
2911 5079 2968 5123 se
2987 5067 3130 5120 viam
3145 5063 3371 5133 justitias
3412 5062 3624 5132 incipe-

2045 5181 2125 5232 re,
2153 5169 2247 5222 sed
2276 5165 2525 5238 impediri
2554 5179 2584 5219 a
2613 5164 2834 5227 Satana,
2853 5175 2920 5216 ne
2937 5161 3075 5216 hanc
3105 5158 3369 5229 perﬁcere
3397 5156 3621 5227 possint,

2044 5261 2231 5332 sicque
2273 5257 2579 5330 hujusmodi
2625 5253 2994 5312 excusationis
3036 5249 3380 5307 sermonibus
3411 5259 3624 5318 semper

2045 5357 2100 5411 in
2129 5353 2270 5408 lecto
2297 5352 2379 5407 sui
2418 5349 2654 5421 torporls
2679 5349 2820 5403 sicut
2842 5345 3040 5401 ostium
3067 5345 3121 5398 in
3151 5341 3370 5398 cardine
3408 5347 3629 5394 vertant-

2048 5457 2160 5512 tur,
2175 5453 2229 5500 et
2255 5441 2415 5500 modo
2439 5445 2588 5498 exire
2610 5442 2679 5496 ad
2700 5439 3054 5511 operandam,
3070 5437 3228 5492 modo
3252 5436 3316 5489 ad
3339 5434 3626 5504 quiescen-

2050 5539 2175 5596 dum
2206 5538 2382 5595 redire
2406 5541 2789 5609 pmponentes,
2827 5535 2881 5589 in
2907 5533 3024 5589 Suis
3049 5532 3232 5604 jacere
3271 5528 3628 5600 pravitatibus

2050 5645 2325 5700 nunquam
2368 5629 2651 5684 desistunt.

2123 5722 2424 5794 Sapientior
2444 5720 2540 5775 sibi
2592 5720 2737 5790 piger
2769 5717 2976 5773 vidstur
3003 5725 3194 5788 septem
3219 5713 3344 5768 viris
3367 5711 3628 5782 loquenti-

2051 5805 2148 5880 bus
2166 5814 2468 5880 tentatum.
2509 5807 2732 5892 Septem
2754 5807 2908 5870 viros
2933 5807 3220 5886 loquentes
3239 5801 3547 5866 sententias
3564 5800 3632 5866 it-
