4100 6324
471 365 576 421 767

1121 356 1181 414 Β.
1229 313 1483 414 ΒΑΒΑΝΙ
1520 354 1740 410 MAURI
1781 352 2102 410 ‘ARCHIEP.
2145 350 2456 409 MOGUNT.
2496 349 2781 406 OPEBUM
2817 348 2998 403 PARS
3033 348 3119 404 Ill.

3635 348 3744 406 768

474 485 556 540 los
607 481 756 547 dicit,
789 478 882 550 qui
905 475 1208 549 septiformi
1231 476 1454 545 spiritus
1493 475 1666 544 gratia
1698 473 1840 543 pleni
1888 485 2059 527 sacrae
2085 472 2138 532 Α
2165 472 2240 525 cit
2313 470 2595 534 illicitum,
2659 478 2718 524 ut
2779 477 2864 523 est
2929 483 3080 523 amor
3140 467 3475 524 adulterinus
3528 471 3619 539 qui
3672 472 3744 526 oh

475 572 770 639 Scriptura:
791 568 944 624 nobis
967 567 1252 622 scientiam
1286 565 1747 627 ministraverunt,
1776 561 1972 632 quibus
1997 575 2058 616 se

476 665 859 736 sapientiorem
888 660 1090 716 stultus
1117 659 1438 723 arbitratur,
1485 658 1614 728 quia
1643 670 1785 727 saepe
1809 655 2053 710 nonnulli

474 755 611 812 adeo
633 762 868 810 mentem
893 752 961 806 ab
986 751 1208 822 agendis
1245 750 1328 806 his
1378 765 1498 820 quae
1525 749 1788 805 Dominus
1809 747 2056 820 praecipit

476 847 801 917 desipientes
825 851 1097 908 avertunt,
1153 851 1214 898 ut
1241 858 1309 898 ne
1333 843 1456 912 haec
1478 843 1698 912 quidem
1737 842 1918 896 omnia
1967 840 2054 896 vel

477 954 636 1010 posse
688 937 756 992 ab
802 935 1043 1000 homine,
1085 934 1172 990 vel
1205 934 1400 990 debere
1444 933 1656 1004 impleri
1704 933 2052 998 contendant,

475 1035 532 1083 et
596 1027 751 1098 quasi
813 1025 1168 1095 sapientiores
1229 1024 1351 1089 his,
1429 1023 1533 1092 qui
1592 1023 1775 1078 divina
1839 1023 2056 1092 eloquia

478 1119 831 1188 scripserunt,
860 1166 862 1168 ,
888 1131 954 1172 ea
988 1115 1264 1170 hominem
1313 1113 1495 1178 facere
1541 1129 1650 1168 non
1688 1127 1848 1184 posse
1901 1119 2058 1168 autu-

476 1219 661 1276 mant,
709 1225 828 1281 quae
871 1208 946 1263 illi
998 1208 1236 1263 dictante
1281 1205 1488 1276 Spiritu
1539 1213 1726 1260 sancto
1783 1205 2057 1260 hominem

474 1304 655 1360 facere
705 1300 1018 1370 jusserunt,
1081 1301 1190 1356 imo
1238 1301 1402 1355 etiam
1451 1314 1572 1370 qua:
1637 1298 1835 1353 multos
1886 1299 2053 1354 homi-

470 1411 570 1452 nes
606 1395 830 1464 juvante
859 1393 1092 1465 Spiritus
1123 1391 1363 1462 ejusdem
1389 1391 1562 1461 gratia
1585 1389 1879 1461 perfecisse
1900 1405 2059 1446 mon-

470 1494 734 1542 strarunt.

541 1573 691 1628 Sicut
711 1575 801 1644 qui
821 1573 1159 1646 apprehendit
1186 1574 1404 1636 auribus
1431 1590 1634 1638 canem,
1676 1590 1752 1627 sic
1792 1574 1884 1644 qui
1910 1583 2060 1628 tran-

469 1664 536 1718 sit
576 1673 626 1718 et
668 1665 942 1735 impatiens
983 1666 1349 1735 commiscetur
1407 1665 1537 1718 rixis
1601 1664 1838 1718 alterius.
1917 1665 2061 1720 Dicit

470 1753 762 1823 Apostolus
799 1772 812 1807 :
851 1752 977 1807 Noli
1017 1754 1184 1808 verbis
1206 1754 1538 1819 contendere,
1567 1755 1636 1808 ad
1670 1753 1802 1808 nihil
1827 1764 1901 1808 est
1930 1755 2058 1809 utile

2160 563 2244 620 sui
2316 561 2704 632 turpitudinem
2752 560 2959 616 Lmerito
3021 560 3356 631 sapientibus
3424 577 3494 617 ne
3553 562 3743 618 redar-

2160 661 2356 726 guatur
2410 653 2777 708 absconditur.
2831 651 2930 707 Cui
2977 651 3100 724 jure
3144 651 3434 709 manifesta
3471 657 3745 726 correptio

2157 745 2467 818 praefertur,
2547 745 2674 816 quia
2717 746 2919 814 absque
2984 743 3093 800 ulla
3147 745 3575 802 contradictione
3626 762 3745 802 me-

2161 840 2264 895 lius
2293 847 2379 895 est
2417 838 2725 910 quempiam
2753 837 3021 894 desiderio
3043 837 3352 909 corrigendi
3381 837 3624 894 clanculo
3666 840 3748 895 di-

2161 932 2346 1003 ligere.

2232 1022 2456 1078 Meliora
2475 1030 2596 1078 sunt
2628 1023 2841 1079 vulnera
2869 1023 3153 1094 diligentis,
3195 1039 3356 1094 quam
3402 1022 3748 1092 fraudulenta

2161 1116 2385 1170 odientis‘
2426 1115 2626 1170 oscula.
2666 1113 2858 1170 Melius
2900 1123 2984 1169 est
3018 1129 3049 1168 a
3099 1112 3349 1180 Domino,
3398 1113 3490 1183 qui
3535 1128 3634 1168 nos
3685 1121 3750 1168 ut

2161 1206 2300 1262 ﬁlios
2345 1215 2502 1276 pater
2545 1207 2763 1262 erudire
2811 1207 3093 1262 consuevit
3138 1205 3362 1260 vulnera
3394 1203 3747 1260 alllictionum

2159 1300 2388 1371 perpeti,
2411 1313 2573 1369 quam
2595 1297 2792 1354 diaboli
2817 1297 3205 1366 blandimentis
3231 1297 3429 1366 decipi,
3446 1297 3536 1367 qui
3560 1305 3619 1352 ut
3646 1311 3752 1352 nos

2161 1392 2368 1448 caelesti
2399 1392 2716 1447 haereditate
2745 1391 3157 1461 privet,nostris
3186 1389 3372 1446 favere
3396 1390 3534 1446 solet
3557 1389 3753 1445 errati-

2160 1480 2280 1543 bus,
2305 1479 2460 1548 quasi
2490 1478 2608 1533 leve
2630 1479 2700 1532 sit
2722 1478 2942 1544 malum,
2971 1478 3116 1548 quod
3146 1477 3376 1548 agimus,
3401 1487 3455 1532 et
3482 1478 3622 1532 ultra
3642 1492 3766 1534 mo-x

2160 1566 2288 1620 dum
2314 1575 2657 1636 peccatorum
2681 1577 2994 1621 nostrorum
3026 1567 3253 1622 saeviens
3279 1567 3558 1621 tribulatio
3586 1582 3752 1636 quam

2161 1659 2390 1714 Domino
2421 1659 2766 1730 dispensante
2796 1660 3110 1715 toleramus.

2230 1750 2420 1804 Anima
2447 1759 2689 1804 saturata
2718 1749 2945 1804 calcabit
2966 1750 3165 1820 favum,
3209 1759 3258 1804 et
3306 1751 3488 1805 anima
3514 1753 3755 1807 esuriens

470 1846 572 1899 nisi
609 1845 679 1897 ad
720 1844 1104 1923 subversionem
1129 1845 1458 1906 audientium
1511 1843 1598 1916 (II
1649 1844 1784 1899 Tim.
1808 1846 1892 1918 tt).
1923 1844 2313 1913 Qui-Betiam
2378 1858 2616 1896 amarum
2669 1857 2763 1911 pro
2811 1841 2963 1896 dulce
3018 1851 3207 1896 sumet.
3269 1841 3466 1896 Anima
3522 1842 3756 1898 divitum

472 1949 686 2004 cunque
728 1949 884 2005 ergo
930 1935 1158 2005 simplex
1205 1945 1288 1990 est
1346 1950 1507 1990 sensu
1559 1943 1614 1990 et
1660 1937 1870 1991 duobus
1913 1937 2058 1991 inter

473 2040 535 2088 se
576 2025 920 2095 jurgantibus
967 2026 1206 2081 mordaci
1257 2040 1506 2080 sermone
1555 2035 1714 2096 capta
1766 2025 1929 2081 fuerit
1962 2042 2059 2080 au-

472 2116 643 2172 ricula
671 2116 808 2187 ejus,
849 2117 958 2172 cito
1012 2117 1203 2188 incipit
1233 2126 1289 2172 et
1312 2119 1427 2189 ipse
1452 2119 1631 2198 quasi
1681 2120 1831 2174 canis
1856 2119 2058 2174 latrare

473 2218 528 2264 et
546 2208 921 2264 contentiones
943 2223 1225 2279 generare,
1261 2209 1355 2265 sed
1381 2209 1484 2266 hoc
1508 2210 1724 2280 sapiens
1746 2211 2058 2268 omnimodo

470 2302 626 2357 vitat.

555 2389 720 2446 Verba
754 2393 1056 2448 susurronis
1113 2395 1265 2464 quasi
1307 2394 1588 2465 simplicia,
1641 2404 1690 2450 et
1725 2397 1840 2467 ipsa
1879 2414 2058 2468 perve-

471 2484 624 2537 niunt
669 2484 754 2553 ad
811 2485 1066 2540 interiora
1106 2488 1322 2540 ventris.
1354 2485 1745 2562 ,Susurronem
1816 2489 2058 2545 incento-

468 2591 586 2632 rem
624 2577 735 2633 litis
783 2586 838 2633 et
901 2578 1197 2650 bilinguem
1253 2580 1510 2651 appellat,
1551 2580 1644 2651 qui
1695 2579 1917 2636 simulat
1940 2582 2059 2635 lau-

469 2667 594 2723 dem
631 2670 942 2738 verborum,
976 2680 1032 2728 et
1072 2672 1267 2742 quaerit
1305 2673 1516 2738 audire,
1565 2673 1708 2728 unde
1758 2673 1937 2745 jurgia
1973 2688 2057 2730 se-

469 2759 657 2816 minet.

1023 2855 1251 2914 CAPUT
1290 2857 1503 2913 XXVII.

541 2939 628 2998 Ne
658 2944 898 3014 glorieris
919 2947 976 3002 in
1007 2949 1317 3014 crastinum,
1343 2949 1593 3018 ignorans
1619 2949 1746 3020 quid
1773 2965 2054 3020 superven-

471 3044 594 3093 tura
619 3041 791 3111 pariat
815 3040 945 3094 dies.
974 3039 1052 3095 Ne
1075 3056 1300 3096 securus
1344 3042 1420 3096 sis
1449 3041 1738 3110 aliquando
1774 3042 1841 3097 de
1869 3040 2053 3097 futuro

469 3133 734 3202 tempore,
752 3131 878 3200 quia
905 3131 1008 3185 etsi
1030 3131 1193 3186 hodie
1213 3139 1268 3186 te
1285 3132 1513 3186 Domino
1538 3132 1742 3188 servire
1759 3133 2050 3203 conspicis,

2162 1936 2253 2006 qui
2295 1934 2494 1990 habent
2537 1933 2961 1990 consolationem
3008 1949 3161 1988 suam
3203 1942 3257 1989 et
3306 1934 3504 2002 quibus
3549 1934 3754 1989 dicitur

2162 2043 2192 2080 a
2223 2025 2451 2081 Domino
2480 2041 2494 2078 :
2533 2023 2626 2078 Va:
2653 2025 2794 2079 vobis
2815 2027 2903 2096 qui
2933 2025 3160 2079 saturati
3180 2027 3324 2090 estis,
3354 2027 3480 2096 quia
3509 2027 3754 2081 esurietis

2163 2117 2312 2190 (Luc.
2368 2115 2466 2189 v1),
2515 2116 2726 2186 spernit
2759 2116 3000 2171 auditam
3030 2116 3272 2171 caelestis
3298 2117 3452 2188 regni
3501 2117 3750 2172 dulcedi-

2161 2225 2319 2275 nem;
2352 2209 2532 2263 anima
2565 2216 2745 2264 autem
2774 2223 2983 2274 eorum,
3033 2209 3127 2279 qui
3170 2209 3418 2264 esuriunt
3475 2221 3529 2264 et
3561 2210 3755 2265 sitiunt

2155 2303 2442 2373 justitiam,
2485 2302 2651 2356 etiam
2706 2302 2931 2356 adversa
2979 2302 3159 2356 saeculi
3215 2317 3315 2373 pro
3361 2304 3590 2359 Domino
3645 2305 3754 2360 imo

2161 2394 2332 2465 ipsam
2361 2401 2591 2448 mortem
2616 2392 2826 2462 perpeti
2849 2391 3004 2447 dulce
3029 2392 3213 2459 habet,
3245 2393 3426 2448 sciens
3450 2409 3510 2448 se
3537 2409 3632 2463 per
3655 2410 3753 2464 po-

2161 2485 2342 2541 culum
2377 2484 2752 2540 amaritudinis
2778 2484 2847 2540 ad
2877 2484 3072 2556 gaudia
3094 2493 3370 2556 perpetua:
3413 2486 3606 2542 salutis
3629 2502 3752 2543 esse

2160 2584 2323 2630 ventu
2332 2590 2466 2629 ram.

2233 2666 2384 2721 Sicut
2409 2666 2518 2720 avis
2545 2667 2928 2736 trammigrans
2957 2667 3022 2720 de
3043 2667 3166 2720 nido
3190 2684 3309 2734 suo,
3333 2669 3410 2722 sic
3453 2670 3532 2723 vir
3556 2671 3646 2740 qui
3668 2685 3755 2724 re-

2161 2756 2347 2828 linquit
2393 2757 2561 2810 locum
2610 2756 2989 2812 suum-Sicut
3034 2758 3149 2813 avis
3190 2773 3311 2828 qua:
3352 2759 3538 2814 nidum
3590 2776 3751 2818 suum

2161 2847 2402 2919 uegligit,
2428 2862 2529 2903 ova
2569 2849 2681 2902 sive
2714 2848 2888 2919 pullos
2909 2864 3044 2919 quos
3063 2849 3274 2904 foverat
3306 2849 3538 2904 aliarum
3566 2851 3750 2907 avium

2159 2941 2247 2996 vel
2292 2941 2649 2996 animantium
2687 2943 2864 3010 raptui
2901 2942 3146 3008 dimittit,
3204 2942 3285 2997 sic
3326 2942 3585 2996 nimirum
3633 2943 3751 3011 ille,

2160 3035 2254 3105 qui
2283 3035 2583 3090 custodiam
2606 3035 2869 3090 virtutum
2889 3035 2944 3090 in
2969 3036 3163 3105 quibus
3182 3035 3498 3106 proficiebat
3517 3037 3752 3104 deserit,

2161 3132 2472 3187 earumdem
2504 3131 2768 3187 virtutum
2796 3146 2931 3202 cpias
2961 3131 3165 3187 habere
3190 3132 3473 3188 videbatur
3502 3132 3748 3188 immun-

470 3221 650 3291 qualis
663 3236 783 3276 esse
819 3221 870 3275 in
896 3220 1136 3291 futurum
1164 3221 1362 3290 possis,
1397 3221 1668 3289 quomodo
1698 3222 1867 3276 vitam
1897 3221 2055 3279 ﬁnire
2084 3219 2129 3281 C
2162 3224 2243 3280 dis
2272 3222 2551 3292 Spiritibus
2586 3223 2699 3293 ipse
2728 3224 2972 3294 proditor
2997 3223 3197 3285 existit,
3233 3224 3375 3280 unde
3417 3224 3551 3280 alias
3577 3225 3747 3281 dicit:

468 3326 692 3382 prorsus
719 3311 1018 3384 praevidere
1051 3327 1160 3367 non
1178 3311 1346 3367 vales.
1380 3311 1580 3368 Beatus
1606 3312 1752 3367 enim
1773 3314 1934 3369 homo
1961 3315 2055 3385 qui

469 3416 683 3473 semper
715 3412 799 3459 est
835 3404 1083 3474 pavidus.

541 3491 708 3550 Grave
735 3504 810 3549 est
861 3511 1072 3564 saxum,
1113 3504 1162 3550 et
1202 3512 1424 3552 onerosa
1453 3513 1635 3562 arena,
1680 3497 1771 3551 sed
1797 3498 1879 3552 ira
1907 3498 2057 3553 stulti

468 3593 688 3657 utroque
735 3588 966 3658 gravior.
1016 3588 1192 3645 Grave
1230 3589 1448 3660 quidem
1502 3588 1636 3645 satis
1670 3598 1754 3645 est
1787 3605 2060 3664 quemque

470 3677 555 3732 vel
583 3693 690 3732 uno
733 3678 915 3748 aliquo
941 3679 1171 3736 crimine
1201 3680 1418 3750 capitali
1464 3681 1616 3750 quasi
1648 3680 1893 3750 pondere
1939 3675 2057 3731 saxi

469 3775 714 3844 reprimi,
739 3775 824 3831 vel
861 3777 1018 3846 quasi
1053 3777 1238 3848 granis
1260 3791 1440 3833 arenae
1493 3778 1793 3832 innumeris
1820 3775 2058 3847 peccatis

470 3863 761 3921 levioribus
783 3867 1034 3934 onerari,
1064 3868 1159 3924 sed
1182 3876 1414 3939 utroque
1440 3869 1660 3940 gravior
1683 3869 1763 3923 ira
1775 3878 1860 3924 est
1881 3867 2056 3934 stulti,

467 3955 595 4025 quia
619 3955 875 4011 nimirum
893 3947 1015 4013 haec
1037 3972 1149 4028 quo
1175 3959 1379 4014 certius
1417 3974 1577 4029 quam
1605 3959 1715 4014 sint
1735 3958 1876 4014 mala
1904 3967 2060 4029 pate-

466 4054 646 4112 scunt,
690 4062 757 4102 eo
801 4047 982 4119 acrius
1031 4048 1273 4106 animum
1307 4059 1369 4105 ut
1412 4051 1747 4121 castigentur
1800 4065 2058 4119 compun-

468 4147 620 4211 gunt,
672 4139 751 4192 ira
790 4155 921 4195 vero
962 4141 1088 4210 quia
1145 4157 1254 4197 non
1313 4142 1613 4212 corporale,
1673 4143 1767 4198 sed
1812 4142 2058 4212 spiritale

469 4236 556 4284 est
599 4228 814 4295 vitium,
854 4245 960 4299 quo
991 4231 1190 4294 minus,
1215 4232 1655 4302 deprehenditur,
1715 4249 1782 4288 eo
1825 4233 2056 4303 amplius

474 4328 684 4388 gravat,
739 4321 882 4374 unde
925 4335 1034 4376 non
1084 4322 1330 4378 absolute
1375 4322 1534 4389 iram,
1592 4323 1688 4378 sed
1731 4323 1871 4378 iram
1905 4325 2056 4380 stulti

473 4408 645 4472 dicit,
701 4423 831 4463 saxo
893 4419 948 4465 et
1001 4424 1167 4465 arena
1207 4411 1512 4485 graviorem
1538 4452 1553 4478 ,
1608 4428 1732 4469 nam
1785 4415 2058 4485 sapientes

473 4500 747 4569 quomodo
779 4550 781 4552 .
810 4509 965 4556 actus
1019 4516 1146 4558 suos
1208 4519 1273 4558 ac
1305 4512 1614 4560 sermones
1639 4545 1654 4570 ,
1721 4507 1796 4560 ita
1854 4508 2055 4563 mentis

2162 3311 2221 3369 Si
2243 3313 2458 3384 spiritus
2485 3323 2791 3384 potestatem
2819 3315 3057 3368 habentis
3084 3315 3376 3368 ascenderit
3400 3333 3555 3386 super
3576 3315 3750 3381 tc,lo-

2160 3421 2279 3458 cum
2315 3413 2463 3460 tuum
2493 3421 2555 3458 ne
2583 3404 2867 3469 dimiseris,
2897 3404 3041 3474 quod
3069 3412 3155 3459 est
3194 3413 3380 3474 aperte
3428 3405 3612 3461 dicere
3641 3422 3657 3460 :
3684 3402 3749 3464 Si

2160 3495 2421 3567 principis
2450 3496 2656 3560 mundi,
2684 3497 2738 3552 id
2763 3504 2847 3551 est
2866 3495 3339 3562 diaboli,-tentatio
3373 3497 3469 3561 tibi
3494 3497 3631 3552 forte
3661 3497 3747 3553 in-

2162 3587 2380 3653 stiterit,
2405 3595 2596 3642 caveto
2621 3586 2882 3643 sollicitus
2905 3601 2975 3643 ne
3005 3601 3036 3641 a
3061 3587 3203 3643 bona
3215 3589 3531 3658 operatione
3554 3588 3641 3643 cui
3664 3588 3744 3642 in-

2163 3683 2396 3739 sudabas
2424 3681 2678 3737 desistas.

2161 3764 2163 3766 ’
2233 3774 2423 3830 Melior
2437 3784 2511 3829 est
2537 3775 2734 3830 vicinus
2751 3774 2934 3845 juxta,
2966 3791 3123 3844 quam
3143 3774 3309 3845 frater
3331 3774 3534 3844 procul.
3562 3773 3748 3830 Melior

2165 3867 2256 3922 tibi
2311 3875 2395 3922 est
2442 3867 2652 3922 vicinus
2681 3866 2893 3936 aliquis,
2955 3867 3047 3936 qui
3090 3867 3189 3922 tibi
3227 3867 3470 3921 animum
3501 3866 3745 3920 fraterna

2162 3959 2420 4014 societate
2445 3960 2738 4024 connectit,
2761 3974 2923 4028 quam
2954 3973 3244 4030 germanus
3267 3958 3458 4024 frater,
3510 3959 3602 4028 qui
3623 3957 3750 4026 jura

2163 4049 2286 4105 ﬁdei
2328 4059 2383 4104 et
2433 4050 2653 4120 pietatis
2701 4050 3010 4104 communia
3071 4058 3249 4106 tecum
3307 4051 3511 4104 habere
3566 4047 3748 4120 negle—

2161 4141 2279 4195 xit:
2314 4142 2455 4210 quod
2507 4141 2768 4196 Dominus
2819 4141 2873 4194 in
2916 4139 3178 4211 parabola
3206 4139 3473 4194 vulnerati
3519 4154 3550 4192 a
3582 4137 3751 4193 latro-

2161 4232 2322 4287 nibus
2375 4232 2491 4302 ejus
2521 4232 2612 4300 qui
2662 4233 3022 4287 descendebat
3071 4230 3138 4285 ab
3195 4229 3533 4285 Hierusalem
3574 4230 3629 4283 in
3657 4227 3751 4284 Je-

2163 4323 2337 4390 richo,
2368 4331 2423 4378 et
2446 4322 2777 4379 Samaritani
2799 4318 2892 4394 qui
2927 4337 3114 4378 curam
3140 4322 3252 4394 egit
3287 4321 3431 4376 illius
3460 4319 3750 4378 manifeste

2200 4418 2427 4474 robavit.

2200 4432 2427 4474 rooavu.

2160 4432 2196 4490 Ρ
2235 4506 2339 4573 Qui
2369 4506 2622 4562 benedicit
2669 4506 2907 4577 proximo
2936 4522 3056 4572 suo,
3102 4522 3221 4561 voce
3253 4505 3448 4575 grandi
3479 4503 3546 4558 de
3600 4511 3750 4580 nocte

473 4606 691 4662 quoque
729 4601 909 4650 motus
954 4593 1184 4650 solerter
1223 4580 1536 4653 examinare
1567 4605 1622 4653 et
1654 4597 1923 4669 castigare
1946 4607 2058 4655 sat-
2081 4573 2138 4635 Ῑ)
2163 4616 2477 4670 consurgens
2523 4573 2855 4654 maledicenti
2893 4598 3080 4652 similis
3110 4607 3207 4654 est.
3232 4573 3378 4653 \ioce
3411 4596 3600 4667 grandi
3622 4577 3751 4665 pro-

470 4693 655 4756 agunt
724 4732 729 4738 .

537 4776 630 4833 Ira
673 4797 778 4835 non
805 4781 959 4837 habet
995 4782 1436 4848 misericordiam,
1469 4799 1562 4837 nec
1595 4800 1868 4855 erumpens
1906 4783 2058 4854 furor

463 4878 511 4923 et
537 4870 787 4941 impetum
816 4873 1064 4927 concitati
1091 4872 1229 4942 ferre
1262 4873 1380 4945 quis
1409 4874 1636 4945 poterit?
1665 4873 1782 4930 Non
1811 4874 1878 4931 de
1905 4875 2054 4930 omni

466 4959 552 5016 ira
576 4961 725 5016 dicit.
763 4961 900 5018 Nam
949 4963 1016 5018 de
1042 4964 1332 5020 mitissimo
1367 4980 1431 5019 ac
1460 4966 1728 5024 modesto
1779 4965 1896 5020 viro
1921 4964 2056 5020 scri-

466 5057 622 5124 ptum
647 5065 748 5116 est,
777 5056 901 5123 quia
929 5057 1052 5110 exiit
1075 5074 1107 5110 a
1137 5054 1420 5111 Pharaone
1456 5058 1626 5112 iratus
1658 5057 1816 5111 nimis
1853 5057 2050 5129 (Exod.

468 5141 571 5214 ιι),
611 5143 704 5198 sed
729 5143 808 5198 ira
856 5145 1026 5212 stulti,
1077 5147 1231 5217 cujus
1271 5146 1326 5200 in
1355 5146 1537 5216 priore
1563 5147 1834 5202 versiculo
1863 5149 2054 5203 memi-

468 5241 641 5300 nerat,
691 5250 812 5304 quae
855 5237 948 5292 ubi
986 5238 1341 5294 excanduerit
1385 5251 1512 5294 mox
1567 5239 1777 5294 viscera
1829 5239 2053 5308 pietatis

469 5327 668 5382 amittit
705 5337 760 5382 et
783 5327 954 5384 furori
969 5338 1179 5386 tantum
1207 5347 1306 5387 suo
1334 5332 1483 5388 novit
1506 5331 1662 5388 frena
1683 5332 1886 5387 laxare.
1912 5332 2057 5387 Alio-

471 5419 600 5488 quin
634 5419 700 5474 de
728 5419 845 5474 utili
869 5437 933 5476 ac
964 5424 1272 5478 necessaria
1292 5424 1371 5478 ira
1403 5424 1608 5479 dictum
1636 5431 1740 5495 est,
1756 5424 1951 5480 melior
1970 5435 2054 5480 est

467 5509 551 5564 ira
579 5510 715 5576 risu,
743 5512 869 5581 quia
897 5527 996 5583 per
1021 5513 1297 5579 tristitiam
1324 5515 1506 5572 vultus
1526 5515 1822 5584 corrigitur
1843 5516 2057 5573 animus

465 5604 850 5677 delinquentis.

539 5699 732 5756 Melior
758 5712 832 5757 est
858 5704 1139 5774 manifesta
1169 5708 1424 5777 correptio
1456 5725 1614 5779 quam
1654 5723 1807 5762 amor
1846 5709 2061 5762 abscon-

464 5806 629 5850 auus.
679 5793 936 5851 Amorem
963 5796 1340 5853 absconditum
1383 5799 1488 5855 hoc
1533 5799 1656 5856 loco
1684 5813 1926 5856 amorem
1941 5799 2060 5872 idi-

2073 4709 2084 4716 '
2162 4693 2311 4747 ximo
2332 4692 2628 4757 benedicit,
2651 4692 2742 4760 qui
2772 4705 2898 4745 cum
2927 4689 3113 4744 favore
3134 4687 3420 4759 superﬂua:
3449 4686 3624 4742 laudis
3647 4701 3748 4740 ex-

2162 4784 2322 4848 tollit,
2359 4783 2444 4838 vel
2475 4782 2634 4838 malis
2667 4781 2919 4838 videlicet
2959 4782 3169 4836 actibus
3204 4781 3320 4850 ejus
3352 4789 3546 4834 contra
3585 4776 3751 4847 justi-
3829 4770 3843 4780 “

2160 4879 2292 4934 tiam
2321 4875 2566 4940 favendo,
2607 4875 2692 4930 vel
2717 4876 2860 4930 bona
2908 4873 3193 4944 plusjusto
3211 4872 3506 4937 laudando,
3540 4871 3634 4926 sed
3659 4869 3752 4925 hic

2159 4969 2502 5025 maledicenti
2533 4967 2886 5035 assimilatur,
2917 4968 3044 5038 quia
3092 4967 3389 5037 plurimum
3414 4963 3567 5020 laedit
3593 4977 3741 5029 eum,

2160 5063 2246 5116 cui
2275 5059 2543 5116 laudando
2565 5059 2680 5114 sive
2708 5059 2764 5113 in
2811 5058 2955 5114 mala
2997 5058 3208 5113 actione
3237 5055 3624 5112 confidentiam
3650 5052 3751 5106 tri-

2158 5151 2298 5216 buit,
2344 5165 2441 5206 seu
2473 5149 2524 5203 iu
2556 5163 2718 5218 opere
2753 5155 2903 5202 recto
2945 5147 3346 5218 simplicitatem
3386 5145 3510 5216 puri
3564 5140 3753 5197 cordis

2158 5242 2375 5308 minuit,
2408 5250 2466 5295 ut
2496 5239 2747 5295 videlicet
2783 5237 2985 5293 bonum
3012 5236 3428 5308 quodsupemaa
3473 5229 3750 5288 mercedis
3807 5302 3813 5307 _

2158 5334 2354 5388 intuitu
2406 5333 2690 5388 inchoarat
2745 5330 3076 5386 transitoria:
3141 5328 3315 5383 laudis
3371 5341 3557 5382 amore
3609 5338 3749 5380 cou-

2158 5431 2408 5482 summet.

2229 5518 2456 5574 Ferrum
2481 5518 2620 5589 ferro
2643 5517 2873 5583 acuitur,
2894 5525 2943 5570 et
2956 5515 3110 5570 homo
3135 5521 3353 5570 exacuet
3374 5511 3564 5581 faciem
3589 5505 3753 5562 amici

2158 5612 2263 5667 sui.
2291 5609 2437 5666 Satis
2480 5611 2621 5665 bona
2653 5618 2740 5666 est
2773 5607 3072 5666 consolatio
3100 5615 3156 5661 et
3201 5603 3487 5661 consilium
3527 5600 3748 5673 sapien-

2161 5714 2294 5770 tum,
2327 5703 2418 5774 qui
2447 5703 2645 5773 ubique
2691 5717 2750 5757 se
2790 5702 3019 5756 invicem
3072 5698 3402 5755 consulendo
3443 5698 3747 5758 instruunt,

2162 5797 2390 5852 Ferrum
2438 5795 2578 5864 ferro
2611 5795 2838 5850 acuitur.
2890 5792 3141 5849 Infernus
3168 5800 3224 5848 et
3254 5789 3488 5862 perditio
3514 5802 3620 5843 nou
3658 5795 3753 5840 re-
