4100 6324
305 429 411 486 789

1053 412 1424 473 EXPOSITIO
1460 409 1533 466 IN
1568 406 1966 466 PROVERBIA
2005 402 2415 462 SALOMONIS.
2458 435 2524 446 --
2561 405 2692 460 LIB.
2731 404 2842 459 lIl.‘

3462 404 3569 461 770

301 546 616 619 plebuntur,
663 536 913 595 similiter
940 540 997 589 et
1023 530 1164 587 oculi
1193 512 1471 584 hominum
1499 522 1868 588 insatiabiles;
1898 523 1954 583 Α
1976 518 2109 574 locis
2127 516 2375 574 excelsis.
2402 514 2735 586 Sequestrati
2762 521 2889 569 sunt
2907 513 3031 584 agni
3051 513 3117 569 ad
3141 513 3570 581 dexteram,ba-

303 614 504 692 inferni
542 635 814 687 tormenta
863 640 972 680 non
1016 620 1369 692 replebantur
1415 615 1706 671 terminum
1744 614 1883 670 acci-

302 728 521 802 piendo,
557 723 806 781 similiter
827 728 882 776 et
901 716 1234 774 intentiones
1254 726 1374 782 quae
1391 712 1628 766 humana
1644 708 1881 778 rapiunt,

304 801 638 876 insatiabiles
683 823 808 871 sunt
836 813 892 867 in
937 808 1210 865 desiderio
1248 803 1530 877 peccandi,
1554 802 1647 874 qui
1688 809 1742 856 et
1763 801 1883 856 ideo

305 911 422 967 sine
475 909 581 963 line
624 919 814 977 poenas
859 902 1033 966 luunt,
1058 898 1186 969 quia
1213 897 1547 952 voluntatem
1576 894 1885 950 habuerunt

304 1002 421 1058 sine
442 999 548 1055 line
573 994 855 1068 peccandi,
887 993 932 1048 si
963 999 1214 1046 naturam
1243 989 1506 1043 baberent
1531 986 1647 1041 sine
1674 983 1779 1039 fine
1799 983 1884 1039 vi-

300 1091 480 1149 vendi.
526 1088 816 1159 Diligenter
845 1099 1068 1155 agnosce
1121 1079 1322 1135 vultum
1344 1077 1543 1149 pecoris
1566 1078 1642 1131 tui
1668 1085 1884 1147 tuosque

300 1201 478 1257 greges
525 1179 819 1236 considera.
1828 1222 1836 1232 .

373 1277 496 1331 Non
525 1275 664 1330 enim
702 1267 912 1326 habebis
951 1269 1151 1339 jugiter
1202 1274 1528 1338 potestatem,
1575 1263 1665 1318 sed
1689 1279 1884 1318 corona

299 1371 560 1427 tribuetur
585 1369 641 1423 in
676 1364 1009 1438 generatione
1042 1361 1456 1432 generationum.
1492 1357 1705 1412 Pastori
1751 1356 1884 1412 dici-

299 1471 388 1517 tur
425 1459 696 1515 Ecclesiae.
739 1457 1038 1526 Diligenter
1072 1451 1280 1508 adhibe‘
1321 1465 1510 1506 curam
1557 1449 1637 1505 eis
1690 1449 1884 1519 quibus

297 1560 352 1607 te
400 1564 634 1622 praeesse
682 1547 991 1619 contigerit,
1054 1557 1290 1616 agnosce
1357 1542 1567 1596 animos
1625 1551 1884 1611 actusque

298 1643 663 1716 singulorum,
728 1649 783 1697 et
843 1640 888 1696 si
937 1640 1066 1710 quid
1121 1639 1176 1693 in
1243 1639 1324 1694 eis
1381 1637 1503 1694 vitii
1553 1637 1883 1692 sordidantis

298 1737 590 1802 inveneris,
632 1735 795 1791 citius
835 1734 1102 1804 castigare
1142 1739 1435 1798 memento,
1490 1728 1597 1787 nOn
1640 1730 1786 1786 enim
1827 1739 1882 1785 tu

299 1844 516 1899 semper
571 1843 705 1883 oves
732 1825 1039 1881 Dominicas
1068 1825 1324 1895 pascendi
1351 1832 1674 1895 potestatem
1715 1823 1882 1881 habe-

1987 613 2040 670 di
2071 613 2140 669 ad
2185 611 2482 675 sinistram,
2509 608 2634 679 agni
2685 607 2766 664 ad.
2804 606 3181 662 vestimentum
3225 607 3389 678 regis,
3441 607 3569 677 quia

1989 705 2103 776 ipse
2159 703 2336 759 dixit:
2365 699 2679 756 Inhabitabo
2726 699 2783 752 in
2838 699 2912 752 eis
2970 697 3057 769 (II
3113 696 3237 751 Cor.
3280 696 3379 770 γι),
3420 698 3563 754 haedi

1986 812 2084 867 pro
2109 797 2285 868 pretio
2309 803 2642 862 sanctorum,
2663 809 2798 865 quos
2819 802 3106 860 noverunt,
3127 793 3343 865 ignibus
3363 808 3568 850 venun-

1987 888 2198 945 dantur.
2410 900 2415 906 ‘

2543 976 2772 1034 CAPUT
2803 976 3058 1033 XXVIII.’

2061 1070 2218 1143 Fugit
2261 1071 2453 1143 impius
2501 1071 2704 1126 nemine
2742 1081 3096 1141 persequente.
3141 1068 3243 1137 Qui
3266 1081 3376 1124 non
3403 1076 3487 1124 est
3511 1067 3568 1122 in

1987 1163 2092 1220 ﬁde
2126 1163 2302 1230 fortis,
2350 1165 2563 1220 etiamsi
2597 1163 2776 1220 nullus
2799 1173 3117 1234 persecutor
3157 1162 3393 1228 insistat,
3435 1177 3570 1218 nun-

1985 1271 2148 1327 quam
2183 1255 2489 1328 [Redundat
2537 1263 2838 1325 nunquam,
2891 1253 2972 1309 vel
3008 1253 3282 1326 legendum
3319 1267 3570 1308 nonnun-

1986 1345 2171 1419 quam]
2200 1349 2394 1418 sponte
2432 1345 2592 1402 iidem
2633 1347 2852 1412 deserit,
2883 1345 3099 1416 quando
3124 1343 3208 1398 vel
3247 1343 3569 1408 latrociniis,

1984 1437 2070 1493 vel
2130 1437 2421 1508 periuriis,
2475 1436 2562 1492 vel
2614 1435 3095 1500 fornicationibus,
3151 1433 3239 1488 vel
3289 1431 3568 1490 veneﬁciis

1986 1528 2216 1599 aliisque
2255 1527 2562 1598 huiusmodi
2587 1527 2888 1584 sceleribus
2915 1541 2974 1602 se
3018 1525 3071 1581 in
3095 1523 3300 1580 infideli
3339 1522 3570 1578 similem

1986 1619 2183 1674 reddit.

2057 1711 2242 1766 Justus
2286 1719 2461 1766 autem
2496 1710 2649 1782 quasi
2693 1708 2773 1764 leo
2818 1707 3085 1777 conlidens
3138 1706 3329 1776 absque
3377 1712 3572 1759 terrore

1986 1807 2104 1862 erit.
2149 1807 2209 1861 In
2246 1810 2532 1863 occursum
2582 1805 2880 1861 bestiarum
2922 1803 3129 1858 idcirco
3169 1800 3255 1855 leo
3303 1814 3411 1854 non
3464 1806 3572 1853 tre-

295 1921 402 1986 bis,
466 1922 560 1976 sed
617 1927 817 1974 aeterna
868 1926 978 1973 est.
1008 1932 1231 1984 corona,
1285 1933 1453 1988 quam
1496 1919 1785 1990 percipies,
1833 1918 1880 1974 Si
1908 1884 1956 1945 Β
1984 1897 2167 1990 pidat,
2185 1898 2313 1990 quia
2338 1896 2630 1990 praevalere
2653 1911 2712 1990 se
2747 1893 3000 1950 omnibus
3036 1908 3144 1948 non
3171 1892 3404 1989 ignorat,
3431 1887 3575 1990 unde

298 2012 650 2070 commissum
678 2011 774 2066 tibi
800 2010 1025 2082 gradum
1050 2016 1145 2065 ιυο
1170 1977 1413 2080 tangore
1440 1977 1580 2066 be'ne
1606 1977 1884 2067 ηίίηίείη,
1978 1988 2108 2060 justi
2121 1985 2220 2042 viri
2244 1985 2508 2082 securitas
2529 1984 2670 2040 leoni
2691 1992 2839 2039 recte
2861 1989 3223 2082 comparatur,
3243 1977 3368 2048 quia
3383 1984 3574 2079 contra

297 2120 462 2160 VCI‘IS.

320 2239 322 2242 ,
371 2194 562 2265 Aperta
590 2201 722 2262 sunt.
753 2201 907 2263 prata
929 2200 979 2246 et
1000 2200 1358 2262 apparuerunt
1412 2192 1584 2248 herba:
1631 2192 1879 2260 virentes,

299 2294 348 2340 et
370 2283 584 2339 collecta
609 2292 729 2339 sunt
766 2283 887 2352 fena
908 2284 972 2338 de
1001 2283 1284 2338 montibus.
1317 2283 1518 2355 Aperta
1565 2293 1692 2340 sunt
1725 2286 1884 2341 modo

299 2391 497 2447 pascua
535 2383 997 2430 sacramentorum
1025 2375 1350 2442 caelestium,
1402 2391 1523 2446 quae
1553 2377 1644 2432 diu
1667 2377 1885 2433 fuerant

298 2469 440 2540 typis
468 2467 730 2538 praeclusa
752 2467 1034 2539 legalibus,
1068 2470 1321 2540 apparuit
1342 2485 1516 2526 novus
1537 2471 1687 2526 viror
1703 2471 1884 2526 Evan-

298 2561 480 2634 gelicae
508 2561 754 2615 veritatis
779 2568 834 2615 et
857 2560 1070 2631 gratiae,
1101 2560 1328 2616 collecta
1358 2570 1486 2617 sunt
1537 2562 1592 2617 in
1629 2562 1883 2632 pabulum

299 2651 479 2723 gregis
494 2651 761 2707 Dominici
784 2651 988 2722 scripta
1011 2651 1235 2707 Patrum
1261 2659 1524 2708 veterum.
1549 2652 1742 2708 Ablata
1760 2652 1886 2722 qui-

300 2743 424 2797 dem
446 2739 645 2796 Judteis
672 2741 1131 2812 superbientibus,
1159 2742 1294 2798 falce
1316 2743 1511 2799 divinae
1541 2743 1886 2800 animadver-

302 2835 470 2891 sionis
497 2841 552 2889 et
578 2833 873 2889 humilibus
893 2834 1147 2890 Ecclesiae
1165 2835 1379 2906 populis
1396 2835 1466 2890 ad
1489 2835 1734 2906 spiritale
1758 2837 1886 2892 sub-

303 2930 501 2985 sidium
555 2930 701 2987 data.
732 2929 893 2985 Juxta
916 2930 1058 3000 quod
1081 2930 1341 2986 Dominus
1374 2930 1504 2996 illis,
1557 2929 1827 3000 auferetur
1854 2947 1888 2984 a

302 3021 464 3086 vobis,
497 3021 687 3091 inquit,
736 3037 951 3092 regnum
973 3019 1110 3086 Dei;
1138 3030 1184 3075 et
1240 3019 1453 3074 dabitur
1504 3020 1644 3091 genti
1673 3018 1888 3089 facienti

303 3111 503 3180 fructus
539 3111 653 3182 ejus
684 3110 900 3184 (Matth.
944 3111 1084 3182 xxx).

371 3203 505 3272 Agni
535 3202 603 3256 ad
632 3203 992 3256 vestimentum
1033 3211 1202 3268 tuum,
1239 3211 1289 3256 et
1317 3201 1458 3257 lurdi
1504 3200 1574 3254 ad
1623 3200 1738 3271 agri
1765 3217 1885 3271 pre-

304 3296 452 3348 tium.
478 3295 660 3368 Agnos
681 3296 1022 3362 innocentes,
1070 3295 1257 3352 haedos
1307 3295 1632 3367 pteniteutes
1678 3309 1887 3350 nuncu-

302 3398 413 3461 pat.
473 3389 751 3462 Agnorum
800 3405 930 3460 ergo
967 3389 1163 3445 vellere
1215 3390 1490 3456 vestieris,
1552 3389 1678 3444 dum
1729 3387 1885 3442 bonis

300 3482 670 3537 obedientium
702 3481 1088 3551 discipulorum
1133 3483 1375 3537 moribus
1400 3490 1586 3551 pastor
1616 3481 1730 3552 ipse
1755 3496 1884 3550 pro-

299 3571 522 3639 feceris,
545 3588 842 3648 eorumque
882 3574 1172 3629 laudabilia
1199 3573 1339 3629 facta
1364 3589 1614 3640 cernens,
1647 3583 1705 3628 et
1725 3574 1780 3628 in
1801 3589 1889 3628 or-

302 3669 438 3718 natu
468 3661 750 3728 virtutum,
785 3671 840 3718 et
874 3663 929 3716 in
961 3662 1141 3718 calore
1185 3661 1489 3718 dilectionis
1527 3649 1642 3732 ipse
1685 3662 1886 3731 glorio-

303 3755 417 3812 sior
460 3753 758 3809 exstiteris.
794 3753 1054 3808 Haadibus
1103 3769 1290 3823 agrum
1343 3754 1708 3823 comparabis,
1762 3754 1890 3808 dum

214 3843 218 3846 ⁴
303 3859 624 3922 peccatores
662 3849 730 3904 ad
775 3848 1153 3919 paenitentiam
1199 3846 1466 3913 vocando,
1515 3845 1888 3900 sublimiorem

304 3942 402 3998 tibi
424 3941 477 3996 in
514 3948 661 4006 terra
704 3940 1000 3996 viventium
1026 3938 1204 3995 locum
1229 3937 1485 4008 acquiris.

376 4033 612 4105 Sufﬁciat
642 4033 736 4087 tibi
758 4032 859 4093 ;lac
885 4049 1166 4100 caprarum
1209 4033 1264 4086 in
1300 4031 1440 4086 cibos
1464 4041 1582 4086 tuos
1632 4041 1679 4085 et
1711 4032 1767 4084 in
1795 4047 1888 4086 ne-

305 4128 538 4183 cessaria
565 4127 750 4181 domus
776 4135 902 4192 tuae,
945 4133 994 4180 et
1016 4125 1084 4178 ad
1114 4125 1302 4179 victum
1334 4123 1542 4178 ancillis
1561 4124 1685 4178 tuis.
1716 4123 1890 4177 Tanta

308 4218 565 4273 instantia
608 4231 776 4286 pecus
822 4215 918 4272 tibi
965 4214 1317 4271 commissum
1343 4229 1527 4285 pasce,
1588 4227 1655 4268 ne
1685 4213 1782 4268 tibi
1808 4212 1891 4268 lac

309 4318 498 4368 aestate
521 4297 743 4375 novum,
772 4323 840 4362 ne
866 4307 1067 4379 frigore
1097 4307 1256 4370 desit,
1282 4305 1376 4361 sed
1401 4305 1499 4360 tibi
1522 4319 1736 4374 semper
1756 4304 1891 4358 tuis-

309 4419 414 4474 que
446 4401 696 4469 suliiciat,
742 4401 797 4456 id
835 4409 919 4456 est
962 4409 1075 4455 tam
1110 4399 1295 4455 sedulo
1343 4398 1601 4454 doctrina:
1652 4397 1793 4452 insta
1835 4405 1894 4451 ut

306 4496 470 4552 etiam
511 4494 780 4565 quondam
803 4493 1132 4564 poenitentes
1159 4492 1226 4546 ad
1256 4489 1488 4546 ofIicium
1511 4489 1740 4546 docendi
1769 4504 1896 4559 pro-

307 4586 496 4651 vehas,
546 4593 814 4656 quatenus
846 4582 943 4654 per
991 4582 1134 4648 illos,
1167 4581 1259 4651 qui
1288 4579 1497 4650 pridem
1521 4595 1623 4649 pro
1652 4577 1895 4633 foeditate
1923 4608 1976 4669 Β

309 4681 570 4736 vitiorum
596 4679 663 4734 ad
712 4679 990 4734 sinistram
1019 4674 1221 4744 judicis
1270 4673 1595 4729 videbantur
1642 4687 1762 4728 esse
1793 4687 1890 4742 po-

309 4773 497 4839 nendi,
519 4771 680 4828 modo
709 4768 1030 4825 rationabile
1059 4776 1113 4822 et
1134 4767 1251 4822 sine
1280 4767 1403 4822 dolo
1423 4765 1509 4820 lac
1533 4764 1681 4820 verbi
1701 4777 1895 4835 parvu-

310 4863 379 4920 lis
409 4879 570 4919 sensu
600 4862 969 4918 ministretur:
1000 4859 1062 4915 ﬁt
1087 4867 1267 4914 autem
1293 4857 1375 4912 lac
1398 4871 1685 4927 caprarum
1717 4854 1785 4909 ad
1806 4854 1888 4909 vi-

317 4967 465 5011 ctum
491 4953 720 5020 ancillis,
757 4951 995 5024 quando,
1025 4951 1103 5015 hi,
1134 4950 1225 5019 qui
1247 4949 1483 5026 nondum
1514 4960 1699 5001 amore
1716 4934 1894 5015 perfe-

318 5055 431 5114 cto,
469 5047 562 5103 sed
591 5047 766 5102 adhuc
811 5045 1006 5100 timore
1068 5041 1249 5097 servili
1284 5040 1512 5097 Domino
1563 5037 1895 5102 deserviunt,

311 5156 410 5212 per
432 5139 738 5211 exemplum
757 5136 844 5192 vel
867 5135 1031 5191 verba
1051 5147 1259 5197 eorum,
1283 5133 1376 5203 qui
1401 5146 1497 5202 per
1520 5129 1898 5202 paenitentiam

314 5230 450 5286 salvi
475 5230 602 5285 facti
623 5238 769 5292 sunt,
795 5227 1028 5282 viviﬁcis
1054 5225 1206 5280 verbi
1247 5224 1420 5295 epulis
1449 5222 1790 5287 reﬁciuntur,
1817 5227 1899 5275 at-

315 5331 502 5392 que'ut
515 5324 581 5378 ad
609 5321 814 5391 majora
844 5321 1104 5376 virtutum
1126 5317 1415 5388 proficiant
1440 5317 1777 5372 incrementa
1805 5314 1893 5385 ju—

314 5421 534 5468 vantur.
595 5412 825 5480 Quidam
854 5412 958 5467 hoc
1006 5411 1149 5481 quod
1185 5409 1390 5465 dictum
1436 5419 1540 5474 est,
1575 5416 1755 5478 aperta
1777 5414 1898 5460 sunt

311 5514 471 5577 prata
489 5513 538 5559 et
569 5512 921 5575 apparuerunt
942 5502 1114 5558 herba:
1151 5502 1396 5567 virentes,
1444 5509 1492 5554 et
1518 5499 1737 5554 collecta
1778 5506 1900 5554 sunt

315 5595 437 5668 fena
461 5595 525 5650 de
553 5593 850 5662 montibus;
870 5595 993 5666 agni
1013 5593 1082 5648 ad
1110 5595 1474 5648 vestimentum
1497 5602 1668 5658 tuum,
1693 5599 1740 5645 et
1763 5589 1904 5645 htedi

316 5689 432 5759 agri
451 5690 695 5759 pretium,
728 5688 802 5744 ita
829 5688 1082 5759 exposuit
1113 5706 1125 5741 :
1151 5687 1353 5757 Aperta
1387 5693 1513 5742 sunt
1534 5693 1900 5750 monumenta,

318 5793 690 5852 apparuerunt
748 5782 997 5855 corpora
1026 5782 1302 5851 rediviva,
1373 5780 1702 5853 sequestrati
1780 5786 1908 5835 sunt

315 5880 634 5947 peccatores
681 5890 711 5929 a
745 5873 973 5932 sanctis.
1013 5872 1196 5929 fenum
1248 5871 1318 5947 ad
1365 5869 1790 5927 comburendum
1840 5867 1908 5925 de

1983 2092 2044 2132 se
2072 2092 2195 2131 cum
2225 2075 2497 2147 quoslibet
2520 2076 2802 2144 insurgere
2827 2073 3113 2142 conspicit,
3140 2069 3206 2123 ad
3235 2067 3433 2122 mentis
3461 2080 3574 2121 suae

1984 2166 2365 2223 confidentiam
2389 2167 2549 2233 redit,
2584 2173 2640 2221 et
2661 2165 2784 2228 scit,
2815 2163 2946 2234 quia.
2974 2155 3202 2235 cunctos
3225 2158 3574 2213 adversantes

1984 2267 2227 2329 superat,
2254 2259 2379 2328 quia
2394 2257 2547 2312 illum
2577 2256 2752 2312 solum
2782 2253 2936 2327 digit,
2961 2267 3121 2324 quem
3146 2250 3376 2306 intuitus
3403 2248 3574 2305 nullo-

1984 2351 2146 2406 modo
2183 2350 2418 2404 amittat.

2067 2441 2181 2496 Viri
2226 2441 2352 2496 mali
2376 2458 2481 2497 non
2513 2442 2741 2512 cogitant
2756 2439 3024 2510 judicium
3056 2437 3184 2508 :qui
3206 2445 3379 2491 autem
3410 2434 3575 2505 requi-

1987 2543 2109 2587 runt
2130 2533 2440 2600 Dominum,
2462 2532 2883 2587 animadvertunt
2900 2531 3095 2584 omnia.
3114 2528 3306 2584 Omnia
3328 2526 3574 2581 animad-

1987 2633 2205 2680 vertunt
2233 2625 2415 2691 electi,
2439 2625 2542 2680 hoc
2571 2631 2674 2690 est,
2722 2632 2779 2678 et
2823 2622 3064 2677 futurum
3114 2634 3233 2676 esse
3280 2618 3570 2673 discrimen

1989 2717 2313 2773 universalis
2328 2717 2541 2786 judicii,
2559 2725 2614 2772 et
2637 2715 2832 2786 quibus
2845 2714 3101 2786 operibus
3118 2712 3352 2784 requies,
3373 2711 3570 2782 quibus

1991 2825 2155 2881 poena
2183 2811 2516 2889 retribuatur
2544 2818 2767 2866 aeterna.
3571 2811 3573 2815 ’

2062 2903 2166 2970 Qui
2186 2904 2374 2975 decipit
2395 2905 2568 2974 justas
2590 2904 2646 2957 in
2679 2905 2766 2958 via
2806 2902 2971 2968 mala,
3006 2904 3064 2956 in
3092 2901 3308 2956 interitu
3331 2916 3427 2955 suo
3450 2915 3570 2954 cor-

1991 3003 2124 3060 ruet,
2156 3003 2204 3048 et
2253 2993 2512 3064 simplices
2540 2993 2874 3064 possidebunt
2901 2993 3037 3047 bona
3065 2993 3198 3062 ejus.
3229 2990 3330 3057 Qui
3359 3006 3455 3062 per
3481 2989 3580 3044 do-

1991 3085 2221 3140 ctrinam
2271 3084 2583 3139 bzereticam
2629 3083 2828 3154 decipit
2865 3089 3137 3137 aniatores
3161 3079 3408 3148 iustitiae,
3457 3087 3575 3134 uta

1992 3174 2222 3229 veritate
2252 3173 2488 3240 devient,
2512 3174 2626 3243 ipse
2653 3173 2872 3242 quidem
2902 3188 3000 3243 pro
3040 3171 3198 3226 malis
3221 3171 3334 3225 suis
3351 3184 3572 3240 poenam

1913 3249 1960 3315 C
1986 3280 2154 3337 quam
2183 3273 2422 3322 meretur
2441 3264 2672 3320 incurrit
2708 3281 2722 3318 :
2747 3262 2888 3319 bona
2912 3271 3091 3319 autem
3130 3261 3178 3318 si
3207 3274 3314 3332 qua
3355 3259 3579 3331 gerebat

1993 3358 2075 3412 vel
2104 3358 2256 3412 utilia
2283 3357 2586 3422 scribendo,
2610 3357 2694 3412 vel
2722 3357 3066 3411 continenter
3091 3355 3344 3427 vivendo,
3371 3352 3490 3407 aliis
3517 3352 3573 3406 in

1994 3449 2322 3520 adjutorium
2351 3451 2565 3513 cedunt,
2594 3449 2660 3503 iis
2681 3450 2937 3503 nimirum
2951 3449 3043 3517 qui
3068 3449 3184 3503 haec
3201 3447 3443 3518 legentes
3462 3446 3578 3500 sive

1994 3541 2279 3595 audientes
2305 3539 2554 3609 exempla
2580 3539 2683 3594 sibi
2704 3538 2894 3594 salutis
2915 3540 3078 3594 etiam
3111 3538 3179 3612 ab
3207 3551 3274 3592 eo
3296 3551 3457 3607 quem
3479 3550 3578 3606 pe-

1995 3631 2133 3686 risse
2151 3637 2352 3685 norunt
2380 3635 2681 3684 assumunt.

2069 3723 2137 3778 In
2162 3723 2512 3778 exsultatione
2525 3723 2796 3793 justorum
2826 3722 2994 3776 multa
3015 3721 3204 3793 gloria.
3224 3708 3361 3788 Quia
3389 3718 3580 3775 videli-

1996 3826 2083 3872 cet
2106 3832 2216 3873 non
2238 3817 2305 3872 de
2336 3817 2696 3886 praesentibus
2716 3797 2940 3882 divitiis,
2962 3816 3058 3871 sed
3079 3816 3146 3870 de
3170 3813 3390 3888 aeternis
3415 3813 3471 3868 in
3494 3811 3577 3866 fu-

1995 3919 2117 3966 turo
2161 3910 2320 3966 bonis
2363 3909 2639 3964 exsultant
2667 3899 2921 3966 :inon'de
2969 3909 3130 3965 rebus
3167 3907 3376 3973 mundi,
3421 3920 3583 3977 quem

1995 4003 2202 4070 vident,
2233 4003 2328 4058 sed
2352 4003 2419 4059 de
2446 4009 2694 4058 creatore
2721 4001 2932 4067 mundi,
2971 4002 3126 4072 cujus
3163 4000 3425 4056 visionem
3463 4013 3584 4069 spe-

1998 4104 2122 4151 rant
2145 4097 2418 4162 lzetantur,
2463 4095 2680 4151 dicente
2715 4093 3139 4164 Psalmographo
3165 4111 3178 4148 :
3204 4091 3483 4147 Laztamini
3527 4091 3583 4143 in

1952 4227 1954 4229 ›
1998 4189 2223 4242 Domino
2269 4196 2318 4242 et
2367 4186 2646 4254 exsultate,
2690 4187 2826 4257 justi
2875 4183 3050 4257 (Psal.
3085 4183 3269 4256 xxxi);
3325 4183 3410 4238 vel
3440 4191 3585 4237 certe

1999 4280 2054 4334 in
2111 4277 2474 4334 exsultatione
2543 4277 2815 4348 iustorum
2879 4275 3046 4331 multa
3102 4275 3162 4330 fit
3215 4274 3406 4344 gloria,
3457 4273 3586 4343 quia

1999 4372 2212 4442 quoties
2259 4373 2462 4429 electos
2497 4373 2554 4428 in
2594 4373 2695 4428 bac
2729 4373 2840 4428 vita
2876 4365 2976 4442 pro
3003 4371 3288 4427 eventibus
3328 4367 3585 4425 Ecclesiae

1999 4465 2274 4534 prosperis
2313 4465 2588 4521 exsultare
2642 4465 2952 4534 contigerit,
2992 4462 3160 4518 multa
3192 4462 3419 4517 Domino
3472 4459 3586 4532 glo-

2004 4555 2086 4609 ria
2130 4571 2198 4611 ex
2229 4556 2585 4628 plurimorum
2617 4557 2721 4611 [ide
2770 4570 2837 4612 ac
2883 4556 2988 4626 piis
3015 4556 3272 4634 operibus
3298 4553 3478 4608 datur.
3559 4575 3563 4578 ·

2021 4711 2025 4714 _
2074 4648 2437 4719 Regnantibus
2477 4649 2651 4717 impiis
2700 4647 2867 4701 ruina:
2918 4647 3211 4700 hominum.
3246 4643 3400 4699 Sicut
3427 4642 3584 4696 multi

2004 4742 2231 4811 gloriam
2257 4740 2373 4795 Deo
2407 4740 2537 4794 dare
2566 4739 2846 4809 incipiunt,
2881 4753 3005 4813 cum
3027 4736 3203 4811 iustos
3245 4735 3300 4788 in
3340 4732 3587 4803 profectu

2003 4821 2264 4889 virtutum
2321 4833 2556 4903 gaudere
2604 4830 2965 4900 conspiciunt,
2994 4830 3068 4884 ita
3111 4828 3324 4900 quoties
3373 4817 3588 4895 reprobi

2003 4942 2230 5000 regnum
2253 4933 2458 4992 tenent,
2476 4923 2676 4979 multos
2715 4937 2826 4978 suae
2856 4920 3098 4992 perﬁdiae
3120 4918 3410 4988 complices
3430 4915 3587 4970 exhi-

2001 5025 2150 5080 bent.
2185 5021 2340 5090 Quod
2366 5021 2510 5077 etde
2535 5019 2778 5090 paganis,
2805 5025 2861 5073 et
2887 5017 2952 5072 de
2974 5012 3247 5071 haereticis
3268 5010 3412 5066 etde
3432 5007 3589 5064 malis

2009 5114 2293 5170 catholicis
2309 5120 2457 5170 recte
2482 5119 2663 5182 potest
2683 5109 2875 5180 accipi.

2075 5206 2272 5262 Beatus
2299 5205 2453 5260 homo
2476 5205 2566 5275 qui
2585 5218 2789 5283 semper
2810 5209 2886 5256 est
2913 5197 3133 5271 pauidus
3158 5212 3176 5250 :
3196 5195 3285 5267 qui
3311 5210 3428 5249 vero
3450 5209 3591 5248 men-

2004 5299 2071 5352 tis
2114 5307 2190 5352 est
2241 5296 2390 5351 dura:
2431 5301 2635 5349 corruet
2671 5294 2728 5346 in
2781 5288 3002 5345 malum.
3044 5286 3333 5359 Sequentis
3385 5286 3465 5340 ira
3503 5283 3590 5354 ju-

2007 5391 2134 5446 dicii
2178 5397 2329 5444 tanto
2360 5396 2494 5460 tunc
2515 5383 2815 5441 districtior
2849 5379 3176 5452 portabitur,
3216 5386 3417 5448 quanto
3446 5389 3593 5429 nunc

2007 5486 2060 5540 et
2110 5483 2252 5538 inter
2289 5486 2478 5551 culpas
2527 5477 2750 5542 minime
2797 5475 3038 5538 timetur,
3093 5472 3238 5528 unde
3289 5470 3416 5526 alibi
3459 5467 3596 5524 scri-

2007 5586 2160 5649 ptum
2192 5582 2276 5632 est
2303 5591 2316 5628 :
2343 5572 2411 5628 In
2442 5571 2526 5626 die
2546 5569 2800 5625 bonorum
2831 5584 2894 5623 ne
2921 5567 3193 5621 immemor
3214 5565 3286 5619 sis
3307 5561 3590 5627 malorum,

2007 5679 2056 5726 et
2085 5669 2141 5724 in
2164 5668 2249 5723 die
2272 5665 2534 5721 malorum
2573 5679 2634 5717 ne
2658 5663 2929 5717 immemor
2952 5661 3024 5715 sis
3047 5659 3317 5714 bonorum.
3354 5654 3446 5711 Sic
3465 5667 3596 5724 ergo

2009 5771 2242 5832 utraque
2261 5755 2638 5830 coniungenda
2658 5763 2800 5822 sunt,
2833 5762 2896 5811 ut
2916 5768 3084 5812 unum
3103 5766 3317 5822 semper
3327 5765 3395 5807 ex
3419 5745 3594 5802 altero

2011 5859 2283 5917 fulciatur.
