4100 6324
362 475 467 538 775
1119 466 1480 528 EXPOSITIO
1515 467 1585 526 1N
1620 466 2017 527 PROVERBIA
2052 466 2458 528 SALOMONIS.
2493 501 2566 513 —
2596 469 2727 528 LIB.
2764 469 2851 530 III.
3514 468 3617 531 774

358 608 487 655 nam
509 607 651 665 sazpe
672 588 915 662 contigit,
947 595 1008 643 ut
1029 586 1198 643 hebes
1229 586 1423 657 aliquis
1457 592 1510 639 et
1534 584 1770 654 ipsarum
1799 597 1936 663 quo-
1962 582 2017 645 Α
2040 568 2157 637 Non
2183 582 2368 638 didicit
2391 581 2641 638 Salomon
2671 582 2740 637 ab
2768 582 2986 638 homine
3006 581 3322 653 sapientiam
3342 623 3359 651 ,
3384 584 3478 653 sed
3503 582 3615 640 Deo

266 688 273 689 ί
357 705 463 761 que
488 686 703 743 nescius
728 672 1048 746 litterarum,
1073 680 1232 734 citius
1255 679 1417 733 verba
1440 675 1728 731 salutiferae
1755 690 1935 733 corre-

357 770 558 854 piionis
579 776 825 847 accipiat,
852 772 1101 844 quamvis
1123 770 1214 842 qui
1241 766 1512 835 amuentia
1540 769 1800 838 praeditus
1825 782 1936 821 ser-

358 871 535 928 monis
559 869 728 939 magis
756 879 850 921 sua
880 878 1005 934 quin
1036 862 1186 918 novit
1212 860 1297 918 vel
1326 875 1445 932 quae
1485 874 1544 917 se
1572 874 1731 915 nosse
1772 863 1946 914 autu-~

358 966 471 1017 mat
490 959 761 1030 iactanter
786 954 1057 1027 proferre,
1084 968 1249 1035 quam
1287 953 1432 1021 dicta
1460 951 1784 1033 sapientium
1833 968 1933 1023 au-

357 1054 475 1111 dire
500 1048 794 1107 contendit.

426 1145 532 1211 Qui
565 1144 783 1198 delicate
806 1158 839 1196 a
872 1140 1102 1215 pueritia
1129 1136 1293 1205 nutrit
1317 1156 1521 1195 servum
1543 1154 1697 1205 suum
1716 1179 1732 1209 ,
1755 1149 1935 1210 postea

351 1234 503 1291 illum
535 1234 718 1290 sentiet
741 1243 1118 1288 contumacem.
1148 1229 1250 1299 Qui
1276 1229 1505 1287 delicate
1525 1246 1556 1286 a
1577 1230 1806 1301 pueritia
1836 1245 1936 1291 nu-

355 1329 449 1383 trit
472 1341 673 1397 corpus
699 1339 879 1391 suum,
910 1323 1054 1394 quod
1101 1322 1283 1377 animo
1322 1322 1584 1379 debuerat
1622 1320 1929 1393 subjugare,

353 1421 402 1476 is
433 1421 525 1475 ubi
562 1419 635 1474 ad
676 1432 852 1473 annos
896 1417 1279 1473 adolescentia:
1305 1417 1630 1485 peruenerit,
1672 1414 1934 1471 hsci‘vum

355 1511 477 1575 hoc,
500 1519 554 1564 et
580 1507 905 1564 indomabile
932 1506 1148 1572 sentiet,
1165 1507 1308 1561 hunc
1330 1521 1546 1561 versum
1574 1505 1678 1559 alia
1705 1504 1935 1571 transla-

356 1603 429 1656 tio
450 1599 673 1672 pulchre
696 1599 888 1663 habet;
918 1596 1005 1667 qui
1030 1596 1283 1650 delicatus
1308 1612 1341 1649 a
1364 1595 1591 1669 pueritia
1612 1612 1790 1650 servus
1807 1594 1930 1663 erit,

354 1690 629 1753 novissime
657 1694 829 1745 autem
859 1687 1253 1745 contristabitur
1291 1687 1345 1740 in
1390 1702 1464 1740 se.
1506 1675 1934 1741 Contristabitur

354 1794 591 1852 namque
613 1794 740 1836 sero
765 1778 1330 1850 malorumpmnitens
1359 1778 1415 1832 in
1457 1793 1548 1844 se,
1575 1776 1663 1851 qui
1711 1792 1768 1831 se
1813 1791 1931 1849 me-

356 1872 515 1926 minit
541 1871 778 1925 noluisse
804 1870 856 1924 in
884 1877 1069 1924 tenera
1104 1868 1279 1923 adhuc
1311 1876 1469 1923 aetate
1496 1884 1525 1922 a
1550 1868 1662 1923 suis
1687 1866 1931 1941 volupta-

354 1963 500 2019 tibus
525 1948 593 2018 ad
614 1963 855 2033 regulam
891 1962 1168 2016 continere
1189 1961 1550 2032 prudentium.

437 2050 532 2106 Vir
549 2053 835 2107 iracundus
859 2061 1103 2123 provocat
1131 2052 1275 2105 rixas
1299 2066 1316 2104 :
1343 2060 1392 2105 et
1416 2050 1504 2123 qui
1542 2049 1612 2105 ad
1649 2050 1932 2122 indignan-

355 2143 481 2197 dum
527 2143 701 2213 facilis
742 2151 837 2209 est,
890 2142 991 2207 erit
1036 2143 1105 2197 ad
1151 2151 1365 2213 peccata
1419 2142 1715 2216 proclivior.
1759 2143 1933 2207 Junua

352 2235 595 2291 omnium
625 2234 879 2289 vitiorum
907 2234 1189 2289 iracundia
1215 2243 1319 2300 est,
1346 2249 1450 2315 qua
1482 2236 1682 2305 clausa,
1713 2235 1932 2301 virtuti-

355 2329 456 2383 bus
482 2326 807 2381 intrinsecus
833 2324 1050 2379 dabilur
1075 2324 1248 2394 quies.

424 2414 529 2480 Qui
565 2430 682 2468 cum
724 2412 839 2481 fure
876 2415 1123 2485 partitur,
1146 2415 1255 2468 odit
1286 2415 1516 2469 animant
1538 2432 1721 2483 suam;
1776 2416 1936 2485 adiu-

352 2515 557 2560 rantem
594 2504 701 2559 odit
730 2514 779 2559 et
806 2521 910 2559 non
936 2504 1155 2559 indicat.
1184 2505 1500 2561 Auditorem
1532 2522 1687 2562 suum
1719 2508 1933 2577 sapien-

350 2597 428 2652 tia
449 2608 559 2651 non
583 2596 756 2651 solum
786 2609 817 2650 a
847 2596 1082 2666 peccatis
1113 2597 1406 2661 abstinere,
1434 2597 1527 2651 sed
1555 2612 1584 2650 a
1611 2605 1933 2666 peccantum

349 2704 409 2747 se
455 2687 810 2744 contubernio
858 2686 1016 2743 docet
1063 2687 1336 2752 cohibere,
1356 2703 1427 2743 ne
1450 2686 1591 2741 forte
1619 2701 1651 2741 a
1688 2686 1933 2742 districto

344 2778 529 2852 judice
574 2787 850 2834 mereatur
890 2778 1080 2833 audire
1118 2795 1130 2830 :
1179 2776 1236 2832 Si
1280 2776 1489 2831 videbas
1531 2776 1732 2846 frtrem,
1774 2773 1933 2830 simul

349 2870 592 2925 currebas
619 2882 738 2923 cum
754 2885 837 2933 eo,
860 2871 916 2923 et
934 2884 1053 2921 cum
1079 2867 1332 2923 adulteris
1355 2869 1643 2938 portionem
1669 2882 1814 2922 tuam
1837 2882 1933 2939 po-

352 2960 526 3015 nebas.
561 2959 676 3016 Non
704 2960 850 3015 enim
880 2959 968 3013 fur
992 2958 1354 3024 solummodo,
1373 2959 1469 3015 sed
1497 2959 1661 3015 etiam
1687 2958 1778 3014 ille
1803 2972 1933 3014 reus

352 3061 584 3119 tenetur,
614 3052 706 3122 qui
732 3052 982 3107 conscius
1014 3049 1169 3117 furti,
1198 3059 1475 3121 quaerente
1502 3064 1817 3122 passessore
1834 3064 1931 3121 pe-

340 3147 567 3224 cuniam
596 3162 756 3216 quam
786 3145 1042 3217 perdidit,
1066 3156 1175 3200 nan
1203 3142 1319 3200 vult
1342 3146 1582 3201 indicare
1612 3160 1735 3199 cum
1762 3143 1927 3199 valet.

349 3240 549 3296 Verum
573 3254 643 3294 ne
663 3240 783 3309 quis
804 3247 1057 3294 causetur
1086 3245 1232 3293 metu
1259 3254 1317 3293 se
1337 3252 1583 3307 personae
1604 3237 1930 3307 potentioris

350 3347 525 3402 neque
561 3345 592 3385 a
639 3330 821 3385 furum
867 3331 1141 3387 consortio
1189 3330 1452 3401 separari,
1480 3344 1658 3401 neque
1701 3330 1931 3402 prodere
1958 3296 2005 3362 α

349 3439 510 3495 posse
529 3426 674 3495 quod
698 3425 867 3491 novit,
897 3434 1023 3496 apte
1050 3423 1328 3480 subditur:

424 3515 530 3580 Qui
559 3516 704 3568 timet
732 3515 1013 3580 hominem,
1046 3515 1147 3569 cito
1175 3522 1416 3581 corruet;
1441 3513 1529 3584 qui
1544 3521 1718 3584 Sperat
1743 3513 1798 3569 in
1825 3510 1936 3577 Do-

351 3606 494 3660 mino
524 3604 897 3659 sublevabitur.
930 3604 1029 3661 Cui
1058 3604 1306 3676 congruit
1331 3592 1465 3659 illud
1494 3603 1877 3673 Evangelicum
1916 3621 1929 3657 :

353 3693 532 3750 Nolite
564 3695 750 3750 timere
776 3695 867 3767 qui
888 3695 1128 3759 occidunt
1150 3696 1605 3765 corpus,animam
1635 3684 1810 3749 autem
1830 3710 1933 3748 non

352 3793 572 3859 possunt
598 3785 832 3840 occidere
866 3782 1087 3856 (Matth.
1116 3782 1196 3857 χ).

876 3864 881 3869 “
918 3874 1149 3933 CAPUT
1184 3872 1357 3931 xxx.

429 3968 597 4026 Verba
627 3967 1000 4044 Congregantis
1041 3970 1141 4040 ﬁlii
1180 3966 1464 4026 Vomentis.
1500 3966 1620 4024 Huc
1637 3982 1810 4039 usque
1834 3982 1933 4039 pa-

354 4063 551 4119 rabolae
577 4062 880 4118 Salomonis
917 4077 1056 4135 quas
1096 4063 1488 4118 transtulerunt
1533 4061 1637 4116 viri
1686 4060 1934 4131 Ezechiae.

353 4158 497 4229 regis
543 4157 699 4214 Iuda.
750 4156 889 4214 llinc
928 4140 1120 4212 rursus
1162 4154 1328 4213 verba
1370 4154 1680 4211 Salomonis
1721 4154 1790 4209 ab
1816 4154 1935 4233 ipso

354 4247 486 4303 alias
516 4249 678 4314 dicta,
714 4257 768 4303 et
790 4247 975 4304 forsan
1003 4247 1120 4319 ipse
1144 4248 1213 4303 ab
1242 4263 1308 4303 eo
1334 4245 1477 4329 quod
1514 4246 1704 4301 Greece
1749 4244 1937 4300 Eccle-

353 4340 543 4396 siastes
563 4341 780 4408 dicitur,
797 4358 964 4407 nunc,
989 4340 1342 4410 interpretato
1358 4339 1412 4393 in
1432 4336 1690 4393 Latinum
1714 4337 1936 4399 nomine

354 4429 463 4496 illo,
487 4447 804 4503 congregans
824 4429 1140 4502 appellatur.
1167 4428 1414 4485 Ecclesia
1428 4428 1573 4483 enim
1602 4426 1931 4499 congregatio

356 4532 598 4576 vocatur.

432 4609 577 4665 Visio
602 4626 758 4682 quam
786 4611 989 4665 locutus
1014 4620 1087 4665 est
1113 4610 1194 4665 vir
1215 4626 1332 4663 cum
1353 4626 1455 4681 quo
1483 4618 1559 4663 est
1578 4606 1717 4663 Deus
1733 4649 1748 4675 ,
1778 4618 1825 4662 et
1847 4609 1934 4680 qui

358 4700 464 4756 Deo
504 4718 677 4755 secum
721 4712 957 4755 morante
1003 4701 1346 4771 confortatus,
1394 4702 1486 4755 ait.
1530 4697 1701 4766 Visio,
1737 4702 1932 4771 inquit,

354 4806 513 4864 quam
542 4789 744 4845 locutus
774 4800 866 4857 est,
899 4791 1025 4862 quia
1053 4793 1197 4862 quod
1227 4792 1361 4847 vidit
1386 4792 1524 4873 apud
1554 4791 1724 4847 Deum
1752 4805 1935 4845 secre-

359 4886 496 4941 tiora
544 4883 958 4954 contemplanda
1012 4883 1267 4954 patefecit
1306 4884 1620 4940 hominibus
1665 4881 1812 4937 foras
1861 4882 1939 4937 lo-

356 4974 593 5049 quendo,
628 4975 875 5044 quisquis
897 4974 1040 5029 enim
1067 4974 1162 5030 Dei
1200 4974 1390 5045 spiritu
1439 4972 1794 5039 confortatur,
1821 4971 1937 5027 haec

359 5084 478 5138 quae
504 5076 805 5136 sequuntur
825 5066 1016 5121 humili
1043 5065 1208 5121 corde
1225 5064 1473 5138 profatur
1501 5084 1515 5119 :

430 5158 783 5214 Stultissimus
833 5173 950 5212 sum
995 5158 1247 5223 virorum,
1275 5165 1325 5210 et
1363 5156 1616 5227 sapientia
1666 5155 1934 5209 hominum

361 5264 462 5301 non
490 5258 563 5301 est
597 5264 817 5302 mecum.
842 5277 913 5287 —
943 5245 1074 5300 Filii
1102 5247 1244 5302 enim
1280 5245 1459 5301 saeculi
1498 5246 1655 5317 hujus
1700 5247 1933 5317 pruden-

362 5340 517 5393 tiores
543 5340 820 5409 ﬁliislucis
845 5342 898 5393 in
934 5340 1263 5411 generatione
1293 5356 1391 5393 sua
1432 5349 1551 5394 sunt
1596 5336 1747 5412 (Luc.
1787 5339 1933 5421 xw);

362 5438 418 5485 et
439 5430 707 5500 apostolus
738 5448 751 5485 :
787 5429 847 5487 Si
876 5432 994 5505 quis
1015 5472 1029 5497 ,
1054 5432 1261 5501 inquit,
1287 5431 1488 5485 videtur
1517 5432 1722 5500 sapiens
1747 5447 1858 5485 esse
1880 5432 1936 5486 in

363 5522 459 5576 hoc
484 5520 694 5586 sarculo,
730 5522 918 5579 stultus
948 5523 1048 5592 ﬁat
1074 5532 1127 5577 ut
1153 5523 1218 5576 sit
1245 5523 1450 5594 sapiens
1475 5521 1525 5595 (I
1558 5522 1681 5577 Cor.
1706 5523 1823 5598 nt);
1881 5534 1938 5580 et

365 5612 481 5682 ipse
507 5610 573 5665 de
600 5625 658 5664 se
690 5611 907 5681 suisque
929 5613 1225 5681 similibus,
1257 5613 1313 5667 in
1341 5616 1537 5684 quibus
1580 5612 1727 5673 Deus
1759 5635 1772 5670 :
1825 5614 1939 5674 Nos

365 5711 539 5759 autem
564 5702 911 5772 praedicamus
932 5701 1196 5758 Christum
1222 5705 1531 5776 cruciﬁxum
1548 5748 1562 5773 ,
1585 5707 1791 5763 Judwis
1818 5710 1940 5781 qui-

365 5798 481 5853 dem
498 5791 829 5863 scandalum,
866 5796 1101 5867 gentibus
1126 5807 1299 5853 autem
1321 5800 1595 5854 stultitiam
1622 5799 1675 5873 (Ι
1716 5799 1839 5857 Cor.
1876 5801 1939 5875 ι).

439 5888 561 5946 Non
587 5887 750 5944 didici
766 5887 1099 5961 sapientiam,
1112 5898 1161 5945 et
1188 5890 1305 5945 novi
1326 5898 1626 5948 sanctorum
1643 5891 1940 5948 scientiam.

1960 4652 2015 4714 D

2036 675 2205 748 gratis
2244 674 2504 731 offerente
2548 673 2810 745 percepit,
2865 681 2923 726 ut
2970 680 3280 737 sanctorum
3330 673 3614 728 scientiam

2036 754 2241 839 nosset,
2269 768 2364 823 sed
2389 776 2444 822 et
2480 767 2789 841 Apostolus,
2817 766 2909 838 qui
2938 768 3016 833 ait
3042 784 3056 821 :
3088 766 3202 833 Nos
3232 770 3379 822 stulti
3405 779 3616 842 propter

2037 854 2301 914 Christum
2333 856 2417 932 (11
2440 856 2562 913 Cor.
2588 857 2697 931 tv),
2730 859 2841 927 ipse
2867 858 3061 917 iterum
3089 857 3218 919 dicit
3249 875 3263 909 :
3292 854 3615 926 Sapientiam

2035 959 2210 1003 autem
2232 949 2493 1020 loquimur
2520 948 2653 1003 inter
2678 947 2928 1021 perfectos
2958 947 3008 1029 ί]
3039 947 3160 1015 βυτ.
3184 945 3270 1019 ιι),
3293 947 3615 1017 sapientiam

2035 1060 2165 1113 vero.
2185 1061 2292 1111 non
2320 1044 2481 1123 hujus
2501 1044 2895 1123 secutumque
2919 1043 3223 1115 puluinum
3248 1041 3410 1123 huius
3429 1042 3610 1111 seculi

2036 1138 2128 1212 qui
2154 1141 2526 1207 destruantur.

2104 1248 2239 1316 Quis
2263 1249 2497 1313 usust
2520 1250 2579 1315 in
2604 1247 2791 1311 culum
2821 1255 2975 1318 de“
2998 1245 3283 1313 ducem.
3313 1243 3442 1311 Haec
3480 1258 3613 1307 san-

2035 1348 2246 1405 etoer
2285 1339 2513 1405 scientia
2538 1352 2659 1407 quae
2685 1353 2719 1403 ιι
2761 1336 3096 1408 sapientibus
3149 1334 3330 1401 mli
3381 1333 3613 1399 stultitia

2034 1440 2276 1502 putatur,
2306 1432 2438 1501 quia
2458 1432 2708 1495 videlicet
2736 1433 2834 1491 Dei
2862 1433 3030 1497 Filius
3056 1433 3110 1491 in
3141 1439 3416 1501 assumpta
3451 1445 3614 1487 carne

2033 1533 2156 1595 post
2181 1533 2413 1587 mortem
2454 1533 2514 1581 et
2560 1526 3017 1587 rowrreetionem
3066 1541 3224 1584 suam
3266 1524 3516 1583 ascendit
3556 1523 3613 1579 in

2034 1616 2258 1683 ωιυω.
2286 1631 2357 1679 ac
2375 1624 2578 1679 nostra:
2609 1616 3026 1680 resurrectionis
3050 1623 3298 1685 tempore
3327 1614 3615 1675 descensu-

2036 1721 2130 1771 ηδ
2154 1713 2241 1771 εει
2271 1706 2340 1763 de
2367 1705 2509 1769 caelo
2546 1705 2614 1767 ad
2634 1705 2958 1776 iudicandos
2982 1705 3134 1767 rivos
3154 1712 3214 1766 et
3234 1712 3504 1770 mortuos.

2103 1815 2237 1883 Quis
2264 1817 2519 1872 eminuit
2562 1819 2806 1889 spiritum
2838 1818 2897 1873 in
2941 1818 3181 1872 manibus
3224 1818 3374 1872 suis?
3423 1813 3616 1872 Omnis

1960 1934 2010 2003 Β
2038 1908 2262 1978 spiritus
2292 1916 2348 1964 et
2374 1910 2660 1972 humanus,
2685 1917 2742 1963 et
2768 1908 3069 1978 angelicus,
3094 1916 3148 1963 et
3189 1907 3501 1962 animalium
3520 1947 3534 1972 ,
3560 1915 3616 1962 et

2035 2001 2420 2072 procellam,
2441 2016 2513 2057 ne
2540 2000 2777 2068 deﬁciat,
2805 2001 2900 2057 Dei
2924 2001 3164 2073 potentia
3186 1999 3515 2056 continetur.

2106 2113 2237 2197 Quis
2260 2115 2522 2186 colligavit
2551 2130 2736 2187 aquas,
2762 2118 2914 2187 quasi
2939 2115 2992 2169 in
3019 2116 3355 2187 vestimento?
3391 2113 3468 2169 De
3500 2113 3618 2195 ipso

2035 2215 2090 2262 et
2126 2204 2416 2262 Psalmista
2447 2224 2460 2260 :
2493 2205 2823 2278 Congregans
2851 2206 2983 2261 sicut
3010 2208 3065 2261 in
3097 2211 3265 2261 utrem
3306 2221 3470 2277 aquas
3501 2222 3614 2263 ma-

2035 2302 2109 2355 ris
2135 2296 2307 2373 (Psal.
2339 2299 2558 2371 xxxm).
2689 2288 2699 2297 ⁴

2106 2415 2237 2491 Quis
2258 2415 2527 2483 suscitavit
2554 2430 2732 2481 omnes
2757 2413 3006 2481 terminos
3024 2413 3219 2473 terra}?
3246 2421 3301 2477 et
3326 2430 3470 2477 nunc
3495 2428 3613 2479 om-

2035 2509 2147 2573 nia.
2172 2523 2295 2579 quae
2322 2523 2424 2585 per
2463 2508 2653 2571 orbem
2700 2507 2887 2565 vivunt
2922 2516 2983 2576 α
3025 2515 3300 2574 crescunt,
3346 2507 3612 2573 homines,
3642 2558 3653 2562 -

2036 2600 2352 2665 animantia,
2386 2599 2653 2669 germina,
2678 2600 2939 2654 Dominus
2984 2608 3042 2654 ut
3088 2615 3187 2663 sua
3227 2613 3457 2673 quasque
3497 2597 3614 2663 vita

2035 2690 2339 2759 subsistant
2374 2690 2611 2755 excitat,
2639 2697 2695 2755 et
2729 2690 2786 2749 in
2815 2689 2902 2751 die
2923 2688 3116 2763 indicii
3140 2696 3397 2755 cunctim)
3421 2703 3452 2743 a
3475 2702 3615 2760 qna-

2035 2791 2162 2849 tuot‘
2184 2783 2360 2843 ventis
2383 2782 2507 2849 caeli
2529 2797 2699 2853 genus
2718 2783 3014 2849 humanum
3043 2796 3074 2835 a
3103 2788 3277 2837 morte
3306 2778 3608 2839 suscitabit.

2106 2872 2261 2949 Quod
2286 2889 2469 2935 nomen
2496 2872 2695 2942 ejus,et
2714 2872 2853 2947 quod
2879 2887 3066 2933 nomen
3095 2870 3197 2942 ﬁlii
3218 2870 3352 2943 ejus,
3370 2870 3415 2930 si
3444 2866 3621 2925 nosti?

2034 2964 2113 3019 De
2140 2964 2235 3018 Dei
2264 2963 2440 3018 Patris
2464 2972 2519 3018 et
2542 2962 2664 3017 Filii
2694 2962 2913 3017 nomine
2940 2962 3093 3028 dicit,
3116 2959 3273 3039 cujus
3299 2960 3616 3034 mysterium

2035 3055 2312 3123 saecularis
2366 3054 2629 3133 sapientia
2679 3053 2997 3119 naturaliter
3043 3052 3186 3110 scire
3236 3067 3344 3115 non
3393 3058 3612 3131 potest,

2034 3146 2282 3221 quamvis
2307 3161 2473 3203 unum
2502 3160 2621 3211 esse
2646 3144 2838 3211 Deum,
2863 3144 2957 3221 qui
2979 3143 3159 3201 omnia
3197 3142 3387 3205 fecerit
3409 3157 3508 3217 per
3530 3155 3615 3207 ea,

2035 3256 2157 3323 quae
2203 3239 2524 3301 mirabiliter
2565 3239 2706 3303 facta
2756 3238 2934 3305 videt,
2964 3237 3266 3309 intelligere
3308 3243 3508 3313 potest.
3559 3233 3619 3293 Si

2038 3333 2205 3399 nosti,
2241 3332 2436 3404 inquit,
2477 3332 2820 3400 subauditur,
2848 3339 2904 3401 tu
2931 3331 3025 3405 qui
3055 3331 3122 3389 de
3166 3338 3262 3395 tua
3311 3338 3365 3399 te
3398 3326 3620 3401 jactans

2038 3410 2325 3495 sapientia,
2352 3433 2551 3488 nostra:
2586 3423 2711 3479 ﬁdei
2752 3423 3029 3496 mysteria,
3076 3421 3364 3478 stultitiam
3415 3434 3622 3489 nuncu-

2034 3532 2167 3589 pare
2196 3517 2501 3587 praesumis-

2109 3605 2293 3667 Omuis
2319 3621 2489 3669 sermo
2522 3602 2621 3663 Dei
2641 3604 2839 3675 ignitus
2868 3603 3081 3677 elypeus
3108 3613 3183 3660 est
3208 3602 3535 3677 sperantibus
3561 3602 3619 3656 in

2036 3715 2110 3765 se,
2140 3697 2267 3755 Haec
2286 3705 2342 3751 et
2364 3704 2476 3753 tota
2519 3694 2718 3761 Christi
2743 3693 2985 3759 Ecclesia
3004 3693 3173 3758 norit,
3196 3699 3252 3759 et
3275 3691 3352 3759 illi
3386 3689 3618 3759 maxime

2038 3790 2278 3846 sentiunt
2297 3788 2389 3857 qui
2411 3786 2523 3842 Deo
2552 3801 2736 3842 secum
2765 3791 3012 3841 morante
3064 3791 3293 3849 terrenae
3338 3779 3618 3859 sapientia:

2037 3879 2234 3953 fastum
2274 3884 2647 3943 contemnunt,
2674 3876 2803 3948 quia
2840 3874 3098 3943 nimirum
3125 3875 3303 3935 omnis
3326 3886 3508 3939 Sermo
3534 3871 3618 3926 di-

2037 3972 2177 4027 vinas
2202 3968 2546 4033 auctoritatis
2568 3968 2730 4023 corda
2752 3966 3050 4023 electorum
3086 3974 3141 4020 et
3166 3966 3288 4043 igne
3331 3964 3616 4033 charitatis

2037 4062 2306 4133 accendit,
2332 4070 2389 4117 et
2428 4059 2653 4117 scientia
2680 4057 2923 4125 veritatis
2967 4056 3221 4122 illustrat,
3264 4062 3321 4110 et
3363 4055 3618 4113 vitiorum

2038 4155 2247 4225 sordes,
2270 4155 2315 4212 si
2336 4168 2472 4225 quas
2499 4153 2554 4217 in
2580 4153 2660 4209 eis
2686 4150 2978 4216 invenerit,
3006 4147 3309 4216 consumit,
3341 4147 3487 4202 etab
3521 4147 3616 4205 ho-

2020 4248 2199 4305 .stium
2232 4246 2441 4311 insidiis
2464 4241 2820 4325 sperantes'in
2841 4256 2901 4299 se
2926 4240 3244 4313 cunctisque
3268 4237 3506 4307 defendit
3526 4236 3617 4290 ad-

2035 4339 2226 4399 Yersis.
2265 4338 2460 4411 Verum
2502 4336 2756 4393 solertius
2799 4333 3137 4398 intuendum,
3164 4332 3292 4401 quia
3318 4331 3618 4403 proprieta-

2039 4440 2146 4486 tem
2176 4429 2349 4486 Grazci
2375 4427 2641 4484 sermonis
2673 4426 2817 4498 quod
2863 4435 2948 4483 est
2992 4426 3382 4500 πεπυρωμένον,
3425 4421 3617 4477 Latina

2038 4520 2320 4579 translatio
2347 4535 2455 4577 uno
2480 4519 2645 4575 verbo
2671 4534 2777 4574 non
2822 4517 3072 4591 explicat.
3124 4514 3279 4570 Unde
3329 4513 3617 4583 aliquando

2039 4614 2281 4683 ignitum,
2306 4610 2596 4683 aliquando
2627 4610 2744 4680 igne
2769 4609 3125 4671 examinatum
3152 4607 3477 4665 transfertur
3495 4644 3511 4670 ,
3538 4612 3613 4669 ut,

2039 4703 2256 4777 ignitum
2284 4700 2548 4771 eloquium
2576 4708 2723 4759 tuum
2762 4698 3098 4781 uehementer,
3121 4704 3178 4751 et
3200 4704 3471 4765 argentum
3500 4693 3617 4762 igne

2039 4792 2397 4846 examinatum
2429 4788 2601 4861 (Psal.
2631 4804 2819 4853 cxvm,
2846 4785 2993 4842 I’sal.
3024 4786 3102 4851 ιι)
3122 4826 3136 4850 ,
3159 4786 3303 4854 quod
3331 4794 3617 4851 utrumque

2040 4883 2096 4937 in
2124 4880 2313 4937 Graeco
2344 4896 2448 4935 uno
2475 4880 2639 4935 verbo
2679 4879 2876 4935 dicitur
2918 4879 2975 4934 τὸ
3016 4877 3403 4951 πεπυρωμένον,
3440 4872 3619 4929 ethoc

2041 4970 2184 5043 quod
2238 4972 2365 5026 huic
2413 4969 2715 5026 Salomonis
2757 4969 3023 5025 sententia
3064 4966 3394 5031 simillimum
3438 4971 3616 5029 sonat,
3697 5023 3709 5031 ,

2043 5066 2269 5138 Eloquia
2306 5064 2520 5120 Domini
2550 5066 2669 5135 igne
2704 5063 3023 5127 examinata,
3059 5059 3115 5119 id
3142 5067 3248 5125 est,
3274 5059 3614 5135 πεπυρωμένα

2041 5165 2300 5229 protector
2319 5164 2393 5210 est
2418 5155 2647 5211 omnium
2673 5154 2992 5225 sperantiunt
3028 5154 3084 5207 in
3128 5168 3182 5206 se
3232 5147 3417 5222 (Psal.
3448 5149 3614 5219 xvu).

2043 5251 2402 5325 Παπυρωμένον
2425 5261 2554 5316 ergo
2578 5246 2845 5316 signiﬁcat
2870 5244 3012 5315 quod
3041 5252 3294 5312 tanquam
3331 5239 3616 5296 conﬂatm!)

2046 5342 2169 5411 igne
2198 5347 2478 5410 purgatum
2506 5338 2596 5394 sit.
2629 5337 2779 5392 Sicut
2828 5335 2974 5391 enim
3026 5347 3358 5406 quaecunque
3401 5331 3619 5391 metalla

2046 5434 2168 5506 igne
2191 5432 2421 5490 conﬂata
2451 5433 2664 5487 sordem
2694 5431 2749 5485 in
2795 5444 2854 5489 se
2897 5429 3127 5495 alienam
3173 5437 3334 5498 atque
3370 5425 3618 5485 inutilem

2046 5538 2153 5578 non
2177 5524 2474 5588 continent,
2505 5530 2675 5575 totum
2705 5519 2962 5595 quidquid
2987 5520 3041 5585 in
3066 5519 3145 5575 eis
3188 5517 3392 5585 residet
3430 5529 3618 5570 verum

2042 5622 2100 5668 et
2115 5611 2414 5684 perfectum
2443 5620 2495 5665 et
2517 5609 2662 5665 omni
2695 5609 2946 5671 vitiorum
2997 5608 3155 5673 sorde
3192 5604 3478 5679 purgatum
3515 5611 3615 5668 est,

2043 5705 2119 5762 ita
2140 5705 2410 5775 eloquium
2430 5702 2642 5759 Domini
2664 5711 2990 5769 aeternorum
3015 5702 3071 5765 in
3095 5715 3154 5759 se
3172 5701 3438 5763 bonorum
3456 5696 3620 5781 ﬁdem

2044 5803 2273 5863 testans,
2303 5795 2432 5850 hinc
2461 5793 2587 5849 illud
2615 5802 2699 5863 est
2740 5793 2951 5857 Domini
2976 5811 2989 5846 :
3020 5791 3141 5847 Iota
3170 5807 3355 5857 unum,
3378 5796 3467 5851 aut
3488 5798 3621 5855 unus

2045 5905 2199 5963 apex,
2212 5906 2318 5945 non
2333 5889 2615 5960 prwteribit
2631 5907 2661 5942 a
2675 5887 2783 5959 lege
2794 5888 2956 5942 donec
2971 5887 3146 5941 omnia
3161 5885 3289 5939 ﬁant
3313 5880 3529 5955 (Matth.
3549 5879 3621 5951 ι’).

3774 5916 3841 5943 μμ
