4100 6324
416 385 528 442 775

1069 373 1131 426 B.
1171 367 1425 425 RABANI
1463 365 1680 422 MAURI
1714 360 2035 419 ARCHIEP.
2077 351 2385 413 MOGUNT.
2423 345 2708 406 OPERUM
2747 341 2926 399 PARS
2961 340 3049 395 Ill.

3569 331 3674 388 776

416 492 558 547 Vera
581 488 727 545 enim
752 483 933 540 omnia
967 489 1093 537 sunt
1134 489 1190 534 et
1223 488 1378 534 extra
1417 491 1632 532 omnem
1673 472 1992 550 ambiguita-
2019 473 2072 533 Α
2095 480 2236 522 neno
2275 477 2455 534 pravae
2502 457 2839 514 allocutionis
2888 451 3048 509 morti
3083 457 3355 522 perpetuat
3401 445 3681 518 subjugari

422 592 529 641 tem
556 577 836 650 superﬂuae
858 572 1139 628 inanitatis
1160 570 1348 640 ignita.

493 673 618 727 Non
642 668 809 723 addas
838 665 1121 738 quidquam
1149 661 1314 714 verbis
1336 658 1466 723 illis,
1491 666 1538 710 et
1568 654 1834 726 arguaris,
1861 653 2004 706 inve-

424 765 688 834 niarisque
717 759 963 814 mendax.
988 753 1066 809 Ne
1091 766 1408 820 corrumpas
1442 749 1655 818 eloquia
1694 753 2003 802 sanctarum

427 854 852 927 Scripturarum,
881 848 1026 920 quod
1071 846 1290 916 quidam
1341 840 1607 905 haeretici,
1635 853 1704 894 ne
1750 837 1836 892 bis
1880 849 2008 890 con-

431 948 798 1007 vincerentur,
825 939 1020 995 fecisse
1054 943 1374 991 noscuntur.

502 1037 620 1090 Duo
660 1031 838 1103 rogavi
867 1039 936 1095 te,
967 1045 1028 1083 ne
1059 1028 1276 1095 deneges
1313 1021 1443 1076 mihi
1486 1028 1763 1089 antequam
1788 1013 2006 1068 moriar.

444 1130 740 1186 Vanitatem
760 1135 806 1180 et
827 1122 979 1179 verba
998 1119 1272 1174 mendacia
1302 1115 1453 1185 longe
1478 1114 1563 1184 fac
1590 1129 1622 1165 a
1649 1127 1752 1164 me.
1784 1104 2012 1161 Menda-

436 1223 646 1277 citatem
669 1227 716 1272 et
737 1216 944 1270 divitias
973 1228 1037 1266 ne
1056 1210 1260 1264 dederis
1283 1207 1433 1272 mihi,
1453 1205 1619 1259 tribue
1641 1209 1844 1255 tantum
1859 1196 2017 1252 victui

435 1327 550 1367 meo
598 1307 891 1363 necessaria
912 1344 928 1371 ,
981 1311 1085 1358 etc.
1137 1299 1263 1354 Haec
1307 1298 1481 1353 adhuc
1525 1295 1610 1350 vir
1648 1307 1770 1349 cum
1799 1304 1907 1360 quo
1935 1293 2018 1342 est

439 1403 601 1465 Deus,
633 1395 898 1454 sermonis
929 1392 1044 1463 ejus
1069 1392 1192 1463 igne
1217 1389 1480 1452 radiatus,
1508 1384 1578 1439 ad
1615 1383 1789 1452 ipsum
1837 1376 2020 1433 Domi-

439 1509 568 1550 num
597 1503 859 1546 conversa
879 1501 1013 1541 voce
1034 1483 1298 1555 profatur,
1321 1480 1610 1534 obsecrans
1633 1487 1701 1528 ne
1725 1471 2020 1525 vanitatem

443 1587 625 1645 saeculi
653 1596 928 1652 nunquam
954 1579 1041 1636 vel
1079 1578 1244 1632 verba
1289 1571 1570 1629 mendacia
1613 1567 1828 1622 veritati
1865 1564 2024 1620 cccle-

447 1680 608 1734 stium
638 1680 920 1746 praeponat
945 1670 1369 1739 Scripturarum,
1397 1677 1499 1718 nec
1520 1675 1737 1715 rursum
1759 1657 1846 1712 vel
1869 1653 2023 1724 c0pia

447 1770 531 1825 vel
555 1744 735 1838 inopia
760 1761 1158 1819 transeuntium
1184 1771 1367 1813 rerum
1389 1755 1444 1810 in
1464 1751 1791 1807 oblivionem
1811 1744 2022 1802 decidat

452 1869 794 1914 aeternorum.
1441 1833 1444 1838 ’
1668 1853 1675 1860 ’

525 1948 800 2003 Generatio
820 1961 935 2017 quia
955 1944 1095 2016 patri
1120 1957 1217 1996 suo
1240 1937 1525 2002 maledicit,
1542 1943 1589 1989 et
1610 1933 1770 1988 matri
1793 1946 1903 1985 sua:
1926 1944 2031 1983 non

455 2038 726 2094 benedicit.
755 2035 889 2091 Cum
911 2033 1159 2104 superius
1177 2028 1467 2100 puritatem
1485 2025 1587 2080 sibi
1608 2023 1732 2078 vitae
1753 2037 1785 2076 a
1805 2018 2033 2076 Domino

457 2128 577 2186 dari
598 2117 809 2200 peteret
837 2131 1158 2181 convertens
1180 2119 1357 2174 subito
1384 2115 1636 2171 intuitum
1682 2112 1750 2166 ad
1797 2117 2037 2166 eontem-

454 2218 707 2290 plandam
729 2230 1019 2287 pravorum
1048 2210 1342 2282 nequitiam
1371 2205 1588 2276 quantis
1624 2204 1740 2258 haec
1783 2202 1856 2256 sit
1892 2200 2040 2254 invo-

455 2308 571 2365 luta
597 2308 849 2371 miseriis,
873 2319 1038 2376 quam
1055 2303 1213 2373 longe
1241 2315 1272 2354 a
1298 2296 1544 2353 veritatis
1572 2294 1754 2357 distet,
1778 2291 2036 2345 insinuat.

459 2398 574 2465 Est,
597 2397 866 2468 inquiens,
898 2393 1160 2465 generatio
1211 2388 1590 2458 nefandorum,
1621 2399 1738 2454 qua:
1778 2381 1873 2435 etsi
1907 2380 2042 2432 bona

456 2488 695 2561 qualibet
727 2488 857 2557 agit,
878 2484 1066 2556 perdit.
1090 2481 1217 2538 Haec
1243 2480 1297 2535 in
1315 2494 1380 2535 eo
1400 2477 1545 2548 quod
1568 2477 1830 2531 honorem
1849 2484 2043 2540 paren-

459 2580 604 2636 tibus
639 2593 748 2633 non
775 2575 966 2632 defert.

533 2669 811 2725 Generatio
845 2684 963 2738 qua:
990 2665 1091 2720 sibi
1120 2663 1321 2718 munda
1351 2660 1558 2714 videtur
1578 2697 1594 2723 ,
1619 2665 1668 2712 et
1718 2665 1892 2709 tamen
1942 2667 2048 2705 non

461 2773 536 2819 est
567 2761 676 2815 lota
703 2778 734 2814 a
763 2757 1004 2814 sordibus
1031 2758 1160 2812 suis.
1185 2757 1260 2809 De
1288 2754 1390 2808 hac
1428 2748 1776 2822 generatione
1813 2744 2051 2814 loquitur

465 2856 772 2921 Psalmista,
802 2852 1065 2920 Quoniam
1098 2851 1239 2905 Deus
1269 2848 1490 2918 dissipat
1519 2861 1637 2899 ossa
1657 2843 1927 2898 hominum
1953 2839 2050 2894 sibi

466 2947 784 3017 placentium
817 2942 992 3015 (Psal.
1015 2941 1134 3013 LII).

541 3037 817 3094 Generatio
841 3037 992 3106 cujus
1013 3033 1205 3090 excelsi
1233 3041 1354 3087 sunt
1393 3029 1552 3095 oculi,
1577 3038 1625 3083 et
1651 3027 1912 3098 palpebra:
1939 3025 2054 3094 ejus

471 3132 528 3185 in
599 3128 709 3183 alta
768 3136 1035 3181 surrectw.
1097 3124 1267 3194 Hujus
1322 3120 1652 3177 consortium
1691 3115 2056 3189 generationis

471 3223 678 3280 vitabat
722 3220 1010 3276 Psalmista
1069 3233 1193 3273 cum
1240 3215 1454 3270 dicebat
1504 3231 1517 3267 :

473 3314 763 3370 exaltatum
788 3328 879 3366 cor
906 3327 1076 3365 meum
1100 3325 1261 3380 neque
1282 3306 1406 3362 elati
1425 3313 1547 3359 sunt
1573 3301 1711 3358 oculi
1733 3301 1836 3356 mei
1873 3295 2056 3371 (Psal.

476 3423 614 3462 cxxx
640 3405 683 3477 ).

548 3499 830 3555 Generatio
857 3513 973 3568 qua:
997 3511 1088 3567 pro
1113 3491 1352 3547 dentibus
1395 3488 1597 3561 gladios
1625 3487 1798 3551 habet,
1824 3494 1873 3540 et
1917 3499 2062 3539 com-

479 3590 680 3646 mandit
707 3587 992 3642 molaribus
1022 3585 1151 3639 suis.
1197 3583 1273 3638 De
1302 3582 1404 3636 hac
1439 3577 1725 3634 Psalmista
1757 3590 1772 3628 :
1806 3573 1935 3627 Filii
1974 3575 2068 3627 ho-

479 3683 701 3747 minum,
722 3681 899 3734 dentes
941 3693 1121 3731 eorum
1160 3690 1313 3728 arma
1349 3681 1399 3726 et
1424 3671 1629 3742 sagitta:
1650 3681 1668 3721 .'
1688 3676 1737 3722 et
1761 3665 1954 3736 lingua:
1987 3680 2069 3718 eo-

483 3791 623 3839 rum,
653 3772 918 3826 machaara
955 3777 1133 3822 acuta.

559 3862 625 3918 Ut
657 3862 893 3918 comedat
920 3863 1098 3931 inopes
1138 3858 1202 3912 de
1228 3867 1370 3912 terra
1393 3869 1443 3910 et
1467 3867 1718 3924 pauperes
1748 3865 1811 3903 ex
1839 3846 2071 3900 homini-

487 3959 603 4014 bus.
633 3956 714 4010 Ad
736 3956 840 4010 hoc
874 3953 1113 4024 linguam
1145 3955 1360 4005 armant
1403 3952 1776 4019 persecutores
1819 3939 2078 3996 Ecclesiae

486 4060 549 4107 ut
577 4049 895 4103 innocentes
918 4044 1122 4100 Christi
1145 4051 1198 4099 et
1231 4040 1462 4097 humiles
1500 4035 1795 4093 trucident.
1837 4031 1991 4102 Quod
2031 4031 2078 4086 si

489 4139 777 4208 diligenter
804 4134 1154 4191 considerare
1187 4131 1447 4194 volueris,
1471 4127 1716 4182 invenies
1739 4127 1836 4179 has
1859 4136 2081 4194 genera-

493 4231 667 4285 tiones
697 4225 1146 4297 congregationes
1172 4235 1289 4275 esse
1315 4217 1677 4288 nequissimas
1695 4214 2005 4269 Iudaeorum
2025 4218 2082 4266 et

495 4324 898 4385 hmreticornm,
939 4317 1246 4372 Judmorum
1297 4326 1426 4381 ergo
1479 4308 1752 4380 generatio
1794 4306 1936 4377 patri
1986 4319 2084 4360 suo

499 4413 804 4476 maledixit,
835 4410 910 4464 illi
933 4406 1188 4461 videlicet
1214 4403 1306 4473 qui
1336 4403 1412 4455 ait
1444 4419 1458 4455 :
1485 4399 1658 4454 Filius
1696 4416 1840 4453 meus
1890 4400 2086 4469 primo-

496 4505 700 4578 genitus
723 4501 921 4566 Israel,
948 4497 1163 4568 quando
1185 4495 1352 4549 filium
1375 4491 1492 4562 ejus
1513 4493 1815 4547 venientem
1840 4491 1893 4544 in
1921 4504 2084 4544 carne

499 4595 742 4667 negavit,
771 4601 824 4648 ct
852 4589 1015 4646 matri
1035 4603 1145 4643 suae
1165 4601 1271 4641 non
1297 4582 1590 4648 benedixit,
1615 4582 1911 4654 Synagoga:
1929 4582 2082 4653 cujus

507 4685 632 4740 ﬁdei
662 4683 905 4754 pristinae
937 4679 1218 4736 scientiam
1250 4676 1304 4730 in
1330 4673 1583 4729 Patribus
1610 4689 1674 4729 ac
1695 4673 1974 4743 pr0phetis
2015 4671 2081 4728 de

499 4777 716 4834 Christo
754 4774 1021 4829 habuerat
1057 4767 1310 4824 detraxit.
1355 4763 1778 4819 Novatianorum
1808 4763 2082 4834 generatio

502 4866 702 4922 munda
723 4864 826 4919 sibi
845 4863 1077 4926 videtur,
1109 4859 1294 4914 dicens
1330 4870 1389 4910 se
1430 4855 1745 4925 paenitentia
1789 4869 1924 4924 Opus
1977 4867 2085 4907 non

503 4959 726 5020 habere,
757 4965 812 5012 et
849 4965 1030 5010 tamen
1063 4966 1171 5007 non
1199 4955 1377 5019 potest
1399 4948 1600 5002 munda
1628 4962 1747 5002 esse
1775 4962 1808 5000 a
1837 4953 2087 5016 peccato-

506 5065 630 5104 rum
669 5048 937 5113 sordibus,
969 5061 1092 5116 quae
1129 5042 1334 5096 fontem
1380 5037 1710 5110 paenitentiae
1740 5037 2088 5107 peccantibus

507 5140 722 5196 veniam
741 5139 983 5210 negando
1007 5133 1311 5206 praecludit,
1327 5132 1454 5186 item
1474 5131 1751 5202 generatio
1763 5132 2088 5186 Arianorum

509 5230 754 5286 excelsos
779 5230 942 5284 habet
963 5227 1171 5292 oculos,
1194 5233 1250 5279 et
1265 5222 1551 5294 palpebras
1588 5237 1750 5292 super
1779 5223 1947 5278 Deum
1972 5238 2090 5279 ere-

512 5330 650 5388 ctas,
682 5321 959 5391 inquirens
995 5318 1125 5389 quid
1152 5316 1256 5371 fuit
1284 5321 1466 5379 antea,
1499 5321 1552 5366 et
1578 5314 1704 5383 quia
1738 5313 1838 5368 fuit
1879 5321 2089 5384 tempus

515 5412 727 5482 quando
755 5427 861 5468 non
904 5409 1005 5464 fuit
1044 5409 1206 5475 ﬁlius,
1228 5398 1325 5464 'vel
1352 5395 1472 5475 qua:
1516 5414 1597 5460 est
1643 5392 1877 5477 Spiritus
1922 5407 2095 5462 sancti

514 5509 756 5576 potestas
777 5499 1000 5572 aequalis
1035 5502 1331 5572 inaequalis.
1361 5502 1494 5558 Item
1532 5501 1807 5573 generatio
1848 5515 1968 5569 qua:
1995 5515 2095 5568 pro

517 5594 770 5650 dentibus
791 5593 998 5666 gladios
1021 5593 1206 5658 habet,
1221 5592 1310 5646 illa
1323 5599 1407 5647 est
1422 5584 1784 5662 congregatio,
1803 5607 1922 5661 qua:
1944 5605 2096 5644 suam
2137 5638 2149 5658 ,

517 5686 803 5758 perﬁdiam
829 5685 994 5741 etiam
1021 5685 1144 5740 aliis
1170 5684 1422 5738 intimare
1445 5682 1659 5752 satagit,
1701 5689 1754 5737 et
1796 5681 1936 5736 sicut
1979 5695 2098 5736 cor-

517 5791 648 5849 pora
675 5779 851 5836 solent
875 5778 1071 5852 gladiis
1093 5775 1286 5842 sterni,
1314 5775 1390 5831 ita
1411 5773 1620 5830 animas
1646 5773 1978 5829 audientium
2004 5785 2098 5826 ve-

2031 597 2040 608 ,
2108 555 2406 612 contendit.

2175 639 2518 724 Sanguisugw
2539 649 2660 704 dum
2681 657 2800 704 sunt
2836 646 2962 716 ﬁlice
2979 685 2994 710 ,
3020 643 3245 698 dicentes
3267 631 3310 694 ἐ’
3327 641 3502 711 A/j‘er,
3526 639 3681 708 aﬂer.

2105 747 2444 817 Sanguisuga
2469 751 2554 798 est
2596 740 2859 804 diabolus,
2885 737 2976 808 qui
3021 736 3109 791 siti
3153 735 3411 806 peccandi
3451 748 3515 787 ac
3559 747 3689 802 pec—

2106 846 2228 894 cata
2250 835 2512 893 suadendi
2538 834 2876 888 incessanter
2895 828 3229 884 accenditur.
3257 826 3394 881 Huic
3417 826 3537 881 duae
3560 830 3694 880 sunt

2108 925 2252 992 ﬁliae,
2274 925 2400 995 quia
2428 924 2546 979 duae
2567 920 2873 990 specialiter
2897 917 3118 974 humani
3154 916 3367 988 generis
3399 915 3692 979 illecebne,

2112 1017 2258 1072 hunc
2309 1012 2516 1081 antiqui
2570 1010 2742 1066 hostis
2789 1006 3074 1080 [animum]
3115 1001 3414 1071 imitantur,
3459 1020 3582 1059 nam
3637 1012 3698 1058 et

2113 1104 2337 1160 luxuria:
2366 1117 2472 1172 quo
2504 1100 2724 1155 liberius
2767 1097 2920 1153 frena
2965 1097 3236 1164 laxantur,
3281 1111 3347 1152 eo
3384 1096 3577 1152 noxius
3600 1095 3702 1151 de-

2113 1197 2361 1262 lectatur,
2392 1201 2469 1259 et,
2511 1192 2652 1247 sicut
2680 1188 2900 1259 quidam
2933 1187 3009 1240 ait
3032 1195 3308 1256 poetarum
3328 1226 3344 1253 ,

2239 1328 2426 1382 Crescit
2445 1337 2578 1375 amor
2604 1322 2783 1372 nummi
2809 1325 3040 1382 quantum
3065 1321 3168 1382 ipsa
3186 1317 3393 1381 pecunia
3413 1315 3607 1368 crescit.

2197 1472 2322 1526 Tria
2345 1479 2464 1525 sunt
2485 1464 2939 1530 insaturabilia,et
2968 1473 3214 1534 quartum
3236 1461 3374 1533 quod
3399 1477 3503 1516 non
3531 1459 3658 1513 dicit
3687 1474 3707 1512 .'

2126 1567 2348 1637 Sufﬁcit.
2387 1561 2659 1631 Infernus,
2686 1568 2736 1612 et
2765 1573 2822 1611 os
2849 1556 3034 1623 vulvw,
3062 1568 3111 1610 et
3137 1567 3296 1620 terra,
3325 1570 3440 1626 qute
3482 1569 3586 1606 non
3624 1568 3711 1606 sa-

2124 1661 2287 1713 tiatur
2317 1671 2476 1726 aqua,
2501 1653 2636 1723 ignis
2677 1665 2794 1704 vero
2845 1666 2951 1703 non
2991 1649 3164 1701 dicit:
3197 1646 3416 1717 Suﬂicit.
3464 1643 3713 1697 infernus

2128 1763 2402 1819 nunquam
2449 1745 2754 1800 redundat:
2783 1742 3041 1798 meretrix
3083 1739 3332 1796 similiter
3368 1737 3542 1792 vicina
3571 1737 3710 1806 ejus,

2058 1841 2106 1901 B
2134 1855 2330 1911 corpus
2367 1853 2475 1893 non
2525 1838 2755 1892 satiatur
2801 1835 3036 1898 deliciis;
3085 1841 3140 1886 et
3194 1845 3386 1884 avarus
3437 1841 3715 1897 nunquam

2132 1933 2283 1998 dicit,
2315 1927 2538 2001 Sufficit.
2570 1929 2796 1996 Quidam
2829 1927 3104 1982 infernum
3144 1925 3572 1993 interpretantur
3594 1920 3715 1975 dia-

2131 2024 2335 2088 bolum,
2362 2023 2454 2091 qui
2486 2020 2856 2076 insaturabilis
2885 2019 2957 2074 sit
2986 2018 3051 2072 de
3093 2013 3407 2071 seductione
3449 2013 3718 2075 humana;

2135 2131 2197 2172 os
2224 2101 2393 2169 vulvae
2419 2120 2473 2167 et
2498 2121 2698 2166 terram
2730 2125 2850 2181 quae
2875 2124 2984 2164 non
3007 2095 3244 2162 satiatur
3258 2110 3494 2175 aqua,ut
3516 2117 3679 2171 supra
3701 2117 3716 2165 ;

2139 2208 2317 2278 ignem
2345 2205 2437 2274 qui
2468 2219 2576 2258 non
2613 2203 2761 2266 dicit,
2810 2198 3006 2268 Sufﬁcit
3028 2236 3044 2262 ,
3085 2194 3395 2250 incendium
3442 2193 3721 2262 gehennae,

2140 2299 2281 2369 quod
2308 2310 2582 2366 nunquam
2606 2294 2838 2356 desinat,
2877 2289 2971 2344 sed
3015 2303 3110 2343 eos
3147 2287 3238 2356 qui
3280 2285 3518 2355 peccatis
3562 2284 3726 2337 ﬁnem

2140 2405 2341 2464 ponere
2371 2388 2660 2443 noluerunt
2688 2384 2900 2440 inﬁnito
2931 2381 3126 2434 ardore
3153 2378 3455 2432 comburat.

2217 2482 2440 2538 Oculum
2465 2481 2554 2551 qui
2591 2479 2878 2533 subsannat
2918 2484 3118 2546 patrem
3155 2481 3202 2524 ct
3257 2468 3474 2539 despicit
3523 2474 3732 2537 partum

2144 2578 2328 2633 matris
2357 2592 2488 2640 suae,
2509 2574 2760 2644 e/fodiant
2789 2570 2927 2625 corvi
2956 2568 3020 2622 de
3045 2565 3360 2621 torrentibus
3385 2571 3432 2616 et
3459 2560 3732 2616 comedant

2148 2670 2298 2723 illum
2324 2667 2422 2738 ﬁlii
2445 2665 2660 2739 aquilw.
2688 2662 2936 2719 Perversi
2961 2661 3088 2716 dum
3121 2659 3300 2713 divina
3323 2656 3529 2726 judicia
3552 2667 3733 2722 repre-

2150 2767 2410 2830 hendunt,
2456 2762 2788 2817 subsannant
2832 2765 3074 2827 patrem;
3123 2761 3180 2807 et
3225 2749 3449 2820 quilibet
3496 2743 3735 2801 haeretici

2154 2860 2281 2914 dum
2307 2855 2744 2926 przedicationem
2776 2857 2978 2905 sanctae
3006 2845 3261 2902 Ecclesiae
3287 2838 3582 2897 deridendo
3609 2851 3739 2891 con-

2155 2957 2418 3013 temnunt,
2451 2953 2666 3016 partum
2721 2942 2913 2997 matris
2967 2937 3289 3008 despiciunt,
3341 2933 3466 3004 quia
3507 2931 3574 2985 de
3624 2927 3742 2996 ipsa

2156 3049 2376 3103 exeunt,
2411 3039 2503 3108 qui
2531 3043 2720 3092 contra
2753 3035 2929 3104 ipsum
2955 3029 3275 3098 loquuntur.
3318 3023 3403 3077 Ea:
3442 3019 3608 3081 nobis,
3657 3017 3746 3069 in-

2160 3132 2298 3202 quit,
2323 3131 2578 3192 exierunt,
2607 3126 2696 3180 sed
2720 3141 2824 3178 non
2846 3130 2995 3177 erant
3025 3136 3089 3174 ex
3112 3118 3276 3172 nobis.
3306 3114 3546 3181 Quorum
3571 3111 3746 3164 inten—

1565 3211 1787 3266 Domine
1805 3249 1819 3274 ,
1849 3224 1954 3262 non
1980 3215 2054 3260 est

2161 3196 2365 3278 tionem
2395 3222 2521 3276 dum
2563 3217 2947 3289 praedicatores
2968 3209 3222 3267 catholici
3247 3208 3314 3261 de
3341 3204 3744 3273 Scripturarum

2164 3314 2468 3370 divinarum
2482 3308 2698 3365 ﬂuentis
2711 3306 3066 3378 procedentes
3086 3299 3416 3370 increpando
3439 3294 3743 3357 revincunt,

2164 3403 2319 3475 quasi
2365 3401 2577 3456 oculum
2627 3398 2916 3454 nefandum
2951 3393 3100 3449 corvi
3143 3392 3208 3446 de
3249 3387 3577 3444 torrentibus
3613 3381 3749 3437 εποι-

2165 3495 2340 3550 diunt.
2369 3492 2437 3547 Et
2465 3491 2565 3560 ﬁlii
2593 3489 2782 3561 aquilae
2811 3486 3106 3541 comedunt.
3138 3481 3298 3538 Corvi
3333 3479 3532 3534 etenim
3557 3488 3750 3529 vocan-

2169 3596 2258 3640 tur
2299 3587 2549 3640 doctores
2587 3582 2782 3648 sancti,
2831 3580 2956 3650 quia
3010 3592 3106 3647 per
3157 3570 3478 3629 humilitatis
3522 3563 3751 3640 gratiam

2168 3677 2378 3750 peccati
2411 3677 2466 3731 in
2513 3690 2574 3730 se
2616 3670 2953 3745 nigredinem
3008 3664 3366 3727 conﬁtentur;
3428 3658 3530 3727 ﬁlii
3573 3662 3751 3709 autem

2173 3744 2385 3839 aquilae,
2411 3767 2535 3838 quia
2581 3744 2695 3836 per,
2725 3761 2954 3834 gratiam
3011 3757 3128 3826 ejus
3174 3761 3300 3810 sunt
3342 3749 3538 3814 renati,
3567 3745 3654 3815 qui
3697 3744 3754 3797 in

2173 3836 2364 3917 habitu
2397 3836 2688 3927 assumpta:
2713 3849 3068 3910 humanitatis
3095 3847 3164 3902 ad
3205 3841 3448 3901 coelestia
3507 3836 3755 3892 tra'nsvo-

2175 3951 2307 4005 lavit
2331 3967 2346 4003 :
2373 3947 2515 4003 unde
2541 3955 2597 4002 et
2621 3945 2750 3999 alibi
2774 3944 2867 3997 ﬁlii
2897 3939 3081 4011 sponsi
3106 3934 3462 4006 appellantur.

2257 4043 2383 4098 Tria
2411 4049 2533 4095 sunt
2562 4036 2810 4108 difﬁcilia
2856 4034 3008 4098 mihi,
3036 4039 3084 4084 et
3109 4036 3356 4100 quartum
3385 4019 3524 4091 quod
3551 4016 3758 4089 penitus

2179 4133 2571 4205 ignoro:viam
2629 4126 2822 4198 aquilae
2873 4126 2928 4178 in
2965 4121 3110 4187 caelo,
3163 4119 3300 4173 viam
3355 4110 3558 4167 colubri
3604 4121 3762 4176 super

2186 4233 2410 4286 terram,
2444 4221 2582 4274 viam
2623 4218 2767 4272 navis
2811 4215 2867 4268 in
2895 4211 3065 4267 medio
3110 4207 3296 4272 maris,
3339 4215 3387 4258 et
3415 4203 3555 4255 viam
3580 4197 3677 4251 viri
3703 4196 3764 4247 in

2131 4339 2140 4346 ·
2184 4314 2540 4370 adolescentia
2594 4328 2713 4366 sua.
2776 4307 3047 4374 Quantum
3097 4303 3164 4358 ad
3205 4297 3492 4355 historiam
3559 4294 3631 4348 ita
3677 4296 3768 4346 est

2187 4415 2246 4460 ut
2278 4404 2536 4473 scriptum
2567 4409 2670 4466 est,
2724 4397 2816 4454 sed
2865 4396 2994 4466 quia
3042 4408 3138 4463 per
3188 4387 3472 4460 parabolas
3500 4384 3762 4454 loquitur,

2185 4498 2274 4551 via
2308 4495 2500 4565 aquilae
2529 4494 2582 4548 in
2609 4490 2748 4547 caelo
2778 4487 2992 4544 diﬁicile
3034 4483 3326 4544 invenitur,
3366 4481 3471 4534 hoc
3498 4485 3602 4540 est,
3635 4473 3768 4528 sub-

2189 4590 2354 4644 tilitas
2385 4585 2614 4649 inimici,
2659 4597 2766 4652 qua
2795 4581 2940 4636 circa
2985 4574 3285 4632 caelestium
3314 4571 3556 4625 virorum
3599 4563 3766 4620 corda

2187 4679 2377 4736 volitat
2401 4691 2595 4746 magno
2626 4687 2752 4728 cum
2799 4671 2980 4724 labore
3021 4661 3463 4735 deprehenditur.
3503 4655 3770 4712 Similiter

2187 4775 2243 4822 et
2267 4766 2355 4820 via
2409 4745 2618 4819 colubri
2671 4774 2833 4830 super
2859 4768 3087 4822 terram,
3121 4756 3174 4810 id
3204 4762 3310 4818 est,
3341 4749 3560 4806 astutiae
3589 4745 3770 4801 hostis

2189 4859 2446 4914 venenati
2473 4854 2667 4925 quibus
2719 4852 2963 4908 insidiari
2992 4865 3098 4903 non
3153 4847 3349 4902 desinit
3399 4843 3499 4906 eis,
3551 4837 3764 4909 quosin
3825 4818 3838 4830 ’

2191 4959 2344 5021 petra
2401 4946 2526 5002 ﬁdei
2573 4944 2828 4998 fundatos
2880 4957 3000 4997 esse
3052 4939 3336 5008 conspicit,
3390 4950 3491 4990 nec
3547 4946 3654 4987 non
3708 4938 3768 4981 et

2189 5039 2276 5094 via
2313 5037 2489 5102 navis,
2534 5037 2587 5090 in
2619 5033 2815 5090 'medio
2865 5033 3028 5098 mari,
3076 5031 3180 5086 hoc
3207 5038 3310 5092 est,
3342 5027 3432 5080 via
3463 5020 3766 5092 iniquitatis

2190 5145 2310 5200 qua:
2341 5143 2436 5199 per
2463 5141 2677 5182 amaras
2726 5122 2907 5179 saeculi
2937 5121 3095 5192 hujus
3124 5120 3315 5183 undas,
3363 5112 3766 5170 immundorum

2191 5218 2476 5289 spirituum
2499 5215 2716 5271 ﬂatibus
2746 5215 3001 5286 agitatas,
3051 5219 3204 5266 tanta
3232 5208 3537 5265 subtilitate
3565 5203 3774 5258 discur-

2195 5309 2304 5376 rit,
2337 5316 2397 5362 ut
2424 5307 2509 5362 vel
2535 5308 2624 5361 vix
2649 5305 2735 5361 vel
2768 5304 3069 5359 nullatenus
3116 5301 3232 5370 ejus
3259 5299 3431 5372 possit
3457 5298 3560 5351 iter
3582 5295 3775 5362 depre-

2197 5399 2380 5454 hendi.
2407 5397 2542 5452 Nam
2571 5397 2714 5468 quod
2750 5395 2929 5465 aquila
2982 5393 3276 5463 malignum
3315 5391 3526 5444 hostem
3567 5380 3776 5452 signilip

2199 5501 2286 5548 cet
2339 5498 2567 5545 testatur
2623 5489 2906 5559 propheta,
2949 5487 3042 5556 qui
3072 5487 3188 5540 ait:
3231 5481 3520 5537 Velociores
3559 5477 3776 5547 {uerunt

2199 5591 2554 5657 persecutores
2590 5581 2754 5636 nostri
2807 5579 2999 5652 aquilis
3055 5577 3168 5632 coeli
3213 5575 3428 5648 (Thren.
3455 5571 3554 5643 tv),
3583 5567 3636 5622 id
3667 5572 3778 5629 est,

2200 5675 2448 5732 homines
2470 5673 2563 5743 qui
2590 5688 2688 5728 nos
2712 5673 2994 5742 persecuti
3049 5659 3193 5733 sunt,
3223 5676 3332 5724 tam
3379 5664 3505 5720 saevi
3535 5663 3777 5718 fuerunt,

2201 5775 2264 5824 ut
2315 5764 2449 5836 ipsis
2492 5763 2848 5832 daemonibus.
2875 5762 3206 5820 crudeliores
3259 5773 3377 5815 esse
3434 5756 3778 5812 viderentur.
