4100 6324
365 407 458 462 ΠἹ

1106 400 1465 462 EXPOSITIO
1499 403 1568 460 ΙΝ
1605 400 1996 462 PROVERBIA
2036 402 2443 459 SALOMONIS.
2485 435 2555 444 -
2594 404 2723 460 LIB.
2765 405 2848 460 Ill.

3522 403 3622 460 778

339 499 518 588 'Quod
546 517 772 575 coluber
817 514 1091 573 diabomm
1121 531 1263 586 saepe
1310 515 1570 582 insinuet,
1607 523 1662 572 et
1697 517 1751 570 in
1777 515 1936 586 primi
1968 520 2014 578 Α
2045 531 2178 579 rem,
2229 524 2284 568 et
2325 515 2664 570 herinaceum
2690 532 2722 571 a
2762 523 2950 572 sancto
2992 513 3315 585 Hieronymo
3356 514 3627 585 interpre-

364 608 602 666 hominis
641 606 1076 678 transgressione
1133 604 1421 674 probatum
1471 614 1574 668 est,
1601 614 1660 660 et
1703 620 1828 660 cum
1860 605 1942 658 vir

363 702 586 773 sapiens
639 699 839 763 aiebat,
894 696 1046 768 quasi
1071 713 1103 749 a
1130 695 1266 765 facie
1295 694 1495 749 colubri
1523 695 1644 765 fuge
1671 703 1940 773 petatum

364 788 559 865 (Eccli.
593 790 729 858 ut).
759 787 923 842 Navis
948 801 1183 856 quoque,
1223 786 1367 855 quod
1394 785 1670 840 levitatem
1695 784 1945 852 designet

365 897 556 938 eorum
590 881 683 951 qui
733 875 1190 934 circumferuntur
1236 875 1385 930 omni
1449 883 1610 929 vento
1657 872 1940 933 doctrinae,

367 977 701 1032 demonstrat
749 970 1014 1040 propheta
1043 969 1136 1038 qui
1165 969 1244 1024 ait
1274 987 1286 1022 :
1316 969 1386 1022 Et
1419 966 1694 1022 Chaldazos
1720 968 1775 1022 in
1801 967 1947 1021 navi-

366 1065 461 1119 bus
503 1063 614 1117 suis
659 1059 948 1131 gloriantes
977 1058 1112 1131 (Isa.
1148 1059 1323 1129 xun),
1367 1059 1468 1114 huc
1496 1067 1603 1120 est,
1638 1057 1946 1112 immundos

365 1157 586 1229 spiritus
611 1155 676 1210 de
713 1151 1006 1223 fragilitate
1035 1159 1197 1220 atque
1236 1151 1590 1206 lnstabilitate
1620 1149 1817 1204 mentis
1843 1148 1948 1201 hu-

365 1260 538 1301 mana:
562 1259 683 1300 sese
704 1242 1047 1308 extollentes,
1085 1252 1132 1295 et
1155 1242 1220 1296 de
1252 1241 1398 1296 illius
1424 1241 1581 1295 ruina
1607 1240 1759 1311 quasi
1787 1239 1950 1294 victo-

337 1351 448 1402 ,res
477 1333 737 1389 latentes.
771 1332 925 1388 Sicut
953 1347 1084 1402 ergo
1129 1332 1220 1386 illa
1255 1341 1364 1386 tam
1391 1331 1587 1387 callida
1622 1340 1750 1387 sunt
1777 1340 1836 1385 ut
1865 1331 1948 1384 in-

325 1383 342 1460 !
365 1427 538 1481 veniri
587 1435 880 1496 nequeant,
928 1427 1009 1481 sic
1035 1426 1369 1490 adolescens,
1399 1425 1676 1494 qui‘viam
1705 1424 1950 1478 veritatis

366 1517 628 1584 deseruit,
685 1515 902 1572 difﬁcile
942 1516 1180 1586 cogitatu
1220 1523 1325 1578 est,
1377 1531 1485 1585 quo
1535 1529 1594 1570 se
1638 1530 1734 1584 per
1758 1528 1949 1568 omnes

369 1608 554 1675 horas,
587 1608 640 1663 in
665 1617 798 1678 quot
839 1607 1222 1678 cogitamenta,
1250 1621 1441 1662 vecors
1469 1622 1605 1677 vaga
1632 1613 1813 1660 mente
1862 1604 1952 1659 de-

367 1699 554 1755 clinet.

376 1854 382 1858 .
441 1806 513 1861 Et
539 1807 662 1862 talis
675 1816 754 1861 est
782 1817 829 1862 et
852 1808 935 1862 via
963 1805 1198 1861 mulieris
1213 1805 1618 1876 adulterw,quw
1649 1803 1872 1858 comedit
1901 1809 1948 1854 et

2047 615 2098 662 ta
2107 616 2159 661 ιι]
2167 623 2241 661 m.

2116 693 2309 765 Regem
2356 695 2561 750 locusta
2611 712 2718 761 non
2761 697 2936 761 habet,
2983 705 3035 750 et
3079 696 3347 766 egreditur
3383 695 3629 754 uniuersa

2043 789 2138 856 per
2161 795 2382 841 turmas.
2437 787 2734 842 Locustam
2774 788 2992 858 quidam
3024 789 3267 858 gentium
3293 787 3509 856 plebem
3541 789 3623 842 in-

2047 883 2434 943 terpretantur,
2479 891 2599 945 qua:
2627 878 2898 946 quondam
2929 877 3050 945 sine
3094 890 3242 947 rege,
3278 877 3332 932 id
3382 889 3467 932 est
3507 879 3627 932 sine

2045 964 2282 1030 Christo,
2305 966 2421 1021 sine
2441 968 2724 1038 propheta,
2750 968 2866 1024 sine
2895 969 3118 1024 doctore
3147 968 3411 1032 existens,
3439 984 3546 1023 non
3575 970 3629 1023 in

2047 1052 2308 1108 unitatem
2355 1054 2483 1110 ﬁdei
2535 1067 2863 1128 congregata
2916 1059 2987 1113 ad
3044 1058 3350 1128 spiritalem
3397 1075 3634 1131 pugnam

2048 1150 2236 1198 contra
2264 1144 2540 1200 diabolum
2584 1156 2862 1218 properat.
2897 1148 3084 1204 Potest
3125 1159 3310 1204 autem
3339 1150 3396 1204 in
3423 1150 3629 1206 locusta

2049 1236 2500 1292 anachoretarum
2553 1254 2783 1296 concors
2843 1241 3025 1295 unitas
3077 1242 3271 1311 accipi,
3326 1257 3450 1312 qua:
3501 1258 3626 1298 cum

2050 1325 2270 1380 homine
2293 1337 2629 1398 praeceptore
2657 1330 2803 1386 nullo
2847 1332 2902 1385 in
2948 1331 3063 1387 suis
3100 1330 3338 1388 latibulis
3391 1342 3634 1404 regatur,

2052 1416 2374 1488 infatigabili
2408 1429 2587 1476 tamen
2635 1422 2895 1478 instantia
2949 1425 3004 1478 in
3055 1425 3172 1480 suis
3228 1439 3455 1495 quaeque
3501 1425 3638 1480 locis

2051 1504 2272 1562 Christo
2303 1509 2556 1576 militare,
2585 1521 2641 1566 et
2681 1512 2821 1567 male
2849 1514 3167 1584 pullulantia
3203 1516 3512 1572 carnalium
3540 1533 3640 1574 vo-

2050 1596 2316 1667 luptatum
2345 1602 2591 1670 germina
2612 1606 2898 1660 consuevit
2925 1608 3234 1663 absumere.

2123 1687 2305 1744 Stellio
2331 1691 2572 1746 manibus
2597 1693 2806 1760 nititur,
2833 1707 2882 1750 et
2907 1707 3148 1752 moratur
3167 1701 3224 1754 in
3249 1700 3450 1756 (albus
3480 1703 3636 1772 regis.

2054 1775 2241 1832 Stellio
2289 1780 2380 1848 qui
2441 1781 2691 1838 manibus
2722 1785 2955 1858 nititur,
3005 1788 3133 1857 quia
3185 1789 3444 1845 nimirum
3497 1791 3636 1858 alas,

370 1899 522 1968 terg“
554 1915 614 1951 οδ
647 1915 800 1952 suum
827 1908 875 1952 ει
913 1899 1041 1952 dicit
1070 1913 1087 1950 ε
1123 1898 1248 1952 Non
1297 1915 1413 1952 sum
1455 1869 1670 1967 διέθηκα
1722 1894 1942 1948 malum.
1976 1873 2023 1931 Β
2051 1870 2248 1939 quibus
2272 1869 2502 1937 feratur,
2531 1889 2638 1950 non
2665 1874 2852 1941 habet,
2879 1887 2936 1932 et
2972 1887 3220 1934 moratur
3241 1881 3295 1934 in
3319 1881 3528 1938 sedibus
3550 1897 3642 1937 re-

370 1989 644 2045 Adulterae
663 2005 878 2061 quoque
899 2006 1072 2057 mens,
1100 1992 1154 2046 in
1183 1989 1591 2045 similitudinem
1619 2003 1806 2044 eorum
1831 2002 1951 2056 qua:

372 2081 812 2136 commemoravit
828 2081 1095 2150 superius,
1113 2079 1381 2135 instabilis
1396 2093 1608 2147 semper
1622 2085 1676 2131 et
1689 2091 1822 2146 vaga
1835 2083 1948 2139 cst;

372 2183 493 2240 ipsa}
525 2169 616 2224 ubi
654 2169 949 2226 admissum
981 2171 1332 2241 turpitudinis
1357 2184 1468 2224 suae
1490 2171 1672 2225 celare
1691 2167 1950 2238 potuerit,

372 2266 533 2331 negat
561 2274 620 2315 se
657 2258 859 2330 aliquid
881 2268 1124 2330 patrasse
1149 2259 1428 2317 facinoris.

444 2368 690 2436 Quatuor
727 2379 849 2425 sunt
875 2372 1096 2426 minima
1140 2379 1317 2438 terra},
1352 2382 1404 2427 et
1449 2374 1563 2444 ipsa
1591 2382 1713 2428 sunt
1743 2373 1952 2443 sapien-

371 2460 508 2512 tiora
554 2459 900 2529 sapientibus.
953 2460 1189 2516 Minores
1243 2462 1495 2517 videntur
1540 2463 1596 2517 in
1635 2471 1781 2517 terra
1811 2477 1955 2533 saepe

362 2547 496 2618 justi
553 2564 715 2618 quam
763 2551 1001 2621 reprobi,
1063 2552 1119 2607 id
1167 2560 1271 2618 est,
1338 2554 1675 2619 humiliores,
1714 2563 1769 2610 et
1831 2555 1956 2609 huic

373 2632 577 2696 mundo
608 2641 953 2712 abiectiores,
985 2643 1080 2698 sed
1123 2653 1302 2699 tamen
1327 2645 1688 2715 sapientiores
1716 2655 1840 2701 sunt
1865 2661 1953 2702 sa-

373 2729 647 2798 pientibus
674 2731 881 2796 mundi,
909 2731 962 2786 in
992 2747 1057 2786 eo
1079 2733 1224 2802 quod
1252 2742 1454 2788 :eterna
1475 2746 1529 2790 et
1551 2736 1793 2791 caelestia
1814 2737 1956 2791 bona

374 2819 609 2888 sapiunt,
639 2835 704 2874 ac
731 2835 832 2890 pro
864 2821 951 2876 his
982 2824 1319 2892 appetendis,
1351 2839 1471 2895 quae
1503 2824 1577 2879 illi
1601 2841 1707 2880 non
1733 2836 1955 2895 norunt,

373 2908 600 2963 adversa
635 2924 863 2981 quaeque
882 2912 1059 2967 saeculi
1099 2912 1314 2969 fortiter
1345 2915 1460 2985 pati
1498 2915 1825 2972 desiderant.

448 3018 731 3088 Formica',
753 3023 976 3093 populus
1005 3025 1246 3094 inﬁrmus
1280 3029 1370 3099 qui
1394 3039 1661 3100 pra'parat
1709 3033 1764 3087 in
1793 3049 1956 3088 messe

375 3108 548 3162 cibum
601 3110 720 3165 sibi.
761 3111 829 3166 Et
875 3113 1132 3172 Ecclesia:
1165 3119 1416 3190 populus,
1473 3130 1534 3176 ut
1581 3121 1952 3179 fortitudinem

375 3197 574 3253 mentis
598 3202 886 3270 custodiat,
939 3205 1215 3263 inﬁrmum
1259 3223 1318 3264 se
1366 3213 1740 3283 temporaliter
1766 3215 1958 3271 adver-
1989 3221 2034 3284 ϐ

375 3288 536 3344 sariis
587 3291 938 3351 saevientibus
975 3298 1236 3364 ostendit,
1285 3299 1513 3359 Domino
1564 3318 1662 3374 per
1713 3305 1958 3377 Evange-

376 3379 508 3436 lium
545 3381 757 3440 dicente
789 3403 803 3440 :
832 3385 944 3458 Ego
993 3400 1168 3444 autem
1219 3391 1336 3446 dico
1392 3394 1533 3448 vobis
1573 3411 1679 3451 non
1719 3397 1959 3452 resistere

377 3473 670 3542 titulo;sed
719 3479 766 3531 si
807 3480 921 3550 quis
954 3489 1000 3534 te
1033 3485 1348 3550 percusserit
1378 3486 1434 3538 in
1481 3486 1697 3541 dextera
1735 3487 1958 3542 maxilla

377 3573 494 3629 tua,
520 3563 691 3634 praebe
710 3566 790 3619 illi
821 3576 870 3621 et
896 3568 1117 3623 alteram
1141 3569 1358 3641 (Matth.
1397 3573 1474 3644 v).
1508 3573 1610 3641 Qui
1634 3575 1686 3628 in
1719 3575 1820 3630 hac
1849 3576 1957 3631 vita

375 3662 652 3726 praeparat
671 3656 774 3712 sibi
805 3657 1010 3715 fructus
1036 3661 1300 3717 bonorum
1329 3679 1578 3736 operum,
1633 3664 1831 3735 quibus
1878 3665 1959 3719 vi-

379 3753 490 3799 tam
520 3754 795 3802 mereatur
820 3748 1019 3806 habere
1041 3765 1356 3822 perennem.

448 3855 798 3928 Lepusculus,
847 3859 989 3929 plebs
1036 3861 1294 3928 invalida,
1349 3864 1439 3934 qui
1489 3862 1708 3918 collocat
1731 3865 1787 3919 in
1812 3875 1961 3937 petra

377 3947 546 4002 cubile
572 3965 748 4003 suum.
780 3951 848 4006 Et
893 3952 982 4007 hic
1003 3952 1213 4022 plebem
1258 3953 1516 4010 Ecclesia:
1548 3956 1811 4027 designat,
1841 3971 1962 4026 qua:

378 4040 613 4097 invalida
672 4045 889 4112 dicitur,
923 4045 1010 4100 vel
1067 4047 1215 4116 quia,
1247 4056 1307 4102 ut
1337 4063 1498 4118 supra
1546 4048 1806 4115 diximus,
1833 4063 1962 4104 suas

379 4129 611 4200 injurias
659 4133 846 4191 ulcisci
877 4136 994 4207 ipsa
1021 4152 1128 4192 non
1169 4139 1383 4207 quaerit,
1415 4139 1502 4194 vel
1537 4139 1662 4208 quia
1688 4140 1802 4195 suis
1830 4140 1961 4195 viri-

377 4221 481 4277 bus
516 4223 591 4276 nil
623 4224 811 4292 ﬁdere,
864 4228 958 4282 sed
983 4227 1037 4282 in
1066 4227 1270 4284 auxilio
1311 4228 1689 4300 Redemptoris
1711 4231 1795 4286 sui
1817 4231 1962 4286 salu-

380 4319 486 4365 tem
524 4329 748 4384 sperare
781 4317 989 4383 didicit,
1033 4327 1089 4374 et
1114 4320 1217 4375 hoc
1259 4329 1361 4388 est,
1402 4322 1548 4376 illam
1579 4322 1754 4377 cubile
1786 4323 1839 4378 in
1869 4339 1962 4393 pe-

378 4408 463 4453 tra
498 4402 790 4471 collocare,
827 4410 983 4477 cujus
1031 4409 1290 4477 praesidio
1324 4412 1583 4468 adversos
1613 4412 1747 4468 vitet
1773 4413 1958 4469 incur-

371 4505 492 4556 sus,
534 4491 765 4550 Domino
811 4497 1026 4553 dicente
1077 4515 1201 4554 cum
1233 4500 1522 4557 Psalmista
1551 4522 1563 4558 :
1595 4503 1726 4559 Esto
1752 4506 1878 4560 mihi
1901 4507 1956 4560 in

376 4579 604 4652 lapidem
628 4584 979 4653 fortissimum
1005 4599 1052 4642 et
1087 4591 1141 4643 in
1163 4589 1378 4644 domum
1405 4594 1685 4658 munitam,
1709 4605 1765 4648 ut
1793 4596 1960 4650 solves

374 4689 479 4739 me,
504 4676 629 4744 quia
653 4685 804 4746 petra
830 4695 945 4732 mea
969 4689 1016 4732 et
1040 4682 1265 4734 munitio
1313 4699 1430 4736 mea
1481 4693 1538 4737 tu
1559 4701 1631 4738 es.
1663 4685 1770 4740 Pro
1813 4687 1962 4756 lepu-

378 4763 529 4817 sculo
577 4765 800 4834 antiqua
853 4768 1139 4824 translatio
1183 4771 1560 4843 chyrogrillum
1620 4777 1824 4844 posuit.
1869 4777 1963 4832 Est

383 4863 558 4909 autem
609 4857 812 4912 animal
862 4874 974 4914 non
1004 4861 1180 4932 majus
1227 4863 1416 4929 ericio,
1457 4867 1660 4920 habens
1707 4867 1962 4922 similitu-

376 4949 560 5006 dinem
588 4951 759 5006 muris
785 4961 840 5008 et
865 4953 1000 5018 ursi,
1038 4955 1192 5025 cujus
1221 4955 1276 5010 in
1325 4956 1624 5013 Palaestina:
1651 4959 1964 5032 regionibus

377 5057 572 5114 magna
611 5054 696 5100 est
725 5045 1078 5113 abundantia,
1127 5063 1450 5120 semperque
1493 5053 1546 5106 in
1577 5054 1827 5109 cavernis
1866 5069 1961 5123 pe-

379 5143 589 5191 trarum
626 5149 682 5193 et
731 5147 893 5194 terra:
922 5138 1095 5196 foveis
1124 5143 1371 5198 habitare
1401 5157 1816 5202 consueverunt.
1857 5147 1961 5202 No-

375 5225 713 5297 tandumque
736 5229 879 5298 quod
905 5229 959 5284 in
985 5231 1196 5300 psalmo
1226 5235 1319 5288 ubi
1369 5251 1468 5290 nos
1499 5237 1765 5303 canimus,
1801 5236 1962 5293 Petra

378 5317 640 5387 refugium
681 5321 994 5389 herinaceis,
1043 5323 1098 5378 in
1124 5325 1446 5393 quibusdam
1486 5330 1785 5396 codicibus,
1819 5331 1964 5401 lepo-

382 5407 550 5474 ribus,
591 5410 644 5465 in
674 5413 997 5481 quibusdam
1056 5417 1385 5488 chyrogrillis
1435 5421 1712 5478 invenitur
1740 5442 1752 5478 :
1779 5426 1874 5480 sed
1903 5435 1960 5481 et

381 5497 436 5551 in
474 5497 576 5552 hac
600 5498 906 5559 Salomonis
933 5510 1204 5564 sententia
1234 5512 1477 5579 quaedam
1501 5516 1834 5586 exemplaria
1857 5534 1957 5588 pro

379 5586 648 5658 lepusculo
687 5591 1018 5649 herinaceum
1059 5599 1278 5654 habent.
1321 5599 1455 5656 Nam
1490 5613 1547 5658 et
1583 5604 1638 5658 in
1679 5605 1815 5662 libro
1853 5586 1958 5662 lle-

378 5679 648 5734 braeorum
703 5668 990 5737 Nominum
1033 5687 1334 5746 invenimus
1373 5691 1515 5747 idem
1564 5695 1791 5750 verbum
1851 5695 1955 5751 He-

379 5771 581 5825 braeum
611 5771 832 5841 sap/mn,
866 5774 918 5827 in
941 5773 1196 5844 Jeremia,
1227 5789 1282 5836 et
1307 5782 1702 5855 cltgrogrillum,
1727 5794 1782 5845 et
1808 5785 1951 5858 lepo-

661 5867 934 5928 l'srnot.
981 5869 1140 5934 CXI.
1417 5865 1422 5870 ’

2057 1961 2160 2032 gis,
2193 1962 2410 2018 illorum
2465 1965 2738 2036 signiﬁcat
2781 1968 3165 2036 humilitatem,
3213 1973 3308 2042 qui
3344 1981 3483 2028 eum
3530 1974 3643 2029 sint

2049 2054 2206 2123 juxta
2235 2063 2487 2112 naturam
2542 2059 2684 2113 tardi
2731 2059 2966 2131 ingenio,
3009 2063 3227 2119 solertia
3277 2075 3457 2120 tamen
3487 2063 3644 2119 indu-

2057 2144 2205 2199 stria:
2252 2161 2385 2211 suze,
2439 2145 2524 2200 vel
2574 2148 2642 2202 ad
2689 2148 2998 2206 divinarum
3035 2151 3285 2208 notitiam
3325 2151 3642 2224 Scriptura-

2060 2250 2180 2289 rum
2208 2235 2292 2290 vel
2322 2237 2390 2292 ad
2416 2236 2680 2293 virtutum
2707 2241 2961 2310 gratiam,
2992 2243 3194 2312 quibus
3217 2244 3520 2314 ingressum
3553 2260 3642 2302 re-

2058 2324 2408 2394 gnijcmicstis
2423 2337 2762 2396 mereantur,
2785 2331 3076 2404 attingunt.
3092 2333 3420 2406 Plerumque
3435 2335 3637 2394 etenim

2059 2435 2188 2476 aves
2209 2437 2348 2500 quas
2375 2424 2443 2480 ad
2468 2424 2759 2481 vol-sudum
2809 2443 2985 2499 penna
3017 2431 3263 2487 sublevat
3299 2433 3354 2487 in
3383 2435 3639 2504 vepribus

2062 2512 2320 2578 resident,
2357 2523 2410 2569 et
2436 2516 2639 2583 stellio,
2669 2519 2762 2589 qui
2809 2521 2880 2574 ad
2909 2521 3157 2577 volatum
3173 2536 3380 2594 pennas
3407 2541 3515 2581 non
3540 2528 3639 2582 ha-

2061 2601 2173 2667 bet,
2197 2603 2380 2660 nitens
2400 2606 2671 2672 manibus,
2702 2609 2846 2680 regis
2875 2611 3161 2666 aedilicium
3190 2621 3358 2668 tenet.
3389 2615 3525 2682 Quia
3556 2621 3641 2671 ni-

2062 2693 2260 2748 mirum
2283 2710 2426 2766 sazpe
2449 2697 2716 2768 ingeniosi
2751 2700 2952 2770 quique
2981 2701 3108 2756 dum
3134 2715 3231 2771 per
3259 2703 3638 2775 negligentiam

2062 2793 2298 2854 torpent,
2329 2786 2384 2841 in
2439 2787 2626 2856 pravis
2675 2790 2890 2846 actibus
2931 2801 3238 2857 remanent,
3289 2796 3346 2848 et
3369 2793 3645 2864 simplices

2063 2893 2198 2949 quos
2219 2879 2420 2949 ingenii
2442 2895 2620 2952 penna
2649 2897 2754 2937 non
2795 2882 3015 2952 adjuvat
3041 2885 3109 2940 ad
3137 2885 3432 2941 obtinenda
3451 2888 3644 2942 εἰει-ιιί

2065 2969 2219 3040 regni
2247 2971 2450 3026 muenia
2482 2967 2656 3028 virtus
2678 2975 3016 3043 operationis
3039 2974 3204 3030 levat.

2139 3059 2262 3115 Tria
2275 3071 2395 3116 sunt
2406 3080 2525 3134 qua:
2537 3063 2662 3119 bene
2672 3066 3009 3136 gradiuntur,
3023 3079 3072 3122 et
3086 3078 3331 3140 quartum
3348 3071 3488 3140 quod
3504 3072 3644 3125 ince-

2064 3150 2139 3205 dit
2162 3151 2415 3221 feliciter:
2432 3154 2534 3221 leo,
2557 3156 2872 3225 fortissimus
2888 3159 3192 3225 bestiarum,
3207 3162 3277 3214 ad
3291 3161 3487 3216 nullius
3498 3173 3648 3232 pavet

2067 3257 2388 3310 occursum;
2416 3244 2589 3317 gallus
2632 3249 2929 3305 succinctus
2977 3251 3180 3308 lumbos
3215 3269 3232 3319 ;
3275 3263 3322 3308 et
3349 3255 3649 3319 aries;nec

2061 3342 2140 3386 est
2163 3350 2256 3388 rea:
2283 3337 2373 3404 qui
2428 3338 2634 3392 resistat
2663 3339 2730 3392 ei.
2762 3339 2880 3410 Ipse
2921 3341 3023 3398 hoc
3053 3341 3172 3398 loco
3197 3343 3282 3399 leo
3309 3345 3549 3414 ponitur,
3579 3345 3648 3401 de

2061 3438 2170 3492 quo
2196 3425 2463 3495 scriptum
2488 3436 2572 3483 est
2605 3446 2617 3482 :
2664 3427 2798 3484 Vicit
2824 3431 2906 3486 leo
2940 3433 3007 3487 de
3035 3434 3172 3488 tribu
3202 3434 3348 3490 Juda
3371 3453 3390 3502 ,°
3414 3437 3507 3508 qui
3538 3437 3648 3493 for-

2067 3512 2314 3586 tissimus
2343 3515 2640 3572 bestiarum
2662 3519 2884 3587 dicitur,
2912 3523 3040 3592 quia
3065 3525 3120 3578 in
3143 3524 3236 3580 illo
3267 3527 3372 3581 hoc
3398 3529 3543 3597 quod
3568 3530 3650 3583 in-

2063 3603 2282 3660 ﬁrmum
2311 3608 2533 3674 estDei,
2564 3607 2760 3666 fortius
2804 3625 2888 3668 est
2933 3614 3263 3671 hominibus.
3301 3615 3404 3684 Qui
3433 3619 3503 3672 ad
3530 3620 3649 3673 nul-

2062 3697 2165 3756 lius
2190 3707 2340 3766 pavet
2370 3715 2686 3768 occursum;
2711 3703 2844 3759 dicit
2868 3706 3013 3759 enim
3042 3720 3058 3761 :
3105 3705 3252 3762 Venit
3277 3711 3520 3780 princeps
3549 3713 3649 3766 hu-

2051 3786 2148 3856 jus
2171 3789 2354 3843 mandi
2375 3800 2430 3844 et
2445 3792 2500 3845 in
2519 3807 2601 3846 nte
2626 3809 2729 3848 non
2774 3795 2925 3849 habet
2954 3798 3240 3870 quidquam
3295 3799 3479 3871 (Joan.
3509 3802 3643 3871 xw).

2062 3907 2130 3916 —
2156 3875 2340 3956 Gallus
2396 3882 2694 3938 succinctus
2733 3884 2974 3952 lumbos,
3011 3888 3063 3942 id
3101 3898 3205 3955 est,
3264 3891 3650 3960 praedicatores

2064 3971 2239 4024 sancti
2273 3970 2415 4026 inter
2438 3971 2600 4041 hujus
2629 3975 2806 4030 noctis
2856 3979 3110 4033 tenebras
3135 3996 3310 4034 verum
3335 3998 3486 4035 mane
3509 3998 3649 4036 nun-

2063 4060 2253 4115 tiantes
2280 4078 2299 4127 ;
2332 4063 2422 4132 qui
2454 4065 2717 4120 succincti
2738 4065 2950 4122 lumbos
2979 4077 3124 4136 sunt,
3151 4070 3279 4139 quia
3310 4081 3366 4126 et
3392 4073 3652 4130 membris

2066 4155 2180 4208 suis
2206 4153 2434 4210 luxuriae
2455 4155 2601 4212 fluxa
2645 4159 3000 4231 restringunt.
3037 4159 3106 4214 Et
3134 4163 3272 4216 aries
3297 4177 3316 4217 :
3339 4179 3430 4217 nec
3454 4177 3531 4218 est
3557 4181 3652 4220 rex

2063 4247 2153 4316 qui
2188 4249 2392 4302 resistat
2423 4251 2490 4304 ei.
2517 4243 2690 4318 Quem
2727 4252 2891 4308 alium
2935 4255 3039 4310 hoc
3086 4255 3207 4312 loco
3251 4257 3475 4314 arietem
3507 4260 3653 4315 acci-

2063 4339 2242 4408 pimus
2266 4379 2282 4405 ,
2320 4339 2425 4396 nisi
2459 4343 2698 4411 primum
2727 4343 2870 4400 intra
2923 4344 3222 4403 Ecclesiam
3273 4350 3520 4405 ordinem
3566 4366 3651 4406 sa-

2065 4430 2350 4485 cerdotum
2375 4432 2398 4485 ?
2422 4433 2489 4488 de
2511 4433 2710 4503 quibus
2737 4435 3000 4506 scriptum
3028 4446 3114 4493 est
3147 4457 3160 4493 :
3195 4439 3394 4509 Afferte
3425 4440 3651 4496 Domino

2065 4523 2205 4592 filios
2228 4525 2452 4579 arietum
2507 4526 2683 4596 (Psal.
2731 4531 2948 4601 1mm).
2997 4530 3101 4598 Qui
3131 4546 3230 4602 per
3277 4533 3523 4603 exempla
3552 4549 3646 4589 sua

2067 4616 2406 4683 gradientem
2461 4619 2718 4688 p0pulum
2773 4622 2930 4689 quasi
2991 4625 3412 4692 subsequentem
3464 4626 3643 4681 ovium

2071 4720 2293 4776 gregem
2325 4709 2570 4774 trahunt,
2595 4711 2792 4779 quibus
2839 4714 3159 4783 spiritaliter
3186 4726 3440 4787 recteque
3466 4718 3642 4774 viven-

2070 4795 2234 4860 tibus,
2262 4796 2440 4852 uullus
2476 4815 2570 4853 rex
2602 4800 2800 4857 sullicit
2829 4806 3052 4861 omnino
3078 4807 3354 4874 resistere,
3381 4808 3507 4878 quia
3535 4811 3644 4865 cui-

2069 4883 2202 4938 libet
2221 4883 2545 4956 persecutor
2567 4891 2770 4957 obviet,
2816 4895 3174 4951 intentionem
3199 4911 3388 4952 eorum
3430 4913 3536 4954 non
3565 4915 3644 4953 va-

2068 4974 2141 5029 let
2162 4978 2481 5047 praepedire.
2512 4979 2578 5034 Et
2603 4984 2729 5052 quia
2761 4993 2884 5054 post
2912 4985 3027 5040 htec
3061 4993 3242 5041 autem
3285 4988 3650 5046 Antichristus

2067 5069 2371 5137 apparebit,
2410 5071 2513 5126 hoc
2538 5082 2791 5141 quartum
2819 5076 3001 5132 subdit
3025 5078 3210 5133 dicens
3237 5097 3251 5132 :

2137 5158 2233 5213 Est
2259 5161 2349 5227 qui
2384 5162 2573 5218 stultus
2601 5167 2846 5235 apparuit
2867 5177 3142 5236 postquam
3167 5167 3335 5224 elatus
3368 5180 3442 5224 est
3474 5170 3528 5224 in
3564 5188 3647 5226 sn-

2064 5251 2220 5307 blime
2241 5271 2260 5307 :
2295 5254 2341 5308 si
2370 5257 2508 5310 enim
2553 5258 2911 5325 intellexisset,
2943 5262 3024 5314 ari
3052 5262 3380 5333 imposuisset
3412 5280 3650 5318 manum.

2064 5343 2184 5413 Ipse
2209 5346 2404 5416 quippe
2431 5347 2486 5402 in
2518 5349 2746 5405 sublime
2771 5351 3072 5407 elevabitur
3100 5369 3221 5408 cum
3241 5355 3410 5410 Deum
3439 5370 3498 5410 se
3527 5371 3651 5410 esse

2070 5434 2380 5489 mentietur.
2408 5435 2514 5491 Sed
2534 5438 2778 5494 elevatus
2799 5441 2851 5495 in
2875 5441 3106 5498 sublime
3129 5443 3325 5499 stultus
3344 5446 3649 5515 apparebit,

2072 5523 2200 5592 quia
2228 5523 2281 5577 in
2311 5525 2426 5594 ipsa
2455 5526 2689 5583 elatione
2711 5544 2808 5584 sua
2847 5546 2946 5600 per
2970 5533 3259 5588 adventum
3291 5535 3407 5590 veri
3441 5534 3644 5590 deﬁcit.

2073 5613 2227 5678 Quod
2249 5615 2298 5676 si
2321 5615 2674 5683 intellexisset,
2705 5621 2786 5674 ori
2812 5623 3138 5694 imposuisset
3181 5641 3415 5680 manum.
3450 5624 3508 5681 Id
3539 5635 3644 5692 est,
3731 5625 3742 5632 ’

2070 5703 2117 5756 si
2165 5704 2484 5774 supplicium
2536 5724 2722 5775 suum,
2771 5728 2894 5767 cum
2933 5716 3214 5784 superbire
3259 5731 3485 5771 exorsus
3536 5726 3645 5781 est,

2068 5795 2426 5868 przevidisset,
2458 5798 2595 5858 bene
2644 5802 2934 5875 aliquando
2964 5807 3213 5863 conditus
3264 5808 3318 5863 in
3363 5814 3526 5863 tanta:
3556 5806 3635 5876 ja-

3128 5901 3204 5959 25
