4100 6324
447 377 554 434 779

1075 380 1148 435 'B.
1177 380 1444 436 'RABANI
1483 380 1702 437 MAURI
1739 381 2054 438 ARClllEP.
2098 383 2403 444 MOGUNT.
2448 389 2732 448 OPERUM
2772 389 2949 448 PARS
2987 389 3073 447 111.

3612 380 3716 440 780

447 491 652 546 talione
676 489 1080 561 superbiaenou
1109 489 1302 548 fuisset
1346 491 1541 547 elatus.
1572 491 1647 547 De
1685 507 1793 562 quo
1826 507 2030 563 nequa-
2057 499 2104 561 Α
2135 497 2227 552 dat
2249 500 2317 556 ad
2339 500 2594 557 delendas
2624 495 2796 574 reges,
2824 503 2914 572 qui
2943 503 3174 558 terrenis
3200 501 3408 558 deliciis
3436 499 3715 556 hominum

444 598 609 654 quam
638 590 855 637 moveat
897 582 1023 652 quia
1061 582 1312 652 superius
1342 582 1544 638 dictum
1577 591 1662 638 est
1690 599 1702 635 :
1738 582 2028 650 Quartum,

443 675 585 747 quod
632 675 824 730 incedit
871 673 1112 744 feliciter.
1173 673 1301 730 Tria
1341 674 1539 746 quippe
1587 675 1840 730 incedere
1890 675 2029 731 bene

445 770 606 836 dixit,
635 777 692 825 et
726 775 983 838 quartum
1021 766 1253 823 feliciter
1293 788 1308 823 :
1349 783 1456 823 non
1497 769 1644 824 enim
1679 783 1840 824 omne
1887 767 2029 838 quod

445 863 699 929 feliciter,
729 863 904 929 bene;
937 876 1114 931 neque
1155 861 1212 916 in
1232 861 1336 917 bac
1365 861 1475 916 vita
1499 861 1826 931 amne-quad
1852 860 2026 928 bene,

446 954 712 1019 feliciter;
740 967 864 1006 nam
892 953 997 1018 leo,
1026 952 1201 1023 gallus
1223 962 1279 1009 et
1303 953 1446 1008 aries
1466 953 1909 1019 beneincedunt,
1935 953 2030 1007 sed

449 1060 556 1099 non
585 1044 678 1100 hic
706 1042 958 1108 feliciter,
1002 1042 1604 1113 quia,persecutionum
1649 1041 1788 1097 bella
1815 1041 2032 1112 patiun-

446 1148 567 1202 tur;
603 1144 862 1206 quartum
886 1150 1020 1191 vero
1043 1135 1273 1191 feliciter
1296 1144 1483 1192 etnon
1508 1135 1646 1191 bene
1667 1135 1886 1201 incedit,
1903 1134 2030 1205 quia

448 1230 502 1281 in
525 1227 736 1282 fallacia
757 1241 856 1282 sua
879 1210 1535 1298 Antichristusgraditur,
1568 1226 1662 1281 sed
1684 1225 1842 1296 juxta
1867 1225 2032 1280 breve

449 1328 663 1387 tempus
688 1317 812 1372 vitae
839 1317 1127 1387 praesentis
1155 1318 1271 1388 ipsa
1304 1317 1379 1372 illi
1410 1316 1624 1372 fallacia
1654 1326 2027 1388 prosperatur.

516 1408 622 1474 Qui
657 1417 831 1462 autem
859 1407 1068 1479 fortiter
1086 1408 1458 1479 premit-iubera
1479 1407 1550 1462 ad
1591 1406 1901 1462 eliciendum
1925 1407 2025 1472 lac,

442 1501 686 1572 exprimit
725 1501 970 1572 butyrum
999 1519 1012 1555 :
1044 1510 1092 1555 et
1112 1501 1212 1571 qui
1249 1500 1572 1555 vehementer
1594 1499 1844 1571 emungit,
1889 1499 2030 1554 elicit

444 1597 774 1666 sanguinem.
802 1594 982 1650 Ubera
1007 1593 1236 1650 fortiter
1253 1593 1570 1663 premimus,
1598 1607 1720 1648 cum
1745 1593 1908 1646 verba
1939 1605 2030 1646 sa-

444 1686 988 1758 crieloquiPsubtili
1023 1685 1310 1741 intellectu
1354 1698 1669 1755 pensamus,
1717 1697 1823 1752 qua
1871 1695 2030 1753 pres-

2129 592 2294 648 carda
2333 593 2652 662 corrumpit,
2691 608 2760 648 ne
2809 593 3050 649 caelestia
3101 594 3242 649 bona
3290 591 3594 662 requirant,
3656 591 3714 645 in

2130 683 2344 754 quibu!
2359 690 2620 755 perpetuo
2658 692 2880 753 possent
2923 699 3152 755 regnare
3177 699 3303 740 cum
3331 683 3580 738 Domina.
3604 677 3717 737 De-

2131 776 2309 832 lentur
2327 775 2471 831 enim
2487 789 2649 846 reges.
2661 790 2758 846 per
2777 775 3012 843 divitias,
3029 776 3245 846 quando
3265 774 3492 846 quilibet
3515 775 3720 830 summi

2131 866 2275 936 regis
2307 864 2532 934 corpori
2583 864 2804 919 adunati
2838 881 2947 936 per
3003 863 3186 932 ﬁdem,
3229 864 3580 920 nihilominus
3603 880 3721 938 per

2131 959 2413 1014 illecebras
2452 956 2635 1013 saeculi
2665 964 2946 1012 merentur
2969 956 3236 1012 eradicari
3261 955 3330 1012 de
3352 964 3499 1011 terra
3522 955 3720 1010 .viven-

2130 1049 2286 1104 tium.

2203 1137 2333 1193 Noli
2367 1136 2593 1209 regibus,
2635 1153 2665 1191 ο
2694 1136 2946 1203 Lamuel,
2975 1136 3088 1192 noli
3129 1137 3334 1209 regibus
3358 1137 3489 1193 dare
3513 1138 3714 1193 uinum.

2130 1228 2196 1284 Et
2232 1228 2347 1284 ιιωο
2381 1236 2437 1283 et
2469 1228 2750 1298 sequentia
2784 1236 2973 1299 patent
3011 1229 3166 1299 juxta
3198 1228 3467 1295 litteram;
3517 1229 3721 1301 allego-

2131 1321 2243 1376 rice
2272 1328 2452 1375 autem
2501 1320 2747 1390 praecipit
2777 1334 2845 1376 ne
2879 1320 3048 1387 vino,
3093 1319 3148 1374 in
3186 1334 3294 1390 quo
3331 1329 3418 1375 est
3457 1320 3668 1376 luxuria
3693 1359 3714 1386 ,

2129 1405 2360 1466 inebriet
2403 1418 2616 1467 mentes
2645 1409 2923 1477 ﬁdelium,
2969 1411 3062 1481 qui
3109 1419 3237 1466 sunt
3281 1412 3525 1466 membra
3557 1411 3718 1483 regis

2129 1503 2338 1559 aeterni.

2204 1593 2576 1660 Quianullum
2615 1602 2873 1648 secretum
2900 1601 2975 1648 est
3015 1592 3103 1646 ubi
3130 1600 3309 1663 regnat
3336 1591 3580 1646 ebrietas.
3627 1591 3717 1646 Nil

2131 1686 2197 1741 de
2219 1685 2448 1742 secretis
2477 1684 2789 1741 coelestibus
2819 1684 3107 1756 cogitatur,
3136 1683 3227 1738 ubi
3253 1691 3444 1754 regnat
3468 1682 3716 1753 voluptas

445 1781 618 1846 sione,
649 1778 778 1834 dum
804 1777 888 1833 lac
920 1778 1236 1848 quaerimus,
1263 1778 1516 1847 butyrum
1552 1775 1879 1840 invenimus,
1903 1773 2029 1844 quia
2055 1843 2096 1848 _
2131 1775 2390 1842 carnalis,
2419 1775 2515 1832 sed
2545 1789 2610 1831 ea
2641 1783 2851 1830 tantum
2888 1773 3133 1830 carnales
3172 1789 3294 1845 qua:
3326 1782 3454 1829 sunt
3485 1774 3715 1830 visibilia

442 1871 572 1925 dum
601 1843 797 1924 nutriri
825 1869 913 1923 vel
939 1843 1411 1922 tenuiintellectu
1454 1865 1750 1935 qumrimus
1782 1843 2028 1919 ubertate
2055 1843 2105 1905 Β
2131 1872 2430 1921 sectantur.

444 1965 674 2016 interna:
701 1957 1365 2031 pinguedinis-«ungimur,
1406 1956 1679 2026 quad-nec
1720 1954 1883 2010 nimie
1928 1968 2030 2010 nec

445 2066 661 2122 semper
684 2051 952 2121 agendum
981 2055 1084 2114 est,
1110 2063 1178 2104 ne
1203 2048 1329 2103 dum
1357 2047 1440 2103 lac
1473 2047 1755 2118 quatritur,
1801 2047 1870 2103 ab
1895 2046 2030 2102 ube-

447 2144 598 2197 ribus
625 2140 845 2212 sanguis
887 2147 1170 2209 sequatur,
1201 2137 1328 2208 quia
1363 2136 1492 2191 dum
1525 2137 1700 2191 «verba
1744 2136 1886 2191 sacri
1917 2135 2031 2192 elo-

442 2232 553 2302 quii
588 2232 873 2302 plusquam
909 2229 1110 2285 debent
1134 2228 1456 2294 discutiunt,
1481 2227 1536 2282 in
1567 2227 1839 2282 carnalem
1871 2226 2032 2283 intel-

445 2323 648 2379 lectum
696 2321 928 2387 cadunt;
973 2320 1291 2390 sanguinem
1345 2321 1492 2374 enim
1537 2319 1684 2374 elicit
1733 2319 1825 2388 qui
1867 2319 2034 2374 vehe-

443 2421 654 2469 menter
671 2413 941 2482 emnngit,
971 2412 1097 2482 quia
1125 2411 1348 2466 carnale
1382 2409 1614 2466 eiicitur
1649 2410 1754 2467 hoc
1781 2411 1926 2482 quod
1963 2426 2029 2467 ex

443 2505 609 2559 nimia
639 2504 864 2575 spiritus
892 2503 1230 2559 discursione
1258 2505 1511 2559 sentitur.

518 2594 585 2650 Et
633 2597 725 2665 qui
764 2604 1012 2665 prouocat
1041 2596 1188 2660 iras,
1238 2594 1834 2665 producitdiscordias.
1889 2593 2028 2662 Quid

441 2689 780 2757 przccedente
811 2686 1065 2758 parabola
1091 2685 1248 2756 juxta
1272 2686 1508 2742 litteram
1543 2686 1878 2757 signiﬁcaret
1906 2700 2032 2755 ape-

441 2779 533 2844 rit,
562 2778 690 2849 quia
714 2779 807 2848 qui
851 2777 1098 2832 modesto
1122 2790 1374 2832 sermone
1412 2778 1730 2847 proximum
1759 2777 2027 2833 allocutus

439 2878 653 2940 gratum
683 2869 881 2940 accipit
920 2883 1261 2938 responsum,
1285 2868 1440 2938 quasi
1466 2869 1533 2924 de
1557 2867 1816 2924 uberibus
1836 2868 1889 2923 in
1911 2869 2033 2938 qui-

443 2960 545 3014 bus
572 2959 656 3014 lac
688 2958 966 3028 quazrebat
1013 2959 1270 3029 butyrum
1311 2957 1589 3028 exprimit.
1619 2957 1691 3011 At
1723 2958 1816 3027 qui
1847 2957 2030 3029 inepto

444 3047 612 3103 verba
638 3047 775 3102 iram
803 3047 1241 3117 discordiamque
1276 3047 1515 3102 fraterna
1543 3063 1610 3102 ex
1648 3047 1814 3103 corde
1833 3061 2033 3117 prava-

444 3148 534 3195 eat
558 3139 716 3212 quasi
749 3137 891 3194 ultra
934 3137 1152 3192 modum
1175 3153 1482 3208 emungens
1513 3139 1676 3200 ubera
1705 3137 2022 3210 sanguinem

443 3247 544 3301 pro
575 3231 714 3286 lacte
735 3229 959 3301 reperit.

1004 3318 1231 3376 CAPUT
1284 3317 1475 3374 XXXI.

521 3427 691 3469 VERBA
731 3425 995 3467 LAIUELIS
1027 3424 1201 3464 REGIS.
1241 3424 1382 3464 VISIO
1418 3424 1521 3472 QUA
1560 3423 1816 3464 Ειιυιιιιίτ
1851 3423 1959 3464 ΕυΙ

1065 3495 1250 3536 “TER
1284 3495 1404 3535 811A.

517 3593 743 3650 Lamuel
766 3592 1180 3663 interpretatur,
1209 3592 1265 3646 in
1307 3608 1409 3662 quo
1437 3591 1600 3656 Deus,
1628 3600 1694 3646 et.
1715 3591 1934 3662 ipseest
1965 3594 2034 3650 de

445 3701 554 3754 quo
574 3699 758 3756 supra,
789 3683 980 3739 eadem
1006 3681 1228 3739 nomine
1258 3682 1313 3737 in
1340 3680 1595 3737 Latinum
1625 3697 1807 3748 versa,
1837 3682 2034 3740 dicitur

446 3775 602 3838 visio,
623 3773 751 3842 quia
775 3773 988 3828 locutus
1014 3781 1100 3829 est
1122 3787 1246 3826 cum
1276 3785 1386 3842 qua
1416 3779 1503 3826 est
1529 3771 1692 3826 Deus.
1736 3771 1909 3828 Mater
1938 3789 2035 3828 au-

448 3877 556 3924 tem
589 3882 709 3938 qua:
735 3867 877 3921 hanc
900 3880 1024 3921 eum
1055 3864 1320 3920 visionem
1341 3863 1546 3932 docuit,
1578 3879 1684 3920 non
1709 3865 1815 3920 alia
1842 3864 2036 3921 melius

446 3972 610 4027 quam
642 3956 829 4012 divina
856 3956 1034 4027 gratia
1063 3955 1386 4025 intelligitur
1414 3995 1430 4021 ,
1461 3969 1582 4024 quae
1611 3954 1760 4009 illum
1792 3955 1844 4010 in
1864 3957 2034 4013 corde

448 4047 794 4103 invisibiliter
821 4045 1059 4102 erudivit
1084 4045 1364 4102 intellectu
1389 4045 1685 4116 sapientiai,
1713 4061 1876 4115 quam
1901 4045 2036 4102 foris

445 4136 759 4193 hominibus
807 4137 923 4206 ipse
957 4137 1333 4202 ministraret;
1388 4136 1639 4206 quamvis
1671 4136 1876 4206 et-ipsa
1901 4152 2031 4192 car-

446 4229 586 4284 nalis
620 4236 797 4282 mater
835 4226 1143 4282 Salomonis
1172 4227 1288 4281 haec
1321 4240 1445 4281 eum
1473 4225 1758 4296 parvulum
1785 4227 2033 4283 docuisse

446 4325 594 4371 recte
619 4315 791 4386 possit
815 4315 1041 4384 intelligi
1065 4330 1080 4368 :
1107 4330 1227 4384 qua:
1251 4315 1467 4384 quidem
1493 4315 1630 4385 ipse,
1657 4315 1783 4384 quia
1817 4317 2034 4386 sapien-

447 4416 534 4461 ter
552 4406 695 4460 dicta
723 4405 1063 4474 cognoverit,
1091 4405 1239 4474 operi
1267 4403 1659 4460 Parabolarum
1695 4421 1920 4462 suarum
1946 4407 2032 4462 in-

445 4495 593 4550 ferre
616 4493 878 4561 voluerit;
913 4505 970 4550 et
1010 4495 1131 4550 ideo
1175 4503 1323 4550 recte
1364 4502 1648 4564 postquam
1700 4495 1905 4552 dictum
1943 4505 2030 4553 est

444 4588 500 4642 in
532 4585 688 4643 titulo
717 4587 871 4641 verba
901 4585 1168 4644 Lamuelis
1190 4585 1347 4656 regis,
1369 4585 1610 4642 additum
1634 4594 1722 4642 est
1747 4588 2025 4655 continuo,

441 4679 571 4734 uisio
591 4695 697 4750 qua
719 4677 940 4732 erudivit
959 4692 1077 4731 eum
1098 4685 1266 4730 mater
1286 4693 1404 4731 sua.
1420 4674 1556 4743 Quia
1576 4693 1701 4732 cum
1722 4677 1778 4732 in
1802 4693 2026 4748 regnum

443 4779 640 4826 unctus
664 4769 916 4842 spiritum
939 4767 1218 4838 sapientia:
1245 4768 1517 4839 percepit,
1561 4768 1698 4824 vidit
1739 4770 1794 4824 in
1834 4770 2026 4826 eodem

441 4862 633 4932 spiritu
670 4877 833 4932 quam
861 4860 1162 4932 prudenter
1197 4875 1255 4916 se
1286 4869 1464 4916 mater
1485 4860 1628 4916 bona
1654 4861 1917 4916 docuerit.

409 4949 415 5026 ξ
518 4951 682 5018 Quid,
715 4952 871 5006 electe
900 4951 993 5016 mi,
1030 4950 1178 5022 quid,
1206 4949 1362 5004 electa
1405 4951 1540 5003 uteri
1562 4952 1683 5005 mei.
1719 4949 1985 5007 Subaudis
2006 4992 2022 5017 ,

405 5027 415 5056 ³
444 5041 575 5109 quid
603 5040 698 5093 tibi
720 5041 919 5106 dicam,
935 5040 1032 5108 liii,
1054 5040 1173 5110 qui,
1194 5039 1261 5095 de
1283 5048 1440 5094 utero
1465 5055 1585 5095 mea
1608 5050 1797 5107 natus,
1822 5041 2026 5099 electus

445 5143 506 5183 es
531 5128 586 5182 in
619 5141 862 5198 regnum.

520 5217 684 5284 Quid,
718 5217 874 5273 electe
911 5230 1145 5274 votorum
1184 5235 1417 5274 meorum
1443 5221 1467 5273 ?
1493 5220 1550 5274 ld
1571 5229 1674 5287 est,
1705 5226 1798 5292 qui
1821 5223 2027 5279 electus

447 5322 507 5361 es
534 5308 585 5360 in
617 5306 722 5362 hac
751 5308 894 5377 quad
923 5316 1033 5363 tota
1064 5309 1348 5365 devotione
1375 5310 1767 5366 desiderabam.

521 5398 603 5453 Ne
639 5398 846 5454 dederis
891 5399 1197 5456 mulieribus
1254 5403 1601 5457 substantiam
1651 5413 1817 5460 tuam.
1871 5405 2025 5464 Patet

451 5489 645 5544 litterae
683 5504 896 5554 sensus,
927 5491 1021 5546 sed
1051 5499 1105 5546 et
1142 5492 1404 5548 virtutum
1429 5503 1742 5550 nostrarum
1768 5497 2025 5554 substan-

448 5579 554 5634 tias
607 5579 1046 5650 corruptionibus
1092 5582 1349 5638 vitiorum
1414 5586 1785 5644 contaminare
1847 5591 2016 5659 probi-

444 5671 658 5728 bemur.

514 5760 581 5820 Et
615 5765 824 5823 divitias
855 5775 974 5825 tuas
1011 5767 1079 5824 ad
1123 5760 1368 5826 delendas
1425 5787 1585 5841 reges.
1637 5772 1862 5832 Divitias
1900 5789 2026 5835 suas

2201 1954 2285 2010 Ne
2309 1954 2447 2024 forte
2475 1952 2614 2008 bibat
2638 1962 2688 2009 et
2705 1952 3049 2010 obliviscatur
3085 1953 3415 2024 judiciorum
3456 1963 3505 2008 et
3554 1963 3714 2008 mutet

2129 2062 2344 2101 causam
2373 2045 2621 2113 ﬁliarum
2662 2046 2926 2117 pauperis.
2964 2044 3042 2100 Ne
3069 2046 3299 2100 terrenis
3326 2045 3572 2100 ebriatus
3596 2045 3716 2099 ille-

2130 2137 2311 2194 cebris
2353 2137 2704 2193 obliviscatur
2751 2152 3049 2208 pauperum
3096 2136 3322 2203 Christi,
3359 2139 3451 2207 qui
3497 2147 3554 2192 ct
3602 2138 3719 2207 ipse

2121 2243 2334 2300 pauper
2362 2237 2446 2284 est
2469 2228 2644 2282 factus
2673 2243 2771 2298 pro
2793 2229 2967 2284 nobis.

2202 2318 2588 2374 Dateesiceram
2615 2317 2949 2373 maerentibus
2992 2326 3039 2372 ct
3083 2317 3258 2372 uinum
3296 2317 3380 2372 Itis
3417 2319 3508 2389 qui
3533 2334 3716 2373 amaro

2131 2419 2254 2466 sunt
2283 2409 3089 2480 animo:bibant,egestatissua:
3112 2419 3159 2464 et
3184 2409 3515 2464 dolorisnon
3545 2426 3717 2464 recor-

2123 2503 2322 2556 dentur
2345 2501 2593 2572 amplius.
2625 2499 2868 2556 Siceram
2913 2509 2970 2556 et
3009 2501 3194 2555 vinum
3223 2501 3327 2556 hoc
3369 2513 3487 2556 loco
3522 2501 3719 2570 sempi-

2134 2603 2343 2648 ternam
2375 2593 2569 2648 divinae
2616 2593 2892 2664 sapientia:
2923 2593 3344 2649 consolationem
3375 2593 3506 2648 dicit
3536 2631 3552 2658 ,
3597 2607 3720 2663 qua:

2119 2683 2242 2739 illis
2270 2691 2356 2739 est
2382 2683 2689 2740 exhibenda
2716 2685 2971 2740 cordibus
2999 2685 3198 2755 quae-in
3226 2683 3427 2740 inlimis
3447 2683 3718 2740 consolani

2134 2773 2428 2845 refugiunt,
2461 2779 2515 2828 et
2552 2772 2814 2843 quidquid
2859 2773 3094 2828 occurrit
3134 2773 3188 2828 in
3211 2773 3474 2844 praesenti
3519 2788 3720 2828 amaro

2131 2868 2315 2924 animo
2346 2866 2668 2936 suscipiunt,
2697 2864 2849 2931 solis,
2876 2879 2997 2936 quae
3017 2865 3255 2920 nandum
3272 2864 3484 2930 vident;
3502 2864 3722 2935 gaudiis

2129 2959 2444 3016 ctelestibus
2484 2965 2600 3014 tota
2649 2965 2831 3012 mente
2880 2957 3230 3022 inhaerentes,
3255 2954 3412 3024 juxta
3463 2969 3584 3010 eum
3624 2955 3720 3025 qui

2129 3051 2264 3107 dixit
2317 3064 2334 3105 :
2397 3047 2616 3121 Negavit
2693 3047 2957 3104 consolari
3024 3049 3205 3102 anima
3271 3063 3386 3102 mea
3439 3060 3459 3099 .'
3505 3063 3724 3101 memor

2131 3141 2233 3212 fuit
2277 3140 2415 3206 Dei,
2459 3151 2504 3195 et
2562 3138 2847 3194 delectatus
2897 3156 3034 3194 sum.
3100 3138 3232 3194 Item
3263 3179 3278 3205 ,
3311 3137 3445 3192 .date
3494 3137 3721 3192 siceram

2133 3230 2467 3286 maerentibus
2494 3240 2542 3284 et
2573 3231 2750 3284 vinum
2787 3231 2958 3285 bibere
3001 3230 3086 3285 Itis
3127 3231 3216 3301 qui
3245 3238 3572 3285 amara-sunt
3595 3229 3718 3283 ani-

2133 3339 2237 3386 mo,
2269 3332 2376 3377 etc.
2402 3321 2497 3377 llis
2517 3321 2608 3391 qui
2641 3337 2740 3391 pro
2760 3321 3094 3392 paenitudine
3115 3329 3332 3376 actuum
3353 3320 3720 3392 pristinorum

2134 3427 2372 3469 maerore
2403 3419 2566 3483 atque
2595 3411 2816 3466 tristitia
2838 3411 3512 3483 deprimuntur,spiritalis
3538 3413 3720 3468 scien-

2136 3503 2224 3558 tia:
2266 3503 2660 3575 jucunditatem
2695 3543 2710 3570 ,
2759 3501 2907 3558 velut
2952 3502 3138 3557 vinum
3172 3501 3317 3571 quod
3343 3501 3589 3558 laetiﬁcat
3623 3514 3721 3557 cor

2135 3593 2394 3660 hominis,
2428 3591 2714 3648 afﬂuenter
2741 3591 3026 3659 infundite,
3055 3607 3256 3662 eosque
3283 3593 3539 3649 salutaris
3567 3593 3717 3648 verbi

2135 3683 2356 3754 crapula
2381 3680 2641 3750 refovete,
2676 3696 2744 3737 ne
2767 3681 2916 3738 forte
2934 3682 3166 3754 jugitate
3187 3681 3439 3737 mmraris
3475 3697 3539 3737 ac
3561 3681 3718 3737 lattali

2135 3773 2514 3844 desperatione
2544 3772 2799 3840 demersi,
2830 3772 3222 3828 abundantiam
3255 3773 3474 3827 tristitia
3493 3772 3718 3827 abscon—

2137 3865 2358 3930 dantur,
2396 3862 2489 3934 qui
2523 3861 2789 3930 ejusmodi
2815 3871 2963 3918 sunt.

2205 3954 2365 4028 Aperi
2393 3971 2450 4010 os
2478 3965 2627 4009 tuum
2656 3963 2800 4010 muta
2828 3965 2874 4009 et
2903 3955 3079 4010 causis
3111 3954 3354 4010 omnium
3371 3953 3606 4026 filiorum
3629 3957 3720 4027 qui

2134 4033 2519 4119 pertranseunt.
2553 4045 2659 4101 Pro
2697 4060 2862 4101 causa
2887 4060 3183 4116 pauperum
3209 4085 3224 4112 ,
3255 4046 3345 4116 qui
3376 4062 3475 4116 per
3496 4059 3555 4102 se
3576 4045 3720 4115 loqui

2133 4142 2191 4196 in
2230 4139 2438 4211 judicia
2477 4154 2587 4194 non
2625 4138 2841 4204 valent,
2873 4138 2988 4208 ipse
3014 4137 3162 4207 loqui
3191 4147 3463 4191 memento
3486 4177 3502 4202 ,
3541 4145 3594 4190 et
3624 4150 3720 4190 eos

2137 4233 2423 4287 defensare
2453 4238 2666 4295 curato,
2709 4229 2802 4300 qui
2845 4229 3036 4298 patrim
3070 4228 3310 4283 caelestis
3337 4227 3533 4282 intuitu
3560 4225 3723 4297 hujus

2137 4322 2262 4376 vitae
2285 4322 2429 4376 viam
2455 4322 2609 4377 ocius
2641 4319 2873 4375 transire
2910 4326 3182 4390 satagunt.
3214 4317 3388 4373 Aliter
3411 4332 3473 4373 os
3507 4317 3723 4386 aperire

2135 4423 2287 4472 muto
2313 4413 2572 4486 praecipit,
2617 4411 2814 4483 populo
2851 4411 3091 4483 gentium
3115 4409 3240 4466 ﬁdei
3265 4409 3492 4465 verbum
3520 4407 3720 4478 prasdi-

2135 4521 2284 4573 care,
2310 4506 2402 4576 qui
2442 4504 2625 4560 divina
2654 4503 2864 4574 eloquia
2892 4503 3045 4573 prius
3083 4515 3376 4572 personare
3401 4500 3676 4555 nesciebat
3703 4539 3720 4561 ,

2051 4565 2109 4626 Β
2133 4606 2192 4655 et
2223 4565 2346 4653 non.
2360 4604 2571 4653 tantum
2596 4565 2830 4661 Judaeis,
2858 4565 2953 4650 sed
2977 4601 3033 4648 et
3062 4565 3270 4648 cunctis
3291 4606 3388 4662 per
3410 4591 3598 4647 orbem
3623 4606 3722 4643 na-

2134 4687 2374 4745 tionibus
2401 4701 2588 4743 curam
2617 4685 2806 4742 saldtis
2829 4683 3161 4754 impendere.

2205 4777 2364 4850 Aperi
2393 4793 2450 4832 os
2476 4787 2649 4841 tuum,
2675 4775 2893 4830 decerne
2913 4775 3053 4845 quod
3072 4773 3280 4844 justum
3311 4781 3408 4839 est,
3445 4781 3494 4827 et
3528 4771 3722 4842 judica

2134 4869 2340 4940 inopem
2379 4876 2429 4923 et
2466 4882 2766 4938 pauperem.
2809 4866 2962 4921 Sicut
3004 4865 3060 4919 in
3114 4878 3276 4920 versu
3308 4862 3588 4934 superiore
3617 4877 3723 4931 pro

2131 4973 2298 5014 causa
2327 4968 2385 5013 et
2415 4957 2470 5012 in
2499 4957 2777 5027 ereptione
2798 4954 3049 5025 pauperis
3077 4969 3138 5009 os
3166 4953 3379 5022 aperire
3421 4949 3678 5022 praecepit
3703 4989 3719 5014 ,

2131 5050 2206 5104 ita
2234 5051 2288 5105 in
2315 5049 2420 5106 isto
2445 5049 2618 5120 ipsum
2652 5061 2943 5118 pauperem
2973 5047 3062 5100 ubi
3089 5045 3376 5109 erraverit,
3409 5043 3556 5114 juste
3595 5059 3721 5098 cas-

2131 5144 2302 5214 tigare
2340 5141 2675 5212 ac'judicare
2701 5140 2976 5196 admonet.
3023 5139 3186 5195 Juxta
3215 5140 3360 5211 quod
3403 5148 3457 5195 et
3503 5139 3719 5210 Moyses

2132 5233 2210 5287 ait
2238 5251 2252 5288 :
2281 5233 2352 5289 Et
2381 5234 2624 5305 pauperis
2652 5233 2706 5285 in
2734 5231 2934 5299 judicio
2970 5247 3073 5285 non
3129 5231 3453 5285 misereberis
3514 5229 3714 5302 (Exod.

2134 5325 2355 5396 χχχιιι).
2393 5324 2548 5393 Quod
2592 5333 2882 5392 utrumque
2917 5323 3203 5378 Dominum
3232 5321 3413 5379 facere
3450 5323 3718 5392 propheta

2133 5417 2370 5471 insinuat
2393 5417 2579 5472 dicens
2603 5434 2616 5469 :
2643 5415 2746 5470 Sed
2763 5415 3024 5486 judicabit
3068 5416 3123 5470 in
3142 5415 3358 5486 justitia
3385 5431 3637 5486 pauperes
3668 5425 3724 5473 et

2133 5515 2316 5578 arguet
2339 5507 2394 5562 in
2421 5508 2664 5578 aequitate
2691 5523 2785 5577 pro
2815 5508 3101 5561 mansuetis
3131 5516 3286 5562 terra:
3317 5506 3454 5578 (Isa.
3483 5504 3583 5577 XI).

2520 5596 2642 5652 Huc
2669 5614 2831 5668 usque
2860 5598 3011 5652 verba
3041 5597 3326 5653 Lamuelis.

2203 5687 2342 5743 Hinc
2359 5688 2792 5759 sapientissimus
2815 5703 3002 5760 regum
3019 5687 3273 5745 Salomon
3301 5689 3488 5745 laudes
3516 5697 3726 5744 sanctae

2081 5855 2088 5864 ι
2132 5777 2388 5836 Ecclesia:
2413 5777 2660 5837 versibus
2683 5780 2891 5850 paucis,
2917 5777 3008 5836 sed
3031 5779 3342 5850 plenissima
3375 5777 3605 5836 veritate
3629 5778 3724 5834 de-
