4100 6324
380 401 476 458 781

1127 395 1489 456 ΕΧΡο81Τ10
1527 393 1594 451 ΙΝ
1628 389 2021 450 PROVERBIA
2067 387 2478 445 SALOMONIS.
2521 420 2589 430 ——
2627 389 2753 445 LIB.
2795 390 2876 445 Ill.

3545 390 3648 446 782

378 524 586 576 cantat.
617 518 842 574 Constat
888 530 1121 586 namque
1167 515 1309 569 idem
1343 528 1562 568 carmen
1601 511 1846 566 versibus
1874 510 1954 564 vi-
1986 515 2030 575 Α
2064 505 2204 561 unde
2245 515 2320 560 et.
2352 504 2643 576 Apostolus
2681 504 3028 560 credentibus
3053 505 3128 560 ait
3157 523 3170 560 :
3205 503 3472 575 Despondi
3505 506 3644 558 enim

378 613 513 684 ginti
542 621 598 668 et
625 611 832 668 duobus
855 609 1008 680 juxta
1037 609 1280 664 ordinem
1319 607 1567 662 videlicet
1605 605 1956 659 Hebraeorum

380 720 445 760 ac
471 720 757 760 numerum
787 703 1108 763 litterarum,
1142 699 1216 754 ita
1242 707 1301 752 ut
1329 697 1527 768 singuli
1567 711 1755 751 versus
1777 711 1807 748 a
1848 693 1958 747 sin-

378 797 522 868 gulis
565 798 760 853 litteris
798 795 1077 867 incipiant.
1115 791 1280 862 Cujus
1330 790 1519 846 ordine
1565 787 1960 859 perfectissimo

382 887 654 957 alphabeti
703 887 881 956 typice
923 884 1166 939 innuitur
1197 896 1356 952 quam
1395 880 1708 950 plenissime
1747 877 1835 930 hic
1877 874 1960 927 vel

381 977 575 1032 animae
603 977 864 1047 cujusque
911 974 1084 1030 ﬁdelis
1103 1015 1117 1039 ,
1162 972 1247 1028 vel
1270 972 1434 1027 totius
1467 983 1636 1023 sacrm
1665 965 1916 1020 Ecclesiae
1944 1004 1959 1026 ,

354 1083 499 1136 quae
521 1082 587 1122 ex
615 1066 866 1121 omnibus
888 1064 1078 1120 electis
1102 1063 1386 1117 animabus
1412 1074 1514 1114 una
1541 1056 1841 1128 perﬁcitur,
1866 1069 1960 1110 ca-

380 1157 594 1212 tholicae
621 1157 849 1212 virtutes
876 1171 942 1211 ac
971 1155 1193 1225 praemia
1215 1152 1612 1208 describantur.

451 1245 730 1301 Mulierem
762 1247 951 1316 fortem
992 1246 1109 1317 quis
1145 1245 1366 1301 inveniet
1391 1243 1416 1296 2
1440 1239 1637 1296 Procul
1662 1249 1708 1294 et
1748 1239 1812 1292 de
1841 1237 1966 1291 ulti-

379 1352 496 1390 mus
520 1335 714 1404 ﬁnibus
755 1337 978 1406 pretium
1007 1337 1143 1412 ejus.
1175 1333 1365 1389 Mulier
1395 1331 1550 1388 fortis
1590 1329 1834 1385 Ecclesia
1871 1341 1964 1382 ca-

382 1425 580 1480 tholica
607 1436 834 1480 vocatur
859 1445 873 1478 :
904 1426 1101 1480 mulier
1139 1423 1390 1479 videlicet
1415 1437 1538 1492 qua:
1563 1420 1834 1492 spiritales
1853 1417 1966 1472 Deo

383 1514 522 1569 ﬁlios
550 1529 615 1569 ex
642 1529 782 1583 aqua
814 1523 870 1569 et
895 1514 1102 1585 Spiritu
1145 1523 1334 1569 sancto
1381 1513 1602 1583 gignere
1643 1506 1963 1572 consuevit;

385 1605 562 1668 fortis,
587 1605 712 1674 quia
739 1613 933 1660 cuncta
960 1604 1142 1660 steculi
1173 1605 1400 1658 adversa
1428 1601 1590 1659 simul
1622 1609 1677 1656 et
1705 1612 1966 1670 prospera

384 1709 484 1764 pro
511 1693 813 1750 conditoris
841 1696 924 1749 sui
973 1694 1078 1750 ﬁde
1119 1693 1417 1750 contemnit
1447 1710 1458 1746 :
1489 1706 1652 1762 quam
1703 1691 1819 1760 ipse
1851 1683 1967 1755 ,'in

388 1799 557 1840 carne
588 1799 874 1855 apparens,
907 1785 1178 1840 inﬁrmam
1228 1786 1445 1855 quidem
1481 1784 1718 1861 invenit,
1749 1783 1844 1838 sed
1885 1782 1969 1836 in—

2062 612 2152 649 vos
2181 595 2278 649 uni
2298 596 2406 650 viro
2430 595 2682 665 virginem
2703 602 2903 648 castam
2925 594 3164 648 exhibere
3187 591 3396 649 Christo
3417 593 3506 665 (II
3521 593 3651 648 Cor.

2061 686 2123 757 ι).
2165 685 2318 752 Quod
2347 701 2476 756 ergo
2515 686 2734 749 dicitur,
2767 685 2983 754 conlidit
3014 685 3067 737 in
3101 701 3160 738 ea
3188 701 3279 739 cor
3313 685 3411 738 viri
3432 684 3549 748 sui,
3582 685 3650 739 ab

2062 777 2297 832 humana
2343 777 2599 832 nimirum
2643 776 3034 832 consuetudine
3079 783 3314 830 tractum
3341 784 3444 832 est.
3496 774 3652 831 Sicut

2063 870 2206 926 cnim
2242 870 2288 924 is
2318 869 2410 938 qui
2452 869 2646 924 fortem
2679 867 3000 937 ﬁdelemque
3022 877 3077 922 ct
3097 873 3305 922 castam
3333 867 3497 922 habet
3523 881 3654 921 eon-

2059 960 2263 1030 jugem,
2280 961 2502 1016 conﬁdit
2524 961 2578 1014 in
2598 975 2662 1015 ea
2687 960 3004 1022 certissime,
3033 959 3160 1029 quia
3184 958 3254 1013 nil
3281 967 3471 1014 contra
3495 973 3650 1013 suam

2064 1052 2398 1107 voluntatem
2428 1066 2590 1122 agere
2619 1057 2641 1116 ,‘
2688 1049 2834 1105 nulla
2871 1050 3174 1105 adulterina
3219 1048 3402 1118 saltim
3449 1049 3657 1119 cogita-

2066 1141 2214 1196 tione
2244 1142 2416 1210 possit
2438 1141 2774 1206 attaminari,
2803 1150 2996 1196 cuncta
3025 1155 3125 1209 pro
3157 1154 3255 1194 suo
3279 1154 3465 1196 amore
3487 1139 3656 1194 etiam

2067 1232 2293 1286 adversa
2340 1230 2574 1288 libenter
2611 1232 2845 1297 toleret,
2898 1241 2971 1308 et
3005 1245 3358 1302 quoscunque
3396 1230 3543 1287 valet
3589 1231 3659 1286 ad

2067 1340 2222 1380 suam
2245 1326 2542 1381 amicitiam
2570 1333 2892 1382 convertere
2917 1325 3224 1380 desideret:
3260 1324 3339 1380 sic
3371 1323 3652 1386 nimirum,

2067 1417 2148 1472 sic
2193 1417 2454 1472 Dominus
2489 1426 2545 1472 et
2577 1417 2906 1486 Redemptor
2942 1424 3128 1470 noster
3174 1415 3228 1469 in
3258 1413 3499 1469 Ecclesia
3527 1428 3658 1468 con-

2067 1510 2205 1576 ﬁdit,
2238 1510 2391 1564 novit
2413 1509 2560 1565 enim
2591 1509 2843 1580 spiritum
2875 1508 3064 1578 gratia:
3093 1521 3254 1576 quem
3291 1504 3461 1572 dedit,
3506 1503 3661 1560 novit

2068 1602 2322 1658 virtutem
2373 1601 2660 1656 cbaritatis
2707 1616 2872 1670 quam
2917 1601 3036 1670 ejus
3081 1599 3393 1668 praecordiis
3440 1597 3656 1652 infudit.

2067 1692 2302 1762 Ideoque
2330 1708 2437 1747 non
2469 1692 2681 1748 dubitat
2707 1707 2829 1746 eam
2864 1706 2972 1745 non
3002 1691 3177 1745 solum
3220 1707 3252 1744 a
3282 1705 3392 1746 suae
3422 1689 3545 1745 ﬁdei
3576 1690 3662 1744 in-

2073 1783 2326 1853 tegritate
2379 1797 2723 1852 nequaquam
2785 1797 2945 1851 posse
2999 1782 3308 1851 corrumpi;
3352 1782 3447 1837 sed
3495 1782 3658 1837 etiam

388 1875 645 1931 ventione
679 1889 774 1929 sua
795 1917 812 1941 ,
842 1877 945 1931 hoc
966 1885 1048 1932 cst
1066 1877 1152 1947 pia
1183 1877 1488 1931 visitatione
1513 1916 1528 1941 ,
1571 1875 1767 1930 fortem
1790 1873 1971 1929 reddi-
1999 1869 2047 1930 B
2076 1881 2490 1943 perseveranter
2539 1873 2790 1928 insistere
2826 1880 2886 1926 ut
2927 1872 3110 1942 plures
3143 1874 3211 1927 ad
3250 1872 3489 1941 ejusdem
3535 1872 3659 1927 ﬁdei

385 1965 500 2034 dit;
534 1968 674 2023 unde
699 1974 822 2037 post
847 1967 962 2036 ejus
989 1967 1416 2038 redemptionem
1445 1967 1513 2022 ad
1536 1966 1706 2021 caalos
1735 1965 1971 2028 rediens,

387 2059 638 2128 supernis
685 2058 896 2114 civibus
939 2058 1181 2129 gaudens
1229 2057 1459 2113 aiebat:
1517 2053 1974 2127 Congratulamini

388 2149 540 2212 milii,
579 2148 702 2219 quia
741 2148 912 2203 inveni
946 2165 1088 2203 ovem
1113 2165 1230 2219 qua:
1265 2148 1490 2218 perierat
1521 2146 1675 2219 (Luc.
1723 2145 1836 2218 xv).
1883 2145 1976 2200 Vi-

390 2235 526 2290 dens
552 2251 679 2306 ergo
707 2235 962 2292 Salomon
1004 2251 1178 2308 genus
1213 2237 1509 2292 humanum
1546 2236 1845 2292 innumeris
1874 2235 1975 2290 im-

389 2327 646 2398 plicatum
695 2328 1002 2393 erroribus,
1047 2329 1301 2399 quodque
1356 2330 1423 2384 ad
1469 2327 1588 2398 ejus
1621 2328 1972 2384 salvationem

389 2418 570 2472 nullus
605 2419 936 2488 patriarcha,
966 2419 1148 2474 nullus
1179 2421 1482 2490 propheta,
1533 2419 1714 2476 nullm;
1753 2419 1978 2476 omnino

387 2509 708 2575 electorum,
731 2520 932 2580 pneter
959 2511 1138 2566 sdum
1166 2512 1528 2567 mediatorem
1581 2512 1678 2568 Dei
1701 2521 1760 2567 et
1795 2512 1978 2567 homi-

391 2613 548 2664 num,
577 2597 872 2666 suﬂicerct,
901 2601 980 2656 ait
1013 2621 1025 2655 :
1055 2599 1330 2657 Mulierem
1353 2603 1539 2672 fortem
1565 2603 1686 2674 quis
1715 2603 1980 2658 inueniet!

392 2685 593 2742 Procul
617 2700 666 2743 et
694 2690 758 2744 de
788 2690 984 2746 ultimis
1009 2693 1202 2760 finibus
1227 2695 1452 2762 pretium
1471 2694 1621 2764 ejus;
1645 2709 1708 2748 ac
1724 2693 1770 2749 si
1790 2703 1978 2764 aperte

392 2778 628 2832 futuram
686 2779 898 2836 Domini
949 2783 1178 2853 gratiam
1235 2783 1555 2840 admirando
1600 2793 1973 2856 protestetur;

393 2869 526 2935 Quis
565 2881 728 2927 tantae
757 2873 992 2939 virtutis,
1020 2876 1142 2944 quis
1173 2875 1292 2931 talis
1320 2884 1402 2934 est
1430 2877 1607 2932 meriti
1633 2919 1648 2944 ,
1677 2878 1770 2949 qui
1799 2878 1866 2934 de
1900 2885 1980 2932 tot

396 2957 689 3016 incredulis
733 2977 798 3016 ac
840 2964 1082 3019 scelestis
1123 2967 1306 3020 mundi
1345 2967 1654 3022 nationibus
1681 2984 1845 3023 unam
1874 2969 1976 3024 sibi

394 3051 693 3108 electorum
729 3055 1030 3128 Ecclesium
1079 3069 1412 3131 congreget,
1448 3076 1608 3131 quam
1660 3077 1757 3118 sua
1802 3063 1977 3134 gratia

397 3141 591 3199 fortem
634 3153 796 3217 atque
827 3147 1276 3220 inseparabilem,
1304 3153 1721 3209 adversantibus
1765 3155 1978 3210 cunctis

396 3234 614 3290 efﬁciat.
651 3235 766 3292 Non
793 3240 885 3294 hic
910 3219 1057 3297 certe
1096 3243 1268 3297 nostri
1305 3243 1519 3310 similis,
1547 3258 1652 3299 non
1688 3251 1876 3300 nostro
1896 3252 1981 3298 est
2009 3219 2053 3282 δ

398 3331 641 3393 tempore
661 3336 948 3395 venturus,
971 3331 1064 3386 sed
1091 3331 1144 3386 in
1167 3331 1274 3387 ﬁne
1295 3334 1616 3390 saeculorum
1643 3344 1729 3391 est
1756 3336 1824 3391 de
1846 3335 1982 3391 caelo

399 3414 540 3470 Deus
564 3416 725 3472 homo
750 3419 1131 3488 descensurus,
1188 3423 1281 3492 qui
1329 3440 1430 3481 nos
1470 3441 1570 3481 sua
1613 3428 1867 3496 passione
1919 3443 1985 3484 ac

397 3513 574 3558 morte
611 3507 862 3562 redimat.
909 3509 1020 3565 Hoc
1053 3520 1142 3566 est
1167 3513 1311 3568 enim
1341 3515 1485 3584 quod
1519 3517 1616 3581 ait,
1646 3517 1831 3586 procul
1850 3527 1901 3572 et
1920 3517 1986 3571 de

399 3590 597 3646 ultimis
643 3594 837 3662 ﬁnibus
868 3600 1094 3668 pretium
1133 3601 1285 3670 ejus;
1316 3603 1534 3672 procul,
1559 3605 1983 3662 videlicebstatu

401 3681 658 3750 temporis
686 3684 829 3753 quod
859 3701 890 3739 a
921 3687 1110 3743 diebus
1138 3689 1450 3746 Salomonis
1478 3709 1651 3763 usque
1673 3695 1740 3751 ad
1765 3704 1982 3766 partum

401 3769 639 3841 Virginis
669 3773 967 3842 inlercrat;
994 3778 1059 3831 de
1086 3777 1284 3834 ultimis
1307 3790 1488 3836 autem
1517 3785 1710 3852 finibus
1733 3825 1748 3849 ,
1785 3787 1909 3856 quia
1952 3804 1984 3843 a

396 3876 612 3918 summo
641 3863 780 3919 etelo
807 3868 1047 3936 egressio
1069 3868 1185 3939 ejus
1209 3909 1224 3936 ,
1255 3871 1348 3940 qui
1376 3887 1484 3926 non
1509 3872 1651 3928 aliud
1677 3887 1776 3942 pro
1799 3885 1985 3931 nostra

398 3951 774 4023 redemptione
809 3957 1042 4026 pretium
1077 3974 1241 4030 quam
1281 3961 1519 4031 seipsum
1568 3964 1784 4020 obtulit.
1832 3965 1986 4024 Unde

398 4038 691 4110 Apostolus
717 4061 728 4096 :
761 4042 886 4110 Qui,
912 4044 1104 4114 inquit,
1141 4046 1324 4102 dilexit
1351 4065 1444 4104 nos
1466 4059 1512 4104 et
1544 4051 1764 4106 tradidit
1793 4063 1982 4109 semet-

399 4134 567 4204 ipsum
593 4153 686 4205 pro
714 4137 883 4218 nobis,
900 4140 1214 4195 oblationem
1236 4150 1284 4196 et
1303 4142 1526 4197 hostiam
1554 4143 1662 4198 Deo
1693 4145 1748 4200 in
1773 4147 1985 4202 odorem

401 4225 675 4280 suavitatis
702 4226 919 4298 (Ephes.
955 4231 1032 4302 v).
1062 4230 1322 4298 Quamvis
1349 4241 1404 4288 et
1428 4233 1504 4288 ita
1529 4244 1678 4291 recte
1704 4237 1877 4307 possit
1907 4239 1990 4293 in-

404 4313 570 4385 telligi
596 4317 827 4386 pretium
865 4329 1069 4374 sancta:
1096 4320 1355 4378 Ecclesia:
1379 4324 1566 4394 procul
1597 4326 1835 4395 positum
1856 4327 1990 4383 fuis-

402 4421 484 4472 se,
511 4409 637 4478 quia
667 4406 968 4467 incarnatio
993 4412 1145 4468 verbi
1184 4413 1282 4470 Dei
1325 4418 1668 4473 conversatio
1712 4418 1854 4475 inter
1891 4421 1989 4477 ho-

403 4499 600 4567 mines,
651 4504 836 4571 passio
882 4518 946 4558 ac
991 4506 1319 4561 resurrectio
1356 4506 1515 4579 longe
1542 4523 1574 4564 a
1601 4520 1802 4567 nostra:
1841 4523 1987 4568 esset

404 4597 610 4672 natura:
662 4594 970 4649 conditione
1020 4594 1275 4650 discreta.
1321 4595 1587 4663 Quoniam
1619 4601 1868 4659 videlicet
1897 4605 1988 4674 ille

406 4689 464 4734 et
489 4683 708 4749 quando
737 4683 907 4739 voluit
932 4693 988 4740 et
1033 4685 1100 4741 de
1128 4701 1233 4756 qua
1281 4687 1451 4743 voluit
1482 4699 1657 4747 matre
1680 4702 1840 4749 natus
1860 4703 1946 4750 est
1970 4735 1986 4766 ,

404 4777 460 4823 ct
484 4769 601 4825 sine
633 4780 856 4840 peccato
899 4774 1036 4830 vixit
1063 4775 1117 4830 in
1151 4778 1372 4844 mundo,
1404 4788 1460 4835 et
1482 4783 1700 4850 quando
1737 4784 1906 4838 voluit
1934 4794 1989 4840 et

403 4875 513 4930 qua
539 4861 708 4917 voluit
735 4873 910 4920 morte
933 4865 1182 4922 discessit
1205 4883 1238 4922 a
1270 4870 1470 4926 mundo
1489 4911 1505 4937 ,
1536 4879 1750 4942 tempus
1776 4889 1992 4944 quoque

404 4954 824 5010 resurrectionis
850 4963 905 5010 et
931 4957 1266 5014 ascensionis
1287 4974 1398 5015 suae
1418 4961 1473 5015 in
1498 4964 1989 5032 potestatebabuit,

403 5053 460 5100 et
504 5060 626 5100 cum
667 5046 996 5118 hujusmodi,
1028 5051 1083 5106 in
1115 5055 1313 5124 quibus
1361 5066 1470 5114 tam
1513 5075 1545 5114 a
1572 5061 1730 5117 nobis
1757 5063 1985 5132 procul,

406 5149 571 5206 quam
619 5139 817 5194 caalum
865 5142 1029 5198 distat
1065 5159 1098 5198 a
1141 5133 1317 5213 terra;
1353 5150 1479 5218 quia
1521 5166 1652 5207 vero
1686 5151 1982 5210 Ecclesiam
2060 5210 2062 5213 .

406 5241 569 5295 quam
591 5231 822 5286 redemit
848 5233 1126 5303 Dominus,
1172 5253 1281 5292 non
1329 5239 1502 5296 solum
1531 5243 1755 5299 verbum
1802 5244 1990 5301 salutis

407 5317 701 5388 suscipere,
751 5323 845 5379 sed
882 5333 940 5381 et
965 5334 1281 5384 constanter
1303 5344 1404 5400 pro
1430 5331 1522 5388 illo
1542 5343 1777 5401 certare,
1803 5344 1859 5392 et
1886 5337 1990 5392 hoc

407 5405 584 5475 ipsum
625 5426 722 5481 per
755 5416 1014 5472 mundum
1049 5419 1348 5488 praedicare
1371 5422 1616 5491 donavit,
1646 5426 1842 5482 merito
1865 5428 1988 5484 sub-

403 5495 651 5568 juugitur
693 5521 705 5556 :

481 5584 711 5658 Con/idit
744 5593 798 5646 in
839 5612 902 5649 ea
931 5614 1022 5651 cor
1050 5601 1146 5654 viri
1167 5604 1274 5670 sui,
1303 5614 1350 5658 et
1376 5608 1557 5677 spatiis
1580 5625 1684 5663 non
1714 5609 1982 5680 indigebit.

411 5677 602 5770 Virum
643 5695 812 5738 sacrae
855 5684 1111 5743 Ecclesiae
1142 5693 1429 5750 Dominum
1469 5713 1534 5752 ac
1573 5677 1988 5770 Redemptorem

409 5767 556 5840 ejus,
588 5771 682 5842 qui
709 5773 872 5830 etiam
901 5778 1136 5846 pretium
1161 5782 1277 5854 ejus
1309 5785 1425 5844 ﬁeri
1452 5789 1706 5861 dignatus
1729 5767 1813 5848 est
1833 5792 1986 5864 dicit,

2077 1973 2371 2036 congreget
2415 1965 2700 2020 unitatem.
2757 1963 2870 2019 Hoc
2905 1973 2990 2018 est
3027 1965 3172 2019 enim
3196 1965 3339 2034 quod
3367 1964 3614 2033 sequitur
3639 2002 3656 2028 ,

2075 2067 2122 2112 et
2150 2057 2332 2127 spoliis
2373 2074 2478 2112 non
2503 2057 2754 2127 indigebit
2784 2070 2802 2108 :
2837 2056 3032 2126 spoliat
3079 2057 3226 2111 enim
3258 2056 3532 2112 diabolum
3560 2056 3662 2111 Ec-

2074 2146 2263 2212 clesia,
2295 2162 2419 2202 cum
2448 2161 2546 2217 per
2569 2147 2955 2218 praedicatores
2996 2163 3123 2203 suos
3152 2163 3246 2204 eos
3271 2163 3407 2219 quos
3429 2148 3544 2216 ipse
3568 2148 3662 2201 de-

2076 2247 2298 2309 ceperat
2345 2239 2412 2294 ad
2445 2239 2692 2294 veritatis
2743 2240 2846 2294 iter
2893 2250 3134 2306 revocat,
3175 2250 3230 2296 et
3272 2241 3410 2296 bene
3439 2241 3660 2304 dicitur,

2075 2329 2257 2399 spoliis
2281 2347 2384 2384 non
2417 2330 2693 2400 indigebit,
2721 2331 2847 2399 quia
2883 2347 3160 2402 nunquam
3201 2332 3438 2386 cessabit
3468 2331 3661 2387 Eccle-

2076 2419 2160 2474 sia
2194 2419 2452 2476 liberatas
2479 2435 2511 2474 a
2536 2420 2800 2476 diabolica
2833 2421 3022 2477 fraude
3059 2423 3268 2477 animas
3305 2421 3510 2478 Christi
3538 2422 3664 2477 ﬁdei

2079 2512 2410 2578 restituam,
2457 2513 2632 2569 donec
2675 2513 2945 2584 completo
2990 2515 3178 2569 mundi
3222 2530 3384 2571 cursu
3443 2530 3667 2570 suorum

2078 2619 2295 2673 quoque
2334 2604 2600 2674 pra-ﬁnita
2651 2606 2990 2675 compleatur
3035 2621 3246 2661 summa
3275 2605 3666 2662 membrorum.

2080 2694 2280 2750 Verum
2324 2695 2454 2766 quia
2502 2695 2762 2766 quidquid
2805 2697 2934 2751 boni
2960 2705 3150 2752 sancta
3183 2696 3426 2753 Ecclesia
3448 2696 3532 2751 vel
3555 2697 3661 2751 ani-

2079 2799 2167 2840 ma
2197 2798 2424 2855 qumque
2464 2784 2636 2842 ﬁdelis
2662 2785 2776 2858 agit
2803 2826 2818 2852 ,
2870 2787 2974 2842 hoc
3005 2789 3238 2858 desuper
3266 2787 3488 2857 accipit,
3517 2795 3666 2842 recte

2081 2875 2334 2929 subditur
2365 2894 2375 2928 :

2154 2964 2351 3020 Reddet
2395 2968 2443 3021 ei
2483 2967 2675 3022 bonum
2711 2978 2758 3022 et
2809 2984 2913 3022 non
2959 2969 3160 3024 malum
3199 2971 3442 3025 omnibus
3487 2954 3673 3025 diebus

2081 3056 2199 3109 vita:
2228 3073 2357 3110 sure.
2387 3056 2587 3112 Reddit
2609 3059 2812 3128 quippe
2843 3058 3023 3113 anima
3049 3059 3266 3118 Christo
3289 3062 3484 3116 bonum
3504 3102 3518 3128 ,
3549 3077 3676 3117 cum

2080 3148 2351 3217 perceptis
2383 3148 2452 3203 ab
2493 3163 2560 3204 eo
2589 3149 2716 3203 vitae
2759 3149 3080 3204 muneribus
3123 3158 3269 3206 recte
3317 3151 3550 3207 vivendo
3594 3167 3678 3207 re-

2087 3239 2336 3308 spondet,
2369 3254 2493 3294 cum
2536 3254 2602 3294 ea
2653 3253 2774 3309 quae
2822 3240 2938 3309 ipsa
2968 3242 3108 3295 scire
3129 3243 3214 3297 vel
3258 3240 3440 3296 facere
3479 3243 3546 3297 ab
3581 3243 3678 3299 illo

2085 3333 2269 3404 adjuta
2333 3335 2510 3404 potuit
2554 3335 2741 3390 etiam
2785 3335 2908 3391 aliis
2963 3337 3218 3393 intimare
3265 3339 3482 3410 satagit.
3529 3337 3678 3394 Bene

2086 3431 2268 3477 autem
2305 3437 2430 3496 cum
2472 3421 2696 3477 dixisset
2723 3421 2901 3476 reddet
2934 3424 2982 3476 ei
3028 3424 3241 3490 bonum,
3289 3425 3538 3494 protinus
3583 3427 3682 3482 ad-

2089 3513 2242 3577 didit,
2275 3522 2321 3566 et
2349 3529 2450 3566 non
2483 3511 2706 3578 malum,
2730 3512 2856 3582 quia
2889 3522 3018 3567 sunt
3044 3513 3286 3584 profecto
3309 3515 3401 3585 qui
3440 3516 3678 3585 acceptis

2087 3620 2120 3660 a
2156 3605 2388 3661 Domino
2410 3606 2567 3661 bonis
2592 3605 2733 3661 mala
2762 3607 3084 3678 rependunt,
3110 3607 3198 3662 vel
3227 3607 3354 3662 ﬁdei
3394 3611 3675 3680 mysteria,

2087 3711 2208 3766 qua:
2237 3703 2596 3766 perceperunt
2624 3695 2879 3752 haeretica
2913 3695 3032 3752 fece
3069 3697 3346 3764 ftedando,
3379 3699 3466 3754 vel
3513 3699 3676 3754 ﬁdem

2088 3804 2252 3858 quam
2283 3787 2620 3857 professione
2646 3798 2866 3844 servant
2906 3789 3088 3858 pravis
3127 3782 3384 3860 operibus
3422 3791 3676 3861 blasphe-

2089 3879 2305 3941 mando,
2335 3879 2419 3934 vel
2450 3894 2628 3934 mores
2656 3881 2825 3934 bonos
2855 3869 3052 3951 quibus
3079 3895 3204 3936 cum
3245 3881 3350 3937 ﬁde
3390 3889 3540 3938 recta
3585 3882 3680 3938 de-

2088 3971 2332 4027 serviunt
2360 3985 2458 4040 per
2495 3971 2762 4042 colloquia
2799 3972 2940 4027 mala
2989 3975 3404 4045 corrumpendo,
3443 3976 3538 4032 sed
3577 3993 3682 4032 nec

2091 4064 2166 4118 illi
2199 4065 2340 4118 bona
2371 4078 2491 4134 quae
2515 4073 2843 4134 acceperunt
2890 4065 3118 4120 Domino
3163 4067 3416 4133 reddunt,
3443 4068 3534 4138 qui
3567 4084 3677 4124 non

2090 4156 2145 4211 in
2194 4157 2281 4212 his
2333 4171 2456 4227 quae
2500 4156 2639 4214 bene
2692 4156 2954 4212 inchoant
3013 4171 3186 4228 usque
3232 4158 3300 4214 ad
3342 4158 3505 4214 ﬁnem
3555 4159 3680 4214 vita:

2089 4247 2373 4317 praesentis
2395 4247 2692 4317 persistere
2715 4255 2933 4313 curant,
2965 4249 3107 4304 unde
3146 4249 3344 4306 merito
3372 4266 3494 4306 cum
3517 4251 3684 4307 dixis-

2089 4344 2208 4400 set,
2237 4335 2416 4391 reddet
2457 4337 2505 4390 ei
2543 4335 2733 4390 bonum
2765 4346 2814 4392 et
2844 4353 2949 4392 non
2977 4337 3177 4393 malum
3195 4379 3210 4405 ,
3240 4347 3302 4394 ut
3323 4355 3682 4412 perseveran-

2088 4427 2222 4482 tiam
2247 4427 2375 4482 boni
2397 4427 2762 4483 necessariam
2791 4428 3189 4485 demonstraret
3217 4429 3482 4500 adjunxit,
3512 4433 3685 4487 omni—

2091 4517 2186 4572 bus
2205 4517 2387 4572 diebus
2408 4517 2526 4571 vine
2546 4533 2659 4571 suis
2677 4517 2796 4582 ;eui
2827 4517 3111 4575 simile-est
3130 4520 3259 4576 illud
3279 4523 3646 4591 evangelicum
3667 4543 3679 4576 :

2095 4605 2396 4661 Seruiamus
2451 4606 2532 4660 illi
2580 4606 2636 4658 in
2680 4609 2956 4662 sanctitate
3002 4619 3052 4664 et
3099 4609 3304 4682 iustitia
3349 4627 3528 4665 eorum
3566 4613 3683 4682 ipso

2095 4698 2338 4753 omnibus
2369 4697 2551 4751 diebus
2588 4699 2780 4752 nostris
2806 4698 2959 4770 (Luc.
2991 4700 3052 4772 ι).
3083 4675 3291 4768 ῥιιῆηιε
3332 4718 3464 4758 sane
3507 4675 3686 4771 operi-

2093 4789 2217 4852 bus,
2247 4789 2444 4857 quibus
2460 4788 2687 4858 justitite
2714 4790 2799 4845 vel
2829 4793 3132 4849 sanctitatis
3174 4793 3441 4850 fructibus
3464 4795 3686 4864 potissi-

2099 4894 2246 4933 mum
2285 4879 2358 4944 sit
2405 4879 2762 4936 insistendum
2802 4882 2852 4938 ei
2902 4885 2995 4953 qui
3047 4885 3248 4940 bonum
3289 4887 3430 4956 quod
3476 4889 3688 4958 accepit

2099 4969 2330 5027 Domino
2357 4981 2545 5043 gratus
2589 4978 2888 5044 rependere
2925 4978 3126 5048 satagit
3168 4979 3562 5050 subsequenter
3605 4981 3687 5037 in-

2095 5062 2346 5118 sinuatur
2387 5079 2510 5119 cum
2554 5065 2795 5120 dicitur:

2170 5155 2422 5221 Quaesivit
2474 5157 2653 5212 lanam
2683 5168 2732 5213 et
2767 5159 2930 5214 linum
2960 5203 2974 5225 ,
3015 5173 3066 5216 et
3099 5173 3311 5234 operata
3349 5175 3426 5220 est
3465 5166 3683 5222 consilio

2097 5265 2349 5304 manuum
2377 5265 2618 5305 suarum.
2654 5251 2824 5322 Hujus
2868 5255 3190 5326 principium
3237 5259 3487 5315 versiculi
3524 5259 3684 5316 fortis

2098 5339 2316 5405 mulier,
2348 5340 2451 5396 hoc
2489 5350 2576 5396 est
2611 5352 2795 5398 sancta
2822 5345 3060 5400 Ecclesia
3082 5348 3246 5402 etiam
3263 5347 3418 5416 juxta
3445 5350 3683 5408 litteram

2100 5431 2346 5501 accipere
2386 5440 2442 5486 et
2481 5433 2773 5490 observare
2797 5449 3095 5502 consuevrt,
3120 5440 3273 5510 juxta
3293 5441 3421 5497 illud
3448 5445 3686 5515 prephe-

2099 5539 2265 5578 cum:
2297 5523 2429 5578 Cum
2488 5525 2681 5581 videris
2731 5529 2952 5596 nudum,
3007 5534 3151 5602 operi
3199 5549 3350 5598 eum;
3391 5543 3438 5588 et
3467 5551 3680 5590 carnem

2099 5624 2246 5668 tuam
2277 5631 2340 5668 ne
2363 5615 2659 5680 despexeris
2701 5618 2834 5690 (Isa.
2868 5622 3037 5693 LVIII).
3069 5623 3338 5695 Operatur
3361 5634 3540 5682 autem
3573 5645 3686 5683 non

2101 5720 2437 5776 supervacuo
2463 5719 2518 5762 et
2541 5725 2686 5764 c'.eco
2711 5710 2914 5777 labore,
2949 5715 3043 5769 sed
3064 5731 3130 5770 eo
3153 5717 3338 5786 utique
3365 5717 3601 5772 consilio-
3621 5727 3681 5772 ut

2100 5799 2168 5854 ab
2191 5799 2308 5872 ipso
2333 5815 2432 5858 suo
2462 5801 2580 5858 viro
2613 5801 2860 5872 Domino,
2893 5806 3144 5865 videlicet
3178 5809 3416 5877 Christo,
3451 5811 3503 5864 in
3529 5808 3674 5883 judi-
