4100 6324
397 385 512 441 7m

1081 381 1142 435 B.
1182 379 1437 434 ΠᾹΒΛΝΙ
1475 377 1692 435 ΜᾹυιὶί
1731 375 2011 431 Allilllllii

2114 377 2396 430 rlOGijii'l‘.
2441 372 2722 428 OPERUM
2762 369 2939 428 PARS
2977 373 3060 428 Ill.

3563 370 3674 435 ’131

409 515 496 553 cio
527 503 798 554 mereatur
829 493 1016 549 audire
1044 511 1055 546 :
1086 490 1278 546 Nudus
1312 491 1391 562 [ui
1415 501 1463 546 et
1490 490 1768 561 operuistis
1786 505 1871 542 me
1896 504 1914 553 ;
1945 496 1992 540 et
2021 493 2071 548 Α
2097 487 2345 556 qualibus
2384 488 2497 556 ipse
2522 486 2835 542 terribiliter
2865 489 3074 542 intonat
3100 507 3112 542 :
3141 490 3325 556 Amen,
3357 489 3474 545 dico
3507 490 3678 559 vobis,

409 588 662 659 quamdiu
693 585 888 656 fecistis
926 584 1016 638 uni
1044 583 1112 636 de
1141 583 1222 637 his
1254 582 1486 636 minimis
1519 583 1648 636 meis
1675 621 1691 647 ,
1745 580 1872 633 mihi
1915 579 1990 648 [e-

403 681 554 734 cistis
578 677 793 750 (Matth.
812 675 960 745 xxv).
987 672 1258 743 Operatur
1281 680 1460 727 autem
1483 671 1709 726 consilio
1735 683 1993 724 manuum

409 784 655 835 suarum,
683 768 787 823 hoc
813 773 898 821 est
921 779 1110 820 earum
1143 778 1520 835 personarum,
1560 776 1660 831 per
1691 775 1826 830 quas
1855 759 1995 814 elec-

413 875 693 933 tuosynam
728 857 1059 929 pauperibus
1088 855 1312 922 tribuit,
1338 855 1393 908 in
1423 869 1650 922 quorum
1689 866 1854 923 opere
1901 851 1995 906 de-

408 962 538 1008 voto
572 951 663 1006 illo
695 947 1052 1005 saluberrimo
1083 944 1255 999 utitur
1282 942 1600 999 consilio-ut
1631 956 1755 996 cum
1782 940 1972 1009 disper-

410 1045 524 1116 git,
546 1041 640 1097 dat
657 1038 1005 1112 pauperibus,
1029 1051 1135 1090 non
1162 1035 1278 1105 ipsa
1317 1033 1388 1088 ab
1413 1032 1722 1088 hominibus
1749 1030 1998 1084 laudetur

411 1133 483 1189 ad
513 1139 765 1201 tempus.
810 1127 906 1184 sed
936 1125 1150 1194 justitia
1205 1125 1324 1195 ejus
1373 1129 1587 1178 maneat
1639 1122 1695 1177 in
1741 1119 1998 1176 sreculum

413 1223 620 1290 saeculi,
639 1235 808 1277 cornu
830 1218 948 1288 ejus
967 1217 1236 1273 exaltetur
1259 1216 1312 1270 in
1331 1215 1530 1287 gloria.
1559 1214 1794 1270 Possunt
1816 1221 1996 1268 autem

413 1315 642 1386 mystice
670 1313 723 1367 in
752 1311 874 1365 lana
900 1311 990 1379 qui
1017 1309 1209 1364 ovinus
1228 1314 1319 1362 est
1332 1307 1549 1362 habitus
1574 1305 1755 1362 omnia
1783 1305 2001 1375 pietatis

413 1414 471 1461 et
519 1401 883 1474 simplicitatis
933 1414 1099 1470 opera
1143 1413 1266 1468 quae
1315 1396 1582 1468 proximis
1613 1394 2000 1466 (impendimus

409 1493 588 1564 accipi
620 1512 632 1548 :
678 1498 856 1564 potest
882 1491 936 1544 in
968 1489 1082 1543 lino
1111 1487 1254 1558 quod
1287 1502 1355 1541 ex
1394 1493 1540 1540 terra
1565 1485 1750 1541 virens
1776 1485 1953 1541 oritur
1983 1524 2001 1551 ,

415 1588 510 1642 sed
542 1587 698 1658 longo
733 1601 798 1640 ac
847 1582 1130 1652 multiplici
1180 1581 1442 1637 exercitio
1487 1581 1690 1634 amittit
1718 1579 2002 1634 humorem

415 1679 655 1734 nativum
703 1685 866 1746 atque
896 1676 962 1728 ad
1009 1673 1240 1744 gratiam
1284 1672 1409 1727 novi
1457 1670 1709 1727 candoris
1734 1669 2000 1740 pervenit,

417 1769 934 1838 castigatio'nostrae
967 1764 1147 1820 carnis
1185 1761 1448 1827 intimari,
1495 1777 1581 1816 Ctll
1620 1762 1748 1816 dum
1787 1761 2002 1831 ingeni-

2098 588 2395 648 receperunt
2441 580 2728 633 mercedem
2765 596 2916 633 suam
2942 580 3155 651 (Matth.
3187 581 3287 655 vl).

2147 668 2232 722 Et
2267 669 2331 723 de
2362 679 2508 722 nocte
2539 669 2796 735 surrexit,
2827 669 3070 740 deditque
3102 673 3338 741 prwdam
3372 673 3677 734 domesticis

2095 757 2203 812 suis
2224 767 2270 812 et
2291 759 2490 812 cibaria
2511 758 2724 813 ancillis
2737 761 2867 814 suis.
2893 758 3046 814 Sicut
3065 769 3212 816 totus
3235 762 3467 818 labentis
3486 765 3680 823 δαίωιὶ

2095 863 2288 903 cursus
2329 849 2552 918 perenni
2581 849 2686 904 diei
2717 865 2780 904 ac
2812 851 2987 905 noctis
3021 851 3377 908 alternatione
3409 857 3680 924 variatur,

2096 947 2152 992 et
2178 938 2294 993 dies
2321 939 2538 1008 quidem
2567 939 2633 992 ad
2658 939 2987 1009 cperandum
3008 980 3022 1005 ,
3052 955 3157 994 nox
3189 941 3256 996 ad
3288 943 3679 1014 quiescendum

2097 1028 2416 1084 naturaliter
2439 1029 2653 1084 condita
2679 1038 2762 1084 est
2778 1070 2793 1096 ,
2821 1029 2900 1084 sic
2924 1039 3090 1085 totum
3113 1034 3398 1100 prmsentis
3423 1033 3681 1092 Ecclesiae

2098 1125 2310 1188 tempus
2353 1120 2567 1190 gemino
2607 1121 2838 1189 quodam
2873 1122 3072 1191 quietis
3113 1125 3372 1193 et-operis
3411 1133 3553 1180 statu
3580 1127 3678 1182 de-

2098 1210 2339 1264 cernitur
2382 1228 2395 1263 :
2441 1210 2595 1279 quasi
2640 1211 2784 1264 enim
2821 1220 2992 1267 nocte
3032 1214 3293 1283 quiescit,
3341 1229 3466 1268 eum
3513 1217 3682 1287 aliqui

2101 1303 2336 1357 ﬁdelium
2383 1302 2531 1371 ejus,
2583 1304 2887 1361 intermissa
2926 1309 3031 1371 ad,
3056 1316 3266 1379 tempus
3302 1309 3681 1367 sollicitudine

2099 1401 2321 1448 externa
2338 1434 2354 1460 ,
2385 1394 2601 1449 sibimet
2619 1410 2814 1450 vacare
2839 1412 3004 1466 seque
3030 1397 3174 1468 ipsos
3193 1400 3517 1470 spiritaliter
3546 1402 3684 1457 inci—

2100 1483 2254 1551 piunt
2293 1498 2521 1549 curare,
2563 1484 2648 1540 vel
2692 1485 3302 1545 lectionibus‘videlicet
3336 1491 3508 1547 sacris
3535 1533 3549 1558 ,
3595 1493 3681 1547 vel

2101 1571 2468 1666 orationibus,
2522 1589 2587 1629 ac
2632 1573 2888 1646 lacrymis
2927 1591 3048 1632 sese
3092 1578 3177 1633 vel
3205 1579 3325 1636 aliis
3371 1582 3680 1653 huiusmodi

2102 1664 2292 1719 studiis
2319 1665 2581 1720 secretius
2609 1667 2928 1722 exercendo.
2971 1665 3156 1741 Surgit
3181 1679 3361 1726 autem
3388 1674 3456 1728 de
3488 1684 3645 1730 nocte
3663 1716 3681 1739 ,

2103 1771 2225 1810 cum
2273 1755 2328 1810 in
2377 1755 2581 1810 eisdem
2623 1756 2739 1812 suis
2775 1757 3041 1814 ﬁdelibus
3085 1761 3152 1816 ad
3195 1763 3458 1832 agendam
3515 1764 3680 1819 etiam

419 1868 503 1913 tas
522 1858 785 1912 vitiorum
811 1856 1019 1910 .sordes
1049 1867 1146 1925 per
1173 1853 1560 1908 continentiam
1607 1853 1963 1922 excoquimus
1985 1892 2001 1918 ,
2033 1860 2078 1919 Β
2107 1848 2473 1919 proximorum
2503 1863 2689 1903 curam
2725 1863 2785 1905 se
2815 1850 3044 1906 sollicita
3082 1853 3344 1925 accingit;
3385 1855 3530 1926 quod
3560 1855 3682 1910 "fra-

418 1951 638 2020 dignam
665 1947 909 2018 profecto
932 1961 1054 2002 eam
1083 1961 1189 2016 qua
1217 1945 1492 2001 Christum
1524 1947 1810 2001 induamus
1836 1944 2004 2001 edici-

419 2056 562 2105 mus,
581 2038 736 2108 juxta
763 2039 891 2094 illud
915 2037 1272 2108 apostolicum
1296 2055 1310 2092 :
1343 2038 1607 2108 Quotquot
1630 2054 1752 2108 ergo
1774 2037 1828 2090 in
1845 2035 2005 2091 Chri-

416 2141 497 2185 sto
526 2130 938 2201 baptiaatiestis,
953 2127 1221 2183 Christum
1233 2129 1491 2184 .induistis
1508 2127 1773 2200 (Calan).
1802 2127 2007 2195 Qucerit

416 2235 546 2290 ergo
571 2219 769 2274 mulier
800 2219 956 2274 tortis
989 2219 1169 2274 lanam
1209 2226 1266 2274 et
1303 2217 1469 2272 linum
1512 2227 1568 2273 et
1595 2227 1850 2289 operatur
1877 2233 2004 2274 con-

416 2308 540 2364 silio
584 2323 842 2362 manuum
870 2323 1117 2372 suarum,
1145 2307 1536 2362 cumEcclesia
1569 2315 1754 2362 sancta
1769 2307 2006 2364 sollicite

416 2399 705 2471 perquirit,
727 2399 926 2470 quibus
953 2414 1012 2454 se
1044 2397 1557 2468 pietatis-fructibus
1577 2407 2006 2470 exerceat,-quo-

418 2493 580 2547 modo
607 2507 637 2545 a
663 2491 974 2547 carnalibus
1002 2490 1258 2546 emundet
1287 2490 1580 2556 illecebris,
1605 2491 1785 2546 ethoc
1805 2499 2010 2546 utrum-

416 2597 522 2652 que
551 2581 780 2638 consilio
809 2581 1251 2651 prudentissimo,
1276 2581 1380 2638 hoc
1402 2590 1509 2648 cst,
1535 2597 1784 2652 supernae
1805 2583 2008 2642 solum-

419 2675 580 2728 modo
609 2672 986 2727 retributionis
1028 2670 1159 2726 facit
1197 2672 1416 2738 iutuitu,
1450 2671 1605 2741 cujus
1638 2673 2010 2729 retributionis

421 2779 656 2834 sequens
684 2778 898 2833 quoque
932 2762 1241 2839 versiculus
1287 2763 1535 2834 apertius
1583 2764 1848 2830 meminit,
1881 2765 2010 2820 dum

427 2853 681 2907 subditur
709 2869 728 2905 :.

499 2940 667 2994 Facta
695 2949 770 2994 est
797 2940 951 3011 quasi
1000 2941 1148 2995 navis
1196 2941 1454 2996 institoris
1500 2942 1565 2997 de
1613 2941 1762 3014 longe
1796 2953 2010 3014 portans

426 3049 616 3103 panem
635 3047 814 3086 suunt.
845 3031 1152 3102 institorem
1183 3033 1574 3104 negotiatorem
1609 3034 1761 3102 dicit,
1782 3035 1875 3106 qui
1913 3050 2012 3106 pro

421 3140 488 3178 eo
517 3124 597 3179 sic
620 3129 848 3177 vocatur
882 3123 950 3176 ab
975 3124 1236 3194 antiquis,
1281 3125 1424 3194 quod
1451 3126 1794 3195 acquirendis
1831 3127 2014 3181 multi-

2108 1948 2276 1993 ternm
2298 1938 2792 1994 administrationis
2819 1954 2954 2010 Opus
2985 1941 3192 1998 duobus
3225 1943 3398 1998 modis
3423 1958 3687 2000 exercere

2105 2029 2386 2084 consuevit
2431 2044 2446 2082 :
2485 2028 2608 2098 quia
2637 2037 2693 2083 et
2727 2044 2823 2084 eos
2860 2031 2951 2100 qui
2995 2030 3128 2086 foris
3166 2033 3424 2089 errabant
3464 2035 3532 2088 ad
3562 2035 3684 2092 ﬁdei

2104 2120 2334 2190 gratiam
2365 2129 2656 2185 convocat,
2689 2130 2742 2174 et
2769 2121 2888 2176 illos
2912 2123 3006 2190 qui
3037 2123 3544 2181 ﬁdei-sacramentis
3567 2126 3687 2197 jam

2103 2218 2230 2266 sunt
2262 2209 2486 2277 imbuti,
2517 2219 2595 2265 .ut
2638 2211 2794 2266 bouis
2836 2213 3090 2282 operibus
3123 2215 3352 2284 amplius
3398 2215 3687 2283 insistant,

2106 2301 2348 2357 excitare
2391 2317 2497 2356 non
2527 2301 2755 2368 desiuit;
2798 2303 2940 2358 unde
2968 2303 3106 2360 bene
3145 2305 3343 2361 dicitur
3375 2324 3390 2362 :
3432 2307 3692 2380 Deditque

2105 2391 2342 2460 praedam
2367 2391 2667 2448 domesticis
2691 2393 2799 2448 suis
2820 2427 2855 2458 ,-
2878 2395 3157 2451 etcibaria
3196 2397 3403 2453 ancillis
3429 2400 3558 2454 suis.
3590 2400 3692 2454 Dat

2109 2495 2341 2551 namque
2396 2483 2640 2552 praedam
2691 2484 3004 2541 domesticis
3040 2487 3153 2542 suis
3179 2527 3194 2553 ,
3250 2503 3373 2543 cum
3413 2504 3508 2545 eos
3555 2505 3692 2560 quos

2109 2573 2335 2643 antiquo
2361 2573 2506 2629 hosti
2542 2574 2784 2630 docendo
2813 2576 3023 2645 eripere
3046 2579 3253 2648 potuit,
3291 2579 3536 2635 societati
3569 2582 3689 2635 illo-

2110 2679 2253 2718 των-κ
2271 2665 2364 2735 qui
2390 2665 2445 2720 in
2478 2665 2582 2720 ﬁde
2611 2680 2970 2735 praecessere,
3014 2669 3359 2735 reconciliat;
3391 2671 3484 2726 dat
3520 2681 3575 2726 et
3595 2688 3694 2725 an-

2110 2754 2249 2810 cillis
2284 2756 2521 2821 cibaria,
2553 2770 2676 2810 cum
2709 2755 2941 2812 humiles
2967 2773 3246 2828 quosque,
3289 2760 3470 2816 debito
3500 2761 3693 2815 u'more

2111 2847 2383 2918 suajussa
2421 2856 2730 2914 servantes,
2775 2863 2844 2902 ne
2879 2850 2985 2905 sub
3008 2850 3104 2921 pio
3126 2851 3310 2906 labore
3355 2851 3653 2911 lassescant
3676 2894 3694 2921 ,

2112 2954 2362 3009 supernae
2382 2941 3188 2999 mercedis-commemoratione
3216 2944 3410 3001 reiicit.

2183 3029 2544 3087 Consideravit
2559 3049 2745 3103 agrum
2766 3042 2814 3087 et
2832 3035 2955 3088 emit
2974 3051 3091 3089 eum
3116 3052 3135 3090 :
3156 3036 3221 3091 de
3241 3037 3417 3106 fructu
3441 3053 3698 3094 manuum

2111 3139 2331 3178 suarum
2358 3121 2611 3193 plantavit
2639 3123 2863 3178 vineam.
2909 3126 3112 3195 Agrum
3141 3125 3272 3182 dicit
3301 3128 3696 3195 possessionem

422 3213 1104 3284 plicandisquemercibus
1148 3214 1366 3270 sedulus
1421 3216 1652 3271 insistat.
1712 3216 1879 3272 Facta
1925 3211 2082 3274 estC
2114 3227 2360 3283 superna
2385 3213 2754 3280 ltmredilaliS,
2805 3215 2872 3269 de
2903 3230 3008 3284 qua
3037 3217 3364 3272 benedicens
3405 3218 3568 3272 ﬁlium
3587 3235 3696 3290 pa—

423 3320 554 3375 ergo
584 3303 742 3360 fortis
768 3303 964 3360 mulier
1008 3306 1162 3375 quasi
1210 3307 1356 3361 natis
1385 3307 1661 3371 institoris.
1712 3309 1839 3378 quia
1867 3308 2012 3365 sicut

425 3399 580 3455 navis
606 3399 1093 3462 institorisonusta
1115 3399 1624 3470 mereimoniisquae
1646 3402 1696 3455 in
1719 3403 2011 3473 sua-patria

426 3493 600 3565 magis
631 3493 933 3557 abundant,
965 3507 1130 3562 porro
1158 3508 1254 3562 per
1286 3507 1446 3548 mare
1466 3493 1927 3565 petitperegrina,
1951 3501 2012 3549 ut

426 3581 798 3638 illie’venditis
839 3597 961 3652 quae
1000 3579 1274 3646 attulerat,
1307 3581 1558 3638 chariora
1579 3583 1796 3638 domum
1820 3599 2010 3654 repor-

425 3683 538 3742 tet;
576 3676 655 3733 sic
681 3675 941 3730 nimirum
965 3682 1154 3730 sancta
1183 3673 1446 3740 Ecclesia,
1479 3675 1558 3729 sic
1583 3675 1763 3730 anima
1784 3690 2012 3746 quasque

425 3767 663 3837 perfecta
705 3767 966 3822 virtutum
1003 3765 1208 3822 divitiis
1249 3765 1449 3837 gaudet
1493 3767 1765 3831 onustari,
1814 3765 2012 3836 quibus

426 3858 633 3929 majora
681 3857 876 3913 divinae
913 3857 1103 3928 gratiae
1131 3856 1274 3912 dona
1309 3865 1600 3912 mercetur.
1629 3856 1904 3927 Optimum
1929 3867 2016 3914 est

427 3965 665 4020 namque
715 3947 1103 4004 commercium
1126 3987 1142 4012 ,
1193 3961 1316 4002 cum
1345 3946 1488 4002 bona
1516 3987 1532 4013 ,
1577 3962 1696 4016 quae
1723 3947 1968 4003 valemus
1993 3986 2008 4010 ,

401 4048 750 4114 operantes,
799 4040 977 4110 primo
1015 4039 1155 4094 hanc
1203 4052 1234 4092 a
1271 4036 1500 4094 Domino
1532 4039 1839 4094 mercedem
1879 4039 2017 4093 reci.

425 4131 626 4199 pimus,
655 4137 718 4183 ut
740 4127 809 4182 ad
831 4125 1038 4196 majora
1066 4140 1281 4196 semper
1309 4127 1522 4197 agenda,
1540 4126 1909 4197 proﬁciamus,
1927 4128 2018 4184 de—

431 4218 558 4272 hinc
593 4224 650 4270 et
679 4217 847 4271 vitam
887 4214 1224 4284 percipimus
1268 4214 1681 4283 sempiternam.
1720 4215 1885 4270 Facta
1933 4225 2018 4273 est

430 4325 560 4379 ergo
586 4307 767 4362 anima
798 4313 984 4361 sancta
1009 4304 1163 4372 quasi
1194 4304 1348 4358 navis
1369 4303 1654 4370 institoris,
1677 4320 1797 4375 qua:
1827 4307 2021 4363 transit

433 4397 701 4454 desiderio
737 4394 933 4450 ﬂuctus
960 4393 1141 4448 saeculi
1155 4393 1489 4464 praesentis,
1539 4394 1672 4459 sola,
1723 4411 1842 4466 quae
1881 4411 1941 4453 se
1963 4397 2019 4453 in

432 4487 588 4542 ctelis
615 4485 862 4556 accipere
892 4491 1094 4554 sperat,
1128 4491 1332 4537 aeterna
1374 4483 1577 4554 gaudia
1616 4485 1935 4555 meditatur,
1962 4497 2019 4544 et

2115 3306 2352 3362 triarcba
2377 3306 2617 3376 loquitur
2645 3305 2830 3362 :-Ecce
2858 3306 2993 3360 odor
3008 3305 3110 3375 ﬁlii
3138 3308 3238 3361 mei
3263 3308 3400 3362 sicut
3428 3309 3698 3378 odorvagri

2113 3399 2251 3472 pleni
2266 3401 2352 3455 cui
2371 3383 2631 3456 benedixit
2654 3399 2912 3454 Dominus
2939 3396 3090 3471 (Gen.
3105 3400 3302 3472 xxvn).
3333 3398 3480 3459 Odor
3500 3400 3697 3472 quippe

2115 3499 2428 3546 sanctorum
2469 3500 2555 3547 est
2599 3491 2740 3545 sicut
2780 3491 2914 3545 odor
2947 3491 3063 3562 agri
3105 3490 3247 3560 pleni
3299 3491 3386 3546 cui
3427 3489 3698 3547 benedixit

2115 3581 2408 3647 Domitius,
2452 3583 2577 3651 quia
2635 3590 2742 3638 tota
2788 3581 2984 3636 mentis
3027 3583 3330 3639 intentione
3364 3590 3699 3639 'coutucntur

2115 3688 2235 3741 qua:
2262 3673 2334 3728 sit
2363 3673 2640 3744 plenitudo
2673 3673 3066 3728 benedictionis
3107 3674 3158 3728 ln
3192 3675 3368 3744 patria
3404 3674 3553 3745 regni
3582 3688 3696 3728 cm-

2117 3763 2287 3820 lestis.
2345 3764 2722 3820 Consideravit
2771 3780 2900 3835 ergo
2945 3765 3186 3820 Ecclesia
3231 3781 3420 3837 agrum
3469 3773 3524 3821 et
3567 3765 3701 3820 emit

2116 3871 2272 3921 cum,
2303 3857 2428 3926 quia
2458 3857 2700 3912 studioso
2727 3856 2916 3911 didicit
2942 3872 3061 3926 qua:
3085 3858 3194 3912 sint
3221 3857 3418 3928 gaudia
3452 3857 3577 3912 vitm
3601 3871 3697 3928 pe-

2120 3947 2340 4012 rennis,
2371 3956 2427 4002 et
2462 3962 2560 4017 pro
2600 3961 2787 4001 eorum
2835 3947 3183 4017 perceptione
3223 3947 3486 4018 quidquid
3528 3947 3702 4019 potuit

2120 4039 2370 4094 laborare
2403 4038 2681 4093 contendit
2712 4052 2878 4106 aqua)
2904 4038 3068 4092 etiam
3113 4037 3180 4092 de
3215 4036 3398 4091 fructu
3442 4051 3700 4092 manuum

2120 4144 2340 4185 suarum
2372 4128 2888 4200 plantavitvineam,
2911 4129 3037 4199 quia
3067 4130 3132 4183 de
3148 4127 3444 4184 fructiferis
3465 4127 3714 4208 ﬁdeliunr

2120 4235 2340 4274 suorum
2372 4217 2528 4272 factis
2551 4218 2666 4274 sive
2690 4217 2868 4273 verbis
2893 4215 3226 4287 Scripturam
3254 4226 3496 4273 sanctam
3521 4215 3706 4272 condi-

2121 4308 2223 4372 dit,
2251 4322 2351 4378 per
2371 4321 2532 4377 quam
2555 4317 2762 4391 mentes
2789 4307 3119 4362 audientium
3142 4308 3196 4362 in
3219 4307 3324 4363 [ide
3344 4317 3398 4362 et
3419 4307 3705 4364 dilectione

2121 4396 2365 4452 ebriaret
2406 4397 2492 4453 sui
2538 4396 2935 4468 Redemptoris.
2975 4396 3086 4454 Nec
3112 4399 3180 4454 ab
3230 4413 3289 4453 re
3330 4399 3488 4454 estsi
3534 4399 3706 4452 vinea:

2124 4485 2344 4542 nurnine
2368 4488 2543 4558 ipsam
2576 4487 2890 4555 Ecclesiam,
2927 4503 3046 4559 qua:
3074 4504 3172 4559 per
3196 4488 3478 4544 mulierem
3507 4487 3705 4544 fortem

431 4597 533 4654 pro
583 4581 669 4637 his
714 4579 1080 4635 abundantius
1130 4580 1496 4650 adipiscendis
1559 4581 1822 4654 quidquid
1877 4583 2020 4641 valet
2045 4579 2101 4642 D
2125 4588 2210 4637 est
2236 4579 2539 4652 designata,
2577 4581 2874 4637 sentiamus
2899 4595 3022 4636 esse
3043 4581 3350 4651 ﬁguratam,
3378 4589 3432 4636 et
3471 4594 3562 4635 eos
3582 4594 3708 4634 esse

434 4675 708 4729 instanter
730 4658 1205 4744 agerefquidquid
1235 4672 1524 4729 adversum
1548 4675 1873 4743 occurrerit,
1904 4674 2020 4732 for-

433 4767 563 4819 titer
601 4777 862 4835 superare
889 4763 1186 4818 contendit.
1233 4763 1311 4819 De
1361 4780 1468 4834 qua
1498 4774 1645 4822 recte
1665 4765 1864 4824 dicitur
1893 4769 2021 4840 quia

423 4857 596 4931 longe
623 4863 804 4926 portat
841 4869 1034 4925 panem
1061 4870 1239 4918 suum,
1264 4854 1391 4925 quia
1421 4857 1476 4911 in
1506 4859 1718 4914 cunctis
1740 4874 1862 4929 qua:
1888 4867 2022 4914 tem-

432 4945 697 5015 poraliter
720 4945 863 4999 bona
891 4944 1034 5015 agit,
1065 4955 1322 4999 :eternam
1355 4945 1693 5004 solummodo
1711 4950 2026 5005 retributio-

438 5053 562 5090 nem
608 5042 906 5104 exspectat.
939 5035 1120 5090 Solam
1156 5037 1265 5090 vivi
1298 5037 1456 5107 panis
1501 5040 1844 5095 saturitatem
1879 5041 2024 5096 desi-

440 5127 618 5190 derat,
647 5122 764 5192 ejus
794 5124 1051 5181 nimirum
1078 5126 1168 5196 qui
1209 5127 1323 5182 suis
1353 5127 1693 5184 auditoribus
1715 5131 1804 5199 pie
1835 5139 2024 5200 poten-

439 5228 633 5288 tcrque
655 5217 961 5288 promittit:
998 5217 1178 5274 Venite
1214 5219 1283 5272 ad
1318 5235 1431 5285 me,
1457 5235 1633 5274 omnes
1663 5221 1752 5290 qui
1775 5219 2028 5276 laboratis

441 5320 489 5364 et
531 5309 733 5364 onerati
772 5311 914 5376 estis,
957 5302 1010 5364 hct
1057 5326 1150 5380 ego
1191 5309 1426 5378 reﬁciam
1464 5325 1551 5364 vos
1581 5289 1798 5378 (Matth.
1823 5311 1923 5384 ιι).
1958 5289 2054 5366 Μ’

432 5407 634 5472 contra
655 5398 709 5454 in
731 5401 980 5470 proximo
1006 5413 1203 5470 panem
1233 5412 1391 5454 suum
1417 5399 1630 5470 recipit,
1668 5407 1723 5455 et
1747 5415 1854 5457 nou
1879 5401 2027 5458 hunc

445 5493 512 5548 de
555 5493 710 5564 longe
752 5501 899 5549 trans
945 5493 1119 5547 maria
1152 5499 1356 5561 portat,
1385 5493 1478 5562 qui
1520 5492 1575 5548 in
1612 5508 1677 5549 eo
1716 5495 1858 5564 quod
1883 5494 2029 5566 juste

446 5583 626 5640 vivere
668 5585 911 5649 videtur,
954 5583 1414 5638 humanitantum
1453 5583 1660 5641 favoris
1687 5588 1909 5657 pra-mia
1937 5603 2032 5643 ex-

447 5677 612 5748 petit,
642 5691 817 5746 neque
862 5677 971 5732 ullo
1016 5677 1140 5730 vitta
1175 5679 1543 5745 permanentis
1572 5679 1789 5745 intuitu,
1822 5697 1886 5737 ea
1911 5696 2030 5751 qua:

453 5768 504 5823 in
548 5769 666 5823 imis
711 5767 965 5822 labuntur
1005 5783 1331 5838 exsuperare
1362 5777 1415 5824 et
1443 5770 1654 5827 calcare
1692 5773 1933 5843 satagit;
1965 5771 2032 5828 de

2123 4675 2446 4744 propagines
2487 4674 2692 4741 vineae,
2737 4673 2830 4744 qui
2873 4682 2999 4730 sunt
3041 4675 3136 4730 ﬁlii
3167 4675 3409 4730 mulieris
3453 4692 3466 4728 :
3513 4672 3708 4728 mulier

2126 4772 2307 4819 autem
2335 4765 2551 4819 vineam
2596 4764 2887 4834 plantavit,
2935 4781 3058 4820 cum
3103 4765 3342 4820 Ecclesia
3391 4764 3659 4835 primitiva
3685 4800 3706 4828 ,

2127 4855 2290 4912 latius
2310 4872 2410 4926 per
2436 4857 2624 4912 orbem
2653 4856 2836 4911 missis
2865 4857 3328 4927 praedicatoribus,
3353 4858 3474 4912 tidei
3499 4856 3710 4912 semina

2128 4948 2404 5017 dispersit.
2452 4945 2827 5002 Consideravit
2880 4963 3111 5018 namque
3156 4965 3384 5020 agrum,
3440 4965 3562 5004 cum
3610 4963 3707 5019 per

2129 5041 2315 5095 orbem
2369 5040 2680 5095 universum
2712 5079 2727 5105 ,
2771 5039 3025 5094 vitiorum
3074 5039 3298 5110 spinetis
3348 5039 3656 5094 horrentem
3686 5077 3703 5104 ,

2129 5133 2340 5188 cultore
2384 5132 2610 5202 spiritali
2639 5146 2775 5202 opus
2801 5131 3004 5186 habere
3041 5131 3334 5200 perspexit.
3385 5129 3531 5183 Emit
3577 5142 3706 5182 vero

2130 5240 2274 5290 eum,
2300 5241 2445 5292 cum,
2471 5225 2654 5280 missis
2679 5227 2876 5294 ubique
2902 5227 3244 5290 doctoribus,
3272 5225 3531 5280 talentum
3558 5219 3703 5276 verbi

2133 5316 2398 5371 audituris
2419 5317 2666 5382 contulit,
2688 5325 2854 5372 uteos
2869 5318 3155 5372 credentes
3177 5316 3489 5372 felicissimo
3508 5311 3704 5368 Christi

2135 5405 2462 5475 mancipatui
2489 5407 2760 5462 subderet.
2793 5405 3061 5460 Plantavit
3083 5416 3262 5460 autem
3285 5406 3336 5459 in
3360 5404 3548 5459 eodem
3579 5415 3686 5472 agr:

2131 5496 2367 5562 vineam,
2391 5512 2513 5552 cum
2546 5497 2598 5551 in
2628 5497 2782 5551 novis
2811 5496 3142 5552 credentium
3177 5494 3387 5565 populis
3415 5491 3697 5548 Ecclesiau'

2134 5585 2288 5657 plena
2337 5588 2662 5659 evangelica:
2715 5587 2960 5641 veritatis
3013 5586 3346 5641 institutione
3402 5583 3635 5636 ﬁrmavit
3693 5599 3707 5632 :

2136 5694 2296 5748 quam
2344 5681 2562 5749 quidem
2609 5680 2818 5734 vineam
2867 5678 2933 5732 de
2980 5677 3154 5732 fructu
3187 5691 3441 5730 manuum
3491 5688 3711 5728 suarum

2139 5771 2422 5842 plantavit,
2449 5771 2573 5840 quia
2600 5786 2705 5828 non
2723 5769 2899 5850 solum
2924 5769 3086 5823 verbo
3113 5767 3457 5822 iustituel-anl
3487 5762 3708 5833 apostuli
