4100 6324
418 318 519 372 787

1048 314 1110 369 Β.
1153 312 1408 369 llABANl
1448 313 1664 370 ΜΑυιιι
1699 313 2015 370 ARClllEl’.
2058 313 2365 372 MOSUNT.
2407 287 2694 376 OPERUM
2734 317 2913 376 PARS
2951 320 3036 376 Ill.

3580 329 3689 388 788

416 435 610 498 riatur,
650 434 838 488 dicens
867 450 878 485 :
908 431 1127 486 Iustitia
1175 431 1391 486 indutus
1426 444 1544 485 sum
1569 471 1585 496 ,
1628 440 1676 484 et
1708 431 1882 484 vestivi
1914 447 1994 486 me
2019 435 2074 494 Α
2099 432 2279 486 vestitu
2311 433 2591 499 deaurato,
2623 435 3015 488 circumamicta
3036 437 3287 492 varietate
3307 437 3480 511 (Psal.
3514 447 3684 519 κων).

412 525 547 576 sicut
574 523 870 578 vestimento
891 532 938 576 et
961 521 1262 576 diademate
1280 521 1487 590 judicio
1508 519 1788 592 meo'(Job.
1822 519 1996 592 xxnx).

411 619 638 687 Aperuit
670 609 853 670 autem
879 610 1121 671 Ecclesia
1150 631 1371 670 manum
1397 615 1565 684 inopi,
1593 629 1714 669 cum
1741 613 1998 674 mvsteria

411 710 536 764 tidei
567 707 940 780 ignorantibus
975 722 1072 777 per
1109 707 1394 777 operarios
1420 704 1667 760 veritatis
1707 703 1994 770 revelavit;

409 805 616 874 palmas
645 802 890 858 extendit
934 801 1002 856 ad
1041 815 1333 871 pauperem
1361 840 1376 864 ,
1415 813 1536 853 cum
1577 797 1739 868 longe
1781 796 1998 867 lateque

410 898 793 965 praedicatores
837 896 905 952 ad
946 896 1266 951 imbuendas
1291 903 1507 949 aeterna:
1550 891 1740 948 salutis
1785 890 1996 962 indigas

388 1061 390 1064 _
411 989 655 1042 nationes
685 987 956 1057 dispersit.
1971 997 1979 1007 ‘

486 1077 606 1134 Non
642 1081 838 1134 timebit
886 1079 1066 1132 domui
1092 1093 1202 1132 sure
1243 1095 1275 1130 a
1312 1075 1594 1146 frigoribus
1626 1073 1786 1138 nivis,
1815 1089 1992 1127 omnes

408 1173 546 1225 enim
572 1170 841 1225 domestici
883 1169 997 1239 ejus
1043 1169 1213 1222 vestiti
1240 1165 1556 1237 duplicibus.
1591 1163 1812 1234 Frigora
1852 1163 1992 1218 nivis

406 1260 569 1314 corda
598 1267 723 1314 sunt
750 1260 1129 1328 reproborum,
1155 1252 1394 1327 perﬁdia:
1422 1269 1533 1310 suae
1555 1263 1772 1326 torpore
1811 1254 1991 1324 rigen-

405 1351 510 1415 tia;
540 1350 608 1405 de
641 1351 836 1419 quibus
864 1350 940 1404 ait
967 1349 1225 1403 Dominus
1259 1365 1271 1400 :
1308 1347 1375 1400 Et
1411 1346 1660 1416 quoniam
1704 1344 1990 1399 abundavit

402 1442 676 1512 iniquitas,
701 1441 996 1512 refrigescet
1016 1441 1246 1494 charitas
1263 1437 1788 1510 multorum.(lllatth.
1812 1449 1986 1509 xxrv).

403 1533 538 1599 Quia
559 1532 648 1586 ille
668 1532 854 1601 utique
869 1531 991 1586 nive
1003 1527 1096 1602 [Ρ.
1114 1530 1242 1583 add.
1259 1528 1595 1600 designatur]
1609 1530 1875 1599 pessimus
1887 1529 1984 1600 qui

398 1623 470 1676 ub
496 1623 686 1691 prima:
733 1622 1000 1692 superbia:
1040 1621 1294 1675 meritum
1326 1621 1392 1675 de
1430 1620 1568 1675 coelo
1612 1635 1873 1675 corruens
1927 1621 1984 1677 in

395 1715 660 1783 profunda
691 1714 1058 1783 tenebrarum,
1084 1712 1433 1766 nihilominus
1463 1726 1523 1766 se
1553 1711 1699 1765 velut
1731 1711 1980 1783 angelum

2098 553 2168 563 —
2195 523 2396 594 Byssus'
2416 540 2632 595 quoque
2659 534 2705 579 et
2731 539 2964 596 purpura
2991 526 3352 583 indumentum
3375 533 3510 601 ejus.
3539 534 3684 608 Bys-

2099 628 2192 670 sus
2242 615 2296 669 in
2346 615 2594 671 castitate
2635 631 2783 686 purae
2830 619 3295 687 conversationis,
3348 638 3588 696 purpura
3624 629 3685 685 in

2097 703 2356 761 ellusione
2385 706 2607 776 pretiosi
2639 707 2936 776 sanguinis.
2968 707 3168 779 Byssus
3197 721 3432 781 namque
3463 716 3683 772 candidi

2096 797 2293 854 coloris
2325 806 2438 864 est,
2487 814 2788 869 purpureus
2814 809 2994 856 autem
3033 800 3182 856 color
3218 810 3274 857 et
3321 803 3389 859 de
3418 807 3688 878 sanguine

2095 887 2384 944 animantis
2428 890 2573 960 quod
2604 906 2842 961 purpura
2871 899 3117 958 vocatur,
3145 890 3405 962 efficitur,
3461 906 3519 952 et
3563 899 3684 969 ipse

2095 976 2371 1047 sanguinis
2396 977 2556 1032 habet
2579 979 2834 1048 speciem.
2867 979 3022 1036 Unde
3043 980 3270 1052 pulchre
3293 983 3499 1040 dictum
3523 995 3605 1042 est
3642 1003 3677 1042 a

2092 1067 2343 1124 Patribus
2380 1069 2508 1138 quia
2550 1077 2739 1125 sancta
2781 1070 3023 1126 Ecclesia
3047 1112 3063 1137 ,
3111 1072 3408 1128 electorum
3454 1073 3680 1133 floribus

2091 1174 2342 1224 vernans,
2375 1160 2428 1213 in
2450 1175 2582 1230 pace
2604 1160 2764 1217 habet
2787 1161 2919 1228 lilia,
2948 1161 3002 1217 in
3025 1161 3168 1218 bello
3190 1179 3364 1220 rosas.
3386 1165 3520 1221 Item
3548 1169 3680 1238 quia

2091 1247 2282 1319 byssus
2303 1249 2368 1304 de
2396 1259 2540 1304 terra
2569 1250 2749 1307 virens
2770 1252 2968 1318 oritur,
2998 1254 3094 1308 sed
3138 1269 3236 1324 per
3253 1257 3680 1316 exercitationes

2090 1338 2278 1409 longas
2298 1348 2352 1396 et
2376 1340 2698 1397 multifarias
2719 1343 2919 1400 amisso
2933 1342 3160 1400 humore
3187 1361 3250 1400 ac
3269 1347 3449 1402 virore
3469 1349 3673 1416 nativo,

2089 1432 2156 1486 ad
2207 1434 2456 1490 decorem
2515 1435 2758 1491 candidae
2802 1436 2969 1492 vestis
3022 1437 3364 1507 perducitur,
3432 1455 3674 1511 purpura

2089 1533 2269 1580 autem
2297 1523 2494 1596 regalis
2517 1537 2602 1581 est
2641 1527 2877 1583 habitus.
2922 1526 3092 1598 Bysso
3123 1528 3364 1584 induitur
3393 1532 3630 1589 Ecclesia
3651 1575 3674 1600 ,

2087 1631 2210 1670 cum
2239 1616 2512 1690 castigant
2545 1631 2768 1686 corpora
2803 1632 2900 1673 sua
2930 1617 3086 1673 electi
3119 1627 3174 1674 et
3213 1621 3461 1676 servituti
3508 1623 3673 1694 subji-

2086 1708 2268 1773 ciunt;
2316 1722 2553 1778 purpura
2602 1718 2804 1775 autem,
2837 1724 2963 1764 cum
3003 1710 3251 1765 eamdem
3280 1712 3668 1768 continentiam

398 1806 534 1860 lucis
556 1806 733 1860 adhuc
758 1805 938 1860 stultis
975 1811 1251 1859 ostentare
1290 1804 1598 1872 praesumit,
1633 1803 1982 1872 habitumque
2012 1783 2057 1840 Β
2086 1815 2192 1853 nou
2219 1798 2288 1853 ob
2310 1797 2547 1853 favorem
2565 1798 2730 1869 vulgi,
2751 1801 2844 1854 sed
2867 1814 2966 1870 pro
2987 1801 3314 1872 acquirenda
3335 1803 3667 1861 beatitudine

395 1896 716 1950 meritorum
753 1908 974 1948 suorum
998 1893 1219 1948 candori
1261 1893 1417 1947 niveo
1447 1892 1677 1947 similem
1708 1891 1980 1946 fraudium

393 2001 616 2040 suarum
647 1985 847 2041 nesciis
870 1984 1105 2056 praefert,
1137 1985 1281 2055 quod
1310 1984 1527 2055 quidem
1562 1984 1775 2040 Domini
1806 1992 1861 2039 et
1884 2000 1980 2038 an-

393 2077 636 2148 gelorum
657 2077 774 2148 ejus
789 2085 874 2132 est
893 2078 1171 2147 proprium
1198 2077 1253 2132 in
1280 2076 1466 2132 habitu
1488 2076 1646 2132 niveo
1671 2076 1975 2132 claritatem

393 2182 504 2222 sua:
531 2167 818 2238 designare
854 2168 1088 2223 virtutis.
1118 2166 1234 2222 Non
1273 2166 1484 2222 timebit
1522 2175 1702 2222 autem
1730 2167 1972 2223 Ecclesia

391 2256 572 2312 domui
589 2272 744 2311 suaea
761 2256 1053 2326 frigoribus
1074 2265 1386 2313 memoratae
1410 2258 1571 2322 nivis,
1595 2259 1722 2328 quia
1746 2257 1976 2314 Domino

388 2348 682 2418 pollicente
708 2349 882 2404 credit
909 2350 1051 2420 quod
1079 2357 1250 2419 porta:
1274 2347 1433 2403 inferi
1469 2365 1575 2404 non
1606 2348 1976 2419 praevalebunt

387 2439 649 2494 adversus
703 2453 846 2494 eam.
911 2437 1105 2495 Omnes
1147 2440 1284 2493 enim
1331 2438 1601 2493 domestici
1647 2439 1764 2509 ejus
1801 2441 1973 2494 vestiti

383 2527 697 2599 duplicibus.
739 2537 795 2583 et
819 2528 1082 2598 sapientia
1119 2527 1370 2583 videlicet
1399 2529 1466 2583 ad
1493 2527 1828 2598 repellendas
1856 2529 1971 2584 hae-

384 2619 582 2674 reticas
617 2618 876 2674 falsorum
928 2619 1158 2674 fratrum
1187 2619 1493 2685 doctrinas,
1519 2629 1574 2676 et
1617 2620 1874 2689 patientia
1903 2621 1971 2676 ad

385 2711 694 2766 tolerandas
746 2718 1060 2781 apertorum
1121 2711 1358 2764 hostium
1409 2726 1647 2781 pugnas;
1694 2711 1779 2764 vel
1822 2720 1971 2767 certe

382 2802 562 2856 vestiti
595 2810 721 2858 sunt
767 2801 1102 2871 duplicibus,
1137 2801 1262 2871 quia
1306 2802 1722 2871 promissionem
1768 2803 1971 2858 habent

382 2893 508 2948 vitae
541 2909 662 2963 quae
688 2908 833 2948 nunc
859 2903 971 2958 est,
1002 2901 1056 2948 et
1084 2892 1281 2948 futura:
1335 2911 1348 2946 :
1396 2907 1538 2947 nunc
1566 2893 1620 2946 in
1659 2895 1970 2963 peregrina-

387 2981 532 3035 tione
585 2982 868 3050 temporali
894 3022 908 3046 ,
939 2982 1122 3036 divino
1153 2982 1353 3036 auxilio
1379 2998 1446 3035 ne
1472 2982 1726 3036 deﬁciant
1757 2982 1922 3052 adjuti
1952 3003 1965 3039 :

379 3073 510 3125 tunc
551 3069 606 3124 in
660 3071 849 3139 patria:
883 3071 1124 3140 perpetis
1173 3070 1506 3125 habitatione
1555 3070 1749 3126 divina:
1793 3075 1966 3144 gratia

375 3162 603 3218 visionis
636 3171 695 3216 ut
739 3162 920 3218 felices
949 3179 1164 3233 semper
1186 3164 1369 3219 vivant
1413 3164 1647 3222 allevati.
1692 3167 1826 3221 ltem
1870 3168 1966 3223 do-
1992 3146 2037 3208 Ο

378 3254 591 3309 mestici
619 3253 735 3324 ejus
787 3254 962 3309 induti
993 3265 1144 3310 veste
1178 3265 1304 3310 sunt
1332 3255 1564 3329 duplici],
1614 3273 1720 3311 una
1759 3257 1964 3327 operis,

377 3344 548 3400 altera
576 3346 789 3408 mentis,
823 3346 949 3402 fidei
980 3347 1240 3404 habentes
1265 3348 1642 3420 factorumque
1673 3350 1961 3415 velamina,

374 3446 430 3491 et
454 3440 834 3503 sacramentis,
864 3438 1115 3494 videlicet
1148 3441 1228 3496 sui
1256 3440 1700 3511 Redemptionis,
1747 3443 1960 3509 imbuti,

375 3539 432 3584 et
477 3528 752 3585 informati
795 3534 1095 3604 exemplis;
1128 3535 1207 3590 sic
1235 3533 1382 3589 enim
1426 3531 1485 3586 lit
1513 3532 1643 3588 illud
1669 3533 1913 3603 Apostoli
1946 3552 1960 3588 :

377 3619 688 3694 Quicunque
710 3623 764 3676 in
788 3622 995 3680 Christo
1023 3625 1272 3696 baptizati
1294 3626 1437 3690 estis,
1462 3624 1727 3680 Christum
1753 3625 1960 3680 induis-

373 3713 440 3767 tis
468 3710 610 3784 (Gal.
642 3714 748 3786 ιιι).
779 3715 1013 3772 Possunt
1041 3727 1220 3772 autem
1247 3715 1450 3788 frigora
1477 3717 1616 3771 nivis
1651 3717 1816 3771 etiam
1846 3726 1958 3772 tor-

374 3814 559 3862 menta
602 3816 805 3862 interna
841 3809 1085 3881 intelligi,
1130 3825 1251 3881 qua:
1285 3810 1394 3880 igni
1440 3818 1494 3864 et
1539 3808 1740 3880 frigore
1792 3809 1963 3864 mixta

369 3911 492 3952 esse
537 3897 789 3968 legimus,
837 3915 960 3954 cum
989 3901 1189 3956 dicitur
1217 3918 1230 3954 :
1263 3900 1365 3954 Ubi
1392 3901 1486 3955 erit
1512 3901 1663 3969 ﬂetus
1688 3911 1735 3954 et
1765 3900 1964 3955 stridor

371 3988 606 4043 dentium
648 3988 864 4060 (Matth.
895 3990 1038 4062 vm),
1085 3991 1267 4047 ﬂetum
1310 3992 1510 4062 quippe
1538 3991 1708 4047 oculis
1737 3993 1877 4061 ignis
1907 4000 1963 4047 et

372 4079 573 4144 fumus,
609 4080 900 4137 stridorem
939 4097 1070 4138 vero
1092 4083 1343 4139 dentibus
1355 4084 1494 4139 solet
1514 4083 1682 4154 frigus
1702 4084 1955 4154 gignere;

368 4171 512 4228 unde
538 4181 595 4228 et
625 4174 816 4229 beatus
854 4172 984 4239 Job,
1029 4176 1094 4230 de
1135 4176 1310 4246 ptenis
1356 4176 1710 4245 reproborum
1736 4175 1963 4244 loquens

368 4263 608 4330 aeternis,
631 4265 701 4318 ad
729 4265 978 4331 calorem,
1009 4266 1221 4336 inquit,
1265 4267 1484 4320 nimium
1519 4267 1848 4332 transibunt,
1893 4267 1958 4319 ab

369 4352 520 4421 aquis
548 4352 746 4406 nivium
773 4354 918 4425 (Job.
946 4357 1116 4424 xxiv).
1150 4353 1258 4409 Sed
1289 4356 1358 4409 ab
1397 4355 1483 4410 his
1508 4355 1746 4411 Ecclesia
1775 4357 1957 4411 domui

366 4459 479 4499 sure
503 4459 611 4498 non
636 4444 866 4511 timebit,
892 4445 1018 4515 quia
1039 4446 1350 4517 quicunque
1370 4455 1622 4515 pereunt,
1646 4447 1714 4501 ad
1736 4432 1954 4502 domum

365 4535 512 4592 illius
532 4549 641 4591 non
662 4536 1028 4606 pertinebant,
1053 4552 1154 4592 nec
1178 4546 1330 4592 veste
1353 4538 1527 4608 ipsius
1545 4537 1772 4608 spiritali
1795 4549 1958 4594 erunt

365 4625 562 4694 induti,
593 4627 808 4682 tametsi
837 4629 1114 4698 mysteriis
1148 4628 1266 4698 ejus
1294 4631 1362 4685 ad
1395 4639 1607 4700 tempus
1632 4629 1958 4686 videbantur

364 4718 617 4774 instituti.
646 4718 886 4789 Denique
909 4720 1138 4790 legimus
1166 4721 1220 4775 in
1251 4721 1589 4792 Evangeliis,
1627 4721 1857 4792 ejectum
1888 4723 1955 4776 de

364 4808 527 4865 domo
553 4810 784 4865 convivii
828 4810 972 4864 illius
1011 4811 1288 4866 hominem
1317 4813 1410 4881 qui
1451 4813 1695 4867 vestibus
1727 4827 1952 4881 operum

362 4900 658 4954 immundis
682 4899 822 4956 hanc
848 4901 1056 4954 intrare
1079 4912 1518 4971 praesumpserat,
1549 4903 1676 4958 etin
1705 4903 1955 4957 tenebras

365 4990 691 5053 exteriores,
723 4990 811 5043 ubi
854 5000 1000 5047 esset
1025 4991 1180 5047 ﬂetus
1205 5001 1260 5046 ct
1293 4993 1494 5046 stridor
1522 4992 1762 5046 dentium
1787 5031 1804 5056 ,
1832 5007 1952 5045 esse

365 5076 696 5145 projectum:
724 5080 919 5133 merito
941 5081 1126 5150 utique
1145 5082 1196 5134 in
1219 5081 1421 5151 frigora
1442 5095 1618 5150 patum
1641 5082 1950 5151 religatum,

366 5168 492 5237 quia
522 5168 894 5224 indumentum
920 5174 1139 5240 pictatis
1171 5175 1372 5228 habere
1400 5174 1734 5244 neglexerat.

441 5259 806 5330 Stragulatam
849 5275 1034 5319 vestem
1065 5268 1186 5336 fecit
1211 5268 1310 5322 sibi
1341 5281 1358 5319 .'
1388 5267 1570 5338 byssus
1619 5278 1666 5322 et
1718 5263 1952 5340 purpura

368 5351 725 5405 indumentum
777 5355 912 5424 ejus.
950 5357 1256 5430 Stragulata
1308 5361 1511 5424 vestis,
1559 5375 1680 5430 quae
1709 5363 1954 5417 variante

368 5447 585 5495 textura
637 5444 776 5498 solet
828 5445 1137 5504 firmissima
1187 5451 1426 5518 confici,
1484 5452 1642 5508 fortia
1700 5454 1953 5508 Ecclesia:

365 5546 531 5601 opera
554 5541 611 5588 et
635 5534 846 5590 diversa
869 5539 1126 5595 virtutum
1156 5542 1274 5612 ejus
1300 5555 1622 5600 ornamenta
1650 5546 1952 5616 significat,

365 5625 432 5678 de
461 5624 660 5695 quibus
708 5626 976 5698 Propheta
1016 5631 1068 5684 in
1115 5634 1307 5688 summi
1361 5637 1534 5706 regis,
1578 5637 1679 5691 viri
1707 5636 1955 5692 videlicet

366 5719 540 5791 illius,
587 5721 744 5780 laude
769 5725 963 5780 cecinit
1001 5743 1011 5779 :
1040 5727 1214 5782 sistitit
1244 5729 1420 5800 regina
1465 5749 1494 5783 a
1536 5731 1732 5785 «lustris
1767 5729 1868 5785 tuis
1900 5731 1950 5784 in

2084 1889 2232 1960 regni
2257 1889 2512 1958 perennis
2535 1897 2811 1944 exercent.
2840 1888 2952 1944 Sed
2972 1889 3062 1946 hic
3085 1891 3345 1947 virtutum
3369 1893 3584 1950 habitus
3609 1895 3664 1950 in

2079 1981 2330 2051 prtesenti
2351 1981 2569 2051 quidem
2595 1982 2966 2039 nescientibus
2993 1983 3206 2039 videtur
3225 1985 3662 2055 contemptibilis,

2077 2074 2172 2129 sed
2204 2073 2260 2126 in
2304 2072 2487 2128 futuro
2511 2073 2690 2143 qualis
2717 2073 2887 2129 fuerit
2913 2074 3200 2131 manifeste
3242 2076 3470 2145 patebit.
3512 2076 3665 2133 Unde

2076 2166 2299 2236 pulchre
2351 2166 2405 2221 in
2445 2165 2765 2237 Apocalypsi
2810 2182 2906 2223 sua
2961 2165 3198 2224 Joannes
3242 2177 3555 2224 sanctorum
3604 2184 3670 2225 se

2075 2271 2263 2311 vocem
2309 2256 2526 2312 audisse
2583 2255 2782 2322 refert,
2825 2257 3123 2313 dicentium
3175 2277 3188 2312 :
3238 2257 3573 2314 Gaudeamus
3615 2271 3664 2316 et

2074 2346 2414 2410 exsultemus,
2460 2348 2586 2417 quia
2632 2358 2879 2402 venerunt
2908 2349 3102 2419 nuptia:
3127 2349 3284 2420 Agni,
3315 2359 3364 2404 et
3393 2366 3528 2404 uxor
3548 2351 3664 2420 ejus

2072 2439 2386 2508 prtrparavit
2407 2455 2484 2503 se,
2506 2448 2553 2492 et
2579 2439 2762 2492 datum
2788 2447 2862 2493 est
2883 2439 2932 2494 ei
2954 2448 3010 2494 ut
3031 2440 3291 2509 cooperiat
3319 2457 3375 2495 sc
3397 2441 3662 2511 byssinum

2070 2527 2367 2598 splendens,
2397 2529 2702 2583 candidum.
2728 2529 3009 2599 Byssiuum
3043 2531 3216 2596 enim,
3255 2531 3665 2600 justiﬁcationes

2070 2627 2192 2673 sunt
2218 2629 2520 2674 sanctorum
2556 2618 2740 2690 (Apoc.
2773 2622 2912 2690 XIX).

2143 2709 2352 2764 Nobilis
2391 2711 2444 2765 in
2487 2714 2650 2781 portis
2679 2713 2760 2766 vir
2798 2713 2943 2783 ejus,
2974 2713 3184 2784 quando
3211 2713 3400 2768 sederit
3432 2731 3549 2768 cum
3582 2731 3660 2769 εει-

2071 2805 2302 2860 nioribus
2344 2815 2513 2861 terrm.
2545 2807 2642 2862 Vir
2665 2817 2865 2864 sanctae
2896 2809 3171 2875 Ecclesiae,
3201 2810 3286 2864 vir
3312 2809 3570 2880 cujusque
3596 2811 3662 2865 fi-

2070 2895 2206 2952 delis
2228 2896 2422 2951 animm
2441 2938 2456 2961 ,
2496 2898 2757 2953 Dominus
2786 2907 2902 2964 est,
2951 2900 3043 2969 qui
3071 2901 3357 2956 videbatur
3388 2902 3654 2972 ignobilis,

2069 3001 2191 3041 cum
2223 2995 2347 3041 ante
2375 2986 2609 3040 tribunal
2658 2989 2906 3058 praesidis
2954 2996 3124 3044 staret
3145 2989 3486 3060 iudicandus,
3530 3005 3660 3045 cum

2068 3078 2285 3147 probra,
2314 3077 2544 3149 flagella,
2574 3089 2729 3148 sputa
2758 3088 2813 3134 et
2836 3078 3006 3150 ipsam
3033 3080 3211 3135 crucis
3241 3089 3469 3134 mortem
3491 3081 3659 3134 susci-

2068 3177 2249 3238 peret;
2273 3170 2368 3224 sed
2397 3169 2591 3225 nobilis
2621 3171 2901 3241 apparebit
2931 3184 3055 3226 cum
3077 3171 3290 3226 venerit
3313 3171 3661 3243 judicaturus

2067 3262 2255 3316 orbem
2296 3261 2350 3315 in
2399 3261 2651 3330 aequitate
2696 3269 2751 3316 et
2797 3277 2986 3318 omnes
3029 3260 3356 3334 angelicum
3389 3279 3484 3329 eo;
3529 3274 3656 3318 tunc

2067 3351 2281 3417 sedebit,
2306 3350 2509 3422 inquit,
2555 3351 2608 3405 in
2650 3352 2770 3407 sede
2796 3353 3088 3422 majestatis
3118 3369 3251 3421 suaz,
3291 3363 3339 3408 et
3364 3365 3654 3426 congrega-

2067 3443 2262 3496 buntur
2285 3452 2406 3496 ante
2449 3458 2568 3497 eum
2609 3451 2806 3513 gentes,
2846 3452 2894 3496 et
2917 3443 3179 3513 separabit
3210 3443 3278 3496 ab
3317 3443 3566 3508 invicem,
3596 3451 3656 3498 et

2066 3531 2290 3601 reliqua.
2325 3529 2555 3596 Nobilis,
2586 3531 2782 3601 inquit,
2808 3531 2863 3584 in
2888 3540 3039 3602 porta
3061 3532 3144 3586 vir
3162 3531 3276 3601 ejus
3295 3571 3310 3597 ,
3351 3531 3478 3601 quia
3503 3540 3656 3586 vete-

2065 3623 2232 3678 resin
2263 3623 2436 3693 portis
2469 3622 2659 3678 sedere
2690 3624 2756 3676 ad
2782 3623 3134 3693 judicandum
3163 3623 3428 3690 solebant,
3460 3632 3521 3677 ut
3561 3636 3653 3676 ve-

2064 3716 2274 3770 nientes
2300 3715 2368 3770 ad
2407 3714 2688 3770 civitatem
2720 3715 2938 3770 aliunde
2985 3721 3234 3785 paratum
3271 3715 3529 3770 continuo
3565 3729 3657 3770 re-

2065 3821 2321 3876 sponsum
2351 3805 2645 3876 judicantis
2698 3806 3039 3876 acciperent,
3067 3815 3122 3862 et
3164 3821 3263 3861 nec
3304 3807 3536 3862 rusticos
3563 3807 3654 3862 vel

2062 3908 2309 3970 pastores
2337 3899 2552 3955 insolita
2597 3899 2749 3956 urbis
2789 3898 3017 3954 aedilicia
3061 3899 3492 3970 stupefacerent,
3550 3916 3652 3956 nec

2062 4006 2279 4046 rursum
2322 4005 2512 4060 pacem
2555 3991 2708 4046 urbis
2751 3989 3101 4045 intrinsecam
3144 3989 3401 4060 frequens
3433 3990 3649 4058 litigan-

2063 4085 2198 4138 tium
2219 4082 2590 4138 eontroversia
2613 4080 2754 4137 foeda
2765 4089 2862 4136 ret.
2890 4079 3097 4137 Nobilis
3113 4095 3244 4152 ergo
3258 4083 3361 4136 erit
3385 4081 3654 4137 Dominus

2055 4174 2114 4246 in
2146 4173 2321 4244 portis
2345 4187 2456 4227 sum
2484 4172 2741 4234 civitatis,
2767 4171 2894 4240 quia
2919 4171 3009 4241 qui
3042 4171 3206 4225 etiam
3237 4186 3381 4226 nunc
3405 4179 3647 4225 contem-

2060 4265 2270 4320 nendus
2309 4272 2530 4334 putatur
2557 4277 2588 4317 a
2633 4262 2818 4317 multis
2842 4303 2857 4327 ,
2884 4263 2974 4318 ubi
3003 4261 3185 4318 saeculi
3221 4261 3344 4317 linis
3388 4261 3644 4324 adfuerit,

2059 4355 2152 4410 ubi
2185 4356 2490 4426 ingressum
2519 4355 2706 4424 patriae
2731 4353 2972 4410 caelestis
2991 4353 3265 4423 aperuerit
3285 4343 3475 4408 electis
3491 4393 3507 4418 ,
3529 4351 3642 4422 jam

2061 4445 2272 4502 cunctis
2297 4445 2504 4515 patebit
2525 4444 2788 4500 sublimis.
2815 4443 3036 4498 Sedebit
3065 4450 3246 4497 autem
3279 4457 3402 4497 cum
3427 4451 3641 4497 senato-

2063 4539 2213 4593 ribus
2243 4544 2437 4602 tcrraa,
2484 4535 2588 4591 illis
2616 4534 2870 4591 videlicet
2895 4533 3090 4603 quibus
3119 4533 3233 4603 ipse
3257 4532 3528 4603 promittit
3561 4532 3643 4586 di-

2062 4644 2191 4684 cens
2219 4641 2234 4681 :
2271 4626 2435 4680 Amen
2459 4625 2576 4680 dico
2604 4624 2742 4680 vobis
2781 4627 2920 4695 quod
2947 4639 3035 4677 vos
3064 4624 3154 4694 qui
3193 4623 3360 4677 secuti
3398 4623 3520 4676 estis
3543 4639 3647 4697 _me

2061 4722 2116 4774 in
2147 4720 2565 4790 regeneratione,
2594 4734 2712 4771 cum
2757 4716 2948 4772 sederit
2989 4715 3132 4786 ﬁlius
3161 4715 3386 4769 hominis
3429 4716 3486 4768 in
3526 4714 3647 4768 sede

2063 4810 2354 4879 majestatis
2379 4824 2512 4874 sum,
2531 4807 2779 4861 ‘sedebitis
2808 4815 2854 4860 et
2879 4822 2965 4860 vos
2996 4821 3152 4875 super
3173 4805 3318 4859 sedes
3342 4804 3642 4868 duodecim,

2052 4901 2354 4972 judicantes
2379 4899 2655 4954 duodecim
2683 4897 2846 4951 tribus
2871 4895 3039 4950 Israel
3063 4895 3276 4967 (Matth.
3302 4893 3436 4966 xw).

2129 4991 2412 5046 Sindonem
2454 4989 2598 5059 fecit,
2626 4999 2674 5042 et
2705 4988 2962 5053 vendidit,
3005 4997 3053 5041 et
3099 4985 3366 5057 cingulum
3421 4983 3652 5039 tradidit-

2056 5085 2378 5139 Chanauwo.
2404 5082 2461 5136 ln
2492 5081 2660 5136 linteo
2688 5081 2936 5137 sindonis
2962 5080 3174 5136 subtilis
3208 5079 3413 5134 intexio
3457 5080 3639 5149 signa—

2057 5185 2145 5230 tur
2169 5185 2371 5230 sancta:
2401 5175 2824 5244 prmdicationis,
2865 5174 2917 5228 in
2950 5189 3056 5244 qua
3089 5171 3326 5228 molliter
3354 5172 3588 5243 quiescit
3625 5212 3640 5236 ,

2056 5270 2181 5340 quia
2211 5284 2362 5324 mens
2397 5269 2451 5323 in
2481 5267 2571 5322 illa
2605 5266 2842 5322 fidelium
2871 5281 2965 5337 spe
2985 5267 3312 5336 sempiterna
3343 5263 3636 5329 relevetur;

2057 5363 2198 5416 unde
2229 5370 2284 5415 et
2317 5360 2480 5415 Petro
2525 5358 2780 5414 animalia
2827 5357 2880 5412 in
2933 5358 3099 5412 linteo
3144 5358 3590 5413 demonstrantur
3624 5395 3640 5419 ,

2055 5453 2181 5522 quia
2231 5447 2586 5524 peccatorum
2613 5452 2828 5516 animae,
2860 5450 3286 5505 misericorditer
3311 5461 3641 5520 aggregatze,

2059 5546 2110 5599 in
2140 5543 2333 5598 blanda
2369 5543 2488 5599 fidei
2525 5543 2706 5612 quiete
2735 5543 3104 5597 continentur.
3139 5541 3266 5595 llmc
3297 5555 3427 5610 ergo
3451 5538 3640 5593 sindo-

2057 5653 2178 5692 nem
2205 5635 2362 5701 fecit,
2414 5645 2468 5691 et
2494 5637 2772 5698 vendidit,
2797 5637 2925 5704 quia
2962 5635 3140 5699 fidem,
3171 5649 3336 5704 quam
3366 5630 3641 5686 credendo

2058 5735 2324 5794 texuerat,
2378 5727 2645 5799 loquendo
2683 5728 2846 5796 dedit,
2901 5736 2953 5783 et
3007 5727 3074 5780 ab
3134 5725 3436 5780 infidelibus
3472 5723 3638 5776 vitam
