4100 6324
446 230 551 290 789

1203 233 1663 293 ΕΧΡΟΞΙἸΊΟἸΝ
1696 233 2088 292 PRDVERBIA
2126 232 2537 290 SALOMONIS.
2577 265 2646 274 —
2686 231 2820 292 LIB'.
2863 230 2954 290 111’.

3593 231 3742 291 πῦσε

443 355 609 406 recte
648 350 1077 408 conversationis
1128 352 1378 423 accepit;
1446 367 1566 424 qua:
1611 361 1679 409 et
1717 351 2024 409 Cbananteo
2052 357 2099 417 Α
2127 355 2226 414 est,
2273 347 2474 418 primus
2516 348 2574 403 in
2601 346 2749 402 illam
2801 348 3032 418 lapidem
3066 353 3234 404 mittat
3264 347 3446 420 (Joan.
3478 348 3622 414 vnn),
3645 352 3732 404 et'

443 440 722 512 cingulum
753 441 1010 508 tradidit,
1067 443 1194 515 quia
1232 458 1330 513 per
1363 444 1605 516 vigorem
1642 446 2024 501 demonstratae

436 529 663 600 iustitiae
713 533 856 590 ﬂuxa
908 549 1075 605 opera
1125 534 1441 606 gentilitatis
1483 535 1783 602 destruxit,
1824 545 1884 593 ut
1920 537 2024 594 hoc

444 623 589 692 quod
617 625 930 698 praecipitur
960 626 1498 684 vivendoteneatur:
1529 625 1646 683 Sint
1681 627 1846 683 lumbi
1869 629 2024 685 vestri

443 717 888 790 pmoinctilLue.
929 717 1050 791 xu).
1084 718 1228 774 Bene
1266 719 1469 774 etenim
1500 720 2020 789 nomine'Chanaan,

442 806 537 876 qui
565 815 620 863 et
644 809 924 880 gentilium
953 808 1208 880 populum
1240 809 1588 880 procreavit,
1618 819 1678 867 et
1700 811 2024 880 interpreta-

443 906 533 953 tur
558 908 927 966 commutatus,
969 915 1246 958 conversa
1285 903 1352 958 ad
1405 902 1567 959 ﬁdem
1602 903 1879 974 gentilitas
1923 903 2020 959 de-

441 981 708 1051 signatur,
727 998 867 1054 quae,
901 984 1215 1043 felicissima
1238 991 1681 1056 commutatione,
1713 1005 1744 1044 a
1775 991 1924 1047 vitiis
1955 992 2022 1048 ad

440 1071 689 1140 virtutes,
718 1091 750 1132 a
770 1076 984 1134 diabolo
1015 1081 1424 1153 transmigravit
1447 1085 1516 1139 ad
1539 1083 1844 1152 Christum;
1878 1087 2022 1143 unde

437 1167 495 1220 et
551 1165 607 1221 in
667 1164 924 1236 ejusdem
980 1169 1196 1226 laudem
1265 1174 1532 1244 psalmus.
1575 1177 2022 1248 quadragesimus

437 1264 664 1324 quartus
686 1259 966 1327 scribitur,
998 1260 1152 1330 cujus
1196 1263 1389 1319 titulus
1409 1274 1495 1320 est
1531 1285 1544 1320 :
1587 1266 1655 1323 In
1699 1267 1879 1337 ﬁnem,
1926 1287 2020 1342 pro

437 1345 538 1413 Itis,
578 1347 670 1418 qui
715 1351 1206 1419 commutabantur,
1242 1353 1368 1423 ﬁliis
1410 1355 1580 1423 Core,
1621 1363 1885 1419 canticum
1925 1382 2021 1437 pro

435 1432 646 1490 dilecto.
679 1433 801 1493 Filii
829 1446 1010 1495 autem
1035 1439 1202 1506 Core,
1236 1442 1332 1498 ﬁlii
1368 1443 1630 1502 Calvariae
1658 1432 2022 1521 interpretan-

437 1531 546 1590 tur,
573 1525 669 1596 qui
697 1535 826 1583 sunt
872 1528 970 1585 ﬁlii
1001 1529 1297 1593 Dominica:
1331 1537 1531 1602 crucis,
1564 1538 1807 1599 dicentes
1841 1559 1857 1598 :
1887 1543 2021 1600 Mihi

435 1602 572 1669 absit
601 1615 844 1687 gloriari,
874 1619 979 1674 nisi
1002 1620 1056 1676 in
1079 1638 1232 1680 cruce
1257 1624 1467 1681 Domini
1491 1632 1656 1686 nostri
1678 1631 1806 1688 Iesu
1823 1633 2021 1692 Christi

2123 437 2202 492 sic
2235 451 2359 492 eam
2391 437 2621 493 crimine
2644 437 2785 507 quod
2819 445 3084 507 patrarat,
3119 437 3220 492 sub
3243 435 3556 494 conditione
3578 449 3701 495 am-

2122 527 2261 597 plius
2290 541 2398 584 non
2421 527 2704 598 peccandi,
2727 527 3020 582 miseratus
3044 525 3292 606 absolvit.

2192 616 2553 674 Consideravit
2599 619 2812 674 semitas
2841 617 3030 672 domus
3072 633 3204 684 suae,
3237 627 3285 674 et
3324 634 3512 688 panem
3535 617 3705 673 otiosa

2123 725 2226 778 non
2247 709 2489 764 comedit.
2551 707 2788 766 Semitas
2832 709 3024 766 domus
3076 724 3188 764 sum
3217 709 3548 773 considerat,
3579 709 3738 778 quia»

2123 811 2348 857 cunctas
2370 817 2482 858 suae
2510 803 2856 858 conscientia:
2883 802 3242 874 cogitationes
3263 801 3532 857 subtiliter
3559 799 3731 855 inve--

2123 891 2308 961 eligat.
2337 889 2538 946 Panem
2567 893 2738 946 otiosa
2759 909 2865 946 non
2889 892 3136 958 comedit,
3163 890 3293 962 quia
3320 889 3444 956 hoc,
3471 889 3615 960 quod
3635 887 3744 944 ὀθν-

2122 998 2278 1039 sacro
2329 983 2546 1055 eloquio
2599 983 2946 1056 intelligendo
2977 983 3306 1055 perceperit,
3352 991 3479 1038 ante
3518 979 3755 1066 aeternif

2113 1071 2315 1142 judicis
2335 1075 2522 1132 oculos
2542 1075 2871 1143 exhibendo,
2903 1087 2930 1118 α
2961 1075 3159 1145 patrias
3207 1073 3465 1132 etelestis.
3491 1071 3740 1129 Semita:-

2121 1172 2314 1227 domus
2373 1171 2515 1228 illius
2557 1179 2827 1243 prmeepta
2877 1171 3355 1242 iustitia-quibus
3382 1170 3452 1229 ad
3489 1177 3740 1225 aeternas--

2121 1262 2245 1318 vita:
2265 1262 2598 1318 mansionem
2629 1262 2984 1333 pervenitur:
3015 1277 3162 1332 quas
3185 1260 3445 1332 profecto
3484 1259 3709 1316 semitas

2121 1349 2309 1404 anima
2357 1349 2508 1405 bene
2551 1349 2886 1416 considerat,
2934 1364 3063 1406 cum
3089 1357 3148 1405 et
3186 1349 3472 1420 diligenter
3513 1349 3742 1418 quibus

2121 1438 2336 1494 actibus
2361 1438 2428 1494 ad
2449 1452 2682 1508 superna
2710 1438 2984 1508 perveniri
3023 1438 3220 1494 debeat
3248 1438 3488 1509 inspicit,
3513 1445 3568 1492 et
3587 1452 3738 1507 quain

2121 1531 2328 1602 agenda
2357 1530 2558 1586 didicit
2581 1530 2765 1586 sedula
2793 1544 3053 1587 exercere
3103 1546 3213 1586 non
3242 1531 3462 1586 desinit.
3498 1530 3704 1584 Panem

2122 1618 2537 1691 quoqueotiosa
2561 1635 2669 1675 non
2699 1619 2960 1688 comedit,
2995 1635 3120 1676 cum
3150 1620 3480 1677 sacriﬁcium
3527 1620 3710 1675 Domi-

435 1703 583 1776 (Gal.
613 1707 712 1780 v1).
747 1707 1029 1777 Quomodo
1073 1724 1254 1772 autem
1293 1730 1698 1780 commutem“,-
1738 1707 2095 1799 sequemia..B
2123 1712 2232 1768 niei
2261 1713 2509 1783 corporis
2534 1713 2841 1784 percipiens
2882 1715 3066 1772 studet
3093 1715 3296 1770 imitari
3327 1724 3450 1771 actu
3484 1715 3706 1786 quodin

433 1796 632 1864 psalmi
665 1798 910 1870 ejusdem
957 1803 1174 1873 docent,
1207 1808 1300 1864 ubi
1350 1810 1578 1870 dilectus
1625 1815 1743 1887 ipse
1768 1796 1889 1885 ,id
1937 1830 2022 1879 est

434 1887 717 1960 Dominus,
735 1895 949 1953 scilicet
972 1897 1230 1958 Ecclesiae
1257 1903 1391 1960 dicit
1421 1922 1436 1960 :
1463 1907 1631 1976 Audi,
1648 1910 1784 1979 ﬁlia,
1809 1922 1858 1969 et
1883 1916 2018 1984 vide,

433 1991 483 2038 et
513 1983 711 2040 inclina
753 2004 938 2045 aurem
974 2001 1151 2060 tuam,
1180 2004 1232 2050 et
1247 1995 1562 2057 obliviscere
1587 2004 1840 2074 populum
1871 1983 2035 2065 tuum'

431 2082 485 2129 et
513 2075 728 2133 domum
755 2083 922 2151 patris
950 2085 1049 2139 tui.
1072 2085 1406 2147 Commutari
1447 2107 1680 2166 namque
1709 2097 1859 2155 illam
1881 2103 2022 2158 desi-

432 2167 608 2266 derat,
640 2184 824 2240 quam,
853 2182 915 2230 ut
951 2175 1117 2233 ﬁliam
1147 2179 1350 2239 habere
1373 2185 1580 2253 valeat,
1601 2190 1822 2247 domum
1848 2196 2021 2266 patris

437 2257 654 2327 prioris,
692 2261 744 2318 id
776 2272 860 2320 est
894 2266 1067 2324 hostis
1103 2273 1334 2344 antiqui,
1352 2275 1506 2345 jubet
1535 2281 1804 2340 oblivisci.

507 2347 792 2408 Fortitudo
826 2363 876 2410 et
904 2357 1061 2413 decor
1079 2361 1443 2421 indumentum
1469 2371 1608 2438 ejus,
1651 2383 1701 2428 et
1733 2375 1922 2432 ridebit
1965 2380 2019 2434 in

434 2441 519 2496 die
544 2443 844 2501 nouissimo.
873 2446 1158 2509 Fortitudo
1179 2454 1248 2509 ad
1274 2457 1610 2517 tolerandam
1637 2477 2017 2534 perversorum

431 2531 857 2607 improbitatem,
899 2541 1062 2599 decor
1096 2547 1167 2601 ad
1209 2553 1570 2608 exercendam
1597 2531 1863 2614 virtutum
1893 2577 2018 2632 gra-

428 2623 561 2678 tiam
595 2625 832 2695 :-decor,
881 2633 1008 2702 quia
1051 2646 1312 2706 operatur
1347 2641 1654 2712 justitiam;
1712 2623 2014 2719 fortitudo,

427 2716 556 2784 quia
586 2722 1017 2788 persecutionem
1042 2728 1249 2797 patitur
1268 2741 1490 2804 propter
1499 2734 1769 2805 justitiam
1786 2756 1801 2796 :
1817 2751 1872 2798 et
1895 2716 2018 2800 ideo

427 2807 628 2864 ridebit
649 2809 709 2865 in
730 2811 818 2898 die
849 2816 1168 2886 novissimo,
1194 2821 1247 2876 id
1277 2832 1380 2890 ρει,
1405 2829 1662 2898 gaudebit
1690 2832 1744 2888 in
1779 2835 2015 2893 retribu-

426 2901 577 2958 tione
610 2905 761 2976 regni
789 2907 1028 2966 coelestis
1049 2952 1065 2978 ,
1096 2928 1217 2983 quae
1242 2916 1460 2974 dolebat
1490 2921 1546 2978 in
1573 2927 1871 2984 certamine
1891 2930 2014 2986 vitae

426 2992 729 3090 presentis.
775 2994 892 3054 Mos
935 3001 1136 3057 etenim
1179 3003 1474 3077 Scriptura:
1517 3021 1603 3069 est
1664 3030 1763 3085 pro
1818 3021 2013 3090 gaudio

2125 1801 2386 1874 mysterio
2414 1801 2673 1869 celebrat,
2725 1803 2954 1858 multum
3001 1803 3230 1860 sollicita
3266 1820 3335 1860 nc
3364 1803 3583 1875 indigne
3611 1819 3709 1875 pa-

2124 1908 2248 1949 nem
2280 1892 2493 1949 Domini
2526 1893 2860 1950 comedendo
2884 1902 2942 1950 et
2984 1895 3211 1951 calicem
3263 1895 3522 1961 bibendo,
3564 1895 3711 1966 judi—
3741 1929 3743 1931 ι

2123 1983 2269 2038 cium
2294 1983 2397 2038 sibi
2446 1981 2736 2038 manducet
2761 1990 2818 2039 et
2872 1983 3066 2049 bibat;
3097 1984 3195 2040 sed
3242 1993 3302 2038 ut
3327 1982 3583 2054 patiendo
3611 1998 3725 2054 pro-1

2123 2071 2340 2128 Christo
2379 2087 2443 2128 ac
2470 2073 2746 2144 lacrymas
2772 2072 3071 2140 fundendo,
3124 2074 3282 2129 bonis
3307 2089 3524 2146 quoque
3573 2075 3708 2130 acti-

2122 2164 2224 2222 bus
2274 2165 2596 2230 insistendo,
2625 2166 2933 2236 passionem
2967 2176 3022 2223 et
3045 2169 3290 2240 exempla
3341 2169 3514 2240 ipsius
3538 2185 3711 2241 quau-

2122 2267 2238 2316 tum
2290 2261 2455 2327 valet,
2513 2268 2791 2331 sequatur.
2847 2259 3036 2318 Potest
3076 2270 3134 2316 et
3189 2261 3508 2331 simpliciter
3533 2264 3708 2333 accipi

2121 2352 2266 2422 quod
2301 2367 2501 2424 panem
2525 2353 2699 2408 otiosa
2729 2367 2838 2408 non
2865 2353 3111 2408 comedit
3129 2353 3326 2410 mulier
3358 2353 3536 2420 fartis,
3554 2352 3712 2424 juxta

2121 2441 2251 2498 illud
2277 2442 2516 2513 Apostoli
2552 2461 2563 2497 :
2599 2442 2706 2510 Qui
2753 2460 2858 2498 non
2887 2451 3160 2514 operatur,
3195 2460 3288 2500 nec
3317 2444 3597 2500 manducet
3619 2445 3702 2515 (ll

2122 2532 2274 2588 Thes.
2299 2534 2408 2604 ill),
2460 2541 2516 2591 et
2547 2533 2662 2605 ipse
2685 2534 2754 2590 de
2795 2549 2877 2602 se,
2905 2532 3175 2601 Quoniam
3205 2537 3274 2592 ad
3309 2550 3375 2600 ea
3422 2551 3544 2607 quae
3573 2537 3708 2592 mibi

2118 2640 2255 2695 opus
2278 2632 2461 2690 erant,
2482 2634 2538 2680 et
2565 2625 2652 2682 bis
2701 2625 2792 2697 qui
2821 2640 3033 2682 mecum
3077 2635 3226 2693 sunt,
3255 2627 3712 2707 Aministravcrunt

2120 2729 2318 2769 manus
2370 2714 2508 2769 istac.
2555 2713 2710 2771 Unde
2759 2715 2956 2774 merito
3003 2715 3346 2774 luxuriantes
3395 2717 3590 2774 viduas
3620 2732 3710 2772 ar-

2117 2802 2552 2877 guens-adjungit
2587 2822 2600 2859 :
2634 2803 2809 2859 Simul
2847 2815 3022 2860 autem
3050 2817 3099 2862 et
3131 2809 3315 2863 otiosae
3359 2807 3567 2863 discunt
3598 2808 3707 2862 cir-

2117 2897 2316 2950 cumire
2340 2895 2522 2951 domos
2543 2894 2598 2965 (1
2625 2893 2760 2948 Tim.
2793 2895 2868 2966 γ),
2895 2913 3002 2952 non
3023 2897 3201 2954 soluat
3229 2898 3440 2966 otiosae,
3469 2898 3564 2955 sed
3586 2912 3706 2954 vero

2116 2986 2263 3043 bosaa
2283 2995 2340 3043 et
2377 2989 2627 3044 curiosae.

426 3081 596 3137 risum
623 3100 848 3155 ponere,
890 3091 1032 3148 sicut
1069 3105 1126 3150 et
1152 3071 1415 3157 Domi-nus
1436 3071 2016 3181 aitzBentiquiiizine
2044 3071 2088 3132 Ο
2194 3075 2550 3181 δυ”νεπῗηυξί
2605 3080 2705 3181 ﬁ!“
2754 3081 2892 3181 θίν’
2944 3090 2994 3136 ⁸⁸
3046 3081 3399 3181 ⁶⁶⁰Ῐθ³⁸ίῖ¹⁸ίξ²⁷⁸
3449 3082 3709 3151 “mdia”

423 3169 583 3240 ﬂetis,
620 3175 747 3244 quia
792 3178 1023 3237 ridebitis
1070 3183 1224 3256 (Luc.
1263 3189 1368 3260 vt);
1418 3200 1474 3247 et
1521 3194 1714 3254 beatus
1765 3169 1907 3258 iob:
1941 3204 2017 3260 Us

423 3270 598 3318 autem
625 3267 890 3323 veracium
924 3271 1206 3342 replebitur
1231 3279 1364 3334 risu.
1411 3279 1657 3342 Similem
1705 3304 1836 3347 sane
1886 3294 2014 3352 huic

422 3355 751 3453 sententiam
779 3357 1049 3431 Propheta
1091 3365 1159 3421 de
1197 3367 1424 3428 Domino
1462 3377 1825 3437 ao'sal‘vatore
1856 3383 2015 3453 hujus

422 3440 736 3502 fortissima:
759 3450 1003 3508 mulieris
1020 3456 1222 3524 posuit,
1237 3459 1424 3518 dicens
1443 3482 1455 3517 :
1481 3463 1741 3524 Dominus
1758 3440 2010 3542 regnarit,

422 3532 676 3634 decorent-
703 3537 1097 3605 induit,.induit
1134 3546 1393 3605 Dominus
1430 3553 1790 3622 fortitudinem
1812 3532 2009 3634 "(Psali

423 3625 738 3724 rcttﬁCum
763 3632 910 3686 enim
935 3636 1254 3704 praedicaret
1280 3641 1634 3716 EVangelium
1679 3625 1856 3724 regni;
1889 3655 2018 3714 aliis

421 3712 676 3812 placebat
700 3759 726 3812 _,
759 3720 880 3812 aliis
924 3724 1280 3796 displicebat;
1314 3732 1404 3787 alii
1437 3712 1573 3792 bene
1603 3712 2007 3812 loquebantur,

419 3803 513 3859 alii
541 3807 944 3881 detrahebant,
983 3815 1329 3887 lacerabant,
1357 3803 1696 3896 mordebant,
1737 3803 2006 3891 convitia;

421 3893 652 3984 bantur;
689 3901 760 3958 ad
792 3917 887 3960 eos
914 3920 1048 3978 ergo
1071 3909 1270 3979 quibus
1293 3912 1570 3984 placebat»,
1621 3893 1876 3980 decorem
1923 3927 2008 3982 in-

419 3983 694 4052 duit;eos
720 3993 922 4061 quibus
961 3983 1323 4070 displicebat,.
1346 4004 1740 4068 fortitudinem.
1790 4015 2008 4075 Imitare

415 4087 546 4170 ergo
589 4085 659 4134 et.
690 4088 747 4136 tu
802 4081 1091 4144 Dominum
1123 4099 1274 4153 tuum
1309 4136 1342 4161 ,,
1375 4106 1456 4152 ut"
1483 4103 1658 4170 possis
1687 4119 1808 4161 esse
1837 4117 2005 4167 vestis

416 4161 766 4234 ipsius;'esto
794 4187 921 4229 cum
948 4177 1144 4235 decore
1164 4181 1231 4238 ad
1265 4197 1359 4241 eos
1399 4161 1595 4258 quibus
1622 4161 2003 4264 placent

412 4268 579 4325 opera
605 4266 732 4327 tua,
749 4271 868 4320 esto
896 4264 1054 4326 fortis
1075 4271 1334 4332 adversus
1357 4277 1716 4340 detractores.

485 4354 559 4409 Os
585 4373 740 4446 suum
765 4365 970 4432 aperuit
995 4371 1294 4439 sapientiae,
1326 4385 1376 4430 et
1403 4377 1796 4441 lex‘clementia:
1817 4405 1872 4444 m
1900 4389 2001 4446 lin-

409 4457 515 4510 gua
543 4445 677 4514 ejus.
724 4449 806 4506 Ad
836 4453 940 4510 boc
969 4465 1179 4516 tantum
1217 4459 1552 4536 loquens—los
1592 4478 1805 4544 aperuit
1831 4489 1894 4536 ut
1911 4445 2000 4537 sa-

412 4537 674 4633 pientiam
704 4543 943 4614 doceret,
967 4549 1126 4620 juxta
1155 4555 1285 4612 illud
1307 4560 1551 4632 Apostoli
1575 4585 1589 4622 :
1617 4537 1802 4629 Dmnis
1824 4592 2000 4633 sermo

409 4625 582 4681 malus
610 4646 676 4684 ex
705 4647 794 4688 ore
821 4648 987 4694 vestro
1017 4658 1121 4698 non
1163 4651 1433 4719 procedat,
1473 4656 1566 4709 sed
1600 4659 1648 4712 si
1680 4663 1800 4732 quis
1833 4665 1996 4723 bonus

408 4717 482 4815 ad
525 4719 928 4815 aediﬁcationem
972 4730 1122 4800 ﬁdei,
1171 4745 1230 4789 ut
1269 4738 1354 4794 det
1390 4717 1614 4813 gratiam
1661 4717 2015 4815 audientibus-

407 4805 626 4905 (-Epltes.
658 4812 770 4905 tv);
807 4817 889 4872 vel
927 4830 1076 4878 certe
1115 4839 1179 4880 os
1213 4805 1411 4886 cordis.
1439 4805 1994 4905 aperuitad'disccn:

405 4895 528 5005 dant
559 4901 628 4955 ab
657 4901 773 4972 ipsa
806 4909 1069 4978 sapientia
1093 4915 1319 4976 interius
1349 4927 1650 4999 veritatem,
1675 4950 1838 5005 quam
1859 4940 1994 4999 alios

405 4984 819 5104 foras-Idoc‘eret.
853 4998 1083 5073 Utrique
1113 5018 1292 5066 autem
1316 5019 1521 5086 sensui,
1544 5025 1671 5093 quia
1692 4984 1993 5104 lutrumque

405 5074 534 5184 facit
559 5079 821 5155 Ecclesia,
854 5094 1094 5152 concinit
1118 5108 1243 5171 apte
1297 5109 1439 5175 quod

404 5167 689 5275 clementia:
712 5180 768 5236 in
797 5181 980 5257 lingua
1024 5167 1170 5262 ejus,
1192 5195 1282 5253 illa
1317 5167 1694 5276 -videlicet,.ut
1738 5232 1846 5273 non
1878 5167 1990 5277 sta:
2029 5209 2038 5217 ’

407 5263 504 5318 tim
547 5282 698 5384 m‘ore
737 5272 873 5384 legis
907 5279 1176 5354 Mosaicae,
1218 5304 1507 5362 peccantes
1547 5305 1788 5374 puniret,
1833 5313 1986 5384 cujus

405 5357 709 5464 exemplum
734 5364 1034 5430 clementiae
1065 5377 1134 5433 ab
1168 5380 1284 5452 ipsa
1317 5385 1423 5442 Dei.
1457 5357 1725 5464 sapientia
1757 5357 1984 5462 Cominio

405 5451 459 5545 et
498 5443 779 5553 Salvatore
804 5469 991 5520 nostro
1031 5443 1316 5532 manifeste
1340 5443 1606 5553 perceprit,
1647 5503 1771 5546 cum
1802 5443 1983 5553 oblata

403 5544 451 5589 et
483 5544 786 5606 peccatrice
804 5553 1028 5613 muliere
1059 5578 1072 5613 :
1107 5560 1168 5617 Si
1197 5544 1356 5637 quis;
1382 5544 1578 5642 inquit,
1609 5579 1722 5636 sine
1765 5597 1975 5653 peccato

477 5664 500 5691 ει
536 5655 756 5715 Videtur
779 5664 980 5738 aliquid
1013 5673 1217 5734 deesse.

2119 3179 2272 3236 runt,
2291 3172 2446 3226 etvir
2469 3171 2586 3242 ejus
2637 3173 2873 3229 laudavit
2927 3190 3065 3229 eam.
3121 3174 3278 3242 Quod
3319 3174 3563 3232 futurum
3607 3191 3708 3246 pro

2117 3267 2269 3315 certo
2313 3271 2538 3317 noverat
2595 3278 2747 3319 more
2794 3265 3115 3335 prophetico
3163 3266 3323 3338 quasi
3363 3265 3478 3336 jam
3501 3266 3707 3323 factum

2116 3350 2321 3406 refert:
2354 3354 2743 3425 surgentenitn
2785 3355 2878 3410 ﬁlii
2907 3355 3188 3423 Ecclesiae,
3215 3358 3470 3415 videlicet
3512 3373 3706 3414 omnes

2115 3441 2304 3508 electi,
2333 3443 2395 3498 in
2427 3445 2724 3501 novissimo
2771 3447 2954 3504 carius
3013 3449 3347 3505 mortalitate
3393 3450 3601 3517 donati,
3649 3459 3714 3529 et.

2117 3541 2244 3589 tunc
2293 3543 2522 3592 matrem
2554 3551 2728 3603 suam,
2776 3555 2898 3610 qua:
2952 3555 3048 3596 eos
3103 3557 3169 3596 ex
3225 3556 3367 3612 aqua
3405 3550 3462 3598 et
3496 3543 3713 3614 Spiritu

2113 3633 2304 3682 saneto
2351 3629 2564 3700 genuit,
2617 3629 2990 3689 beatissimam
3031 3634 3350 3704 praedicant,
3408 3652 3529 3705 qua:
3558 3652 3715 3694 mine

2111 3715 2516 3775 abinﬁdelibus‘
2543 3722 2699 3793 quasi
2738 3722 2942 3779 misera
2973 3725 3381 3792 contemnitur;
3412 3734 3466 3780 et
3487 3740 3709 3794 revera,

2086 3806 2251 3871 sicut
2283 3808 2574 3880 Apostolus
2603 3813 2681 3867 ait
2727 3813 2780 3883 (ι
2808 3813 2934 3870 Cor.
2969 3814 3087 3888 xv),
3121 3815 3183 3872 Si
3216 3817 3284 3870 in.
3315 3817 3415 3872 hac
3444 3818 3548 3873 vita
3575 3827 3701 3875 tan-

2109 3907 2222 3954 tum
2250 3911 2520 3972 sperantes
2544 3919 2726 3960 sumus
2769 3905 2825 3961 in
2877 3903 3112 3972 Christo,
3160 3908 3564 3965 miserabiliores
3607 3925 3700 3967 stt-

2107 4003 2226 4046 mus
2249 3992 2487 4048 omnibus
2516 3994 2814 4052 hominibus
2838 4014 2856 4062 ;
2883 3999 3010 4068 quia
3060 4016 3189 4057 vero
3231 4018 3330 4073 pro
3357 4003 3470 4059 vita
3498 4003 3605 4059 alia
3634 4006 3690 4060 in

2106 4083 2359 4150 praesenti
2423 4083 2743 4154 militamus,
2799 4089 2996 4145 merito
3047 4108 3171 4147 cum
3207 4096 3520 4165 apparuerit
3566 4097 3700 4166 quid

2105 4173 2326 4241 erimus,
2376 4184 2623 4233 matrem
2661 4187 2928 4246 nostram,
2983 4198 3106 4252 qua:
3161 4201 3230 4240 ex
3255 4187 3510 4243 omnibus
3529 4186 3696 4257 justis

2106 4261 2363 4330 collecta,
2378 4280 2484 4320 una
2510 4264 2710 4324 Christi
2737 4269 3008 4337 columba,
3031 4288 3232 4342 sponsa
3256 4283 3313 4331 et
3331 4276 3507 4332 amica
3534 4291 3697 4333 voca-

2106 4362 2214 4419 tur,
2244 4355 2617 4412 beatissimam
2647 4359 3084 4429 przedicabimus.
3119 4363 3321 4437 Surget
3348 4375 3407 4423 et
3443 4367 3530 4422 vir
3553 4366 3691 4437 ejus,

2031 4425 2081 4486 θ
2105 4453 2160 4500 et
2187 4444 2426 4504 laudabit
2448 4464 2596 4516 eam,
2621 4425 2812 4508 dicens
2847 4453 2900 4508 in
2918 4452 3128 4523 judicio
3155 4475 3186 4512 ::
3210 4425 3406 4526 Vvenite,
3438 4425 3695 4515 benedicti

2105 4535 2280 4592 Patris
2321 4538 2446 4604 mef,
2490 4542 2750 4611 possidete
2794 4556 3042 4614 paratum
3091 4549 3233 4605 uobis
3257 4567 3474 4622 regnum
3498 4569 3531 4606 a
3560 4569 3690 4606 con-

2101 4627 2370 4682 stitutione
2394 4631 2578 4684 mundi
2611 4646 2630 4684 :
2657 4635 2850 4689 esurivi
2889 4637 3111 4692 enimet
3140 4639 3360 4695 dedistis
3388 4641 3518 4694 mihi
3538 4657 3694 4697 nsan-

2100 4719 2332 4786 dueare,
2348 4728 2455 4776 etc.
2516 4722 2728 4794 (Matth.—
2783 4728 2934 4798 xxv).
2965 4727 3071 4796 Qui
3101 4731 3324 4801 quidem
3348 4732 3466 4802 ipse
3493 4733 3690 4803 primi-

2100 4805 2188 4862 tiae
2225 4808 2610 4867 dormientium
2658 4816 2960 4872 resurrexit
3000 4833 3047 4873 a—
3071 4819 3324 4886 mortuis,
3387 4824 3482 4878 sed
3511 4823 3567 4878 in
3603 4824 3692 4880 die

2092 4895 2282 4966 judicii
2331 4900 2673 4960 manifestius
2715 4907 2970 4966 omnibus
3007 4925 3145 4980 quos
3179 4927 3276 4968 sua
3301 4912 3461 4970 laude
3491 4915 3684 4988 dignos

2090 4987 2434 5060 judicaverit,
2497 5003 2699 5064 quanta
2747 4997 2822 5053 sit
2847 4998 3092 5070 ejusdem
3121 5016 3234 5058 suae
3261 4987 3681 5061 resurrectiOnis

2068 5076 2265 5148 gloria
2303 5080 2718 5140 demonstrabit.
2748 5085 2936 5142 Potest
2963 5090 3259 5148 etiam'hoc
3285 5093 3430 5163 quod
3457 5093 3682 5161 dicitur,

2093 5182 2433 5227 surrexerunt
2457 5175 2558 5243 ﬁlii
2578 5177 2787 5246 eius,“
2837 5179 3192 5238 beatissimam
3238 5185 3682 5255 praedicaverunt,

2093 5259 2416 5316 etetiam-in
2449 5263 2553 5320 hoc
2610 5274 2853 5338 tempore
2898 5274 3292 5332 convenienter
3314 5277 3511 5348 accipi,
3556 5293 3679 5336 cum

2095 5349 2320 5418 quilibet
2369 5352 2626 5424 ﬁdelium,
2655 5365 3213 5424 transcensis-saeculi
3270 5373 3556 5439 aerumnis,
3610 5375 3678 5430 ad

2095 5440 2339 5498 cwlestia
2369 5459 2534 5516 regna
2563 5449 2971 5522 perducuntur;
3001 5457 3191 5516 sedere
3224 5476 3462 5532 namque
3487 5464 3556 5519 ad
3586 5464 3682 5519 bu-

2096 5533 2448 5592 miliationem
2501 5540 2733 5613 aliquos,
2765 5550 2986 5619 su‘rgere
3030 5552 3098 5607 ad
3129 5553 3359 5624 gloriam
3390 5556 3629 5626 pertinet
3658 5577 3672 5622 ;

2095 5625 2234 5681 unde
2276 5627 2492 5699 dicitur,
2542 5635 2663 5692 olim
2695 5639 2749 5694 in
2777 5641 2946 5698 cilicio
2996 5649 3320 5719 pwnilercnt,
3353 5625 3405 5706 id
3443 5659 3548 5717 est,
3576 5652 3674 5706 ltu-
