4100 6324
403 207 507 285 τίς(

1028 226 1088 280 B.
1132 211 1386 280 nimus!
1426 222 1644 280 suum
1681 220 1970 279 ARCl-llEP

2075 218 2353 278 l0GUNT.
2394 220 2676 277 OPERUM
2716 221 2894 279 PARS
2935 221 3020 279 ιῐῐ.

3562 226 3676 284 792

394 347 587 406 ιιιὶιίεηί
615 363 628 414 ;
659 353 715 402 et
765 344 1026 416 propheta
1054 363 1066 397 :
1102 344 1146 396 A
1176 345 1313 414 facte
1353 333 1542 397 manus
1574 331 1696 397 tute
1737 331 1981 396 sedebam
2007 338 2072 399 ΑΔ
2156 336 2356 393 Fauna:
2381 339 2576 409 gratia,
2603 348 2651 394 et
2687 355 2822 394 vana
2851 352 2926 395 est
2963 341 3299 410 pulchritudo
3331 359 3350 397 :
3377 344 3568 399 mulier
3595 350 3676 399 τε-

393 437 566 503 solus,
603 436 730 508 quia
779 436 1182 490 comminatione
1233 433 1442 503 replesti
1478 449 1562 488 me
1599 433 1817 506 (Jerem.
1842 422 1978 502 xv);

395 526 491 582 sed
512 535 566 581 et
583 525 868 582 Psalmista
901 541 915 579 :
953 523 1159 578 Vanum
1190 532 1263 600 est
1312 525 1452 579 vobis
1505 533 1624 578 ante
1649 523 1818 578 lucem
1860 538 1980 576 sur-

293 609 327 630 ’⁵“
392 634 536 688 gere,
560 617 758 687 surgite
777 625 1052 687 postquam
1088 615 1349 680 sederitis,
1383 616 1474 685 qui
1515 615 1848 670 manducatis
1884 631 1980 684 pa-

393 726 514 764 nem
539 707 736 764 doloris
768 703 942 778 (Psal.
988 705 1196 778 cxxvt),
1234 706 1378 776 quod
1424 715 1509 762 est
1558 715 1743 775 aperte
1769 705 1974 772 dicere,

394 799 536 868 Quid
561 799 615 854 in
642 798 894 870 praesenti
943 798 1186 868 quaeritis
1212 799 1469 869 gaudere,
1517 797 1661 868 quod
1708 797 1894 853 electis
1920 797 1974 851 in

390 888 575 943 mturo
605 888 954 944 reservatur?
988 886 1102 942 Non
1145 888 1289 944 enim
1346 889 1574 958 potestis
1612 889 1666 943 in
1713 889 1818 944 hac
1843 889 1974 954 vita,

391 979 446 1034 id
477 987 580 1043 est,
610 986 738 1034 ante
775 978 951 1034 lucem
997 993 1246 1048 supernae
1301 964 1700 1043 retributionis,
1749 978 1974 1050 gloriam

389 1082 533 1124 vera:
560 1069 835 1124 felicitatis
864 1070 1107 1125 habere:
1159 1069 1288 1139 quin
1336 1069 1516 1138 potius
1564 1076 1850 1138 postquam
1875 1058 1977 1124 hic

389 1151 657 1213 humiliati
690 1157 900 1215 fueritis
949 1159 1014 1213 ad
1043 1167 1275 1228 tempus,
1311 1159 1421 1214 illic
1443 1174 1538 1215 vos
1566 1160 1619 1214 in
1653 1168 1976 1229 perpetuum

386 1251 658 1305 veraciter
703 1250 1020 1306 cxaltandos
1067 1259 1304 1320 sperate,
1361 1265 1460 1306 vos
1504 1251 1701 1321 quibus
1727 1266 1972 1306 amarum

387 1350 473 1396 est
501 1355 663 1396 omne
688 1341 832 1411 quod
860 1341 1044 1397 saeculi
1070 1340 1403 1396 amatoribus
1432 1338 1733 1409 jucundum
1756 1341 1974 1396 videtur

385 1441 438 1488 et
469 1432 648 1489 dulce.
675 1432 917 1506 Surgunt
938 1419 1186 1504 ergo'lilii
1217 1432 1496 1507 Ecclesiae,
1523 1441 1579 1487 et
1600 1425 1970 1488 beatissimam

385 1527 700 1596 prmdicant,
731 1542 856 1582 cum
886 1525 1207 1582 caelestibus
1248 1525 1408 1580 bonis
1445 1524 1737 1589 sublimati,
1770 1533 1971 1595 quanta

386 1617 458 1670 sit
484 1615 626 1672 illius
656 1617 846 1688 patriae
897 1615 1153 1679 beatitas,
1185 1613 1339 1684 cujus
1383 1615 1678 1684 participes
1698 1629 1820 1670 esse
1855 1629 1968 1669 me-

387 1715 631 1774 ruerunt,
670 1708 961 1777 aspiciunt,
989 1715 1044 1762 et
1080 1707 1222 1761 hanc
1249 1706 1433 1761 debita
1463 1705 1775 1761 laudatione
1807 1706 1861 1761 in
1883 1705 1969 1761 di-

386 1803 514 1856 vina
545 1802 752 1858 visione
777 1801 1162 1858 concelebrant
1191 1821 1204 1854 :
1235 1801 1423 1856 laudat
1446 1815 1566 1856 eam
1591 1796 1646 1856 et
1664 1802 1751 1856 vir
1777 1801 1968 1872 ipsius,

388 1910 512 1948 cum
556 1895 694 1949 bona
724 1909 844 1965 qua:
873 1895 986 1964 ipse
1027 1894 1247 1950 donavit
1285 1902 1615 1950 remunerat.
1648 1894 1853 1962 Quibus
1876 1912 1972 1950 au-

349 1989 352 1992 ‘
387 1994 498 2039 tem
527 1985 704 2040 verbis
731 2001 851 2040 eam
872 1985 1055 2040 laudet
1083 1994 1476 2054 consequenter
1496 1987 1819 2053 ostenditur,
1844 2002 1966 2042 cum

386 2074 586 2130 dicitur
620 2094 632 2128 :

352 2216 354 2224 ε
456 2165 642 2220 Multa:
675 2165 804 2234 ﬁlim
829 2175 1268 2237 congregaverant
1287 2166 1518 2232 divitias,
1550 2176 1607 2221 tu
1635 2183 1968 2238 supergressa

385 2275 440 2313 es
469 2259 761 2313 uniuersas.
795 2259 990 2315 Multas
1027 2259 1168 2315 tilias
1197 2260 1453 2316 ecclesias
1503 2261 1635 2316 dicit
1679 2261 1968 2317 haeretico-

386 2365 508 2404 rum
530 2349 875 2404 etmalorum
909 2350 1098 2405 turbas
1145 2350 1557 2416 catholicorum,
1587 2366 1708 2422 qua:
1733 2351 1857 2407 illia:
1890 2353 1970 2408 di-

381 2449 579 2496 cuntur
604 2441 691 2496 vel
720 2440 922 2498 Christi
953 2443 1035 2498 vel
1086 2443 1360 2507 Ecclesiaa,
1425 2443 1569 2513 quod
1622 2443 1786 2497 etiam
1836 2443 1983 2514 ipsm‘

387 2541 517 2587 sunt
546 2531 846 2589 Dominicis
875 2544 1078 2589 renata:
1107 2534 1485 2597 sacramentis,
1533 2541 1588 2588 et
1626 2535 1968 2604 adoptionem

379 2623 615 2679 ﬁliorum
639 2640 800 2694 quam
817 2625 1109 2682 custodire
1135 2633 1416 2692 creperum
1453 2623 1544 2696 [Ρ.
1574 2627 1743 2680 omitt.
1770 2641 1969 2682 renue-

381 2715 564 2788 runt];
590 2716 730 2772 unde
750 2725 802 2773 et
817 2715 1053 2773 Joannes
1075 2719 1180 2772 ait:
1201 2717 1279 2772 De
1299 2718 1444 2772 nobis
1464 2720 1721 2784 exierunt,
1748 2719 1836 2773 sed
1865 2736 1969 2774 non

378 2816 529 2862 erant
549 2823 614 2862 ea:
635 2807 799 2862 nobis.
823 2807 953 2876 Qua}
976 2818 1440 2879 congregaverunt
1460 2809 1696 2875 divitias,
1718 2810 1973 2865 videlicet

378 2897 645 2952 bonorum
675 2913 919 2969 operum,
972 2899 1267 2964 orationes,
1315 2898 1542 2969 jejunia,
1575 2901 1966 2972 eleemosynas,

379 2987 728 3044 amictionem
755 2998 810 3044 et
833 2991 1209 3045 castimoniam
1232 2992 1434 3058 carnis,
1461 2993 1843 3048 continentiam
1867 2993 1970 3048 lin-

2083 448 2230 486 mens
2274 432 2560 487 Dominum
2601 434 2718 510 ipsa
2761 432 3084 490 laudabitur.
3127 419 3314 491 Fallax
3369 447 3455 492 est
3485 438 3668 509 gratia

2081 523 2276 591 laudis,
2325 540 2487 594 quam
2515 525 2584 580 ab
2628 525 2845 583 homine
2874 527 3090 598 accipit,
3139 543 3278 583 vana
3319 529 3670 599 pulchritudo

2081 617 2346 672 castitatis
2381 617 2464 672 vel
2519 619 2848 688 operationis
2897 621 3071 687 bonae,
3128 637 3293 692 quam
3346 623 3666 680 hominibus
3711 647 3719 652 -

2079 708 2315 763 ostendit
2334 709 2514 764 anima
2541 724 2663 779 quae
2686 711 2882 768 timore
2903 721 3056 768 caret
3075 710 3255 768 divino
3280 729 3295 779 ;
3327 721 3385 769 at
3413 713 3502 770 illa
3521 730 3663 771 cou-

2078 796 2304 852 scientia
2332 813 2461 853 vera
2517 805 2602 854 est
2629 798 2786 855 laude
2841 801 3022 872 digna,
3059 817 3178 872 quae
3208 803 3457 859 timorem
3479 803 3576 860 Dei
3604 803 3664 862 in

2076 890 2327 946 omnibus
2374 896 2577 955 servat,
2608 885 2722 961 ipse
2749 897 2835 947 est
2888 893 3033 947 enim
3067 892 3392 963 principium
3445 903 3668 952 cuncta-

2076 995 2198 1036 rum
2227 988 2523 1051 custosque
2563 976 2850 1047 virtutum,
2878 979 3160 1052 Scriptura
3193 991 3446 1040 dicente:
3481 983 3666 1040 Timor

2075 1074 2292 1129 Domini
2337 1075 2652 1146 principium
2698 1076 2971 1146 sapientiae
2997 1074 3176 1146 (Prov.
3211 1076 3294 1150 1);
3327 1087 3383 1133 et
3417 1070 3659 1134 iterum:

2077 1167 2183 1233 Qui
2221 1167 2367 1221 timet
2394 1166 2586 1232 Deum,
2635 1165 2768 1220 nihil
2812 1166 3045 1238 negligit.
3073 1165 3210 1223 lline
3234 1175 3321 1223 est
3343 1169 3487 1224 enim
3514 1169 3663 1239 quod

2075 1263 2198 1319 ideo
2221 1261 2414 1318 beatus
2437 1260 2541 1315 ἔοι)
2571 1268 2626 1314 et
2661 1260 3101 1330 in‘prosperitate
3133 1259 3430 1315 virtutibus
3456 1261 3663 1315 inomn-

2071 1351 2392 1423 parabiliter
2422 1349 2629 1415 ﬂoruit,
2659 1358 2716 1403 et
2743 1349 2799 1403 in
2832 1349 3255 1405 adversitatibus
3278 1345 3662 1417 insuperabilis

2074 1444 2217 1500 hosti
2245 1441 2568 1513 permansit,
2600 1440 2728 1510 quia
2759 1439 3028 1495 veraciter
3065 1441 3245 1495 dicere
3275 1439 3470 1510 potuit,
3498 1438 3658 1494 Sem—

2072 1534 2171 1607 per
2216 1535 2360 1591 enim
2393 1534 2552 1604 quasi
2603 1528 2877 1588 tumentes
2931 1546 3098 1602 super
3151 1547 3238 1587 me
3267 1531 3460 1587 lluctus
3499 1531 3657 1586 timui

2076 1627 2244 1681 Deum
2273 1635 2328 1680 et
2374 1625 2584 1694 pondus
2609 1621 2726 1692 ejus
2782 1621 2926 1678 ferre
2978 1637 3085 1678 non
3137 1620 3308 1692 potui.
3361 1620 3546 1675 Fallax
3573 1628 3658 1674 est

2075 1733 2205 1788 ergo
2233 1716 2608 1772 simulatorum
2632 1715 2833 1786 gratia,
2855 1729 3028 1768 vanus
3059 1715 3227 1769 decor
3248 1714 3432 1783 operis
3463 1711 3658 1767 stulto-

2075 1823 2216 1874 rum,
2249 1807 2490 1863 Ecclesia
2519 1813 2722 1870 autem,
2782 1820 2901 1874 qua:
2946 1805 2998 1858 in
3033 1804 3228 1860 timore
3282 1803 3546 1860 incolatus
3571 1803 3656 1858 sui

2075 1909 2318 1968 tempore
2358 1904 2734 1961 conservatur,
2794 1895 3052 1964 quoniam
3107 1895 3363 1949 ardentes
3388 1894 3656 1949 virtutum

2073 1986 2349 2056 lampadas
2377 1985 2618 2041 venienti
2647 1983 2717 2039 ad
2739 1982 3004 2054 judicium
3044 1997 3144 2038 suo
3199 1981 3412 2053 Sponso
3445 1981 3654 2046 oll'eret,

2073 2074 2188 2145 iure
2217 2076 2286 2131 ab
2332 2091 2399 2130 eo
2451 2075 2671 2130 laudata
2713 2073 2938 2145 januam
2985 2089 3113 2130 cum
3142 2087 3207 2129 eo
3236 2075 3391 2146 regni
3417 2074 3658 2131 scelestis

2073 2166 2316 2222 intrabit.
2345 2166 2588 2234 Qualiter
2617 2175 2798 2222 autem
2818 2179 2940 2220 eam
2962 2165 3169 2232 laudet,
3199 2165 3474 2222 terminali
3497 2180 3656 2222 versu

2073 2257 2298 2312 docetur
2326 2272 2342 2311 :

2109 2367 2115 2372 ·
2141 2347 2280 2403 Date
2315 2348 2364 2403 ei
2389 2348 2455 2402 de
2477 2347 2655 2418 fructu
2676 2364 2933 2404 manuum
2956 2365 3194 2414 suarum,
3226 2359 3274 2405 et
3303 2348 3519 2406 laudent
3541 2363 3656 2403 eam

2071 2438 2127 2492 in
2154 2439 2318 2509 portis
2345 2454 2504 2508 opera
2527 2437 2664 2508 ejus.
2693 2437 2821 2494 Htec
2849 2447 2978 2494 sunt
3003 2439 3150 2494 enim
3171 2439 3339 2496 verba
3359 2437 3462 2492 viri
3491 2437 3649 2500 illius,

2074 2531 2140 2586 de
2160 2546 2269 2600 quo
2299 2531 2505 2586 dictum
2535 2539 2620 2585 est
2647 2548 2660 2583 :
2705 2527 2794 2584 Vir
2820 2531 2935 2601 ejus
2964 2540 3013 2586 et
3040 2518 3277 2586 laudabit
3304 2546 3445 2593 eam,
3471 2529 3525 2584 id
3550 2536 3649 2592 est,

2073 2620 2171 2676 Dei
2198 2629 2256 2675 et
2283 2619 2585 2676 Salvatoris
2631 2622 2825 2687 nostri,
2861 2622 2953 2691 qui
2989 2621 3195 2692 angelis
3221 2622 3276 2676 in
3314 2621 3423 2676 ﬁne
3450 2634 3651 2690 prece-

2071 2719 2264 2782 pturus
2291 2719 2374 2768 est
2403 2721 2463 2767 ut
2488 2711 2788 2768 Ecclesiam
2834 2721 2960 2783 post
3007 2713 3169 2784 hujus
3197 2713 3325 2767 vita:
3354 2712 3652 2774 certamen,

2071 2810 2197 2873 post
2223 2803 2622 2859 triturationem
2664 2803 3018 2860 alllictionum
3049 2803 3416 2868 terrestrium,
3451 2803 3517 2857 ad
3545 2817 3651 2858 coe-

2073 2891 2226 2948 lestis
2254 2894 2406 2964 regni
2440 2894 2634 2965 gaudia
2657 2894 3019 2960 introducunt,
3052 2909 3117 2949 ac
3167 2894 3293 2950 vita:
3334 2893 3654 2949 immortalis

2075 2983 2175 3038 sibi
2231 2985 2434 3039 sociam
2487 2994 2799 3056 aggregent,
2843 2985 2998 3057 juxta
3054 2985 3186 3040 illud
3239 2984 3649 3057 evangelicum:

381 3094 518 3148 guae,
539 3078 941 3135 meditationem
964 3080 1370 3160 Scripturarum
1389 3057 1444 3136 et
1473 3088 1668 3137 caetera
1688 3081 1968 3151 hujusmo-
1996 3057 2042 3121 (ἶ
2077 3075 2329 3130 Triticum
2361 3087 2534 3132 autem
2562 3088 2871 3148 congregate
2901 3079 2953 3132 in
2976 3079 3222 3133 horreum
3245 3095 3414 3132 meum
3437 3076 3650 3142 (Matth-

380 3168 454 3232 di,
485 3184 606 3239 quae
643 3177 767 3224 sunt
796 3184 938 3224 verae
961 3170 1162 3226 divitiae
1194 3170 1437 3240 spiritus,
1469 3172 1558 3227 ubi
1599 3188 1735 3244 pura
1770 3175 1971 3230 mentis

382 3260 730 3330 simplicitate
752 3270 1016 3331 geruntur
1040 3278 1054 3326 ;
1086 3262 1176 3316 ulti
1205 3271 1389 3316 autem
1417 3262 1536 3318 sine
1554 3256 1695 3330 'ﬁde,
1723 3277 1844 3334 qua:
1868 3278 1969 3335 per

384 3351 726 3408 dilectionem
752 3361 1028 3423 operatur,
1061 3353 1218 3421 lium,
1246 3354 1378 3410 nihil
1404 3357 1688 3427 agentibus
1714 3364 1962 3427 prosunt.

382 3444 491 3500 Sed
519 3452 574 3499 et
600 3445 703 3499 ill-.e
755 3445 879 3500 lilize
930 3443 1131 3502 frustra
1171 3455 1571 3518 congregarunt
1625 3449 1867 3514 divitias,
1899 3449 1966 3504 de

381 3537 581 3607 quibus
609 3536 870 3593 Dominus
897 3537 972 3593 ait
998 3555 1012 3592 :
1045 3536 1206 3592 Multi
1253 3539 1423 3594 dicent
1471 3540 1602 3594 mihi
1632 3541 1687 3594 in
1733 3540 1829 3595 illa
1856 3541 1964 3605 die,

381 3629 625 3696 Domine,
658 3630 900 3698 Domine,
948 3649 1119 3687 nonne
1158 3633 1212 3686 in
1239 3635 1452 3688 nomine
1497 3643 1586 3687 tuo
1633 3634 1965 3705 prophetaei-

380 3721 546 3776 musi’
568 3729 617 3776 et
658 3723 714 3776 in
739 3731 828 3776 tuo
856 3724 1064 3778 nomine
1100 3724 1362 3778 dwmonia
1384 3725 1682 3794 ejecimus?
1705 3735 1752 3779 et
1782 3727 1837 3780 in
1874 3735 1968 3780 tuo

382 3812 605 3875 nomine,
657 3813 872 3868 virtutes
918 3813 1112 3868 multas
1162 3813 1422 3884 fecimus?
1446 3825 1496 3870 et
1524 3825 1647 3870 tunc
1679 3815 1967 3886 conﬁtebor

376 3902 485 3957 illis
510 3903 633 3974 quia
675 3920 942 3974 nunquam
972 3907 1087 3959 novi
1115 3922 1202 3960 vos
1224 3905 1440 3978 (Matth.
1491 3909 1586 3979 vn)
1613 3925 1627 3973 ;
1659 3908 1754 3963 sed
1775 3923 1965 3963 omnes

378 3996 686 4052 istiusmodi
736 3995 874 4052 ﬁlias
901 3996 1144 4053 Ecclesia
1207 3998 1474 4054 catholica
1530 3999 1959 4070 supergreditur,

378 4103 500 4157 quae
528 4087 632 4143 ﬁde
679 4096 830 4143 casta
860 4096 916 4144 et
943 4103 1107 4160 opere
1157 4091 1418 4159 perfecta,
1472 4091 1852 4162 Redemptoris
1879 4091 1963 4147 sui

383 4177 610 4248 vestigia
647 4185 906 4234 sectatur.

2076 3168 2139 3240 ι).
2183 3199 2253 3209 -
2279 3169 2438 3237 Date,
2487 3171 2684 3238 inquit,
2740 3173 2786 3225 ei
2820 3171 2884 3226 de
2917 3172 3092 3241 fructu
3132 3188 3385 3227 manuunt
3412 3188 3654 3236 suarum,

2073 3260 2201 3330 quia
2224 3259 2460 3317 fructum
2485 3263 2706 3331 spiritus
2732 3261 2874 3316 ferre
2901 3263 3132 3326 curavit,
3167 3263 3512 3328 charitatem,
3531 3278 3656 3332 gan-

2073 3352 2244 3418 dium,
2277 3368 2494 3424 pacem,
2515 3354 2929 3426 benignitatem,
2959 3356 3282 3413 bonitatem.
3312 3354 3652 3421 modestiam,

2074 3447 2490 3514 continentiam,
2523 3448 2711 3513 ﬁdem,
2738 3448 3082 3519 patientiam,
3116 3463 3214 3517 pro
3241 3449 3345 3502 hoc
3399 3447 3476 3501 illi
3504 3448 3650 3502 debi-

2074 3547 2185 3594 tam
2217 3539 2495 3609 rependite
2518 3540 2842 3594 mercedem.
2874 3538 2944 3592 Et
2974 3538 3191 3592 laudent
3211 3554 3327 3592 eam
3367 3539 3425 3590 in
3468 3538 3650 3606 portis,

2072 3629 2175 3684 hoc
2206 3636 2310 3693 est,
2342 3628 2396 3683 in
2424 3628 2650 3699 judicio,
2681 3628 2794 3683 sive
2823 3628 2877 3682 in
2909 3628 3154 3697 ingressu
3181 3627 3374 3698 patria:
3393 3625 3650 3691 cmlestis,

2071 3733 2182 3774 non
2235 3718 2512 3773 hominum
2560 3716 2774 3772 favores
2825 3717 3146 3786 supervacui
3201 3717 3298 3772 sed
3327 3731 3494 3786 opera
3540 3716 3651 3785 ipsa

2070 3827 2191 3883 quae
2216 3811 2341 3877 feci,
2385 3811 2758 3878 examinante,
2783 3811 3046 3880 probante
3067 3826 3130 3867 ac
3157 3818 3538 3866 remunerante
3563 3807 3655 3861 illo

2073 3902 2227 3971 cujus
2275 3903 2391 3958 hzec
2451 3903 2687 3958 donante
2715 3902 2887 3974 gratia
2928 3900 3157 3972 perfecit
3187 3920 3200 3955 :
3245 3916 3277 3955 a
3307 3916 3416 3970 quo
3445 3908 3506 3954 ut
3532 3898 3654 3952 lau-

2072 3996 2192 4052 dari
2245 4009 2554 4050 mereamur
2603 3994 2659 4049 in
2694 3993 2877 4049 futuro
2927 3992 3192 4049 concedat
3220 3992 3336 4062 ipse
3362 3989 3652 4062 pr0pitius,

2070 4103 2171 4144 nos
2203 4101 2329 4142 eum
2367 4085 2546 4154 dignis
2609 4085 2666 4141 in
2701 4085 2957 4157 praesenti
2994 4085 3104 4140 vita
3142 4081 3453 4140 collaudare
3479 4079 3654 4138 servi-

2073 4178 2182 4232 tiis.
2222 4175 2414 4230 Amen.
