4100 6324
339 395 3592 440 Μ

907 556 1477 671 ΒΕΔΤῙ
1550 557 1931 666 ΕΑΒ

2034 558 2294 667 lNI
2367 539 2987 671 MAURI

1054 763 1436 822 FULDENSIS
1471 762 1762 820 ABBATIS
1801 764 1890 819 ET
1929 764 2310 822 MOGUNTINI
2348 766 2864 828 ARCIIIEPISCOPI

571 947 1370 1104 EIPOSITIONIS.
1471 944 1849 1100 SUPER
1953 948 2548 1103 IEREMIAM
2654 953 3350 1110 PROI’IIETAII
3485 1031 3490 1034 ·

1574 1234 1846 1312 LIBRI
1898 1231 2346 1312 VIGINTI.

1651 1419 2290 1462 ..ὼ-

1687 1580 2264 1651 ΡΒᾹΞἘΑΊῚΟ

1422 1751 1513 1805 AD
1548 1749 1954 1806 LOTIIARIUM
1991 1752 2523 1810 IMPERATOREM.

457 1983 544 2034 ost
577 1972 1064 2033 Commentariolos
1119 1985 1255 2041 quos
1303 1984 1421 2026 mea
1451 1968 1696 2040 p‘arvitas
1720 1967 1772 2021 in
1815 1967 1922 2022 He-
1951 1969 1998 2030 Α
2029 1969 2223 2024 tentias
2249 1969 2547 2042 collegisse,
2601 1978 2654 2026 ei
2698 1970 2937 2042 ipsorum
2987 1987 3182 2028 sensus
3235 1973 3434 2046 ubique
3484 1990 3602 2032 ser-

347 2075 676 2138 ptateucum,
707 2073 764 2121 et
792 2063 845 2118 in
869 2064 1038 2118 libros
1061 2061 1290 2132 Regum,
1331 2069 1494 2129 atque
1539 2059 1592 2113 in
1642 2057 1924 2125 Paralipo-

350 2174 547 2214 menon
616 2155 820 2221 edidit;
900 2162 1023 2224 post
1089 2149 1589 2222 explanatiunculas
1670 2147 1928 2202 historia-

329 2237 472 2305 rum
500 2248 716 2314 Esther,
771 2246 954 2303 Judith
986 2253 1042 2299 et
1091 2243 1544 2307 Machabzeorum,
1577 2256 1676 2296 nec
1731 2256 1836 2294 non
1875 2246 1929 2292 et

350 2338 640 2394 voluminis
661 2336 949 2408 Sapientiae
979 2342 1142 2404 atque
1169 2331 1562 2397 Ecclesiastici,
1592 2330 1927 2398 aliorumque

351 2427 730 2499 opusculorum
757 2442 1003 2482 meorum
1047 2425 1281 2488 labores,
1320 2423 1388 2478 ad
1416 2430 1719 2478 extremum
1751 2420 1804 2474 in
1834 2417 1927 2474 Je-

351 2519 579 2574 remiam
627 2532 848 2573 manum
899 2517 1044 2581 misi,
1091 2524 1150 2570 ut
1176 2513 1416 2569 collectis
1443 2513 1681 2580 undique
1711 2519 1928 2564 sancto-

351 2623 473 2662 rum
522 2607 744 2662 Patrum
807 2606 1112 2671 sententiis,
1167 2604 1328 2673 hujus
1378 2616 1594 2672 quoque
1650 2601 1928 2670 propliette

353 2713 546 2754 sensus
566 2697 956 2768 aliquantulum
993 2695 1150 2750 avido
1201 2693 1393 2749 lectori
1429 2693 1717 2768 aperirem.
1749 2691 1930 2766 anue

355 2789 488 2843 mihi
521 2789 588 2843 ad
619 2789 717 2843 hoc
749 2787 1056 2845 faciendum
1106 2785 1350 2844 incubuit
1375 2789 1690 2852 necessitas,
1721 2794 1780 2840 ttt
1804 2788 1928 2856 quia

354 2881 499 2937 beati
547 2879 858 2953 Hieronymi
887 2881 1296 2951 explanationes
1334 2881 1388 2934 in
1426 2881 1572 2934 hunc
1604 2879 1927 2949 prophetam

355 2986 623 3042 nusquam
665 2973 730 3026 ad
783 2973 1049 3043 integrum
1109 2971 1350 3043 reperire
1392 2970 1564 3040 potui,
1597 2970 1691 3024 sed
1719 2979 1931 3023 tantum

355 3064 558 3132 primos
583 3077 678 3118 sex
706 3061 894 3127 libros,
919 3062 1008 3132 qui
1037 3062 1350 3132 pertingunt
1368 3075 1507 3132 pene
1538 3075 1708 3130 usque
1737 3060 1805 3115 ad
1825 3073 1922 3115 me

355 3156 607 3210 dietatem
635 3154 922 3209 voluminis
968 3153 1268 3224 prephetici
1300 3171 1312 3206 :
1344 3153 1484 3209 sicut
1511 3167 1614 3208 nec
1639 3151 1725 3206 vir
1756 3150 1932 3207 soler-

355 3246 596 3300 tissimus
628 3244 988 3300 Cassiodorus
1039 3241 1270 3299 Senator
1299 3242 1544 3298 invenire
1574 3256 1633 3297 se
1662 3254 1822 3311 posse
1847 3254 1931 3294 as-

2023 2072 2180 2112 vasse
2211 2077 2222 2112 :
2251 2059 2376 2114 licet
2407 2060 2460 2113 in
2499 2059 2786 2130 aliquibus,
2840 2059 3122 2118 brevitatis
3150 2077 3332 2128 causa,
3363 2063 3600 2134 propriis

2027 2150 2370 2205 sermonibus
2395 2166 2525 2204 usus
2558 2150 2683 2214 sim,
2722 2152 2925 2206 notatis
2955 2149 3256 2208 forinsecus
3280 2168 3467 2208 eorum
3497 2169 3600 2208 no-

2028 2240 2285 2306 minibus,
2315 2255 2542 2310 quorum
2577 2241 2740 2295 verba
2771 2250 2865 2296 aut
2900 2257 3092 2297 sensus
3139 2243 3192 2297 in
3220 2243 3428 2313 pagella
3473 2259 3602 2299 con-

2027 2327 2597 2401 sistunt;'habeatque
2645 2331 2780 2386 satis
2833 2333 3170 2387 commodum
3202 2335 3600 2403 compendium,

2028 2417 2244 2486 quando
2274 2417 2327 2472 id
2351 2418 2493 2486 quod
2534 2418 2586 2472 in
2616 2419 2800 2474 multis
2823 2419 3097 2476 codicibus
3118 2420 3340 2476 Patrum
3371 2426 3599 2478 scrutari

2028 2507 2235 2573 debuit,
2272 2507 2326 2561 in
2372 2523 2536 2561 unum
2568 2509 2830 2578 repererit
2881 2510 3205 2566 collectum:
3238 2527 3337 2568 nec
3359 2511 3474 2581 jam
3501 2515 3602 2569 sibi

2028 2598 2276 2653 laborare
2299 2613 2523 2654 necesse
2551 2615 2672 2655 esse
2729 2601 3073 2672 inquirendo,
3129 2605 3220 2658 tibi
3260 2605 3487 2664 aliorum
3517 2609 3602 2663 la-

2028 2691 2159 2751 bore
2189 2691 2356 2766 quieti
2384 2707 2495 2752 sua:
2520 2692 2784 2752 invenerit
2825 2694 3147 2752 consultum.
3177 2699 3318 2770 Ergo
3345 2701 3599 2769 quoniam

2030 2803 2202 2858 nuper
2230 2789 2457 2859 epistola
2485 2789 2553 2844 de
2607 2790 2923 2845 excellentia
2965 2799 3166 2858 vestra,
3217 2807 3252 2847 ο
3284 2793 3597 2862 imperator,

2030 2881 2096 2936 ad
2125 2897 2224 2937 nos
2254 2882 2417 2936 missa
2445 2882 2714 2952 pervenit,
2746 2882 2972 2938 hortans
2994 2884 3315 2954 parvitatem
3345 2899 3523 2940 meam
3544 2892 3606 2939 ut

2032 2970 2191 3040 hujus
2224 2973 2499 3042 prophetre
2535 2972 2729 3027 librum
2765 2973 2920 3028 vobis
2949 2988 3297 3044 exponerem,
3327 2975 3606 3030 ultimaru-

2031 3077 2135 3132 que
2163 3071 2372 3132 partem
2402 3063 2702 3120 Ezechielis
2740 3065 3034 3135 prophetae,
3066 3067 3132 3122 ab
3162 3082 3227 3122 eo
3250 3067 3368 3123 loco
3393 3069 3483 3124 ubi
3511 3083 3608 3124 ex-

2030 3152 2350 3221 positionem
2396 3151 2512 3221 ejus
2565 3155 2757 3210 beatus
2803 3171 2935 3226 papa
2975 3156 3266 3226 Gregorius
3318 3157 3373 3212 in
3401 3159 3608 3214 decima

2033 3242 2255 3297 homilia
2307 3243 2499 3298 morali
2529 3258 2689 3300 sensu
2742 3255 2906 3316 atque
2957 3247 3245 3319 allegorico
3287 3248 3480 3314 finivit,
3507 3264 3608 3320 ego

355 3335 507 3400 serit,
556 3350 716 3405 quem
771 3343 950 3388 tamen
1006 3333 1198 3404 viginti
1249 3331 1419 3387 libros
1470 3331 1596 3386 inde
1643 3328 1928 3398 scripsisse
1957 3325 2001 3386 C
2035 3349 2202 3405 usque
2227 3333 2293 3388 ad
2317 3334 2476 3390 ﬁnem
2515 3336 2706 3392 morali
2745 3339 3081 3408 mysticoque
3129 3355 3291 3393 sensu
3342 3339 3606 3410 perduce-

356 3434 624 3493 testatur;
655 3428 970 3498 cogentibus
997 3426 1258 3482 fratribus
1282 3425 1504 3490 nostris,
1530 3423 1624 3493 qui
1653 3421 1934 3477 nobiscum

355 3515 570 3570 divinos
622 3515 788 3572 libros
840 3525 1173 3578 scrutantur,
1235 3517 1349 3586 ipse
1397 3513 1668 3570 scribendi
1697 3511 1932 3567 studium

357 3607 722 3674 impenderem
753 3625 764 3659 :
790 3622 852 3660 ac
867 3607 946 3660 sic
973 3607 1113 3676 quod
1138 3622 1204 3661 ex
1233 3623 1338 3658 uno
1365 3604 1672 3674 expositore
1689 3610 1743 3656 et
1767 3602 1934 3655 inter-

355 3704 507 3763 prete
535 3695 838 3749 divinorum
870 3696 1127 3749 librorum
1161 3694 1372 3750 efﬁcere
1402 3711 1506 3748 non
1538 3693 1711 3764 potui,
1740 3691 1933 3746 saltem

355 3805 424 3841 ex
461 3788 707 3859 pluribus
740 3788 1054 3844 doctoribus
1100 3802 1395 3856 eorumque
1428 3787 1657 3842 diversis
1705 3785 1935 3841 volumi-

356 3881 515 3938 nibus
563 3882 777 3938 illorum
836 3882 1080 3953 petitioni
1137 3881 1530 3936 satisfacerem.
1589 3879 1722 3934 Nam
1761 3877 1936 3934 fertur

355 3972 603 4042 Origenis
639 3971 996 4043 quadraginta
1045 3971 1283 4041 quinque
1333 3969 1570 4026 homiliis
1611 3976 1933 4040 prmsentem

355 4062 670 4132 prophetam
714 4061 897 4117 Attico
945 4075 1196 4116 sermone
1246 4059 1580 4130 exposuisse.
1634 4058 1711 4112 Ex
1738 4057 1934 4128 quibus

355 4153 758 4222 quatuordecim
792 4162 1000 4209 tantum
1039 4152 1328 4208 translatas
1370 4151 1574 4215 inveni,
1601 4165 1722 4220 quae
1749 4163 1837 4204 me
1878 4148 1932 4203 in

356 4244 459 4297 hoc
479 4258 640 4312 opere
667 4260 773 4300 non
820 4260 1010 4314 parum
1045 4243 1388 4315 adjuvabant,
1420 4240 1933 4312 explanationesque

356 4342 675 4389 cmterorum
722 4335 1132 4405 prophetarum,
1171 4349 1306 4405 quas
1350 4335 1604 4404 przefatus
1635 4332 1829 4387 divina:
1858 4331 1932 4386 le-

357 4422 440 4492 gis
479 4423 750 4493 interpres
807 4424 996 4489 edidit,
1054 4426 1239 4480 multis
1269 4427 1322 4481 in
1364 4426 1495 4481 locis
1531 4423 1779 4478 Ieremia:
1809 4440 1933 4478 sen-

357 4513 556 4569 tentias
583 4513 758 4568 lucide
798 4525 1185 4582 exposuerunt.
1217 4515 1307 4569 Sic
1332 4523 1386 4569 et
1412 4515 1604 4569 beatus
1626 4528 1764 4582 papa
1791 4511 1927 4567 Gre-

353 4605 540 4678 gorius
565 4620 670 4658 non
701 4618 890 4673 parum
928 4603 1085 4657 nobis
1114 4603 1166 4656 in
1220 4604 1470 4658 dictando
1504 4602 1726 4673 profuit,
1755 4603 1846 4672 qui
1877 4603 1930 4657 in

2035 3431 2358 3500 remzquod
2407 3431 2537 3485 mihi
2593 3432 2819 3486 arduum
2862 3432 3123 3502 valdeque
3164 3432 3376 3489 difficile
3426 3433 3603 3488 visum

2033 3529 2134 3584 est,
2166 3528 2224 3573 ut
2251 3521 2371 3584 hoc,
2404 3520 2544 3588 quod
2571 3521 2868 3576 doctissimi
2897 3530 2952 3576 et
2973 3521 3314 3578 disertissimi
3351 3523 3608 3578 Ecclesiae

2035 3607 2297 3676 magistri,
2339 3609 2481 3662 ultra
2518 3609 2662 3664 vires
2703 3625 2828 3665 suas
2868 3624 2988 3664 esse
3005 3607 3384 3678 iudicaverunt
3414 3618 3470 3665 et
3497 3617 3608 3665 stu-

2035 3696 2209 3764 pendo
2239 3695 2306 3748 ab
2335 3710 2398 3751 eo
2456 3696 2880 3763 declinaverunt,
2914 3698 3028 3768 ipse
3054 3697 3300 3754 infirmus
3339 3708 3394 3752 et
3419 3698 3610 3754 debilis

2033 3793 2084 3838 et
2116 3799 2223 3837 non
2247 3791 2354 3837 tam
2378 3799 2605 3855 corpore
2643 3794 2878 3855 azgrotus
2912 3802 3072 3856 quam
3107 3787 3272 3842 etiam
3320 3803 3480 3842 sensu
3511 3788 3612 3842 mi-

2036 3880 2217 3935 nutus,
2267 3874 2616 3941 pertinaciter
2663 3875 2818 3945 quasi
2846 3876 2914 3931 ad
2940 3877 3043 3932 hoc
3095 3876 3319 3936 idoneus
3371 3885 3613 3933 tentarer

2034 3963 2274 4035 aggredi.
2307 3964 2408 4031 Qui
2438 3964 2563 4019 licet
2607 3967 2809 4038 allquid
2847 3968 3030 4039 magni
3081 3985 3356 4038 nunquam
3387 3969 3604 4033 fuerint,

2035 4063 2214 4109 tamen
2243 4055 2402 4110 modo
2440 4055 2597 4128 longe
2625 4057 2769 4112 aliud
2794 4072 2881 4112 me
2929 4071 3050 4113 esse
3079 4060 3256 4114 sentio
3297 4074 3459 4129 quam
3488 4058 3608 4114 fue-

2034 4160 2187 4198 ram:
2225 4145 2317 4215 qui
2345 4145 2496 4216 gravi
2551 4147 2870 4218 aagritudine
2913 4163 3132 4218 pressus
3179 4149 3293 4220 jam
3324 4149 3520 4220 saepius
3549 4149 3604 4204 in

2033 4236 2230 4292 lectulo
2259 4240 2544 4306 accumbo,
2567 4253 2731 4310 quam
2760 4241 2826 4296 ad
2850 4240 3196 4296 scribendum
3225 4241 3308 4297 vel
3336 4243 3401 4297 ad
3431 4241 3612 4313 legen-

2032 4327 2159 4382 dum
2191 4328 2242 4382 in
2275 4330 2619 4387 meditatorio
2647 4335 2830 4387 sedeo.
2876 4331 3081 4390 Idcirco
3109 4333 3363 4402 quoniam
3405 4353 3424 4385 ς
3458 4348 3611 4389 versa

2033 4426 2116 4473 est
2150 4419 2201 4472 in
2230 4419 2432 4474 luctum
2455 4421 2662 4475 cithara
2687 4437 2825 4488 mea,
2854 4431 2909 4477 et
2938 4437 3199 4494 organum
3231 4438 3410 4478 meum
3439 4423 3493 4478 in
3523 4438 3612 4478 vo-

2040 4526 2058 4559 σ
2093 4523 2210 4564 cem
2261 4508 2500 4565 flentium
2537 4511 2678 4583 (Job.
2709 4512 2866 4582 xxx),
2915 4531 2933 4563 ι
2966 4512 3096 4568 libet
3126 4528 3211 4568 me
3266 4514 3442 4584 magis
3487 4527 3614 4583 pec-

2034 4608 2154 4653 cata
2190 4614 2309 4654 mea
2369 4601 2584 4670 plorare
2639 4617 2799 4670 quam
2849 4611 3012 4656 cantu
3075 4603 3340 4656 musicam
3395 4616 3610 4665 sonare,

357 4675 590 4751 diversis
618 4691 892 4762 opusculis
931 4691 1063 4755 suis,
1101 4706 1249 4745 more
1281 4707 1400 4756 suo,
1437 4691 1742 4744 divinorum
1768 4691 1930 4745 libro-
1959 4675 2004 4736 C
2036 4689 2262 4742 dicendo
2313 4687 2380 4742 ad
2409 4689 2692 4743 Dominum
2730 4705 2852 4745 cum
2884 4689 3156 4760 Propheta
3193 4705 3208 4744 :
3246 4710 3264 4741 ε
3297 4689 3614 4744 Incurvatus

357 4799 478 4856 rum
508 4781 805 4838 sententias
835 4781 1168 4849 exponendo,
1195 4781 1349 4834 istius
1404 4796 1617 4850 quoque
1659 4780 1930 4848 prephetze

355 4871 584 4943 plurima
615 4869 924 4925 testimonia
947 4869 1218 4924 enodavit.
1251 4867 1345 4923 llis
1366 4884 1493 4939 ergo
1522 4868 1773 4922 omnibus
1806 4883 1932 4922 con-

356 4961 629 5036 sideralis,
660 4975 826 5014 unum
874 4959 1192 5031 opusculum
1227 4958 1460 5015 condere
1500 4958 1756 5028 disposui,
1789 4957 1930 5028 quod

359 5060 538 5105 tamen
577 5050 630 5104 in
659 5049 846 5120 viginti
871 5050 1037 5105 libros
1068 5049 1352 5120 dispartire
1397 5049 1632 5114 decrevi,
1659 5063 1727 5103 ne
1754 5047 1929 5119 longi-

359 5142 486 5196 tu‘do
515 5140 775 5196 librorum
809 5141 1084 5197 fastidium
1117 5141 1302 5197 lectori
1348 5140 1570 5205 faceret,
1613 5140 1722 5194 imo
1746 5139 1926 5195 brevi-
1981 5173 1984 5175 λ

357 5239 440 5283 tas
465 5230 531 5284 ad
555 5231 763 5302 singula
817 5230 1154 5286 discutienda
1199 5230 1497 5285 acutiorem
1524 5228 1790 5283 redderet.
1820 5228 1929 5284 Nec

359 5335 445 5372 me
493 5329 982 5390 prtesumptuosum
1032 5330 1124 5376 aut
1170 5320 1497 5390 superfluum
1548 5319 1830 5388 quisquam
1874 5319 1927 5374 in

358 5409 662 5465 conditione
713 5411 870 5481 hujus
920 5413 1098 5482 operis
1155 5412 1314 5466 debet
1363 5411 1560 5471 dicere,
1621 5410 1773 5478 quasi
1811 5417 1930 5477 post

359 5498 591 5568 optimos
616 5508 670 5553 et
715 5501 1104 5557 disertissimos
1131 5502 1464 5572 exposituros
1495 5517 1595 5570 ego
1622 5501 1851 5569 elinguis
1877 5507 1931 5553 et

362 5589 537 5643 tenuis
566 5588 766 5659 ingenii
812 5606 1127 5660 magnorum
1167 5593 1402 5646 virorum
1434 5591 1609 5645 studia
1642 5591 1929 5644 temerario

363 5693 495 5733 ausu
524 5677 681 5734 velim
711 5678 1014 5746 obfuscare,
1048 5696 1170 5735 eum
1199 5697 1283 5736 mc
1331 5681 1526 5736 viderit
1571 5696 1756 5736 eorum
1799 5697 1924 5737 sen-

2043 4795 2062 4825 ‹
2098 4791 2214 4830 sum
2244 4784 2298 4830 et
2340 4777 2652 4830 humiliatus
2703 4792 2822 4831 sum
2869 4793 3296 4847 usquequaque:
3333 4777 3612 4847 rugiebam

2045 4886 2062 4916 ι
2099 4880 2127 4919 a
2153 4867 2352 4936 gemitu
2388 4867 2564 4922 cordis
2591 4869 2694 4922 mei
2729 4886 2742 4922 :
2770 4867 2838 4923 Et
2865 4877 2992 4924 ante
3023 4878 3073 4924 te
3106 4878 3191 4924 est
3213 4884 3373 4924 omne
3403 4869 3614 4925 deside-

2047 4975 2064 5005 ι
2102 4955 2240 5008 rium
2271 4971 2476 5021 meum,
2506 4966 2560 5010 et
2588 4958 2820 5028 gemitus
2872 4975 3025 5014 meus
3060 4976 3090 5014 a
3123 4971 3174 5015 te
3231 4974 3336 5013 non
3373 4968 3459 5014 est
3485 4959 3613 5015 abs-

2044 5066 2063 5097 ι
2096 5047 2363 5102 conditus.
2395 5047 2501 5103 Cor
2535 5064 2713 5104 meum
2767 5052 3146 5106 conturbatum
3207 5058 3294 5104 est
3338 5051 3392 5104 in
3420 5065 3528 5116 me,
3559 5059 3615 5106 et

2043 5159 2060 5188 σ
2098 5139 2337 5194 deseruit
2384 5153 2471 5194 me
2526 5139 2786 5196 fortitudo
2839 5157 2978 5206 mea,
3033 5151 3087 5196 et
3116 5141 3296 5197 lumen
3327 5141 3607 5197 oculorum

2041 5251 2058 5281 ‹
2097 5245 2340 5288 meorum
2369 5245 2474 5284 non
2497 5239 2580 5285 est
2628 5246 2838 5286 mecum
2885 5230 3057 5302 (Psal.
3087 5230 3316 5303 xxxvn).
3354 5250 3372 5282 ι
3411 5249 3429 5282 ι
3460 5230 3614 5287 Mise-

2042 5340 2058 5371 (
2098 5336 2216 5374 rere
2242 5321 2348 5375 mei
2373 5322 2667 5376 secundum
2701 5337 2954 5391 magnam
2983 5319 3410 5375 misericordiam
3441 5332 3610 5386 tuam,

2039 5429 2056 5460 ‹
2091 5409 2276 5464 delcns
2306 5410 2645 5479 iniquitatem
2673 5426 2848 5465 meam
2879 5407 3052 5478 (Psal.
3081 5410 3156 5482 ι),
3191 5412 3445 5481 quoniam
3483 5412 3535 5466 in
3563 5423 3615 5468 te

2038 5518 2056 5547 ι
2092 5499 2311 5553 confidit
2333 5499 2513 5554 anima
2545 5515 2662 5554 mea
2693 5497 2863 5571 (Psal.
2889 5499 3020 5571 Lvt).
3049 5518 3067 5552 ι
3107 5519 3125 5553 t
3161 5500 3238 5557 Ne
3257 5501 3508 5572 projicias
3530 5517 3616 5556 me

2038 5598 2054 5637 ἀ
2094 5588 2144 5641 in
2166 5595 2404 5658 tempore
2427 5589 2738 5654 senectutis,
2767 5597 2965 5644 etcum
3003 5588 3448 5645 defeceritvirtus
3470 5601 3612 5654 mea,

2039 5701 2055 5732 ί
2093 5697 2158 5736 ne
2189 5679 2530 5749 derelinquas
2571 5695 2656 5737 me
2688 5681 2860 5751 (Psal.
2915 5684 3063 5754 va).
3101 5704 3119 5732 ι
3164 5682 3333 5755 Igitur
3356 5682 3442 5740 -ob
3476 5683 3614 5738 hanc
