4100 6324
297 3165 474 3253 κύ

421 3143 546 3206 ίίή

554 342 658 396 795

1193 343 1253 396 Β.
1297 343 1552 397 RAUANI
1589 343 1807 398 MAURI
1846 344 2164 400 AliUl-IIEP.
2205 346 2856 427 MOGUNT.'OPERUM'
2883 349 3064 409 PARS
3101 351 3190 410 Ill.

3693 357 3834 415 796'

549 475 791 524 causam,
819 459 1031 514 caeteris
1053 459 1268 514 omissis
1293 460 1376 513 vel
1409 459 1583 528 potius
1613 459 1678 512 ad
1702 467 1884 527 aptum
1911 466 2120 528 tempus
2150 463 2199 520 Α
2224 469 2558 517 clamorem.
2592 464 2796 520 Horum
2823 467 3079 536 quiddam
3101 467 3276 524 simile
3306 468 3612 527 invenimus
3636 472 3813 527 etiam

551 551 865 616 reservatis,
915 549 959 604 si
987 550 1122 605 forte
1151 551 1409 604 Dominus
1435 566 1533 619 per
1558 551 1876 604 immensam
1902 549 2140 619 pietatis-

549 657 660 696 suzc
683 643 910 713 gratiam
939 641 1172 697 voluerit
1223 643 1509 698 sanitatem
1560 643 1691 698 mihi
1749 643 2013 710 tribuere,
2045 643 2125 698 fa-

549 733 913 802 cultatemque
943 733 1150 803 legendi
1175 742 1336 802 atque
1357 734 1628 790 scribendi
1659 735 1926 801 conferre,
1963 735 2133 791 modo

551 836 792 890 prtesens
841 837 978 892 Opus
1011 824 1364 892 expositionis
1415 825 1663 881 videlicet
1705 824 1953 881 Ieremia:
2000 841 2124 896 pro-

548 909 744 976 phetae,
781 910 925 978 quod
953 910 1110 965 home
1160 913 1437 968 memoriae
1461 915 1691 984 genitori
1731 925 1914 972 vestro
1942 917 2123 972 Ludo-

549 999 667 1052 vico
692 999 934 1070 Augusto
983 1003 1159 1058 adhuc
1214 1005 1426 1060 vivente
1465 1006 1882 1073 inchoaveram,
1922 1017 2126 1080 etpost

547 1087 754 1140 obitum
804 1087 1468 1158 ejus'consummaveram,
1502 1105 1698 1151 vestra:
1749 1098 2123 1154 devotitmisi-

547 1175 735 1229 mulet
758 1180 1065 1235 auctoritati
1107 1183 1410 1250 committo,
1437 1186 1770 1244 ut'habeatis
1802 1189 1930 1246 illud
1981 1191 2125 1263 lega-

546 1260 741 1329 tisque,
773 1273 828 1316 et
858 1265 924 1319 ad
950 1265 1149 1321 bonum
1181 1270 1416 1325 studium
1465 1282 1714 1329 nostrum
1757 1260 2120 1335 excreendum

544 1366 664 1406 cum
714 1355 916 1410 nostris
963 1372 1029 1412 eo
1063 1360 1313 1416 utamini.
1349 1363 1415 1417 Et
1456 1366 1713 1434 quoniam
1762 1369 2120 1437 plurimorum

542 1442 768 1500 diversae
791 1456 918 1503 sunt
943 1451 1268 1521 voluntates,
1297 1465 1352 1511 et
1398 1458 1654 1516 differunt
1692 1462 1908 1534 ingenia
1957 1469 2134 1523 vacil-

540 1531 760 1603 iantque
797 1541 1099 1606 scntentize,
1150 1543 1350 1614 placuit
1397 1549 1528 1604 mihi
1561 1557 1613 1606 te
1661 1531 1827 1624 unum
1855 1570 1920 1611 ac
1945 1557 2118 1612 solum

532 1624 793 1694 judicem,
823 1644 887 1685 ac
913 1632 1230 1690 benevolhm
1258 1647 1314 1693 et
1357 1641 1814 1709 sapientissimum
1840 1660 2116 1720 expetere,

537 1716 879 1813 sanctissime
928 1730 1089 1793 atque
1123 1729 1502 1798 augustissime
1545 1716 2130 1813 imperator-Lethari,

535 1803 694 1872 cujus
717 1818 954 1866 mentem
995 1812 1178 1871 divina
1231 1821 1497 1890 sapientia
1531 1803 1830 1897 illustrans,
1858 1849 1967 1890 non
1988 1803 2115 1907 per;
2144 1807 2190 1866 Β

535 1897 702 1952 mittit
725 1900 1249 1965 fraude‘invidorum
1281 1917 1572 1988 corrumpi,
1599 1935 1702 1977 nec
1730 1927 1968 1982 versutia
1988 1897 2115 2001 per-

530 1992 1017 2050 versorum-seduci
1051 2015 1064 2050 :
1097 1998 1192 2054 sed
1230 1999 1285 2054 in
1313 2003 1584 2072 aequitatis
1609 2009 1904 2082 et‘justitiae
1931 1992 2114 2089 regula

531 2091 884 2146 conservans,
927 2099 1022 2154 per
1068 2088 1209 2144 viam
1235 2093 1480 2151 veritatis
1503 2099 1690 2156 sedulo
1725 2104 1959 2163 deducit.
1989 2088 2110 2167 'i‘ibi

527 2183 660 2241 ergo
696 2189 849 2243 teque
873 2175 1042 2245 judici
1063 2196 1199 2250 opus
1225 2183 1414 2252 offero,
1445 2197 1504 2242 ut
1529 2197 1619 2245 tuo
1642 2195 1894 2252 examine
1924 2200 1991 2254 ad
2015 2217 2111 2271 pu-

528 2275 650 2314 rum
707 2267 986 2333 probetur,
1038 2282 1092 2325 et
1144 2281 1234 2328 tua
1276 2279 1603 2336 auctoritate
1660 2294 1849 2342 contra
1898 2267 2113 2350 invidos

525 2350 844 2408 aemulorum
878 2372 1092 2415 morsus
1122 2368 1355 2418 tueatur;
1403 2366 1536 2424 Cum
1567 2371 1712 2426 enim
1740 2375 2024 2434 habuerim
2059 2390 2110 2437 te

523 2442 818 2510 propitium
848 2452 902 2500 et
925 2447 1218 2520 benignum
1246 2451 1511 2526 judicent,
1561 2445 1658 2531 pro
1684 2464 1850 2522 nihilo
1880 2468 2108 2526 aliorum

520 2531 805 2615 opiniones
855 2534 1022 2592 falsas
1078 2541 1297 2610 deputo,
1340 2549 1434 2602 sed
1491 2550 1570 2604 tui
1607 2551 1750 2622 juris
1805 2567 2017 2614 amator
2045 2577 2109 2616 ac

520 2631 725 2721 sancta:
757 2633 860 2683 tua:
886 2630 1180 2689 voluntatis
1202 2637 1428 2696 devotus
1451 2654 1762 2714 exsecutor,
1786 2648 1959 2708 fidelis
1986 2654 2104 2721 tibi,

519 2711 738 2809 Christo
803 2719 1095 2789 tribuente,
1164 2730 1400 2795 quandiu
1467 2734 1658 2791 vixero
1717 2711 2102 2809 persevera-bo.

519 2800 749 2860 Etertta
781 2807 878 2863 Dei
901 2811 1120 2870 bonitas
1146 2824 1202 2871 et
1223 2834 1384 2890 super
1426 2827 1607 2880 omnia
1636 2831 1906 2890 excellens
1935 2838 2106 2907 maje-

518 2901 656 2962 stas,
687 2899 1095 2960 serenissimum
1138 2922 1202 2962 ac
1226 2911 1531 2978 piissimum
1571 2918 1871 2990 Augustum
1904 2927 1973 2980 ab
1995 2899 2098 2984 h'o-

524 2984 702 3042 stihus
731 2988 788 3043 in
815 2998 960 3046 terra
993 2994 1198 3053 diutius
1224 3011 1472 3073 protegat
1505 2984 1751 3075 illaesum,
1779 3021 1835 3066 et
1859 3027 2100 3084 postmo-

489 3075 645 3168 glum
673 3077 729 3132 in
759 3080 912 3136 caelis
941 3082 1105 3140 faciat
1150 3093 1538 3160 perpetualiter
1591 3113 1821 3168 regnare
1855 3075 2094 3162 beatum.

567 3165 712 3224 Deus
731 3169 799 3225 ad
818 3174 1266 3235 benefacieudum
1299 3195 1582 3256 promptus
1624 3162 1733 3258 est,
1761 3195 1828 3250 ad
1872 3199 2101 3267 punien-
2127 3162 2172 3224 Ο

515 3256 614 3314 dos
640 3269 820 3359 autem
863 3280 958 3359 eos
1004 3269 1096 3339 qui
1126 3285 1289 3341 poma
1317 3275 1465 3347 digni
1505 3288 1655 3348 sunt,
1704 3256 2096 3359 dissimulator,

513 3363 639 3449 cum
661 3354 834 3422 possit
852 3357 1051 3429 quippe
1076 3368 1263 3420 tacens
1288 3366 1406 3424 sine
1434 3375 1828 3432 contestatione
1853 3354 2091 3449 venturi,

511 3443 705 3511 punire
728 3460 822 3540 eos
864 3463 1001 3518 quos
1054 3455 1220 3510 semel
1263 3458 1454 3529 dignos
1500 3464 1764 3534 supplicio
1813 3443 2094 3540 judicavit,

511 3547 777 3628 nusquam
805 3537 910 3628 hoc
949 3541 1101 3611 facit,
1145 3547 1239 3602 sed
1274 3549 1486 3606 etiamsi
1515 3537 1978 3628 condemnaverit,
2014 3537 2095 3618 di;

510 3621 584 3677 cit
610 3625 750 3694 quod
781 3627 882 3682 sibi
919 3645 1134 3703 semper
1159 3635 1340 3693 dicere
1378 3645 1712 3712 propositum
1737 3659 1844 3716 est,
1872 3659 1932 3706 ut
1955 3621 2092 3709 libe-

509 3721 698 3768 rentur
727 3732 757 3770 a
786 3721 1236 3781 condemnatione
1266 3744 1363 3798 per
1391 3734 1790 3804 paenitentiam,
1844 3743 1935 3810 qui
1961 3758 2094 3798 con-

507 3805 745 3901 demnati
776 3809 993 3867 fuerant
1021 3830 1116 3884 per
1145 3818 1420 3876 delictum.
1451 3822 1655 3880 Horum
1693 3805 1942 3901 exempla
1964 3847 2088 3888 cum
2135 3887 2144 3895 ,

504 3893 572 3950 de
599 3893 896 3969 Scripturis
946 3904 1115 3960 multa
1169 3911 1441 3976 possimus
1494 3916 1765 3986 accipere,
1819 3893 2092 3979 sufﬁciunt

503 3988 574 4043 ad
607 4005 851 4060 praesens
897 3995 1212 4064 incidentia,
1243 4011 1301 4056 ut
1347 4005 1628 4062 veniamus
1655 4010 1723 4065 ad
1751 4027 1941 4067 eorum
1971 4029 2092 4085 qua:

503 4078 642 4136 lecta
689 4093 816 4140 sunt
863 4091 1396 4161 contemplationem.
1448 4097 1698 4158 Ninivitrc
1745 4078 2090 4165 condemnati

500 4182 660 4230 erant
683 4187 1000 4245 peccatores
1023 4199 1053 4236 a
1087 4182 1220 4252 Deo,
1246 4189 1371 4257 quia
1397 4190 1594 4246 dicitur
1621 4207 1638 4247 :
1677 4213 1695 4245 ε
1727 4195 1922 4253 Adhuc
1943 4200 2088 4256 enim

499 4263 858 4337 quadraginta
888 4271 1026 4338 dies,
1049 4282 1106 4328 et
1143 4273 1383 4332 futurum
1413 4289 1499 4336 est
1527 4290 1588 4337 ut
1629 4283 1822 4342 Ninive
1864 4291 2087 4346 subver-

501 4359 647 4450 tetur
676 4355 870 4427 (Jonw.
902 4362 1009 4432 ιιι).
1050 4382 1069 4414 ι
1108 4363 1290 4422 Noluit
1317 4368 1462 4426 Deus
1490 4387 1616 4428 cum
1648 4374 1866 4434 silentio
1894 4382 2087 4450 punire

499 4446 804 4514 damnatos,
851 4453 946 4507 sed
973 4455 1109 4510 dans
1146 4457 1226 4511 eis
1283 4458 1463 4514 locum
1496 4464 1835 4533 ptenitentiaa
1875 4446 1930 4524 et
1953 4485 2083 4527 con-

2228 551 2282 605 in
2310 551 2542 608 Ieremia
2569 555 2827 626 scriptum
2861 557 3287 614 esse..Est'enim
3320 568 3640 615 aunotatnm
3663 572 3815 617 tent-

2226 656 2326 710 pus
2360 644 2654 713 prophetim
2682 646 2831 715 ejus,
2860 648 3337 719 quandocceperit
3371 652 3718 722 prophetare,
3751 660 3813 706 et

2227 747 2334 800 quo
2364 748 2532 801 usque
2559 733 2780 788 finierit.
2815 735 3136 808 Quicunque
3161 754 3290 809 ergo
3315 738 3627 810 scripturas
3649 739 3814 810 legit,

2227 821 2269 876 si
2300 821 2515 877 lectioni
2536 823 2817 893 diligenter
2847 827 3089 882 intendat
3115 837 3170 884 et
3197 829 3441 898 requirat
3469 846 3658 886 eorum
3679 848 3814 902 qua:

2227 915 2424 984 scripta
2448 923 2575 970 sunt
2593 916 3166 994 voluntatem,"dicere
3193 929 3373 990 potest
3400 939 3412 975 :
3444 920 3682 977 Historia
3711 921 3842 976 su-'

2225 1005 2522 1080 perscripta
2553 1018 2793 1080 est,.quo
2821 1021 3061 1084 tempore
3090 1011 3355 1069 Jéremias
3377 1030 3604 1070 exorsus
3628 1014 3721 1082 sit,
3752 1027 3814 1069 et

2224 1113 2332 1167 quo
2367 1102 2825 1157 consummaverit
2851 1104 3224 1173 prophetiam;
3264 1106 3392 1174 quid
3415 1106 3580 1177 igitur
3612 1107 3681 1161 ad
3713 1122 3813 1161 me

2226 1199 2435 1262 tempus
2460 1193 2733 1248 historiae?
2752 1194 2959 1265 Legens
2979 1197 3162 1263 didici,
3181 1199 3324 1266 quod
3338 1198 3813 1268 cmperitpmphe-

2226 1289 2341 1336 tare
2364 1283 2417 1336 in
2447 1283 2637 1339 diebus
2659 1283 2819 1341 Josia:
2847 1286 3332 1358 filiirAmos;.rcgis
3359 1287 3711 1360 J-uda,—usque
3733 1289 3835 1344 ad'

2222 1389 2423 1430 annum
2469 1375 2683 1428 tertium
2735 1376 3004 1432 decimum
3059 1379 3210 1449 regni
3248 1377 3383 1448 ejus.
3427 1379 3631 1436 Deinde
3679 1395 3814 1450 pro-

2221 1461 2480 1531 phetavit.
2513 1465 2567 1519 in
2597 1465 2785 1522 diebus
2826 1467 3071 1524 Joachim
3102 1469 3198 1524 ﬁlii
3237 1469 3419 1537 Josize,
3451 1473 3592 1543 regis
3637 1471 3808 1536 Juda,

2222 1567 2392 1622 usque
2416 1555 2484 1608 ad
2518 1559 3038 1614 consummationem
3065 1561 3338 1617 undecimi
3379 1563 3508 1617 anni
3558 1562 3809 1620 Sedecia:

2223 1643 2316 1698 filii
2338 1643 2520 1712 Josizc,
2552 1647 2695 1718 regis
2721 1646 2879 1704 Iuda.
2913 1650 2980 1705 Et
3005 1650 3192 1722 legens
3225 1652 3388 1708 didici
3411 1653 3538 1724 quia
3564 1669 3663 1724 per
3689 1661 3828 1710 tres

2223 1750 2376 1806 reges
2401 1737 2682 1806 prophetia
2705 1737 2821 1808 ejus
2845 1748 3134 1797 coextensa
3159 1741 3250 1809 sit,
3283 1757 3458 1815 usque
3485 1743 3554 1799 ad
3576 1745 3814 1815 captivi-

2222 1833 2387 1882 tatem
2437 1827 2796 1896 Hierusalem,
2844 1831 2898 1886 in
2924 1831 3112 1901 quinto
3155 1849 3364 1890 mense.
3391 1833 3533 1901 Quid
3555 1849 3684 1906 ergo
3704 1850 3830 1908 per"

2219 1917 2334 1973 haec
2358 1917 2640 1986 docemur,
2670 1922 2714 1976 si
2739 1921 2957 1978 lectioni
2981 1923 3244 1980 fuerimus
3265 1925 3465 1980 intenti
3486 1925 3808 1982 T’Condeut-

2217 2018 2444 2064 naverat
2469 2008 2806 2067 Hierusalem
2841 2012 3236 2084 Deus-propter
3259 2023 3484 2085 peccata
3512 2029 3633 2085 qua:
3654 2014 3807 2072 fece-

2219 2107 2361 2164 runt,
2389 2108 2443 2154 et
2470 2101 2585 2157 hzec
2631 2114 2751 2159 erat
2794 2113 3038 2160 extrema
3083 2105 3380 2174 sententia,
3411 2114 3473 2162 ut
3500 2107 3812 2180 captivitati

2218 2189 2673 2260 relinquerentur.
2695 2195 3084 2253 Verumtamen
3111 2213 3235 2253 cum
3255 2197 3540 2254 hominum
3561 2199 3632 2256 sit
3650 2215 3806 2254 ama-

2217 2288 2302 2334 tor
2340 2280 2502 2346 Detts,
2553 2298 2655 2340 nec
2702 2301 3030 2356 quemquam
3079 2287 3209 2343 velit
3251 2289 3453 2359 perire,
3504 2297 3801 2362 antequam

2213 2372 2640 2443 depopulationis
2692 2379 3367 2448 tempus-instaret,.misit
3392 2390 3449 2436 et
3493 2382 3644 2437 hunc
3665 2398 3798 2454 pro-

2190 2463 2454 2537 phetam,
2480 2473 2548 2519 ut.
2564 2482 2666 2536 per
2691 2483 2971 2525 sermones
2999 2468 3132 2539 ejus-
3153 2471 3222 2525 ad
3257 2471 3634 2542 paenitentiam
3662 2488 3801 2528 cou-

2211 2563 2538 2611 verteretur.
2569 2557 2714 2613 Misit
2759 2561 3010 2616 eumdem
3047 2562 3215 2616 etiam
3260 2562 3360 2617 sub
3404 2562 3639 2619 secundo
3670 2578 3803 2634 rege

2210 2655 2332 2716 post
2358 2647 2589 2716 primum
2617 2666 2631 2702 :
2665 2650 2816 2706 misit
2839 2665 3055 2721 quoque
3086 2652 3186 2708 sub
3219 2652 3401 2708 tertio.
3431 2651 3570 2721 Quid
3595 2652 3752 2724 plura
3773 2651 3800 2705 ?

2209 2735 2328 2790 Jaut
2359 2736 2652 2806 captivitas
2671 2737 2988 2794 imminebat
3027 2748 3083 2795 et
3109 2741 3288 2797 adhuc
3317 2742 3385 2797 ad
3412 2741 3641 2797 salutem
3666 2742 3796 2797 bor-

2211 2827 2426 2880 tabatur
2450 2827 2610 2894 Deus,
2655 2829 2918 2895 tribuens,
2963 2838 3023 2884 ut
3051 2831 3130 2886 ita
3153 2831 3352 2898 dicam,
3389 2839 3446 2887 et
3473 2840 3603 2887 ante
3626 2846 3818 2886 ununr

2207 2916 2349 2970 diem
2377 2915 2569 2972 locum
2603 2918 2956 2988 paenitentiae.
2990 2919 3144 2976 Unde
3186 2920 3452 2990 scriptum
3484 2928 3586 2987 est,
3617 2935 3792 2991 usque

2207 3005 2275 3059 ad
2314 3006 2684 3076 captivitatem
2738 3007 3078 3064 Hierusalem
3108 3017 3164 3066 et
3200 3025 3374 3080 usque
3422 3011 3490 3065 ad
3537 3011 3789 3080 quintum

2206 3109 2446 3149 mensem
2474 3096 2825 3165 prophetasse
2861 3095 3175 3154 Jeremiam.
3199 3096 3320 3153 Jam
3349 3099 3579 3155 hostium
3610 3099 3792 3154 vincla

2204 3187 2542 3243 strinxerant
2562 3204 2778 3255 manus,
2799 3198 2856 3245 et
2873 3189 3226 3247 nihilominus
3256 3191 3376 3247 haec
3395 3191 3796 3263 quodammodo

2203 3275 2417 3332 dicebat
2440 3277 2618 3334 Deus:
2648 3279 2788 3336 Ecce
2824 3281 3024 3352 captivi
3071 3280 3202 3338 facti
3242 3284 3400 3350 estis,
3439 3283 3604 3354 agite,
3658 3281 3787 3338 licet

2198 3381 2340 3432 sero,
2369 3369 2774 3438 paenitentiam;
2800 3379 2987 3443 rogate
3014 3385 3102 3428 me
3129 3380 3184 3429 et
3205 3388 3424 3445 parcam
3461 3375 3642 3440 vobis;
3661 3389 3789 3444 pos-

2199 3473 2319 3514 sum
2342 3474 2534 3515 eruere
2559 3461 2625 3516 de
2647 3462 2981 3532 captivitate,
3012 3464 3105 3534 qui
3134 3465 3350 3520 tradidi.
3389 3465 3662 3522 Habemus
3681 3466 3787 3520 ita-

2197 3564 2304 3620 que
2332 3550 2590 3621 quiddam
2642 3555 3010 3610 necessarium
3035 3571 3102 3611 ex
3151 3556 3614 3628 superscriptione
3652 3556 3773 3610 ista.

2196 3653 2318 3708 qua:
2357 3640 2599 3695 continet
2627 3650 2867 3712 tempora
2896 3645 3215 3714 prophetize,
3265 3644 3408 3715 quod
3434 3644 3591 3714 juxta
3621 3659 3775 3700 suam

2194 3730 2534 3786 clementiam
2562 3734 2882 3790 exhortetur
2906 3736 3046 3792 Deus
3081 3752 3298 3807 semper
3324 3737 3572 3793 homines
3592 3736 3659 3792 ad
3686 3751 3780 3791 sa-

2195 3822 2381 3889 lutem,
2419 3832 2478 3878 ut
2508 3835 2756 3882 cessante
2776 3827 2974 3883 delicto
3000 3827 3167 3884 etiam
3196 3829 3488 3900 captivitas
3518 3829 3776 3901 conquie-

2195 3921 2330 3967 scat.
2387 3913 2514 3971 Rrec
2560 3925 2742 3971 autem
2785 3919 2951 3973 etiam
2975 3919 3043 3974 de
3068 3921 3227 3976 nobis
3258 3929 3547 3991 possumus
3583 3921 3779 3977 intelli-

2193 4016 2356 4069 gere;
2391 4001 2434 4056 si
2459 4005 2887 4072 peccaverimus,
2919 4014 2974 4061 et
3001 4023 3101 4064 nos
3122 4009 3323 4078 captivi
3366 4007 3533 4063 futuri
3563 4024 3769 4064 sumus.

2191 4090 2406 4146 Etenim
2433 4093 2572 4147 tradi
2602 4102 2946 4164 peccatorem
2975 4095 3218 4164 Satanze,
3243 4099 3378 4154 nihil
3419 4098 3586 4154 distat
3613 4101 3681 4155 ab
3706 4115 3778 4155 eo

2198 4183 2342 4252 quod
2392 4181 2563 4240 Judaai
2609 4197 2735 4243 sunt
2783 4189 2972 4246 traditi
3021 4189 3559 4263 Nabuchodonosor;
3589 4196 3777 4266 utique

2193 4271 2310 4329 illos
2341 4275 2484 4330 Deus
2531 4279 2799 4334 concessit
2847 4281 3160 4336 adversario
3187 4291 3409 4353 propter
3447 4282 3760 4354 frequentes

2193 4365 2521 4436 impietates,
2580 4368 2660 4423 sic
2707 4385 2809 4425 nos
2859 4379 3083 4443 propter
3112 4381 3335 4442 peccata
3385 4389 3505 4444 quae
3547 4373 3775 4430 fecimus

2191 4456 2469 4511 trademur
2501 4457 2730 4529 spiritali
2781 4460 3301 4519 Nabuchodonosor.
3337 4484 3355 4516 ε
3393 4464 3460 4519 Et
3501 4480 3639 4535 quos
3663 4474 3774 4520 tra-

497 4537 784 4606 versionis,
812 4541 960 4597 misit
979 4544 1046 4599 ad
1073 4557 1260 4616 gentes
1282 4516 1632 4608 Hebraeorum
1657 4558 1999 4626 prophetam,
2021 4570 2082 4620 ut

2203 4547 2293 4602 lidi
2353 4516 2588 4618 Satanaa,
2637 4559 2695 4606 ut
2741 4551 2956 4619 discant
3008 4570 3115 4610 non
3171 4516 3580 4626 blasphemare,
3615 4578 3632 4608 ι
3695 4558 3772 4612 ait

495 4633 710 4689 dicente
762 4634 878 4702 illo,
912 4655 930 4688 ι
989 4637 1167 4693 adhuc
1219 4640 1582 4712 quadraginta
1633 4644 1750 4702 dies
1800 4656 1856 4703 et
1885 4648 2081 4708 Ninive

492 4726 860 4794 subvertetur,
893 4747 911 4779 ι
942 4730 1036 4799 qui
1085 4731 1429 4788 condemnati
1461 4733 1680 4790 fuerant
1717 4753 1786 4796 ne
1811 4741 2075 4810 perirent,

490 4817 586 4895 sed
635 4827 856 4891 agentes
907 4823 1286 4890 paenitentiam
1352 4825 1711 4895 impetrarent
1763 4830 2080 4887 miscricor-

490 4893 636 4965 diam
663 4910 781 4967 Dei.
811 4911 910 4980 Qui
968 4912 1021 4966 in
1057 4911 1307 4970 Sodomis
1340 4923 1396 4969 et
1429 4893 1764 4975 Comorrhis
1812 4921 2078 4977 consiste—

490 5000 642 5065 bant,
671 5000 790 5054 diro
832 5000 945 5068 jam
982 5003 1149 5060 exitio
1177 5004 1452 5070 destinati,
1507 5015 1568 5061 ut
1611 5009 1961 5065 manifestum
1993 5020 2077 5066 est

489 5105 557 5143 ex
597 5093 936 5148 sermonibus
967 5095 1081 5160 Dei,
1137 5110 1272 5165 quos
1301 5096 1516 5152 locutus
1565 5105 1652 5154 est
1675 5099 1743 5153 ad
1775 5099 2071 5156 Abraham.

487 5179 739 5235 Attamen
770 5185 912 5251 quod
963 5200 1121 5240 suum
1151 5195 1270 5241 erat
1318 5186 1567 5243 fecerunt
1604 5189 1800 5260 angeli,
1829 5191 2072 5248 volentes

486 5286 582 5326 eos
612 5271 823 5326 salvare
856 5274 946 5342 qui
973 5290 1031 5330 se
1057 5275 1304 5346 indignos
1352 5276 1526 5331 salute
1551 5276 1966 5347 judicaverant;
1997 5282 2072 5337 di-

486 5371 675 5420 centes
704 5363 770 5418 ad
796 5363 935 5420 Loth
968 5383 982 5419 :
1021 5385 1039 5416 ‹
1071 5367 1168 5423 Est
1187 5368 1383 5440 aliquis
1417 5368 1512 5424 tibi
1546 5370 1637 5425 hic
1662 5385 1830 5441 gener
1856 5378 1950 5426 aut
1974 5372 2068 5427 lilii

485 5461 581 5508 aut
607 5453 771 5509 tiliae?
800 5452 952 5527 (Gen.
979 5458 1115 5529 xix).
1154 5477 1174 5511 ›
1207 5459 1393 5530 Neque
1439 5475 1570 5517 vero
1597 5461 1921 5532 ignorabant
1957 5477 2067 5518 non

483 5559 608 5620 esse
627 5559 720 5601 eos
747 5555 1028 5604 secuturos
1051 5549 1213 5618 Loth,
1248 5552 1342 5608 sed
1367 5554 1723 5610 ostenderunt
1745 5568 1898 5608 suam
1919 5555 2064 5625 pari-

487 5641 569 5690 ter
587 5642 641 5689 et
659 5636 795 5707 ejus,
810 5638 905 5709 qui
929 5653 1026 5695 eos
1054 5642 1297 5710 miserat,
1327 5644 1714 5715 benignitatem
1741 5644 1798 5699 in
1817 5645 2064 5702 homines

2181 4636 2472 4708 Apostolus
2525 4638 2596 4712 (I
2633 4637 2758 4696 Cor.
2803 4641 2859 4716 v)
2903 4643 2970 4698 de
3027 4642 3146 4699 aliis
3195 4646 3592 4714 peccatoribus.
3634 4645 3768 4702 Puta

2181 4737 2442 4801 quantum
2474 4731 2673 4786 malum
2700 4741 2786 4788 est
2814 4747 3072 4804 peccare,
3121 4741 3182 4789 ut
3212 4735 3399 4790 tradar
3439 4734 3654 4793 Satanae
3677 4752 3770 4792 ca-

2179 4822 2405 4894 ptivanti
2437 4822 2647 4879 animas
2679 4809 2868 4880 eorum
2895 4826 2986 4896 qui
3011 4825 3384 4896 relinquuntur
3409 4843 3440 4882 a
3468 4826 3621 4882 Deo?
3645 4826 3766 4882 Non

2181 4913 2297 4966 sine
2324 4928 2486 4968 causa
2514 4919 2700 4968 autem
2731 4931 2908 4986 neque
2934 4918 3050 4972 sine
3070 4915 3091 4987 j
3113 4918 3294 4973 udicio
3317 4917 3427 4973 Deo
3457 4919 3765 4988 relinquen-

2180 5011 2232 5056 te
2260 5019 2395 5072 quos
2421 5003 2621 5059 deserit
2651 5021 2666 5072 ;
2718 5021 2840 5061 cum
2892 5007 3037 5061 enim
3066 5008 3278 5063 miserit
3329 5008 3566 5079 pluviam
3603 5023 3766 5078 super

2178 5094 2390 5150 vineam
2417 5104 2474 5150 et
2501 5096 2658 5152 vinea
2697 5114 2796 5169 pro
2821 5114 2924 5154 uva
2952 5100 3192 5154 attulerit
3212 5101 3420 5171 spinas,
3441 5101 3570 5172 quid
3597 5100 3765 5155 faciat

2177 5185 2280 5240 nisi
2312 5195 2374 5242 ut
2399 5189 2616 5244 mandet
2654 5190 2890 5246 nubibus
2919 5207 2987 5247 ne
3012 5191 3200 5261 pluant
3229 5207 3394 5262 super
3414 5194 3630 5249 vineam
3660 5193 3764 5248 im-

2179 5281 2377 5337 brem?
2405 5281 2746 5352 Quapropter
2793 5281 2846 5336 in
2877 5283 3124 5352 proximo
3162 5294 3266 5348 est,
3309 5290 3534 5355 propter
3563 5283 3760 5340 delicta

2177 5385 2410 5441 quorum
2438 5372 2595 5429 nobis
2619 5374 2824 5430 conscii
2855 5389 3061 5442 sumus,
3107 5385 3162 5430 et
3191 5384 3375 5431 nostra
3419 5376 3715 5447 captivitas
3741 5395 3755 5446 ;

2175 5462 2419 5520 futurum
2445 5472 2529 5521 est
2551 5466 2696 5536 quod
2736 5466 3034 5533 tradamur,
3066 5466 3112 5522 si
3144 5481 3250 5521 non
3280 5467 3551 5538 egerimus
3571 5469 3755 5538 νωιιί-

2176 5553 2424 5620 tentiam,
2449 5555 2945 5612 Nabuchodonosor
2979 5543 3142 5626 atque
3172 5557 3506 5629 Babyloniis,
3538 5560 3758 5629 quinos

2171 5646 2500 5702 scnsibilitcr
2529 5647 2862 5703 excrucient.
2905 5647 3025 5704 Istis
3073 5647 3185 5718 jam
3214 5647 3604 5718 adjacentibus,
3636 5664 3754 5705 scr-

551 5759 578 5791 ι
610 5749 739 5814 Qua:
769 5760 1084 5821 sequuntur,
1115 5771 1178 5810 ex
1207 5754 1442 5816 homiliis
1470 5757 1719 5830 Origcnis
1747 5759 1941 5819 hausta
1970 5771 2109 5818 sunt.
2139 5762 2293 5819 Eutr.
