4100 6324
333 360 430 416 797

1258 353 1618 412 EXPOSITIO
1654 350 1880 410 SUPER
1915 351 2280 407 IEREMIAM.
2322 385 2389 394 -—
2430 353 2556 407 LIB.
2599 352 2638 406 I.

3488 358 3592 415 798

319 485 509 525 mones
538 471 943 540 prophetarum,
976 481 1254 523 sermones
1281 467 1439 538 legis,
1471 481 1754 523 sermones
1774 481 1903 536 apo-
1931 473 1980 529 Α
2008 466 2099 534 qui
2133 465 2272 521 dixit
2302 483 2315 519 :
2355 486 2372 518 ι
2407 466 2474 520 Et
2503 481 2606 537 ego
2645 465 3021 536 pmniteutiam
3053 483 3210 540 agam
3243 471 3309 526 de
3336 473 3591 529 omnibus

318 560 606 626 stolorum,
637 575 915 616 sermones
947 560 1112 616 etiam
1153 559 1366 613 Domini
1391 567 1446 614 et
1470 557 1772 613 Salvatoris
1796 573 1897 612 no-

317 651 419 703 stri
460 647 587 704 Iesu
641 650 844 705 Christi
896 652 1184 705 hortamur
1241 664 1339 704 nos
1384 649 1451 704 ad
1496 647 1899 719 paenitentiam,

321 749 621 808 provocant
647 741 716 795 ad
762 739 1008 795 salutem.
1038 738 1096 794 Si
1143 739 1496 805 audierimus,
1525 737 1802 793 credimus
1827 735 1902 801 ei,

2007 557 2166 613 malis
2188 572 2310 626 quae
2334 557 2550 614 locutus
2574 573 2693 614 sum
2720 557 2900 615 facere
2923 561 3022 616 eis.
3062 582 3080 615 ι
3112 563 3184 620 Et
3227 565 3342 619 lucc
3369 567 3588 637 quidem

1999 647 2062 702 in
2087 648 2427 717 prmfatione.

336 879 3585 906 ww

1570 987 1869 1064 LIBER
1947 987 2196 1064 ΡΡιΙΜ
2211 988 2354 1067 US.

835 1281 1063 1340 CAPUT
1091 1282 1381 1339 PRIMUM.

323 1379 400 1434 De
433 1376 846 1446 sanctiﬁcatione
874 1386 922 1428 et
948 1376 1194 1446 missione
1220 1375 1494 1439 Jercmiw;
1520 1374 1584 1429 de
1608 1376 1749 1444 virga
1778 1375 1904 1445 uigi-

794 1445 934 1500 laute
958 1455 1005 1499 et
1035 1445 1436 1504 ollaauccensa.

398 1583 417 1615 ι
446 1562 622 1618 Verba
665 1559 952 1624 Ieremizc,
993 1559 1086 1614 ﬁlii
1134 1558 1355 1624 Helciae,
1395 1559 1462 1614 de
1508 1558 1902 1622 sacerdotibus,

327 1674 346 1704 ο
390 1653 482 1722 qui
513 1652 731 1708 fuerunt
757 1652 811 1706 iu
836 1649 1136 1714 Anathoth,
1165 1650 1217 1703 in
1253 1657 1394 1702 terra
1425 1645 1723 1715 Benjamiu.
1753 1645 1906 1713 Quod

2014 1298 2034 1331 ι
2080 1290 2190 1336 tam
2236 1282 2488 1352 gentibus
2516 1283 2635 1340 dedi
2669 1294 2738 1340 te.
2767 1307 2783 1338 ι
2820 1287 2935 1343 Νοιι
2976 1305 3084 1360 quo
3115 1300 3240 1347 ante
3283 1296 3597 1366 conceptio-

2010 1384 2166 1433 nem,
2211 1377 2271 1422 ut
2314 1371 2538 1427 haeresis
2581 1374 2914 1444 suspicatur,
2963 1377 3127 1434 fuerit
3173 1379 3458 1450 Ieremias,
3505 1387 3600 1440 sed

2014 1474 2118 1527 quo
2148 1460 2445 1529 prmscierit
2468 1477 2592 1517 cum
2638 1463 2880 1520 futurqu
2911 1468 3189 1535 Dominus,
3219 1473 3305 1527 cui
3335 1490 3434 1530 nec
3468 1475 3597 1529 dum

2011 1548 2153 1603 facta
2176 1550 2290 1620 jam
2319 1550 2459 1606 facta
2483 1562 2629 1618 sunt,
2658 1558 2958 1612 secundum
2990 1559 3122 1617 illud
3145 1562 3289 1631 quod
3313 1564 3601 1635 Apostolus

2013 1637 2247 1708 loquitur
2274 1640 2452 1711 (Rom.
2480 1642 2562 1714 ιν)
2588 1661 2601 1696 :
2632 1664 2650 1695 α
2679 1645 2782 1712 Qui
2812 1650 3021 1704 vocavit
3045 1667 3110 1705 ea
3132 1668 3254 1723 quae
3285 1670 3392 1710 non
3421 1665 3598 1723 erant,

329 1764 346 1796 ι
392 1745 597 1800 factum
637 1752 723 1800 est
753 1742 979 1798 verbum
1018 1741 1231 1796 Domini
1261 1740 1328 1795 ad
1353 1755 1478 1795 eum
1520 1739 1576 1794 iu
1607 1739 1795 1794 diebus
1822 1737 1908 1793 Io-
1938 1753 1984 1812 B
2014 1732 2163 1801 quasi
2217 1747 2280 1787 ca
2323 1749 2444 1802 quae
2490 1745 2692 1790 essent.
2717 1757 2734 1788 ι
2769 1737 2924 1804 Quod
2973 1749 3155 1798 autem
3205 1746 3598 1814 sanctiﬁcatur,

330 1857 347 1887 ι
393 1837 488 1892 sim
525 1835 621 1891 ﬁlii
663 1835 836 1890 Amen
868 1835 1009 1905 regis
1035 1833 1195 1898 Iuda,
1235 1833 1291 1887 in
1323 1833 1486 1888 tertio
1523 1831 1733 1887 decimo
1766 1845 1909 1885 anno

328 1945 347 1976 ι
392 1926 544 1996 regni
580 1925 718 1996 ejus.
765 1925 834 1980 Et
863 1925 1063 1980 factum
1092 1931 1177 1980 est
1218 1927 1274 1978 in
1306 1923 1496 1980 diebus
1537 1921 1783 1980 Ioachim
1817 1921 1909 1977 ﬁlii

328 2038 347 2070 ι
390 2017 552 2074 Iosia:
580 2018 724 2089 regis
757 2015 918 2082 Iuda,
943 2029 1114 2085 usque
1141 2015 1212 2070 ad
1252 2013 1777 2070 consummationem
1807 2029 1908 2067 uu-

328 2129 348 2156 ο
393 2109 589 2166 decimi
622 2110 749 2164 anni
795 2107 1073 2164 Sedechiaa
1116 2105 1214 2160 ﬁlii
1253 2103 1416 2162 Iosite
1446 2103 1591 2175 regis
1616 2103 1779 2169 Iuda,
1817 2119 1910 2160 us-

329 2221 348 2251 ι
393 2217 499 2270 que
542 2200 612 2256 ad
657 2198 1190 2270 transmigratiouem
1239 2196 1602 2262 Hierusalem,
1635 2196 1688 2250 in
1726 2210 1913 2250 mense

330 2311 350 2343 ι
393 2293 646 2363 quinto.»
693 2290 976 2362 (Hieron)
1021 2288 1216 2345 Caeteri
1260 2289 1571 2359 prophetae,
1615 2294 1675 2342 ut
1712 2287 1910 2354 Isaias,

323 2380 486 2446 Osee,
511 2379 649 2446 Ioel,
671 2380 891 2435 fuerunt
915 2387 1040 2434 ante
1066 2378 1436 2448 captivitatem
1459 2377 1644 2432 decem
1675 2375 1911 2431 tribuum

321 2471 510 2536 Israel,
534 2471 648 2526 sive
678 2471 908 2526 duarum
941 2469 1179 2524 tribuum
1213 2466 1366 2524 Iuda:
1392 2475 1449 2522 et
1476 2467 1776 2536 Benjamin.
1806 2466 1911 2521 Alii

324 2570 448 2631 post
470 2561 866 2630 captivitatem,
895 2571 955 2615 ut
1000 2559 1220 2625 Daniel,
1247 2560 1475 2631 Aggaaus
1513 2567 1570 2614 et
1598 2559 1909 2614 Zacharias.

325 2651 590 2708 Ieremias
623 2667 754 2707 vero
781 2660 837 2708 et
866 2651 1116 2707 Ezechiel
1146 2652 1460 2706 imminente
1487 2650 1800 2721 captivitate
1829 2665 1916 2704 va-

331 2740 574 2794 ticinium
609 2748 938 2794 texuerunt:
971 2739 1064 2795 sed
1103 2738 1240 2793 alter
1267 2728 1456 2794 eorum
1496 2739 1551 2793 in
1581 2747 1726 2793 terra
1752 2735 1912 2804 Iuda,

309 2829 465 2882 alter
491 2828 546 2882 in
577 2829 872 2900 Babylone.
900 2828 1167 2884 Ieremias
1194 2842 1316 2882 cum
1365 2827 1542 2882 adhuc
1583 2836 1729 2882 esset
1755 2841 1910 2895 puer,

329 2919 656 2989 prophetare
672 2921 839 2990 erepit
863 2935 1006 2974 anno
1029 2920 1190 2975 tertio
1207 2918 1418 2974 decimo
1435 2917 1598 2974 Iosiaa
1619 2917 1713 2973 ﬁlii
1737 2918 1912 2972 Anton

332 3009 474 3080 regis
520 3008 699 3075 Iudae;
742 3011 1194 3080 prophetavitque
1239 3010 1294 3064 in
1342 3009 1568 3079 imperio
1611 3009 1729 3080 ejus
1755 3009 1913 3064 annis

2012 1821 2066 1874 in
2120 1829 2274 1878 utero
2319 1822 2474 1893 juxta
2524 1824 2656 1880 illud
2699 1827 2944 1896 Apostoli
2983 1830 3243 1889 debemus
3299 1837 3592 1906 accipere:

2018 1932 2035 1963 ι
2063 1912 2355 1982 Postquam
2385 1923 2565 1971 autem
2597 1915 2802 1985 placuit
2827 1918 2902 1984 ei,
2944 1921 3036 1990 qui
3067 1937 3153 1978 me
3185 1927 3493 1996 segregavit
3536 1927 3603 1982 de

2013 2012 2168 2058 utero
2196 2008 2386 2060 matris
2419 2021 2574 2071 mete,
2605 2016 2661 2062 et
2696 2011 2909 2064 vocavit
2935 2027 3032 2082 per
3077 2015 3306 2085 gratiam
3337 2031 3514 2084 suam,
3543 2028 3604 2073 ut

2013 2092 2280 2148 revelaret
2309 2093 2502 2148 Filium
2536 2112 2690 2151 suum
2720 2099 2770 2152 in
2797 2114 2904 2166 me,
2933 2109 2994 2155 ut
3021 2105 3449 2176 evangelizarem
3477 2123 3602 2163 eum

2015 2181 2068 2236 in
2097 2184 2344 2252 gentibus
2385 2183 2528 2253 (Gal.
2554 2184 2615 2256 ι).
2664 2207 2681 2237 ι
2711 2185 2949 2246 Ioannes
2973 2206 3188 2263 quoque
3216 2195 3458 2266 Baptista
3486 2213 3609 2252 san-

2015 2271 2284 2328 ctiﬁcatur
2328 2274 2385 2328 in
2415 2283 2594 2342 utero,
2625 2284 2679 2330 et
2725 2275 2986 2347 Spiritum
3023 2292 3268 2338 sanctum
3299 2287 3515 2356 accipit,
3554 2297 3610 2344 et

2016 2359 2263 2420 movetur
2292 2367 2346 2421 in
2372 2367 2552 2432 vulva,
2581 2376 2636 2422 et
2663 2383 2763 2439 per
2788 2385 2851 2426 os
2878 2373 3072 2428 matris
3093 2373 3336 2444 loquitur
3357 2376 3510 2448 (Luc.
3541 2379 3602 2450 l).

2015 2456 2167 2524 Quod
2213 2465 2393 2514 autem
2444 2458 2611 2523 dixit,
2659 2481 2676 2511 ι
2709 2460 3037 2533 Prophetam
3078 2465 3131 2519 in
3180 2468 3432 2538 gentibus
3482 2468 3603 2524 dedi

2017 2555 2091 2611 te,
2113 2566 2130 2596 ι
2167 2546 2297 2602 illud
2330 2547 2442 2602 vult
2473 2548 2693 2620 intelligi
2724 2552 2868 2621 quod
2899 2553 2954 2607 in
2983 2553 3105 2624 ipso
3130 2558 3605 2628 posteapmpheta

2015 2636 2205 2692 lecturi
2238 2653 2447 2705 sumus,
2477 2640 2618 2709 quod
2660 2657 2766 2696 non
2812 2642 2986 2698 solum
3023 2643 3385 2713 Hierusalem,
3430 2649 3523 2703 sed
3555 2657 3610 2703 et

2003 2727 2200 2807 multis
2240 2729 2294 2782 in
2323 2730 2556 2784 circuitu
2601 2731 2852 2801 gentibus
2901 2735 3328 2804 prophetaverit.
3373 2735 3606 2804 Quidam

2017 2817 2160 2872 hunc
2186 2817 2363 2873 locum
2391 2835 2554 2890 super
2585 2819 2868 2876 Salvatore
2904 2823 3230 2894 intelligunt,
3263 2825 3352 2895 qui
3385 2828 3603 2897 proprie

2017 2910 2276 2979 pr0pheta
2321 2911 2560 2980 gentium
2592 2912 2712 2977 fuit,
2743 2922 2798 2968 et
2846 2915 3121 2984 apostolos
3160 2919 3373 2974 vocavit
3417 2934 3609 2976 omnes

2017 2998 2285 3055 nationes.
2339 3000 2442 3056 Iste
2491 3003 2636 3056 enim
2677 3018 2805 3058 vere
2865 3005 3178 3076 priusquam
3221 3007 3276 3070 in
3312 3016 3468 3064 utero
3500 3011 3610 3066 vir-

330 3099 517 3156 decem
559 3109 616 3155 ει
647 3116 865 3168 novem,
895 3109 950 3156 ει
982 3110 1170 3172 postea
1217 3101 1317 3156 sub
1361 3100 1607 3156 Joacbjm
1646 3100 1757 3155 ﬁlio
1796 3097 1913 3168 ejus
1941 3092 1986 3154 (ζ
2018 3089 2180 3160 ginali
2236 3089 2594 3158 formaretur,
2657 3102 2712 3148 et
2764 3103 3055 3166 antequam
3111 3097 3284 3152 exiret
3333 3098 3399 3153 de
3456 3098 3611 3153 vulva

331 3191 488 3247 anuis
531 3192 826 3247 undecim:
859 3202 914 3247 et
955 3192 1057 3248 sub
1087 3191 1373 3256 Sedechia,
1419 3192 1512 3261 qui
1549 3191 1769 3247 ultimus
1812 3190 1916 3246 fuit

331 3295 517 3352 regum
537 3280 696 3349 Iuda,
724 3283 883 3338 annis
900 3283 1172 3348 undecim,
1198 3293 1370 3352 usque
1397 3283 1464 3338 ad
1493 3283 1742 3352 quintum
1770 3297 1916 3338 men-

329 3382 442 3424 sem
468 3408 485 3434 ,
525 3371 742 3440 quando
789 3387 820 3426 a
853 3371 1164 3442 Babyloniis
1207 3380 1365 3442 capta
1418 3379 1505 3427 est
1547 3370 1912 3428 Hierusalem.

326 3457 565 3514 Ioachaz
599 3475 732 3516 vero
755 3469 812 3516 et
838 3459 1114 3518 Iechouia:
1139 3462 1276 3517 terni
1315 3475 1530 3517 menses
1558 3460 1812 3533 (quorum
1838 3461 1916 3516 al-

329 3559 414 3606 ter
437 3551 490 3605 in
523 3549 841 3623 Egyptum,
869 3554 1010 3609 alter
1031 3570 1156 3610 cum
1187 3564 1362 3610 matre
1399 3556 1593 3611 ductus
1619 3564 1705 3611 est
1732 3559 1787 3611 in
1815 3556 1917 3610 Ba-

329 3637 625 3709 bylonem),
653 3641 708 3694 iu
749 3643 1072 3712 supradictis
1099 3644 1257 3699 annis
1286 3653 1687 3716 computantur.
1713 3644 1794 3701 Ac
1819 3660 1918 3714 per

328 3730 435 3784 hoc
461 3730 530 3784 ah
554 3731 777 3787 exordio
805 3734 1100 3803 prophetia:
1122 3749 1232 3789 suae
1260 3751 1432 3804 usque
1457 3736 1524 3790 ad
1549 3735 1914 3806 captivitatem

329 3819 693 3885 Hierusalem,
724 3823 779 3877 in
807 3838 916 3893 qua
954 3831 1009 3880 et
1055 3825 1171 3894 ipse
1213 3834 1404 3895 captus
1439 3834 1544 3890 est,
1573 3825 1920 3896 prophetavit

329 3910 486 3966 armis
539 3912 901 3983 quadraginta
952 3921 1009 3968 et
1054 3929 1196 3980 uno,
1241 3922 1440 3984 przeter
1492 3914 1623 3969 illud
1670 3923 1914 3984 tempus,

328 4001 542 4070 quando
584 4003 780 4058 ductus
811 4013 896 4059 est
924 4003 978 4059 in
1006 4003 1323 4076 Egyptum.
1351 4003 1537 4075 Ibique
1573 4003 1919 4076 prophetavit

329 4092 384 4146 in
415 4091 675 4164 Taphnis,
721 4105 780 4150 ut
824 4095 928 4151 hoc
969 4097 1088 4168 ipso
1136 4097 1407 4153 volumine
1449 4096 1780 4152 continetur.
1809 4094 1917 4150 Pro

326 4184 508 4242 verbis
551 4185 803 4244 Ieremia:
852 4187 1206 4260 Septuaginta
1253 4197 1585 4260 posuerunt,
1621 4207 1640 4240 ι
1678 4187 1916 4244 Verbum

327 4275 472 4345 quod
506 4275 709 4333 factum
733 4287 817 4335 est
843 4281 913 4336 ad
937 4279 1249 4347 Ieremiam,
1273 4300 1292 4332 ι
1321 4281 1427 4337 hoc
1450 4281 1703 4337 videlicet
1726 4295 1913 4346 sensu,

326 4366 472 4435 quod
499 4369 663 4424 verba
691 4367 942 4427 Ieremia:
969 4371 1194 4427 verbum
1221 4371 1294 4426 sit
1320 4372 1554 4427 Domini.
1586 4371 1711 4427 Fuit
1734 4359 1915 4427 autem

2021 3181 2247 3250 matris,
2300 3183 2668 3238 sanctiﬁcatus
2730 3193 2885 3239 utero
2944 3195 3028 3240 est
3084 3195 3140 3242 et
3199 3193 3360 3243 notus
3427 3187 3610 3251 Patri,

2018 3272 2216 3342 quippe
2255 3274 2347 3344 qui
2394 3288 2609 3344 semper
2647 3275 2700 3328 in
2753 3274 2946 3340 Patre,
2997 3275 3052 3331 in
3102 3293 3211 3346 quo
3258 3285 3344 3334 est
3395 3293 3611 3349 semper

2021 3362 2197 3419 Pater.

2094 3473 2112 3505 ι
2143 3454 2210 3509 Ει
2237 3455 2385 3509 dixi:
2418 3455 2517 3522 lla,
2550 3457 2637 3519 ha,
2673 3456 2764 3522 ha,
2796 3457 3024 3514 Domine
3059 3459 3241 3515 Deus:
3269 3473 3397 3516 ecce
3430 3459 3614 3515 nescio

2024 3568 2041 3598 ι
2088 3546 2264 3616 loqui,
2305 3548 2431 3617 quia
2479 3563 2616 3617 puer
2659 3564 2758 3618 ego
2807 3564 2947 3603 sum.
2981 3568 2998 3600 ι
3050 3547 3409 3621 Septuaginta
3447 3571 3460 3604 :
3498 3571 3515 3602 ‹
3546 3550 3614 3605 Ει

2019 3638 2162 3692 dixi:
2195 3638 2240 3694 Ο
2270 3637 2495 3693 Domine
2522 3640 2684 3702 Deus,
2711 3654 2838 3694 ecce
2873 3641 3056 3696 nescio
3101 3641 3271 3711 loqui,
3299 3642 3424 3712 quia
3453 3642 3613 3711 juve-

2021 3728 2102 3781 nis
2137 3743 2274 3782 sum.
2302 3747 2320 3778 ι
2366 3728 2673 3783 Detestatur
2700 3728 2958 3796 ollicium,
2999 3731 3142 3802 quod
3174 3747 3274 3802 pro
3303 3741 3462 3788 tetate
3501 3748 3608 3787 uou

2016 3828 2194 3890 potest
2238 3822 2524 3887 sustinere,
2571 3824 2761 3877 eazlem
2805 3825 3130 3880 verecundia
3175 3840 3282 3897 qua
3333 3835 3390 3881 et
3433 3825 3609 3880 Moses

2021 3911 2197 3966 tenuis
2253 3920 2309 3968 ct
2359 3912 2576 3983 gracilis
2619 3914 2768 3970 vocis
2819 3929 2941 3970 esse
2984 3931 3043 3970 se
3087 3915 3218 3970 dicit
3269 3915 3468 3988 (Exod.
3516 3916 3612 3987 Iv).

2021 4002 2128 4057 Sed
2163 4003 2250 4058 ille
2290 4003 2444 4073 quasi
2473 4018 2680 4074 magum
2711 4005 3054 4076 robustaeque
3077 4006 3255 4061 aztatis
3281 4007 3612 4078 corripitur:

2021 4095 2146 4151 huic
2173 4096 2418 4166 pueritia:
2447 4097 2607 4153 datur
2627 4097 2805 4163 venia,
2829 4113 2950 4169 quae
2977 4099 3304 4154 verecundia
3325 4107 3381 4155 et
3407 4100 3615 4171 pudore

2019 4188 2330 4244 decoratur.

2095 4298 2113 4330 ‹
2145 4278 2207 4334 Ει
2234 4278 2370 4333 dixit
2402 4277 2662 4334 Dominus
2689 4279 2758 4335 ad
2788 4295 2874 4334 me
2899 4297 2913 4334 :
2944 4278 3064 4337 Noli
3088 4280 3288 4348 dicere,
3317 4280 3445 4352 quia
3473 4296 3612 4354 puer

2026 4391 2044 4421 ε
2089 4385 2234 4434 sum,
2264 4370 2517 4440 quoniam
2561 4369 2629 4425 ad
2657 4371 2840 4426 omnia
2879 4385 3000 4440 quae
3029 4370 3243 4426 mittam
3284 4379 3360 4437 te,
3398 4371 3517 4434 ibis,
3560 4378 3616 4426 et

325 4457 394 4512 de
417 4473 616 4528 genere
639 4463 1006 4528 sacerdotum,
1029 4465 1121 4533 qui
1151 4464 1467 4519 habitabant
1490 4472 1679 4519 contra
1705 4473 1917 4535 septen-
1941 4455 1995 4515 D
2027 4483 2043 4514 ι
2093 4463 2342 4518 universa
2371 4479 2491 4532 quae
2517 4462 2847 4518 mandavero
2870 4461 2990 4528 tibi,
3020 4461 3279 4533 loqueris.
3312 4461 3392 4518 Ne
3419 4463 3615 4519 timeas

329 4548 559 4604 trionem
591 4549 925 4608 Hierusalem
952 4555 1005 4610 iu
1035 4556 1198 4611 tertio
1224 4555 1476 4611 milliario
1496 4565 1549 4612 et
1571 4557 1747 4613 viculo
1769 4557 1916 4612 Ana-

328 4639 503 4694 tboth.
528 4640 808 4710 Simulque
830 4643 1165 4701 admirabilis
1190 4645 1478 4702 clementia
1507 4647 1743 4714 Domini,
1770 4649 1913 4718 quod

325 4726 435 4797 jam
480 4730 792 4799 captivitate
820 4733 1026 4799 vicina,
1069 4743 1124 4790 et
1165 4735 1458 4806 Babylonio
1505 4739 1747 4793 exercitu
1794 4738 1911 4794 val-

327 4820 474 4876 lante
516 4821 875 4890 Ilicrusalem,
907 4826 1291 4883 nihilhominus
1334 4827 1589 4898 populum
1632 4829 1700 4884 ad
1733 4830 1913 4900 poeni-

327 4911 551 4966 tentiam
597 4924 890 4982 provocat,
924 4916 1127 4972 malens
1167 4916 1376 4972 salvare
1419 4932 1711 4974 conversos
1744 4934 1912 4990 quam

327 5002 554 5071 perdere
613 5004 1009 5076 delinquentes.
1058 5007 1163 5063 Pro
1214 5009 1719 5078 trausmigratioue,
1767 5009 1912 5080 quod

327 5108 516 5150 omnes
547 5094 640 5171 alii
668 5113 798 5154 voce
821 5113 1057 5154 consona
1102 5098 1513 5166 transtulerunt,
1559 5100 1912 5172 Septuaginta

328 5199 624 5257 posuerunt
650 5192 1019 5262 captivitatem.
1045 5193 1171 5248 Post
1199 5193 1485 5247 exordium
1515 5202 1696 5249 autem
1725 5193 1914 5249 vatici-

332 5279 566 5336 nationis
609 5280 880 5350 Ieremize,
910 5284 1187 5339 tricesimo
1226 5283 1416 5352 quinto
1456 5283 1755 5354 prophetia:
1795 5282 1913 5353 ejus

328 5381 490 5431 anno,
537 5369 787 5427 Ezechiel
833 5373 888 5428 in
917 5373 1190 5444 Babylone
1235 5373 1322 5429 his
1355 5373 1447 5444 qui
1488 5389 1614 5430 cum
1655 5387 1724 5431 eo
1768 5375 1912 5445 capti

328 5454 567 5523 fuerant,
595 5475 818 5518 exorsus
839 5472 923 5519 est
947 5466 1293 5536 prophetare.

408 5564 427 5595 r
458 5545 523 5601 Et
569 5547 772 5606 factum
809 5559 894 5607 est
929 5553 1153 5608 verbum
1198 5553 1411 5610 Domini
1457 5555 1528 5610 ad
1561 5569 1647 5611 me
1677 5554 1904 5612 dicens:

338 5659 355 5689 ι
399 5638 720 5708 Priusquam
751 5645 805 5694 te
831 5640 1123 5698 formarem
1153 5643 1206 5700 in
1236 5653 1413 5710 utero,
1458 5646 1580 5702 novi
1612 5654 1694 5714 te;
1728 5656 1784 5704 et
1817 5664 1913 5703 an-

339 5750 355 5782 (
407 5741 618 5802 thuam
661 5731 840 5788 exires
867 5731 932 5789 de
977 5735 1152 5801 vulva,
1191 5737 1522 5795 sanctiﬁcavi
1557 5749 1647 5795 te:
1682 5741 1910 5812 prophe-

2024 4571 2042 4603 ι
2087 4567 2117 4606 a
2153 4551 2291 4608 facie
2317 4567 2526 4617 eorum,
2567 4553 2693 4623 quia
2727 4561 2908 4608 tecum
2939 4568 3081 4619 sum,
3109 4561 3170 4607 ut
3196 4568 3384 4608 eruam
3419 4563 3496 4618 te,
3534 4555 3619 4608 di-

2025 4661 2044 4694 ι
2089 4643 2164 4699 cit
2192 4643 2470 4698 Dominus.
2493 4663 2512 4693 ι
2541 4641 2622 4697 Ne
2644 4651 2880 4708 aetatem,
2907 4643 3105 4712 inquit,
3132 4642 3476 4708 consideres;
3508 4643 3614 4696 alio

2015 4735 2160 4789 enim
2200 4735 2464 4804 pr0pheta
2503 4734 2758 4803 loquente
2801 4733 3038 4788 didicisti
3075 4751 3090 4789 :
3135 4752 3154 4784 ι
3209 4734 3343 4789 Cani
3374 4733 3612 4788 hominis

2019 4827 2282 4896 sapientia
2309 4823 2426 4894 ejus
2456 4825 2609 4897 (Sap.
2638 4825 2735 4896 iv).
2762 4845 2779 4876 ι
2819 4825 2948 4880 Tuae
2975 4825 3044 4880 sit
3077 4833 3286 4879 tantum
3312 4823 3606 4879 voluntatis

2017 4926 2076 4970 ut
2121 4931 2344 4987 pergas;
2380 4931 2467 4970 me
2511 4915 2768 4971 comitem
2812 4915 3058 4979 habebis,
3091 4930 3198 4985 quo
3228 4923 3422 4969 cuncta
3455 4914 3613 4984 adju-

2016 5017 2177 5064 vante
2204 5007 2520 5079 complebis.
2559 5026 2578 5058 (
2607 5007 2771 5077 Aperi
2816 5022 2878 5062 os
2910 5015 3081 5071 tuum,
3119 5015 3175 5060 et
3204 5006 3438 5076 implebo
3480 5008 3613 5063 illud

2017 5101 2187 5172 (I’sal.
2215 5105 2402 5173 ωαχ).
2428 5121 2445 5154 ι
2481 5101 2593 5156 Nec
2637 5100 2946 5156 consideres
2991 5097 3388 5155 multitudinem
3419 5115 3606 5157 eorum

2017 5195 2083 5249 ad
2112 5209 2248 5264 quos
2273 5203 2329 5249 et
2358 5201 2548 5249 contra
2573 5207 2708 5263 quos
2733 5191 3010 5247 locuturus
3041 5205 3124 5255 es,
3149 5190 3244 5244 sed
3291 5205 3377 5244 me
3403 5191 3496 5258 qui
3533 5200 3607 5247 te-

2017 5300 2141 5340 cum
2167 5300 2307 5349 sum,
2334 5295 2396 5339 ut
2437 5299 2625 5339 eruam
2654 5290 2728 5348 te,
2759 5281 2890 5336 dicit
2934 5269 3213 5336 Dominus.
3261 5279 3480 5334 Liberat
3506 5296 3607 5336 au-

2017 5384 2127 5432 tem
2166 5375 2444 5439 Dominus,
2479 5388 2585 5428 uou
2615 5387 2724 5442 quo
2750 5371 3016 5442 propheta
3064 5371 3530 5442 pcrsccutiouihus
3558 5383 3614 5426 et

2016 5464 2279 5537 angustiis
2307 5472 2521 5529 careat,
2567 5462 2764 5532 quippe
2807 5476 2933 5516 cum
2986 5461 3227 5532 legamus
3269 5476 3394 5516 eum
3442 5461 3610 5516 multa

2015 5570 2330 5628 perpessum
2354 5570 2368 5619 ;
2396 5553 2489 5610 sed
2518 5559 2576 5608 ut
2600 5552 2814 5623 patiens
2841 5551 3024 5607 omnia
3055 5559 3294 5624 superet.
3329 5567 3431 5608 nec
3455 5552 3611 5608 cedat

2016 5645 2300 5719 angustire.

2094 5739 2201 5794 alit
2253 5738 2394 5796 misit
2448 5737 2706 5794 Dominus
2755 5755 2973 5795 manum
3024 5756 3209 5809 suam,
3253 5746 3307 5795 et
3337 5735 3506 5808 tetigit
3553 5753 3613 5789 os
