4100 6324
1188 343 1247 397 Β.
1291 343 1542 399 RABANI
1583 345 1800 402 MAURI
1838 346 2153 401 ARCHIEP.
2199 345 2504 423 MOG'UNT.
2546 347 3060 406 OPERUM‘PARS
3099 351 3186 408 111.

3710 357 3826 413 800

553 476 572 509 σ
618 473 818 524 meum,
853 465 908 512 et
946 457 1082 512 dixit
1111 459 1371 513 Dominus
1395 459 1463 514 ad
1499 474 1586 514 me
1612 478 1624 512 :
1654 458 1792 514 Ecce
1817 459 1937 514 dedi
1965 459 2143 514 verba.
2157 465 2208 521 Α
2235 467 2396 514 tantae
2445 461 2772 516 nmltitudini
2817 470 2873 517 et
2916 464 3090 519 noluit
3129 473 3187 520 et
3231 467 3490 524 obedivit.‘
3540 465 3828 537 Superbus

554 564 573 597 ι
618 563 740 603 mea
788 548 844 602 in
889 563 986 604 ore
1016 555 1128 603 tuo.
1154 568 1186 599 »ι
1215 548 1520 604 Notandum
1558 552 1702 619 quod
1751 550 1839 604 hic
1881 549 2130 604 mittatur

549 656 740 694 manus
766 639 880 704 Dei,
910 655 1029 709 quae
1059 649 1240 711 tangat
1274 655 1335 694 os
1370 641 1665 711 prophetae,
1709 649 1765 696 et
1792 640 2082 695 dicatur'ei
2109 657 2122 692 :

552 748 573 782 ι
603 730 742 786 Ecce
766 729 887 784 dedi
922 731 1088 785 verba
1129 746 1256 784 mea
1276 731 1336 784 in
1357 746 1452 784 ore
1489 740 1609 798 tuo;
1634 751 1651 782 ι
1684 731 1737 786 in
1767 731 1904 786 Isaia
1945 741 2127 786 autem

548 819 807 887 scriptum
836 819 941 874 sit:
980 837 998 868 ι
1027 819 1094 872 Et
1121 819 1328 875 missus.
1359 829 1444 874 est
1477 820 1545 874 ad
1584 836 1671 875 me
1700 836 1839 876 unus
1866 821 1936 876 de
1981 836 2130 886 sera-

547 921 719 992 phim,
745 929 800 975 et
826 921 882 975 in
913 936 1075 975 manu
1101 921 1670 988 habebatearbonem,
1709 938 1884 992 quem.
1921 920 2126 991 forcipe

549 1020 747 1075 tulerat
771 1021 838 1075 de
867 1020 1023 1074 altari
1051 1037 1066 1075 :
1093 1030 1148 1076 et
1177 1021 1349 1093 tetigit
1377 1037 1438 1076 os
1480 1037 1679 1086 meum,
1705 1022 1922 1077 et'dixit
1947 1039 1959 1075 :
1988 1022 2146 1076 Ecce

548 1113 857 1194 tetigitistc
894 1113 1034 1168 labia
1063 1122 1172 1180 tua,
1206 1123 1262 1168 et
1303 1113 1512 1168 auferet
1555 1115 1867 1184 iniquitates
1897 1121 2124 1178 tuas,.et

544 1221 766 1284 peccata
802 1220 895 1273 tua
939 1213 1216 1268 mundabit
1245 1212 1379 1284 (ιω.
1401 1213 1499 1284 vt).
1522 1233 1541 1266 ι
1572 1213 1647 1267 lbi
1686 1214 1831 1268 enim
1861 1215 1988 1284 quia
2035 1229 2124 1268 so-

545 1304 666 1358 lidae
689 1312 746 1360 et
776 1304 1030 1376 perfectae
1053 1305 1230 1360 aetatis
1258 1313 1395 1370 erat,
1427 1315 1489 1359 et
1507 1306 1620 1374 ipse
1647 1306 1967 1377 siinpiiciter
1994 1323 2122 1362 eon-

543 1397 725 1451 ﬁtetur
750 1397 892 1466 quod
937 1397 1212 1452 immunda
1261 1397 1401 1452 labia
1438 1397 1665 1463 habeat,
1714 1407 1770 1453 et
1811 1399 2020 1454 habitet
2068 1400 2123 1455 in

540 1485 721 1541 medio
747 1486 931 1556 populi
957 1486 1230 1541 immunda
1255 1485 1394 1541 labia
1421 1486 1689 1542 habentis.
1717 1486 1964 1542 Mittitur
1983 1504 2123 1543 unus

541 1574 609 1627 de
636 1575 933 1643 seraphim,
966 1574 1058 1645 qui
1085 1589 1192 1628 non
1221 1589 1404 1639 manu,
1435 1575 1531 1630 sed
1558 1574 1764 1646 forcipe
1801 1583 1857 1630 et
1889 1577 2124 1631 carbone

539 1675 727 1739 tangat
765 1683 827 1724 os
852 1667 989 1738 ejus,
1015 1675 1070 1722 et
1095 1667 1405 1736 iniquitates
1430 1666 1642 1722 auferat
1666 1676 1720 1722 et
1747 1667 1968 1723 mundet
1996 1682 2122 1737 pec-

537 1767 678 1814 cata.
730 1759 830 1814 Hic
891 1766 1070 1814 autem
1111 1758 1282 1829 ipsius
1322 1758 1419 1812 Dei
1473 1773 1666 1814 manus
1717 1759 1982 1824 mittitur,
2027 1773 2123 1828 per

2148 1814 2196 1874 B

2231 552 2376 608 enim
2411 552 2656 608 fortassis
2694 561 2870 620 esset,
2910 555 2956 610 si
3001 556 3256 611 ducatum
3300 557 3474 626 plebis
3516 557 3826 613 innumerae
3911 571 3917 575 ‘

2232 646 2370 702 sine
2401 646 2758 716 trepidatione
2803 646 3140 718 susciperet;
3187 655 3242 702 et
3290 663 3506 703 rursum
3551 647 3824 718 superbus

2231 739 2522 803 existeret,
2565 737 2611 792 si
2657 737 2912 794 Auctoris
2967 740 3207 810 imperio
3240 739 3462 794 obedire
3515 747 3816 794 recusaret.

2233 827 2530 898 Utrobique
2556 842 2686 898 ergo
2714 814 2988 898 subjectus
3010 838 3065 886 et
3107 845 3337 902 praeesse
3375 830 3585 900 populis
3611 839 3817 885 semet-

2231 919 2407 989 ipsum
2435 920 2721 975 metuendo
2749 920 3025 988 noluit,_.et
3066 930 3256 979 tamen
3282 923 3350 978 de
3383 923 3705 992 imperantis
3739 922 3821 976 vi-

2231 1012 2380 1067 ribus
2405 1011 2697 1067 consentit.

2304 1121 2323 1152 ε
2354 1102 2494 1158 Ecce
2522 1117 2623 1173 ego
2657 1102 2994 1158 constituite
3023 1103 3182 1158 hodie
3211 1116 3374 1172 super
3414 1111 3602 1174 gentes
3637 1111 3692 1159 et
3718 1117 3820 1157 su—

2233 1208 2268 1243 r-
2299 1205 2396 1259 per
2420 1205 2606 1261 regna,
2637 1198 2695 1245 ut
2719 1190 2938 1257 evellas,
2962 1200 3018 1246 et
3045 1193 3315 1258 destruas,
3344 1201 3400 1246 et
3426 1192 3724 1262 disperdas,
3758 1200 3820 1246 et

2234 1297 2254 1329 ‹
2298 1280 2549 1352 dissipes,
2593 1290 2648 1337 et
2693 1281 2949 1348 aedifices,
2976 1294 3031 1338 et
3059 1283 3294 1352 plantes.
3322 1304 3339 1336 ι
3378 1283 3672 1356 (Ηίενοη.)
3698 1284 3820 1338 Hoc

2226 1371 2367 1441 quod
2399 1388 2496 1428 nos
2531 1373 2596 1428 de
2625 1373 2894 1430 Hebraieo
2921 1375 3224 1430 addidimus
3253 1375 3495 1449 dissipes,
3521 1375 3636 1432 sive
3659 1375 3818 1445 depo-

2227 1479 2341 1527 nas,
2385 1463 2440 1517 in
2467 1463 2609 1518 LXX
2651 1479 2758 1518 non
2789 1465 3039 1519 habetur.
3070 1465 3138 1519 Et
3167 1465 3622 1522 considerandum
3664 1468 3818 1536 quod

2223 1562 2456 1621 quatuor
2490 1553 2736 1609 tristibus
2762 1555 2883 1610 duo
2912 1555 3032 1610 laeta
3077 1556 3390 1612 succedant.
3434 1556 3621 1626 Neque
3663 1557 3818 1612 enim

2222 1643 2479 1699 aedificari
2507 1645 2672 1710 bona,
2695 1645 2802 1700 nisi
2828 1646 3102 1704 destructa
3126 1649 3510 1715 essent'mala;
3537 1664 3637 1704 nec
3662 1648 3822 1719 plan-

2223 1735 2331 1790 tari
2384 1736 2616 1806 optima,
2665 1738 2772 1793 nisi
2825 1740 3234 1796 eradicarentur
3301 1741 3586 1812 pessima:
3629 1741 3819 1796 omnis

537 1865 700 1918 quam
726 1859 926 1906 cuncta
968 1828 1226 1920 operatus
1253 1857 1356 1915 est,
1387 1859 1445 1905 et
1471 1865 1592 1919 quae
1620 1850 1672 1903 in
1703 1849 1810 1904 alio
1847 1849 1967 1905 loco
1995 1850 2111 1904 bra-

2214 1828 2369 1884 enim
2404 1829 2685 1900 plantatio,
2728 1843 2891 1901 quam
2937 1847 3045 1888 non
3070 1833 3328 1904 plantavit
3356 1834 3595 1889 caelestis
3621 1833 3815 1897 Pater,

537 1940 722 1994 ehium
771 1939 968 1995 dicitur
1000 1957 1013 1993 :
1050 1954 1158 1995 non
1193 1947 1253 1996 ut
1297 1946 1517 2008 peccata
1559 1938 1808 2004 auferat,
1856 1953 1976 2008 quae
2024 1953 2124 2008 per

535 2031 824 2102 pueritiam
869 2030 1036 2086 multa
1071 2047 1178 2086 non
1225 2031 1447 2096 fecerat,
1489 2033 1590 2086 sed
1611 2039 1670 2085 ut
1702 2029 1970 2100 loquendi"
2000 2045 2120 2101 gra-

537 2108 912 2176 tiam'tribuat.
941 2122 1112 2176 Porro
1138 2121 1388 2176 Ezechiel
1418 2121 1611 2176 librum
1645 2120 1868 2176 devorat
1892 2129 1948 2176 et
1973 2121 2119 2176 intus

532 2219 587 2265 et
617 2210 751 2266 foris
773 2211 1050 2280 scriptum,
1079 2219 1191 2265 tam
1219 2219 1559 2265 sacramenta
1589 2211 1769 2264 divina
1796 2226 1960 2280 quam
1988 2211 2120 2266 sim-

529 2299 726 2370 plicem
774 2300 1059 2355 historiam
1095 2300 1463 2355 continentem
1507 2299 1724 2372 (Ezech.
1751 2302 1836 2372 ιι).
1869 2301 2118 2356 Ieremia:

528 2403 592 2446 os
639 2391 901 2463 tangitur,
945 2400 1000 2446 et
1033 2392 1247 2446 Domini
1289 2393 1454 2448 verba
1483 2393 1816 2457 tribuuntur,
1847 2402 1910 2447 ut
1948 2392 2118 2448 conli-

528 2483 768 2539 dentiam
797 2484 1030 2554 accipiat
1067 2483 1417 2554 praedicandi.
1458 2482 1805 2553 Pulchreque
1842 2482 1999 2553 juxta
2030 2481 2119 2536 lit-

525 2584 701 2630 teram
735 2591 930 2631 manus
972 2575 1228 2641 mittitur,
1267 2584 1325 2631 ut
1365 2577 1724 2632 humanorum
1770 2585 1988 2630 artuum
2035 2576 2117 2629 vi-

527 2665 661 2720 dens
698 2665 1127 2731 similitudinem,
1159 2673 1363 2721 tactum
1399 2682 1592 2722 manus
1627 2683 1734 2721 non
1775 2664 2112 2722 refbrmidet.

526 2750 729 2826 (Greg.)
772 2754 879 2810 Sed
912 2754 1212 2820 sciendum,
1243 2755 1387 2824 quod
1433 2771 1819 2827 nonnunquam
1855 2756 2115 2828 praedica-

525 2841 688 2897 tionis
712 2840 946 2898 oﬂicium
971 2850 1026 2897 et
1060 2843 1306 2898 nonnulli
1349 2843 1692 2900 laudabiliter
1729 2854 2010 2916 appetunt,
2058 2852 2114 2899 et

525 2931 592 2986 ad
643 2933 746 2988 hoc
801 2932 1023 2988 nonnuli
1078 2933 1420 2990 laudabiliter
1471 2935 1644 2990 coacti
1693 2937 2108 3005 pertrahuntur.

524 3020 679 3086 Quod
721 3022 923 3091 liquide
966 3025 1328 3094 agnoscimus,
1359 3025 1404 3080 si
1433 3034 1854 3081 memoratorum
1882 3027 2108 3081 duorum

2223 1920 2587 1976 eradicabitur
2634 1920 2852 1993 (Matth.
2877 1923 2993 1993 xv).
3043 1924 3112 1978 Et
3153 1924 3460 1992 aediﬁcatio,
3490 1938 3612 1995 quae
3643 1937 3817 1993 super

2221 2023 2433 2083 petram
2462 2028 2570 2069 nou
2616 2013 2781 2070 habet
2808 2013 3241 2081 fundamentum,
3282 2017 3378 2071 sed
3416 2015 3469 2070 in
3501 2031 3666 2070 arena
3691 2031 3814 2070 ex»

2223 2109 2430 2157 structa
2466 2110 2575 2170 est,
2605 2117 2856 2159 sermone
2885 2103 2980 2158 Dei
3009 2103 3292 2159 suffoditur
3316 2114 3488 2175 atque
3510 2104 3816 2158 destruitur

2222 2192 2434 2265 (Matth.
2458 2194 2578 2267 vn).
2609 2195 2756 2251 Illam
2797 2203 3181 2266 autenrquam
3209 2205 3494 2253 consumet
3518 2194 3676 2251 Iesus
3702 2196 3816 2266 spi-

2222 2284 2327 2338 ritu
2371 2284 2482 2340 oris
2527 2284 2643 2351 sui,
2683 2293 2739 2340 et
2765 2285 3008 2341 destruet
3053 2286 3287 2342 adventu
3336 2287 3637 2357 pmsentite
3669 2302 3806 2352 suae,

2219 2390 2436 2430 omnem
2458 2377 2664 2432 scilicet
2691 2377 3010 2448 sacrilegam
3035 2393 3455 2450 perversamque
3480 2379 3808 2445 doctrinam,

2220 2468 2493 2538 diSperdet
2548 2470 2604 2524 in
2647 2479 2992 2540 perpetuum.
3041 2471 3317 2528 Porro-ea
3366 2488 3487 2543 quae
3523 2473 3812 2528 elevantur

2219 2571 2407 2617 contra
2442 2563 2882 2628 scientiam‘Dei;
2919 2573 2974 2619 et
3001 2564 3065 2618 in'
3089 2579 3186 2620 sua
3213 2564 3490 2620 conﬁdunt
3518 2565 3807 2634 sapientia.

2218 2669 2338 2722 qua:
2369 2654 2512 2723 apud
2537 2654 2959 2709 Deum-stultitia
2989 2663 3094 2721 est,
3129 2656 3415 2727 dissipabit
3447 2665 3610 2727 atque
3639 2657 3810 2726 depth-

2216 2753 2346 2800 nct':
2369 2739 2789 2802 ut’aedificentur
2817 2762 2916 2818 pro
2942 2747 3028 2803 his
3061 2748 3307 2812 humilia,
3337 2755 3392 2803 et
3421 2749 3475 2804 in
3504 2748 3678 2804 locum
3715 2763 3810 2802 su-

2216 2837 2490 2904 periorum
2518 2851 2638 2906 qure
2666 2837 2938 2894 destructa
2964 2847 3090 2894 sunt
3114 2848 3168 2894 et
3205 2839 3414 2904 evulsa,
3456 2846 3810 2895 exstruantur

2217 2934 2378 2995 atque
2411 2927 2726 2998 plantentur
2773 2943 2895 2998 quae
2934 2929 3314 2985 ecclesiastica;
3351 2927 3806 2985 conveniunt've-

2216 3018 2394 3084 rilati;
2428 3027 2483 3074 et
2524 3017 2813 3090 impleatur
2840 3019 2984 3090 quod
3028 3018 3160 3075 dicit
3205 3017 3494 3088 Apostolus
3536 3015 3590 3078 (l
3616 3016 3798 3071 Caria.

524 3113 964 3182 prophetantium
1007 3115 1149 3170 facta
1176 3131 1486 3186 pensamus,
1513 3132 1743 3188 quorum
1775 3132 1916 3172 unus
1942 3124 2001 3171 ut
2041 3117 2108 3171 ad
2137 3131 2180 3194 ρ
2214 3110 2336 3181 tu):
2375 3130 2392 3161 ‹
2423 3110 2517 3165 Dei
2551 3110 2859 3176 rediticatio,
2903 3110 3003 3164 Dei
3041 3109 3368 3180 agricultura
3398 3107 3561 3163 estis?
3588 3125 3606 3158 ι
3647 3105 3802 3159 Multi

522 3203 924 3273 praedicandum
976 3206 1119 3261 mitti
1171 3206 1445 3264 debuisset
1498 3216 1688 3278 sponte
1738 3223 1796 3264 se
1844 3207 2105 3278 praebuit,

525 3309 755 3363 quorum
783 3304 963 3352 tamen
991 3297 1127 3353 alter
1161 3314 1388 3370 pergere
1423 3314 1546 3354 cum
1573 3314 1774 3369 pavore
1815 3298 2106 3354 recusavit.

521 3383 686 3438 lsaias
709 3385 907 3455 quippe
933 3386 1160 3444 Domino
1187 3389 1448 3458 quaerenti
1476 3403 1638 3458 quem
1670 3390 1934 3454 mitteret,
1964 3390 2109 3445 ultro

523 3489 582 3528 se
611 3473 806 3528 obtulit
839 3476 1059 3532 dicens:
1092 3495 1112 3528 ι
1138 3476 1219 3532 Εη
1239 3492 1362 3548 ego,
1387 3479 1542 3534 mitte
1571 3494 1658 3534 me
1688 3479 1822 3551 (lsa.
1848 3479 1946 3552 vl).
1969 3499 1988 3531 ι
2018 3478 2109 3535 Je-

524 3564 723 3619 remias
746 3573 927 3620 autem
955 3566 1210 3630 mittitur,
1237 3575 1292 3621 et
1318 3577 1497 3624 tamen
1525 3583 1594 3623 ne
1623 3568 1762 3623 mitti
1793 3570 1988 3625 debeat
2011 3569 2109 3624 hu-

522 3663 723 3719 militer
765 3664 1060 3720 reluctatur
1093 3665 1280 3721 dicens
1321 3684 1334 3720 :
1377 3685 1396 3719 ι
1435 3655 1548 3734 Ha,
1595 3670 1695 3735 ha,
1741 3671 1833 3736 ha,
1883 3671 2109 3726 Domine

522 3754 686 3821 Deus,
709 3770 834 3810 ecce
864 3757 1047 3811 nescio
1077 3755 1242 3825 loqui,
1269 3757 1395 3826 quia
1425 3772 1560 3827 puer
1585 3773 1684 3830 ego
1715 3775 1854 3826 sum.
1879 3780 1898 3813 ι
1933 3760 2012 3814 En
2039 3761 2106 3816 ab

521 3847 766 3916 utrisque
792 3847 1031 3902 exterius
1059 3847 1272 3903 diversa
1319 3863 1421 3903 vox
1449 3850 1667 3920 prodiit,
1698 3851 1790 3905 sed
1823 3866 1929 3906 non
1957 3867 1990 3907 a
2016 3852 2100 3906 di—

521 3950 679 3991 verso
719 3934 866 3992 fonte
899 3936 1202 3992 dilectionis
1248 3940 1539 3994 emanavit.
1590 3940 1706 3996 Duo
1751 3941 1951 4011 quippe
1982 3950 2108 3997 sunt

519 4034 786 4097 praecepta
815 4027 1117 4093 charitatis,
1149 4029 1245 4082 Dei
1289 4028 1538 4084 videlicet
1568 4044 1741 4095 amor,
1769 4037 1824 4084 et
1849 4030 2102 4100 proximi.

521 4116 627 4172 Per
653 4119 881 4172 activam
907 4119 1072 4172 vitam
1119 4119 1283 4188 igitur
1309 4119 1566 4188 prodesse
1587 4121 1849 4191 proximis
1883 4121 2106 4190 cupiens

519 4207 704 4273 Isaias,
753 4208 988 4263 ofﬁcium
1024 4210 1425 4279 praedicationis
1469 4212 1699 4280 appetit;
1729 4227 1826 4282 per
1865 4219 2106 4266 contem-

521 4298 778 4366 plativam
811 4313 942 4352 vero
973 4295 1235 4353 Jeremias
1263 4299 1435 4353 amori
1466 4299 1774 4354 Conditoris
1800 4301 1984 4355 sedulo
2025 4302 2106 4355 in-

524 4390 732 4444 ltrcrere
757 4389 1090 4455 desiderans,
1119 4405 1187 4444 ne
1217 4387 1356 4443 mitti
1382 4389 1448 4443 ad
1479 4390 1880 4459 praedicandum
1911 4391 2105 4445 debeat

2212 3204 2358 3258 hunc
2395 3203 2572 3258 locum
2605 3218 2768 3273 super
2802 3217 3093 3272 personam
3123 3201 3324 3257 Christi
3353 3199 3677 3269 intelligunt.
3709 3196 3803 3252 Je-

2210 3295 2411 3350 remias
2443 3295 2588 3350 enim
2619 3294 3008 3364 interpretatur
3045 3292 3278 3348 excelsus
3325 3290 3555 3352 Domini,
3583 3288 3675 3358 qui
3705 3287 3799 3342 de-

2209 3383 2408 3439 struxit
2441 3397 2606 3454 regna
2639 3383 2855 3449 diaboli,
2882 3397 3002 3454 qua:
3029 3381 3134 3437 sibi
3159 3382 3215 3436 in
3240 3379 3456 3435 excelso
3484 3376 3679 3432 montis
3709 3388 3800 3433 σε·

2210 3473 2506 3539 tenderat;
2545 3473 2885 3528 adversarias
2943 3470 3183 3541 perdidit
3221 3467 3564 3540 potestates,
3613 3465 3798 3521 dolens

2209 3565 2628 3637 chirographum
2676 3577 2923 3619 errorum
2969 3561 3023 3615 in
3057 3574 3240 3616 cruce.
3290 3558 3368 3613 De
3415 3557 3610 3626 quibus
3642 3563 3694 3610 et
3737 3555 3796 3608 in

2208 3656 2441 3727 psalmo,
2469 3664 2589 3725 post
2616 3655 2856 3710 historia:
2884 3653 3194 3716 veritatem,
3219 3655 3477 3725 τροπικῶς
3508 3647 3742 3717 loquitur
3771 3660 3786 3698 :

2214 3766 2232 3796 σ
2263 3745 2442 3813 Quare
2479 3745 2815 3800 fremuerunt
2857 3751 3070 3813 gentes,
3095 3749 3152 3795 et
3181 3737 3365 3808 pepuli
3395 3734 3640 3791 meditati
3669 3741 3796 3788 sunt

2208 3835 2422 3890 inania?
2449 3835 2751 3889 Astiterunt
2792 3846 2948 3902 reges
2975 3838 3157 3895 terrae,
3190 3835 3248 3882 et
3285 3825 3559 3897 principes
3595 3837 3792 3880 conve-

2208 3935 2404 3982 nerunt
2428 3925 2482 3979 in
2507 3938 2672 3978 unum
2700 3919 2873 3993 (Psat.
2898 3920 2980 3993 ιι).
3004 3940 3022 3973 ι
3067 3919 3174 3974 Pro
3213 3918 3298 3972 his
3326 3915 3549 3980 evulsis,
3585 3914 3796 3968 destru-

2206 4017 2327 4081 etis,
2351 4015 2576 4085 perditis
2590 4021 2644 4068 et
2667 4013 2722 4067 in
2745 4011 2999 4066 inferiora
3017 4008 3296 4072 detractis,
3315 4006 3616 4062 aedificatur
3630 4013 3794 4073 atque

2205 4107 2480 4178 plantatur
2525 4102 2764 4159 Ecclesia
2802 4101 2917 4156 Dei.
2955 4099 3133 4168 Super
3174 4096 3423 4152 Ieremia:
3463 4101 3643 4149 autem
3669 4106 3798 4162 pcr-

2205 4215 2337 4254 sona
2373 4197 2518 4252 nulla
2569 4195 2835 4251 dubitatio
2880 4202 2983 4248 est.
3030 4189 3281 4261 Legimus
3323 4187 3469 4243 enim
3513 4185 3569 4240 in
3605 4198 3796 4239 conse-

2204 4289 2495 4358 quentibus
2523 4285 2667 4356 quod
2695 4285 2750 4339 in
2796 4298 2960 4338 manu
2989 4281 3219 4351 accipiat
3255 4278 3478 4334 calicem
3510 4275 3645 4330 meri
3679 4273 3795 4344 ple-

2205 4394 2354 4444 num,
2383 4387 2436 4432 et
2462 4378 2759 4448 propinare
2773 4375 3028 4446 jubcatur
3056 4371 3268 4427 cunctis
3312 4369 3368 4422 in
3414 4365 3643 4422 circuitu
3689 4377 3793 4416 na—

523 4479 862 4534 contradicit.
887 4479 1042 4547 Quod
1071 4495 1198 4550 ergo
1226 4454 1566 4534 laudabiliter
1591 4478 1723 4534 alter
1750 4481 1971 4550 appetit,
1999 4482 2103 4537 hoc

2214 4470 2463 4524 tionibus.
2514 4465 2713 4539 (Θήῃ.)
2764 4464 2990 4536 Mystice
3039 4469 3216 4517 autem
3266 4459 3576 4550 quicunque
3612 4454 3796 4550 abeo

520 4567 868 4624 laudabiliter
908 4568 1047 4624 alter
1069 4569 1303 4639 expavit.
1337 4570 1443 4626 Iste
1474 4584 1541 4624 ne
1569 4569 1744 4624 tacita:
1776 4571 2104 4639 contempla-

520 4661 682 4716 tionis
716 4661 864 4716 lucra
913 4661 1179 4730 loquendo
1221 4663 1490 4733 perderet,
1525 4661 1613 4717 ille
1652 4677 1719 4716 ne
1757 4663 1952 4717 damna
1991 4671 2100 4717 stu-

517 4754 656 4810 diosi
698 4755 876 4826 Oper-is
907 4754 1133 4809 tacendo
1179 4734 1423 4810 seniiret.
1473 4754 1579 4809 Sed
1611 4755 1712 4809 hoc
1756 4755 1810 4809 in
1852 4757 2098 4826 utrisque

515 4853 599 4901 est
633 4846 902 4901 subtiliter
944 4844 1297 4900 intuendum:
1339 4846 1463 4914 quia
1495 4846 1624 4900 etis
1671 4847 1764 4914 qui
1805 4847 2096 4908 recusavit,

516 4937 750 5008 plcniter
784 4955 888 4994 non
922 4937 1158 5005 resistit;
1201 4945 1256 4991 et
1299 4937 1342 4990 is
1373 4937 1462 5005 qui
1493 4937 1632 4990 mitti
1671 4939 1842 4992 voluit
1887 4947 2012 4992 ante
2040 4954 2098 4993 se

517 5042 613 5098 per
635 5026 821 5082 altaris
843 5027 1109 5083 calculum
1138 5036 1423 5097 purgatum
1452 5027 1603 5092 vidit,
1632 5042 1700 5081 ne
1725 5037 1816 5081 aut
1843 5044 1947 5082 non
1977 5044 2100 5096 pur-

517 5128 674 5191 gatus
715 5121 863 5174 adire
905 5119 1135 5189 quisque
1181 5133 1332 5173 sacra
1384 5117 1686 5172 ministeria
1732 5117 1956 5183 audeat,
2006 5125 2097 5171 aut

515 5226 676 5282 quem
705 5226 932 5281 superna
962 5211 1136 5281 gratia
1177 5208 1370 5278 elegit,
1414 5209 1514 5262 sub
1558 5208 1877 5262 humilitatis
1921 5208 2097 5276 specie

513 5301 742 5370 superba
789 5303 1142 5356 contradicat.
1187 5300 1321 5367 Quia
1367 5298 1529 5369 igitur
1566 5297 1720 5352 valde
1761 5295 1972 5350 diflicile
2014 5304 2098 5351 est

512 5402 797 5464 purgatum
833 5409 891 5448 se
936 5393 1222 5464 quemlibet
1255 5407 1412 5461 posse
1455 5404 1806 5460 cognoscere,
1835 5387 2095 5456 praedica-

512 5493 673 5548 tionis
702 5492 937 5549 oflicium
986 5491 1152 5546 tutius
1197 5490 1531 5550 declinatur;
1565 5503 1666 5542 nec
1698 5495 1877 5541 tamen
1927 5484 2094 5540 decli-

512 5586 656 5649 nari,
688 5594 748 5641 ut
785 5585 1039 5647 diximus,
1073 5582 1422 5652 pertinaciter
1453 5581 1633 5645 debet,
1673 5594 1795 5634 cum
1824 5577 1890 5633 ad
1919 5576 2092 5632 susci-

511 5676 765 5748 piendum
810 5677 915 5732 hoc
959 5690 1190 5745 superna
1246 5673 1494 5728 voluntas
1554 5671 1886 5743 agnoscitur.
1937 5667 2094 5736 Quod

511 5771 684 5828 Muses
728 5780 1014 5840 utrumque
1048 5767 1182 5822 miro
1230 5783 1389 5836 upcrc
1423 5765 1688 5837 explevit,
1735 5764 1825 5835 qui
1861 5776 2090 5835 prtccsse

1287 5869 1350 5906 ’θ’

2207 4558 2403 4627 accipit
2444 4557 2630 4621 verba,
2662 4569 2882 4611 sumens
2921 4553 3152 4624 gratiam
3179 4549 3418 4605 caelestis
3460 4544 3679 4615 eloquii,
3707 4542 3795 4596 id-

2204 4650 2350 4705 circo
2377 4663 2441 4703 ea
2467 4647 2684 4717 accipit,
2717 4653 2774 4700 ut
2807 4659 2971 4714 regna
3019 4649 3315 4711 gentesque
3348 4636 3591 4693 eradicet
3625 4640 3794 4702 atque

2204 4743 2502 4796 subvertat.
2552 4739 2660 4792 Sed
2708 4751 2832 4791 cum
2879 4734 3226 4789 nominentur
3275 4743 3441 4800 regna
3485 4735 3542 4783 et
3578 4732 3788 4798 gentes,

2203 4834 2379 4887 omnis
2405 4832 2497 4902 qui
2526 4830 2706 4885 divina
2731 4827 2894 4882 verba
2927 4825 3188 4894 suscepit,
3218 4823 3342 4878 nolo
3377 4836 3504 4877 eum
3535 4832 3792 4888 corpora-

2204 4926 2330 4980 liter
2372 4923 2672 4991 intelligere
2718 4934 2881 4988 regna
2923 4927 2978 4972 et
3024 4925 3249 4988 gentes;
3295 4915 3390 4970 sed
3437 4910 3791 4968 cmtsiderans

2205 5019 2414 5072 animas
2434 5015 2710 5070 hominum
2739 5011 3063 5083 gubernatas
3078 5025 3108 5063 a
3129 5015 3371 5079 peccato,
3389 5004 3541 5074 juxta
3566 5004 3619 5058 id
3641 5002 3788 5072 quod

2205 5112 2257 5165 in
2288 5108 2542 5179 Apostolo
2581 5107 2843 5176 scriptum
2869 5114 2988 5159 est:
3027 5103 3142 5159 Non
3187 5109 3376 5172 regnet
3420 5115 3551 5168 ergo
3587 5111 3782 5168 pecca-

2205 5211 2316 5256 tum
2342 5201 2396 5255 in
2424 5197 2639 5253 mortali
2670 5203 2850 5250 vestro
2885 5209 3142 5264 corpore;
3191 5193 3381 5246 videns
3405 5203 3617 5260 quoque
3647 5187 3789 5240 mul-

2202 5299 2287 5346 tas
2328 5290 2536 5361 species
2561 5287 2905 5349 delictorum,
2951 5284 3260 5355 allegorizet
3306 5295 3468 5350 regna
3513 5286 3567 5343 et
3596 5285 3786 5348 gentes

2202 5398 2301 5454 per
2320 5382 2470 5435 varia
2494 5379 2710 5442 delicta,
2738 5391 2859 5446 quae
2885 5376 3150 5429 humanas
3173 5372 3382 5426 animas
3406 5369 3782 5438 possederunt.

2203 5475 2269 5529 Et
2297 5475 2414 5529 haec
2456 5478 2618 5528 erunt
2660 5483 2781 5540 qua:
2823 5466 3120 5521 cvellentur
3159 5472 3320 5534 atque
3348 5459 3705 5514 suﬂ‘odientur
3753 5471 3781 5508 a

2201 5565 2540 5622 sermonibus
2578 5560 2701 5621 Dei,
2751 5558 2842 5629 qui
2888 5557 2996 5611 dati
3047 5563 3172 5610 sunt
3216 5553 3330 5607 sive
3374 5546 3626 5604 Jeremitr.
3665 5545 3780 5598 si"

2202 5658 2412 5716 caeteris
2467 5654 2690 5711 sanctis.
2746 5651 2929 5720 Neque
2977 5663 3105 5704 vero
3159 5651 3473 5718 ignoramus
3517 5636 3778 5708 quosdam

2199 5768 2318 5809 esse
2349 5750 2436 5823 qui
2472 5751 2574 5806 ista
2621 5749 2873 5811 referant,
2909 5741 3064 5814 quasi
3095 5740 3295 5808 majora
3329 5731 3581 5792 Jercmia,
3619 5743 3780 5783 super
