4100 6324
237 338 262 371 ,ί
303 332 410 386 ..Μ

1227 323 1595 382 ΕΧΡΟΞΙΤΙΟ
1632 322 1858 380 SUPER
1896 319 2265 381 JEREMIAM.
2308 355 2374 365 κ·-
2419 325 2554 380 Llli.
2597 323 2632 379 ῐ.

3477 334 3591 389 832⁸

257 516 259 518 η
316 442 595 498 Salvatore
644 449 829 497 nostro
875 448 930 496 et
965 439 1192 495 Domino
1237 436 1360 494 Jesu
1411 437 1649 494 Christo.
1699 436 1890 494 Scicn-
1918 444 1966 501 Α
1994 436 2110 504 ejus
2142 436 2458 491 Emmanuel
2487 436 2627 506 (Ira.
2655 435 2772 508 vn).
2797 454 2817 490 ›
2862 438 3041 508 linque
3080 437 3316 506 additur,
3353 461 3370 492 ι
3401 444 3590 512 ιιι-Μελ

315 532 552 601 dumque
595 531 750 600 plura
788 545 855 585 ex
897 530 982 585 ltis
1021 544 1141 584 esse
1187 543 1306 597 qua:
1352 536 1580 598 possunt
1629 528 1892 584 Salvatori

314 621 625 686 convenire,
653 635 774 690 qum
807 620 970 676 etiam
999 634 1098 673 nos
1127 619 1555 687 interponemus.
1585 617 1762 674 Pauca
1801 634 1898 674 au-

315 721 422 767 tem
467 727 655 767 eorum
698 725 818 780 qua:
853 710 920 764 ad
953 707 1242 764 Jeremiam
1284 707 1426 763 dicta
1466 715 1591 762 sunt
1616 717 1893 764 coarctant

315 801 668 867 intellectum,
716 800 858 869 quod
899 813 1006 853 non
1035 798 1264 868 possint,
1291 806 1349 853 ut
1382 797 1561 868 plures
1601 799 1892 866 aestimant,

313 894 382 948 ad
429 895 598 948 Deum
644 890 856 946 referri.
885 889 1015 957 Quae
1041 905 1170 961 ergo
1198 897 1323 944 sunt
1364 905 1485 960 qua:
1509 898 1735 960 possunt
1767 907 1894 947 con-

312 983 498 1037 venire
519 982 586 1037 ad
616 981 937 1037 Dominum?
969 999 987 1031 ‹
1019 981 1102 1036 Ad
1124 995 1285 1037 omne
1306 996 1658 1053 quoscunque
1681 981 1894 1036 mittam

314 1081 386 1138 te,
426 1073 550 1136 ibis,
587 1080 642 1127 et
660 1071 846 1126 omnia
874 1086 995 1140 qua:
1040 1072 1237 1127 mando
1266 1072 1381 1138 tibi,
1416 1071 1673 1142 loqueris.
1704 1071 1782 1126 Ne
1821 1073 1894 1127 ti-

311 1181 460 1220 meas
487 1181 518 1220 a
547 1165 684 1219 facie
712 1178 919 1231 eorum,
948 1166 1074 1235 quia
1108 1175 1285 1222 tecum
1311 1181 1412 1237 ego
1439 1181 1582 1232 sum,
1627 1175 1686 1222 ut
1705 1182 1893 1224 emam

313 1262 386 1318 te,
409 1255 541 1309 dicit
578 1255 857 1311 Dominus.
896 1275 914 1307 ι
942 1253 1182 1311 Necdum
1219 1256 1321 1312 ista
1348 1257 1523 1313 otiose
1549 1258 1800 1314 videntur
1827 1259 1892 1313 ad

313 1344 648 1400 Salvatorem
694 1345 907 1412 referri,
953 1361 1018 1401 ea
1064 1362 1193 1402 vero
1246 1363 1365 1416 qua:
1403 1357 1742 1418 sequuntur:
1777 1369 1794 1400 ι
1827 1349 1896 1404 Ει

312 1436 550 1489 extendit
586 1435 845 1489 Dominus
883 1451 1100 1489 manum
1129 1452 1283 1490 suam
1315 1435 1380 1490 ad
1414 1453 1520 1502 me,
1545 1446 1600 1492 et
1630 1438 1803 1509 tetigit
1832 1453 1895 1492 os

313 1539 491 1578 meum
526 1534 581 1580 et
607 1525 742 1578 dixit
781 1525 848 1578 ad
879 1539 966 1579 me
993 1541 1007 1578 :
1031 1525 1169 1579 Ecce
1199 1525 1318 1579 dedi
1357 1539 1634 1580 sermones
1663 1541 1812 1581 meos
1840 1528 1895 1580 in

310 1626 373 1666 os
421 1620 604 1676 tuum;
638 1628 764 1668 ecce
808 1614 1063 1668 constitui
1108 1623 1159 1669 te
1203 1615 1362 1670 hodie
1407 1630 1570 1684 super
1616 1625 1804 1686 gentes
1841 1625 1897 1671 et

312 1716 498 1772 regna,
527 1703 806 1758 eradicare
831 1711 886 1757 et
913 1703 1241 1773 diSperdere,
1271 1714 1326 1758 et
1352 1703 1640 1770 aediﬁcare,
1667 1725 1685 1756 ι
1717 1705 1783 1760 de
1811 1704 1896 1760 Je-

1995 543 2156 598 quam
2201 536 2491 599 cognoscat
2536 543 2690 598 puer.
2714 549 2733 582 ›
2770 529 2830 584 Si
2869 538 3050 585 autem
3080 541 3135 587 et
3180 532 3247 587 de
3287 535 3586 607 Evangelia,

1995 621 2241 689 accipere
2295 628 2507 691 oportet
2553 621 2950 686 testimonium,
2995 622 3153 678 Jcsus
3199 628 3428 682 necdum
3471 631 3577 694 vir,

1995 709 2087 764 sed
2114 709 2290 766 adhuc
2315 708 2510 775 infans,
2537 711 2664 780 quia
2691 726 2749 766 se
2777 712 3154 768 exinaniverat
3177 715 3405 772 formam
3437 723 3580 775 servi

1994 799 2264 869 accipiens
2306 797 2526 871 (Philip.
2554 800 2639 872 ιι),
2672 802 3010 871 proﬁciebat.
3041 804 3208 860 Nemo
3239 817 3420 863 autem
3457 827 3581 880 pro-

1995 889 2128 954 ﬁcit,
2157 890 2249 959 qui
2283 891 2556 960 perfectus
2600 901 2723 947 est:
2759 893 2852 948 sed
2882 894 2971 948 ille
3001 895 3214 964 proﬁcit
3253 898 3344 965 qui
3379 899 3584 968 indiget

1993 978 2255 1051 profectu.
2286 981 2427 1051 Ergo
2459 981 2780 1050 proﬁciebat
2809 992 2987 1050 relate,
3019 985 3338 1054 proﬁciebat
3374 989 3584 1058 sapien-

1995 1069 2090 1135 tia,
2120 1069 2437 1140 proﬁciebat
2478 1073 2652 1140 gratia
2678 1074 2820 1142 apud
2850 1073 3019 1129 Deum
3047 1085 3101 1130 et
3128 1077 3270 1145 apud
3301 1079 3582 1136 homines.

1993 1158 2130 1214 Nam
2171 1160 2216 1214 si
2249 1172 2606 1217 evacuavcrat
2650 1179 2888 1233 sctpsum
2919 1166 2987 1220 ad
3028 1181 3127 1222 nos
3166 1167 3501 1224 descendens
3527 1179 3584 1225 et

1994 1263 2263 1304 evacuans
2287 1250 2546 1320 seipsum,
2572 1256 2865 1323 resumpsit
2891 1255 3087 1310 iterum
3117 1272 3180 1311 ea
3205 1258 3270 1313 de
3297 1260 3492 1328 quibus
3522 1275 3586 1315 se

1994 1340 2143 1409 prius
2202 1349 2580 1396 evacuaverat.
2632 1342 2770 1408 Quid
2827 1345 3100 1416 indignum
3139 1341 3236 1400 est
3288 1347 3581 1418 profecisse

1994 1443 2117 1482 eum
2165 1429 2449 1498 sapientia,
2495 1431 2790 1501 profecisse
2827 1441 3005 1500 aetate,
3059 1435 3353 1505 profecisse
3407 1440 3581 1508 gratia

1995 1521 2135 1589 apud
2165 1520 2334 1576 Deum
2361 1530 2417 1576 et
2450 1522 2720 1589 homines,
2747 1533 2802 1578 et
2830 1541 2957 1579 vera
2991 1527 3055 1580 de
3080 1543 3145 1582 eo
3174 1543 3296 1583 esse
3327 1529 3428 1583 ista
3462 1545 3583 1599 qua:

1996 1610 2139 1664 dicta
2181 1617 2325 1676 sunt,
2366 1629 2384 1660 ι
2412 1611 2726 1681 priusquam
2769 1626 3065 1682 cognoscat
3093 1633 3230 1686 puer
3251 1619 3454 1674 bonum
3485 1629 3584 1674 aut

1997 1701 2260 1766 malum,»
2301 1709 2354 1756 et
2381 1717 2445 1756 ea
2473 1718 2592 1770 qua:
2621 1704 2688 1757 de
2729 1712 2918 1759 eodem
2965 1707 3421 1777 interposuimus?
3472 1711 3584 1766 Sed

313 1793 482 1846 retnia
513 1791 780 1847 diﬁicilem
812 1791 1019 1847 faciunt
1063 1792 1582 1862 interpretationem,
1623 1793 1725 1847 nisi
1754 1793 1894 1848 forte
1924 1782 1969 1840 Β
1998 1794 2126 1848 dicit
2157 1794 2286 1848 ntihi
2313 1793 2541 1864 aliquis:
2574 1794 2749 1848 Etiam
2783 1795 2827 1850 si
2863 1805 3017 1866 potes
3044 1797 3171 1851 illud
3200 1801 3265 1854 de
3294 1799 3580 1857 Salvatore

311 1883 641 1954 accipiamus
667 1899 732 1938 eo
759 1884 919 1938 modo
939 1898 1046 1954 quo
1073 1899 1235 1954 supra
1260 1885 1513 1951 diximus,
1542 1893 1601 1939 ut
1625 1887 1893 1954 acceperit

311 1975 365 2029 in
396 1990 556 2030 manu
585 1975 807 2032 calicem
838 1975 974 2030 meri
1017 1975 1259 2046 plenum,
1287 1984 1344 2030 et
1377 1977 1563 2048 jussus
1594 1977 1666 2032 sit
1709 1977 1893 2047 propi-

311 2080 444 2120 nare
469 2066 678 2120 cunctis
706 2065 759 2119 in
789 2064 1018 2121 circuitu
1048 2066 1377 2122 nationibus.
1408 2066 1554 2134 Quas
1591 2066 1735 2121 enim
1762 2082 1893 2136 gen-

312 2161 394 2208 tes
428 2153 723 2209 eradicavit
764 2153 1059 2218 Jcremias,
1107 2169 1228 2224 quae
1279 2171 1442 2226 regna
1491 2156 1784 2219 subvertit,
1833 2165 1895 2211 ut

308 2241 507 2298 merito
539 2243 589 2296 ei
615 2242 816 2297 dictum
843 2241 936 2308 sit,
971 2261 989 2294 ι
1017 2241 1159 2298 Ecce
1188 2243 1443 2298 constitui
1475 2251 1524 2298 te
1550 2243 1708 2298 hodie
1732 2257 1894 2313 super

309 2339 500 2400 gentes
526 2340 581 2385 et
610 2347 776 2402 regna
814 2332 1096 2388 eradicare
1125 2342 1181 2388 et
1218 2331 1519 2389 suffodere?
1539 2351 1560 2387 ι
1592 2333 1763 2402 Quam
1799 2334 1894 2389 ha-

307 2420 425 2474 buit
453 2429 779 2490 potestatem
819 2421 889 2476 ad
930 2421 1375 2492 disperdendum,
1423 2431 1503 2493 ut.
1529 2424 1760 2480 audierit
1791 2443 1808 2475 ι
1838 2433 1893 2478 ει

310 2510 654 2582 disperdere?
696 2531 714 2563 ι
742 2511 891 2578 Quos
920 2527 1050 2568 vexo
1079 2512 1366 2568 aediﬁcavit
1392 2522 1453 2569 ut
1499 2523 1894 2586 consequenter

309 2601 536 2656 addatur
555 2621 572 2652 ι
595 2611 650 2656 ει
673 2602 980 2658 :ediﬁcare?
1006 2621 1024 2654 ι
1052 2601 1315 2658 Jeremias
1331 2604 1465 2658 dixit
1484 2623 1496 2657 :
1522 2624 1539 2655 ι
1560 2604 1676 2658 Non
1693 2604 1890 2674 profui,

311 2705 486 2760 neque
520 2691 727 2761 profuit
767 2693 899 2746 mihi
950 2692 1161 2762 aliquis.
1190 2713 1207 2743 ι
1241 2694 1307 2747 Ει
1340 2695 1607 2762 quomodo
1646 2695 1768 2749 data
1808 2704 1894 2750 est

311 2777 361 2832 ei
389 2780 673 2835 aediﬁcatio
705 2788 869 2850 atque
911 2780 1216 2850 plantatio?
1247 2781 1390 2848 Haec,
1438 2789 1498 2837 ut
1543 2783 1797 2848 diximus,
1825 2784 1893 2838 ad

313 2869 649 2923 Salvatorem
699 2870 870 2924 relata
916 2885 1022 2926 non
1081 2882 1365 2927 coarctant
1419 2873 1888 2944 interpretantem.

310 2957 574 3014 Jeremias
617 2958 762 3014 enim
790 2959 845 3013 in
873 2959 994 3015 istis
1028 2961 1331 3017 Salvatoris
1358 2963 1530 3034 ﬁgura
1557 2970 1661 3018 est.
1691 2963 1797 3019 Sed
1825 2981 1890 3020 ea

315 3066 437 3122 qua:
481 3058 785 3122 sequuntur
811 3052 976 3106 etiam
1021 3052 1339 3108 doctissimo
1368 3054 1572 3109 homini
1603 3053 1891 3109 dilﬁculta-

313 3151 421 3196 tem
451 3141 804 3210 expositionis
833 3142 1160 3213 important,
1210 3145 1482 3215 quomodo
1510 3147 1719 3214 possint
1764 3162 1894 3202 con-

317 3248 510 3304 gruere
542 3232 650 3304 [ΑΙ.
676 3232 802 3286 add.
831 3233 1104 3306 Domino].
1140 3255 1157 3286 ι
1182 3236 1245 3290 El
1277 3237 1389 3291 dixi
1418 3255 1432 3290 :
1459 3235 1560 3304 Qui
1609 3253 1687 3303 es,
1719 3237 1893 3292 domi-

315 3331 472 3378 natur
501 3323 761 3379 Domine?
800 3323 941 3380 Ecce
985 3327 1171 3382 nescio
1199 3327 1366 3396 loqui.
1410 3347 1429 3380 ι
1461 3327 1563 3394 Qui
1611 3337 1696 3384 est
1724 3330 1894 3385 virtus

315 3414 434 3479 Dei,
469 3415 563 3484 qui
608 3423 692 3470 est
736 3415 1022 3486 sapientia,
1054 3417 1110 3472 in
1153 3433 1260 3487 quo
1295 3418 1572 3488 plenitudo
1600 3420 1895 3475 divinitatis

323 3509 536 3563 habitat
577 3510 950 3579 corporaliter,
980 3513 1248 3582 quomodo
1297 3514 1425 3569 huic
1475 3517 1646 3584 aptari
1685 3525 1892 3586 potest,

317 3599 490 3653 nescio
521 3597 702 3669 loqui?
730 3598 837 3655 Sed
873 3608 929 3655 et
958 3601 1086 3656 illud
1106 3641 1121 3667 ,
1159 3603 1283 3672 quia
1309 3604 1518 3673 juvenis
1547 3622 1637 3674 ego
1667 3622 1784 3659 sum
1820 3608 1898 3659 in-

320 3687 602 3744 terdicitur
625 3690 697 3755 ei,
725 3691 880 3761 quasi
915 3707 1022 3746 non
1047 3693 1182 3746 bene
1207 3694 1565 3763 responderit.
1597 3695 1654 3749 Si
1678 3696 1820 3750 enim
1845 3697 1894 3750 ei

319 3779 449 3834 dicit
475 3779 763 3835 Dominus:
789 3799 808 3831 ι
833 3780 951 3836 Noli
974 3782 1174 3848 dicere,
1199 3783 1323 3852 quia
1348 3782 1560 3852 juvenis
1583 3801 1684 3856 ego
1707 3801 1849 3851 sum,
1871 3807 1890 3838 ο

320 3869 662 3925 manifestum
690 3880 776 3926 εει
801 3873 954 3942 quasi
987 3889 1094 3928 non
1123 3873 1260 3927 bene
1289 3873 1560 3928 dicentem
1605 3875 1770 3930 fuisse
1814 3890 1898 3930 re-

318 3961 665 4029 prehensum.
709 3960 834 4016 ilmc
862 3973 989 4018 sunt
1031 3979 1150 4033 quae
1195 3961 1462 4018 Salvatori
1499 3964 1759 4020 videntur
1789 3982 1896 4020 non

322 4051 629 4107 convenire.
656 4051 948 4122 Superiora
979 4063 1159 4108 autem
1188 4053 1330 4108 facili
1365 4053 1643 4110 intellectu
1679 4055 1746 4109 ad
1775 4071 1897 4111 eum

321 4139 647 4195 referuntur.
673 4141 729 4196 ln
761 4143 862 4198 hoc
908 4158 1086 4198 sermo
1133 4145 1542 4214 interpretantis
1581 4158 1902 4218 coangusta-

325 4237 430 4284 tur.
458 4227 640 4284 Iesum
667 4229 940 4286 Christum
967 4234 1167 4289 scimus
1194 4235 1380 4289 Deum.
1408 4236 1710 4302 Quzerimus
1739 4239 1898 4292 verba

325 4319 468 4389 quod
491 4321 631 4375 dicta
657 4331 784 4377 sunt
801 4322 956 4393 juxta
983 4340 1229 4393 persona:
1257 4341 1528 4395 exponere
1559 4328 1897 4398 dignitatem.

323 4411 660 4480 Quapropter
703 4426 924 4466 necesse
953 4415 1110 4468 nobis
1145 4423 1228 4468 est
1263 4415 1572 4484 Scripturas
1602 4427 1818 4473 sanctas
1847 4421 1898 4474 in

323 4503 693 4557 testimonium
724 4518 937 4558 vocare.
985 4504 1190 4560 Sensus
1229 4506 1426 4575 quippe
1457 4507 1628 4568 nostri
1655 4517 1705 4562 et
1737 4526 1900 4563 cnar-
1931 4492 1980 4550 Ι)

324 4593 563 4647 rationes
585 4593 703 4647 sine
740 4593 825 4647 his
869 4594 1094 4648 testibus
1124 4609 1232 4648 non
1266 4595 1468 4649 habent
1497 4596 1677 4650 ﬁdem.
1705 4598 1772 4652 Et
1801 4589 1918 4655 hoc.

323 4682 468 4751 quod
497 4681 698 4736 dictum
736 4689 854 4736 est:
888 4700 906 4732 ι
935 4682 992 4736 in
1027 4698 1122 4738 ore
1148 4684 1375 4738 duorum
1405 4693 1460 4740 et
1488 4686 1650 4739 trium
1681 4688 1901 4743 testium

324 4774 491 4828 stabit
527 4788 685 4828 omne
709 4772 934 4828 verbum
965 4771 1049 4843 (II
1073 4772 1194 4827 Cor.
1222 4775 1368 4841 xm),
1393 4794 1411 4827 ›
1446 4776 1618 4845 magis
1651 4779 1904 4832 convenit

324 4867 393 4921 ad
443 4866 852 4936 interpretantis
898 4866 1271 4937 probationem
1315 4883 1478 4937 quam
1525 4868 1594 4923 ad
1642 4883 1900 4938 quorum-

324 4972 538 5026 cunque
564 4956 842 5011 hominum
878 4972 1183 5012 numerum.
1213 4957 1284 5013 Ut
1316 4957 1526 5012 ﬁrmem
1556 4958 1790 5014 Verbum
1823 4961 1902 5014 in-

325 5047 573 5102 tellectus
604 5049 732 5112 mei,
765 5047 1034 5117 accipiens
1063 5047 1198 5103 duos
1218 5036 1392 5104 testes
1418 5050 1484 5104 de
1524 5049 1672 5104 Novo
1700 5059 1754 5105 et
1797 5051 1904 5106 Ve-

327 5136 428 5190 teri
459 5135 826 5201 Testamento,
855 5137 1130 5206 accipiens
1157 5145 1268 5192 tres
1297 5146 1466 5194 testes
1496 5139 1563 5193 de
1591 5121 1904 5210 Evatigelio,

326 5224 396 5279 de
439 5226 727 5295 pr0pheta,
769 5226 836 5282 de
880 5226 1154 5296 apostolis,
1193 5229 1271 5283 sic
1313 5229 1457 5282 enim
1487 5249 1505 5280 ‹
1543 5230 1707 5283 stabit
1748 5246 1907 5286 omne

329 5315 573 5368 verbum.
595 5336 612 5367 ι
639 5317 917 5383 Quomodo
946 5319 1109 5389 igitur
1131 5319 1428 5374 valebimus
1450 5321 1550 5374 ista
1577 5321 1908 5393 conjungere

333 5404 634 5461 Salvatori?
673 5408 772 5463 Det
816 5409 950 5464 mihi
997 5410 1364 5465 testimonium
1393 5410 1562 5466 Vetus
1593 5411 1906 5466 Testamen-

332 5505 485 5552 tum:
519 5513 537 5546 ι
567 5496 689 5566 quia
720 5498 1034 5567 priusquam
1081 5508 1338 5571 agnoscat
1381 5514 1517 5568 puer
1563 5500 1764 5554 bonum
1816 5509 1909 5554 aut

330 5586 602 5653 malum”
648 5598 750 5642 etc.
783 5605 797 5651 ;
841 5588 932 5642 det
974 5590 1134 5644 etiam
1179 5592 1385 5646 Isaias:
1425 5611 1442 5642 ι
1468 5591 1606 5646 Ecce
1655 5591 1817 5661 Virgo
1854 5593 1906 5645 iu

334 5689 488 5734 utero
517 5679 776 5748 (‘tittt‘ipii'l
812 5690 860 5733 et
893 5683 1063 5750 pariet
1107 5683 1292 5749 ﬁliutn,
1323 5691 1377 5737 et
1405 5684 1682 5738 vocabitur
1714 5700 1907 5738 nomen

1995 1884 2294 1954 intelligere
2327 1883 2529 1938 dictum
2545 1878 2698 1956 ﬁsse
2745 1886 2870 1955 quia
2917 1887 3153 1949 nesciat,
3191 1895 3246 1941 et
3272 1896 3466 1943 caetera
3506 1891 3580 1944 is-

1998 1974 2247 2028 tiusmodi
2291 1989 2411 2044 quas
2459 1975 2665 2029 minora
2697 1984 2841 2037 sunt,
2872 1976 3032 2030 etiam
3064 1975 3109 2030 si
3139 1974 3216 2046 [et
3241 1976 3310 2048 si]
3350 1992 3580 2046 puerum

1994 2078 2116 2118 eum
2146 2063 2407 2134 accipias,
2432 2078 2609 2117 nonne
2629 2063 2857 2118 offendis
2886 2065 2960 2117 ita
2995 2066 3276 2118 sentiendo
3295 2065 3361 2120 de
3387 2067 3578 2135 unige—

1995 2156 2110 2210 nito
2135 2164 2190 2208 et
2229 2156 2590 2226 primogenito
2632 2155 2898 2210 universae
2925 2166 3221 2222 creatur-aa;
3255 2156 3325 2212 de
3355 2172 3441 2224 eo,
3484 2161 3578 2229 qui

1995 2252 2288 2313 antequam
2347 2245 2724 2314 conciperetur
2771 2245 3119 2300 annuntiatus
3161 2254 3278 2312 est,
3325 2246 3582 2316 loquente

1995 2334 2245 2392 Gabriele
2281 2335 2508 2407 angelo:
2549 2354 2566 2386 ι
2592 2335 2826 2405 Spiritus
2852 2344 3073 2391 sanctus
3098 2337 3277 2393 veniet
3309 2351 3473 2409 super
3504 2347 3579 2402 te,

1995 2434 2050 2480 et
2073 2426 2246 2482 virtus
2269 2425 2530 2481 Altissimi
2557 2426 2901 2480 obumbrabit
2932 2434 2982 2480 te
3008 2427 3160 2497 (Luc.
3189 2429 3254 2498 ι),
3278 2447 3296 2480 ι
3329 2438 3384 2483 ει
3417 2429 3584 2484 audes

1995 2514 2178 2570 dicere
2205 2516 2329 2586 quia
2356 2513 2559 2570 nesciat
2593 2515 2772 2583 loqui?
2801 2515 3162 2582 Quamobrem
3189 2516 3382 2571 videbo
3413 2517 3457 2571 si
3494 2509 3586 2586 po;

1995 2613 2112 2661 tero
2153 2605 2358 2676 aliquid
2405 2605 2622 2676 dignum
2666 2605 2732 2659 de
2779 2605 3062 2660 Salvatore
3107 2605 3160 2659 in
3210 2606 3313 2660 hoc
3343 2606 3462 2660 loco
3503 2606 3585 2660 af-

1994 2694 2157 2761 ferre,
2205 2695 2472 2766 quomodo
2513 2694 2760 2765 quaedam
2806 2695 3054 2751 nesciens
3091 2695 3265 2765 major
3305 2696 3410 2761 sit,
3441 2696 3485 2750 si
3519 2711 3584 2750 ea

1996 2786 2325 2857 ignoraverit
2355 2802 2517 2856 quam
2544 2787 2591 2842 si
2631 2787 2836 2842 scierit.
2870 2786 3099 2842 Utamur
3126 2801 3256 2842 voce
3289 2787 3425 2858 ejus,
3452 2803 3583 2857 quo-

1995 2877 2156 2932 modo
2195 2877 2304 2932 sint
2347 2877 2549 2946 aliqua,
2587 2891 2708 2945 quae
2749 2877 2974 2932 nesciat.
3026 2877 3326 2946 Respondit
3360 2879 3440 2932 eis
3485 2878 3579 2946 qui

1996 2965 2098 3022 sibi
2146 2966 2433 3022 dicebant:
2474 2984 2492 3017 ι
2523 2965 2710 3021 Νοιιιιε
2747 2965 2801 3019 in
2838 2966 3055 3022 nomine
3088 2976 3179 3020 tuo
3224 2967 3582 3033 comedimus,

1995 3065 2049 3111 et
2084 3056 2139 3109 in
2160 3049 2389 3111 nomine
2421 3064 2512 3111 tuo
2544 3056 2803 3119 bibimus,
2846 3063 2902 3108 et
2931 3056 2984 3108 in
3031 3055 3246 3110 nomine
3275 3065 3365 3110 tuo
3391 3057 3586 3111 daemo-

1921 3138 1967 3201 C
1998 3146 2086 3200 nia
2127 3145 2403 3215 cjccimus,
2443 3153 2498 3200 et
2535 3147 2763 3199 virtutes
2809 3144 3071 3200 fecimus?
3116 3145 3385 3200 Discedite
3415 3161 3445 3198 a
3475 3160 3581 3210 me,

1997 3250 2104 3289 non
2152 3234 2276 3288 novi
2317 3248 2414 3287 vos
2459 3232 2676 3305 (Malm.
2700 3232 2818 3302 vn).
2843 3253 2860 3284 ι
2913 3231 3078 3286 Putas
3104 3249 3172 3288 ne
3197 3233 3299 3288 hoc
3339 3233 3482 3302 quod
3511 3232 3590 3286 ait

1998 3344 2101 3381 non
2138 3328 2256 3380 novi
2304 3339 2413 3393 vos,
2454 3327 2718 3381 minorem
2752 3327 3008 3381 virtutem
3037 3327 3154 3396 ejus
3197 3326 3474 3395 approbat,
3515 3341 3585 3380 an

1997 3417 2256 3486 majorem
2300 3425 2462 3486 atque
2488 3415 2813 3482 mirabiletn,
2839 3416 2966 3484 quia
2995 3416 3165 3470 malos
3200 3416 3578 3484 periturusque

1997 3509 2236 3562 nesciat?
2266 3508 2381 3562 Scit
2411 3508 2554 3562 enim
2584 3507 2651 3560 ab
2686 3508 2770 3562 his
2795 3505 3160 3571 diﬁ‘erentias,
3193 3507 3297 3560 scit
3323 3506 3544 3560 meliora
3567 3544 3584 3570 ,

1998 3599 2101 3654 scit
2133 3598 2388 3652 Dominus
2421 3610 2517 3651 eos
2551 3596 2641 3664 qui
2669 3594 2784 3664 ejus
2823 3604 2980 3661 sunt,
3015 3603 3070 3648 et
3100 3595 3144 3648 si
3185 3594 3307 3663 quis
3334 3594 3584 3664 ignorat,

2000 3690 2296 3759 ignoratur.
2313 3686 2498 3758 Igitur,
2516 3696 2574 3741 ut
2595 3696 2829 3751 constat,
2845 3694 3098 3755 peccator
3117 3685 3391 3754 ignoratur
3408 3699 3439 3738 a
3454 3684 3584 3738 Deo.

1998 3779 2140 3834 Dicit
2188 3779 2318 3833 mihi
2357 3779 2554 3848 aliquis
2583 3779 2648 3832 de
2693 3778 3031 3833 auditoribus
3069 3795 3081 3830 :
3119 3775 3415 3832 Ostendisti
3461 3776 3586 3844 quia

1999 3870 2205 3924 nesciat
2237 3877 2554 3938 peccatores
2589 3869 2748 3931 Deus,
2781 3867 3064 3922 ostendisti
3091 3868 3215 3936 quia
3248 3867 3458 3936 ignoret
3491 3880 3586 3919 eos

1999 3961 2092 4032 qui
2131 3968 2428 4030 operantur
2470 3960 2832 4028 iniquitatem,
2873 3973 3047 4028 neque
3090 3960 3234 4013 enim
3274 3959 3418 4028 digni
3463 3966 3588 4012 sunt

1999 4053 2273 4122 agnitione
2319 4051 2434 4121 ejus
2478 4066 2492 4104 :
2542 4050 2812 4119 quomodo
2855 4049 3179 4118 approbabis
3225 4064 3480 4118 magnum
3530 4057 3587 4102 et

2001 4142 2292 4212 gloriosum
2334 4155 2454 4196 esse
2496 4142 2638 4210 quod
2668 4140 2736 4194 ab
2776 4154 2841 4194 eo
2876 4141 3078 4194 dictum
3114 4147 3196 4193 est
3233 4157 3247 4192 :
3283 4138 3474 4192 Nescio
3513 4137 3592 4191 lo-

1999 4233 2131 4303 qui?
2155 4230 2327 4302 Loqui
2362 4232 2656 4286 humanum
2696 4239 2799 4295 est,
2827 4237 2882 4283 et
2912 4229 3212 4284 elocutione
3238 4243 3450 4300 semper
3487 4229 3591 4281 uli-

2004 4331 2110 4387 tur,
2154 4322 2304 4376 verbi
2335 4337 2498 4376 causa
2529 4320 2879 4375 Hebrzeorum
2923 4333 3053 4373 voce
3094 4319 3208 4373 sive
3247 4317 3587 4382 Grrecorum,

2002 4414 2116 4467 sive
2147 4412 2477 4481 reliquorum
2501 4425 2769 4465 sermone.
2803 4409 2944 4479 Ergo
2974 4408 3020 4461 si
3049 4407 3357 4462 ascenderis
3373 4408 3440 4461 ad
3465 4405 3588 4461 Sal-

2007 4514 2250 4558 vatorem
2275 4512 2332 4558 et
2353 4502 2545 4557 scieris
2569 4517 2692 4556 eum
2727 4501 2779 4554 in
2806 4500 3073 4571 principio
3101 4501 3241 4570 apud
3270 4501 3439 4568 Deum
3466 4497 3593 4552 Ver-

2008 4593 2158 4657 bum,
2187 4592 2392 4661 iuspice
2433 4591 2557 4659 quia
2587 4590 2794 4644 nesciat
2831 4589 2999 4657 loqui,
3042 4604 3163 4643 cum
3195 4589 3488 4646 humanum
3521 4588 3593 4640 sit

2009 4686 2113 4739 hoc
2153 4685 2296 4753 quod
2337 4684 2534 4738 dicitur
2578 4682 2757 4750 loqui?
2787 4683 2892 4736 Sed
2919 4683 3039 4737 ideo
3067 4681 3290 4744 nesciat,
3327 4682 3452 4749 quia
3482 4682 3592 4735 sint

2008 4772 2214 4843 majora
2247 4789 2366 4843 qua:
2391 4772 2619 4826 noverit.
2649 4771 2706 4825 Si
2751 4778 2929 4825 autem
2964 4779 3020 4826 et
3044 4770 3355 4840 angelorum
3384 4770 3593 4839 linguas

2011 4865 2261 4919 humanis
2304 4861 2707 4933 comparaveris
2748 4860 2964 4932 linguis,
2992 4869 3046 4914 et
3093 4860 3283 4914 scieris
3331 4859 3457 4931 quia
3488 4859 3591 4914 iste

2010 4954 2181 5026 major
2229 4955 2298 5008 sit
2343 4953 2506 5009 etiam
2553 4952 2622 5006 ab
2661 4951 2886 5024 angelis,
2935 4951 3094 5006 sicuti
3132 4959 3372 5014 testatus
3416 4950 3481 5004 de
3525 4965 3592 5005 eo

2008 5046 2296 5116 Apostolus
2328 5046 2381 5101 in
2425 5043 2665 5114 Epistola
2695 5059 2791 5099 sua
2827 5059 2988 5114 quam
3019 5041 3208 5097 scribit
3241 5041 3306 5095 ad
3340 5039 3592 5095 Hebraeos

2012 5137 2197 5208 (llebr.
2222 5137 2287 5209 ι),
2325 5136 2591 5207 intelliges
2638 5133 2896 5202 majorem
2928 5148 3050 5188 emn
3086 5131 3398 5203 angelorum
3426 5131 3590 5185 etiam

2008 5229 2204 5299 linguis
2229 5226 2416 5292 fuisse,
2443 5227 2658 5297 quando
2686 5234 2890 5279 tantum
2922 5225 3016 5278 Dei
3045 5222 3278 5278 Verbum
3302 5231 3422 5276 erat
3448 5221 3590 5290 apud

2010 5318 2245 5373 Patrem.
2297 5317 2437 5372 Dicit
2479 5332 2628 5386 ergo,
2669 5324 2724 5368 et
2765 5315 3159 5384 quodammodo
3199 5311 3394 5380 accipit
3434 5311 3594 5365 disci-

2009 5411 2209 5483 plinam
2259 5426 2363 5464 non
2419 5423 2766 5478 magnorum,
2811 5405 2905 5461 sed
2951 5405 3264 5463 inferiorum
3305 5418 3370 5458 ac
3415 5402 3592 5457 mino-

2011 5519 2152 5558 rum.
2182 5502 2250 5555 Et
2281 5501 2422 5555 sicut
2454 5515 2554 5568 ego
2589 5497 2856 5552 balbutire
2887 5497 3058 5561 disco,
3086 5494 3396 5549 violentiam
3435 5493 3594 5547 mihi-

2011 5593 2224 5662 tnetipsi
2266 5590 2491 5656 faciens,
2521 5589 2735 5658 quando
2763 5602 2886 5642 cum
2921 5585 3157 5657 parvulis
3178 5584 3386 5653 loquor,
3416 5597 3594 5651 neque

2009 5683 2153 5736 enim
2190 5681 2325 5747 scio,
2367 5689 2426 5735 ut
2455 5680 2527 5734 ita
2556 5680 2748 5744 diram,
2792 5677 3108 5731 infantiliter
3146 5675 3310 5743 loqui,
3347 5682 3401 5727 et
3431 5673 3595 5728 infra.
