4100 6324
458 354 568 411 805

1102 346 1168 414 B.
1209 340 1463 400 RABANI
1504 337 1726 397 MAURI
1762 332 2088 392 ARCHIEP.
2132 331 2442 392 MOGUNT.
2485 333 2768 392 OPERUM
2806 333 2987 391 PARS
3025 334 3109 390 Ill.

3627 336 3742 392 804

460 468 564 523 clis
589 466 770 523 verbis
797 474 903 519 tam
925 458 1243 533 grandaevus
1269 471 1392 513 cum
1420 454 1605 525 pueris
1647 447 2000 506 sermocinari
2027 463 2039 499 :
2072 446 2125 506 Α
2151 444 2292 500 tibus
2311 446 2537 515 positus,
2560 445 2788 500 observa
2813 445 2867 500 in
2891 445 3348 516 consequentibus
3367 460 3490 501 cum
3512 448 3745 519 jubetur

440 555 664 613 .Eodem
693 551 855 607 modo
899 560 956 605 et
1001 547 1252 604 Salvator
1291 547 1348 602 in
1394 541 1791 615 magniﬁcentia
1827 537 2045 608 quidem
2150 539 2474 609 prophetare
2503 537 2571 592 ad
2597 552 2785 594 omnes
2808 548 3031 608 gentes;
3063 553 3187 592 nam
3217 538 3522 595 istiusmodi
3549 555 3746 611 super-

463 647 650 718 glorire
673 645 787 710 Dei,
825 652 882 698 et
910 642 965 697 in
993 641 1155 696 Patre
1184 638 1507 703 consistens,
1544 650 1651 690 non
1680 633 1918 703 loquitur
1953 631 2055 684 hu-

462 753 646 803 mana,
692 733 867 791 nescit
916 730 1222 787 Pbarisaeos
1274 728 1452 801 [all'ari
1503 724 1618 796 eos]
1666 725 1758 794 qui
1802 723 2052 777 deorsum

465 841 610 887 sunt.
643 828 872 897 Quando
900 833 1083 880 autem
1110 823 1258 879 venit
1288 822 1342 876 in
1389 834 1586 890 corpus
1626 819 1941 881 humanum,
1974 815 2058 869 di-

465 923 542 977 cit
580 921 634 975 in
684 915 959 974 exordio:
1005 933 1024 966 (
1076 912 1271 969 Nescio
1321 910 1489 980 loqui,
1533 910 1658 978 quia
1700 905 1915 976 juvenis
1955 919 2056 975 ego

465 1026 588 1068 sum
630 1028 643 1064 :
702 1030 720 1062 ι
757 1006 1002 1079 juvenis,
1049 1012 1273 1076 propter
1323 1000 1808 1072 dispensationem;
1867 1010 2054 1061 senex,

460 1101 620 1172 juxta
653 1100 756 1155 hoc
784 1097 928 1167 quod
953 1094 1346 1166 primogenitus
1374 1090 1551 1147 omnis
1581 1096 1876 1153 creaturae;
1902 1086 2058 1156 juve—

467 1191 576 1255 nis,
620 1189 714 1258 qui
763 1189 818 1242 in
864 1185 1331 1244 consummatione
1361 1182 1478 1252 jam
1525 1180 1868 1245 seculorum,
1896 1185 1954 1235 et
2003 1178 2057 1232 in

467 1287 769 1336 extremum
794 1276 954 1346 hujus
983 1276 1110 1331 vitae
1139 1283 1354 1344 tempus
1381 1272 1615 1329 advenit.
1665 1271 1806 1326 Dicit
1836 1269 2054 1340 itaque:

475 1388 494 1420 ι
519 1368 713 1425 Nescio
726 1368 894 1438 loqui,
918 1387 937 1420 ι
957 1365 1070 1422 scio
1090 1365 1238 1421 enim
1263 1363 1508 1433 quaedam
1531 1360 1734 1431 majora
1763 1359 1930 1429 loQui,
1945 1358 2059 1415 scio

468 1461 718 1530 qutedam
746 1458 974 1514 meliora
1003 1457 1109 1513 isto
1141 1469 1390 1512 sermone
1417 1451 1654 1508 mortali.
1675 1450 1771 1507 Vis
1800 1465 1888 1506 me
1914 1450 2058 1520 loqui

469 1549 858 1605 terrestribus?
878 1563 978 1604 nec
1005 1547 1134 1603 dum
1169 1545 1437 1614 assumpsi
1473 1545 1765 1599 humanam
1797 1542 2060 1614 fragilita-

469 1648 611 1704 tem;
640 1638 818 1694 habeo
846 1638 1119 1708 eloquium
1149 1645 1320 1701 tuum,
1351 1633 1590 1691 Verbum
1616 1641 1767 1690 tuum
1789 1649 1932 1698 sum,
1964 1634 2058 1688 tibi

471 1729 584 1784 scio
609 1728 780 1798 loqui,
797 1727 1107 1783 hominibus
1133 1726 1318 1782 nescio
1338 1725 1507 1795 loqui,
1530 1725 1657 1794 quia
1678 1723 1892 1794 juvenis
1915 1740 2056 1779 sum.

2153 627 2376 698 scriptio
2401 635 2485 682 est
2513 642 2633 697 qua:
2674 628 3014 698 prophetavit
3053 627 3318 683 Jeremias
3357 642 3522 700 super
3547 645 3746 686 omnes

2155 725 2340 786 gentes
2365 715 2564 783 Elam,
2598 717 2866 784 Damasci,
2896 717 3085 784 Moab;
3113 727 3169 773 et
3192 717 3417 775 habebis
3444 721 3571 789 quia
3609 736 3745 791 pro-

2154 807 2457 877 phetaverit
2499 806 2576 876 ad,
2607 822 2796 864 omnes
2838 817 3026 879 gentes
3065 807 3217 878 juxta
3258 809 3309 865 id
3353 809 3496 879 quod
3535 810 3748 865 dictum

2155 905 2279 952 est:
2313 916 2332 948 ι
2364 897 2689 966 Prophetam
2739 898 2792 952 in
2838 898 3089 969 gentibus
3127 899 3284 969 posui
3316 907 3390 966 te,
3429 919 3448 952 ι
3478 898 3525 955 si
3559 907 3750 954 tamen

2137 992 2389 1073 volueris
2418 993 2532 1046 haec
2561 991 2628 1046 de
2659 989 2892 1047 Ieremia
2935 992 3076 1047 dicta
3107 994 3330 1049 sentire.
3361 992 3418 1047 Si
3451 1000 3632 1048 autem
3663 993 3754 1047 in-

2160 1081 2512 1154 telligentiam
2538 1081 2604 1137 ad
2635 1081 2919 1136 Dominum
2948 1082 3268 1149 transferas,
3308 1083 3414 1138 iste
3447 1098 3575 1140 vere
3602 1085 3757 1139 inter

2159 1173 2442 1229 universas
2491 1181 2677 1242 gentes
2715 1173 3042 1243 praedicavit.
3083 1172 3180 1228 Est
3220 1173 3420 1244 quippe
3458 1173 3600 1230 sicut
3637 1171 3755 1228 alia

2159 1263 2374 1326 similia,
2404 1262 2483 1318 sic
2510 1271 2566 1318 et
2589 1264 2870 1332 propheta,
2893 1270 2953 1317 ut
2989 1272 3072 1318 est
3103 1263 3354 1334 princeps
3380 1263 3754 1328 sacerdotum,

2159 1362 2224 1408 ut
2245 1362 2329 1408 est
2359 1352 2627 1420 Salvator,
2676 1363 2737 1408 ut
2776 1363 2864 1410 est
2903 1354 3176 1421 medicus;
3224 1354 3475 1410 similiter
3517 1363 3572 1410 et
3620 1359 3786 1424 pro-1

2159 1448 2324 1518 pheta
2343 1455 2447 1502 est.
2472 1447 2648 1503 Moses
2668 1449 2993 1504 annuntians
3012 1449 3080 1504 de
3099 1463 3168 1505 eo
3191 1464 3299 1505 non
3320 1449 3494 1506 solum
3515 1449 3758 1521 prepbe-
3783 1436 3807 1522 ἰ

2165 1544 2297 1604 tam,
2334 1538 2431 1594 sed
2468 1538 2840 1596 admirabilem
2871 1541 3014 1596 inter
3041 1550 3265 1598 cunctos
3292 1542 3594 1597 nominavit
3621 1556 3758 1612 pro—
3803 1523 3812 1531 ”

2161 1628 2627 1697 phetam,_dicens
2660 1646 2674 1683 :
2712 1647 2731 1680 ι
2772 1629 3099 1699 Prophetam
3140 1646 3207 1686 ex
3253 1630 3514 1687 fratribus
3549 1632 3759 1688 vestris

2163 1720 2450 1774 suscitabit
2496 1720 2650 1776 vobis
2701 1721 2963 1776 Dominus
3011 1721 3157 1777 Deus
3187 1737 3202 1778 :
3235 1722 3389 1792 quasi
3433 1737 3520 1777 me
3566 1721 3758 1777 audite

419 1826 422 1827 '
479 1838 498 1871 ι
535 1819 655 1874 Noli
683 1820 864 1874 dicere
889 1835 901 1872 :
929 1818 1152 1874 Juvenis
1177 1832 1279 1888 ego
1307 1832 1444 1880 sum,
1482 1817 1739 1887 quoniam
1776 1817 1845 1871 ad
1874 1832 2062 1872 omnes
2091 1801 2135 1860 Β
2164 1827 2308 1866 cum.
2335 1811 2400 1866 Et
2425 1813 2546 1878 erit,
2576 1813 2883 1883 quicunque
2907 1829 3016 1869 ηοη
3062 1814 3294 1871 θυάίθτίί
3325 1816 3646 1887 Prophetam
3680 1815 3756 1870 ίΙ·

473 1921 826 1980 quoscunque
847 1908 1059 1962 mittam
1098 1915 1150 1962 te
1181 1907 1305 1962 ibis.
1343 1927 1362 1959 ι
1398 1907 1603 1962 Deinde
1625 1908 1918 1962 commovit
1944 1924 2060 1961 ma-

475 2014 607 2052 num
633 1998 701 2052 ad
736 1998 1064 2068 tangendum‘
1102 2013 1165 2053 os
1206 1999 1342 2069 ejus,
1387 2005 1444 2052 ut
1477 1998 1526 2053 ei
1557 1997 1648 2052 det
1684 1998 1849 2053 verba
1871 1998 2066 2068 quibus

480 2089 723 2144 eradicet
778 2089 1022 2159 imperia.
1072 2088 1259 2158 Neque
1312 2104 1442 2143 vero
1497 2088 1772 2158 indigebat
1820 2087 2069 2143 Salvator

476 2180 679 2246 verbis,
708 2186 770 2234 ut
796 2194 858 2234 ea
889 2180 1178 2250 acciperet,
1233 2180 1447 2249 quando
1474 2187 1592 2234 erat
1631 2181 1685 2235 in
1733 2180 1915 2248 Patre,
1950 2181 2068 2235 nul-

478 2270 547 2326 lis
579 2271 631 2325 in
657 2271 800 2327 coelo
823 2270 1021 2341 dignis,
1050 2285 1174 2340 qua:
1206 2280 1546 2326 mererentur
1571 2271 1764 2325 everti.
1791 2270 1898 2326 Sed
1926 2286 2071 2326 nunc

478 2360 677 2430 accipit
705 2375 892 2432 parva,
925 2362 1182 2416 deserens
1211 2360 1346 2433 [Αι.,
1377 2359 1656 2432 differens]
1705 2344 1912 2432 majora
1939 2378 2072 2432 pau-

478 2450 663 2522 lisper.
694 2449 872 2521 Atque
900 2450 974 2505 ita
1001 2465 1065 2506 ex
1096 2451 1200 2506 hoc
1237 2452 1588 2522 approbatur,
1619 2451 1773 2506 sicuti
1812 2451 1937 2507 alibi
1965 2451 2073 2522 glo-

477 2542 626 2599 riose
655 2542 903 2596 dixerat:
944 2560 964 2593 ι
995 2541 1192 2598 Nescio
1235 2557 1355 2610 vos,
1381 2543 1506 2613 quia
1536 2543 1772 2614 operarii
1812 2543 1944 2600 estis
1969 2543 2073 2598 ini-

479 2634 706 2704 quitatis
745 2633 897 2706 (Luc.
944 2635 1090 2706 xm),
1130 2654 1148 2686 ι
1188 2642 1244 2690 et
1277 2618 1610 2691 nuneverba
1650 2636 1885 2706 gloriose
1913 2636 2072 2691 acce-

481 2720 624 2790 pisse
652 2735 733 2786 se,
759 2735 886 2776 cum
911 2720 1055 2776 Deus
1080 2722 1172 2786 sit,
1213 2729 1269 2776 et
1291 2720 1445 2789 juxta
1474 2722 1934 2793 magniﬁcentiam
1963 2739 2074 2778 sua:

481 2810 682 2866 dixisse
710 2810 915 2882 gloriae,
949 2810 1195 2867 «'Nescio
1225 2811 1392 2882 loqui,
1425 2832 1442 2863 ι
1470 2813 1524 2868 id
1552 2823 1654 2879 est,
1693 2815 1928 2869 humana
1967 2831 2074 2870 non

482 2902 630 2957 novi.
665 2921 683 2954 ι
716 2903 1060 2973 Priusquam,
1106 2904 1301 2973 inquit,
1355 2911 1409 2959 te
1452 2904 1777 2974 plasmarem
1807 2907 1862 2960 in
1899 2916 2070 2971 utero,

484 2994 610 3047 novi
640 3001 708 3048 te.
746 3013 764 3046 ι
793 2994 850 3048 Si
880 3009 1072 3050 omnes
1104 2995 1254 3050 novit
1274 2995 1438 3062 Deus,
1468 2997 1740 3066 quomodo
1769 2999 1923 3066 quasi
1948 3014 2078 3068 prae-

483 3082 702 3152 cipuum
733 3099 763 3136 a
789 3084 1000 3138 caeteris
1024 3083 1272 3140 Jeremize
1297 3085 1447 3150 dicit,
1483 3105 1501 3136 ι
1536 3085 1672 3142 Novi
1703 3088 1791 3141 te?
1821 3106 1838 3138 ι
1873 3085 1955 3140 An
1982 3102 2076 3142 eos

490 3180 701 3226 tantum
729 3173 832 3227 scit
861 3173 1122 3228 Dominus
1144 3175 1234 3244 qui
1264 3175 1490 3230 scientia
1524 3175 1641 3245 ejus
1669 3176 1815 3246 digni
1845 3185 1992 3241 sunt,
2022 3184 2077 3232 et

486 3262 766 3334 cognoscit
793 3277 888 3318 eos
915 3263 1008 3332 qui
1030 3261 1146 3330 ejus
1173 3265 1332 3318 sunt?
1354 3263 1604 3336 indignos
1631 3278 1758 3320 vero
1790 3266 1961 3322 nescit
1988 3282 2078 3322 ne-

490 3368 597 3421 que
625 3353 786 3412 Pater
814 3367 992 3422 neque
1041 3353 1224 3417 Filius,
1267 3354 1452 3410 dicens
1490 3373 1502 3408 :
1538 3374 1557 3405 ι
1593 3353 1710 3411 Non
1749 3358 1874 3412 novi
1903 3372 2016 3414 vos.
2054 3375 2075 3410 ι

489 3441 601 3497 Nos
628 3457 750 3497 cum
780 3443 955 3506 sinus
988 3443 1334 3510 homines,-si
1367 3445 1549 3516 aliqua
1579 3445 1843 3502 fuerimus
1869 3448 2080 3518 praediti

491 3533 770 3603 dignitate,
802 3531 1154 3590 aliosnoatra
1187 3534 1382 3590 notitia
1402 3535 1611 3606 «ignes,
1640 3536 1776 3593 alios
1812 3539 2080 3608 judicavi-

491 3637 614 3679 mus
642 3621 930 3694 indignos;
961 3631 1016 3678 et
1044 3638 1181 3694 quos
1209 3624 1646 3692 scit-enotamus,
1695 3643 1870 3698 neque
1895 3629 2083 3686 audire

489 3713 763 3775 volumus,
790 3728 885 3770 eos
919 3715 1211 3771 nescimus.
1241 3715 1381 3783 Quid
1411 3718 1697 3775 arbitraris
1722 3721 1790 3776 de
1816 3722 2084 3778 universi-

493 3805 621 3860 tatis
669 3803 815 3859 Deo?
853 3803 981 3859 Vult
1025 3805 1167 3860 scire
1213 3804 1588 3873 Pharaonem,
1638 3808 1753 3863 vult
1799 3809 2085 3881 Egyptios

494 3908 675 3959 nosse,
705 3894 801 3949 sed
829 3894 1038 3966 indigni
1060 3904 1188 3950 sunt
1215 3897 1408 3951 notitia
1439 3896 1584 3966 ejus;
1619 3899 1714 3954 sed
1749 3899 1850 3970 ipsi
1878 3901 2085 3958 faciunt

491 3991 553 4038 ut
586 3983 918 4053 ignorentur.
951 3983 1066 4039 Scit
1098 3994 1281 4040 autem
1319 3986 1522 4053 Mosen,
1555 3990 1660 4043 scit
1691 3990 2004 4060 prophetas,
2031 4001 2088 4047 et

493 4074 539 4128 si
568 4075 693 4143 quis
730 4073 923 4130 similis
967 4090 1156 4131 eorum
1199 4085 1302 4132 est.
1352 4077 1576 4133 Multum
1605 4089 1656 4134 te
1691 4091 1908 4150 oportet
1937 4083 2086 4138 labo-

495 4179 643 4231 rare,
665 4173 726 4219 ut
746 4165 897 4220 nosci
937 4166 1214 4236 incipiaris
1247 4183 1277 4220 a
1303 4169 1431 4224 Deo.
1463 4170 1528 4223 Et
1553 4169 1844 4226 Jeremiam
1869 4173 2085 4243 quidem

496 4260 812 4328 priusquam
843 4259 1137 4329 plasmaret
1159 4261 1212 4314 in
1241 4269 1416 4326 utero,
1447 4264 1730 4331 cognovit;
1761 4265 1926 4320 alium
1960 4282 2088 4322 vero

495 4350 564 4404 de
592 4351 875 4419 prophetis
924 4351 1142 4418 triginta
1174 4367 1436 4406 annorum
1483 4355 1649 4424 cmpit
1695 4371 1875 4423 nosse,
1924 4359 2088 4412 alium

497 4442 875 4510 quadraginta.
907 4441 1198 4498 Sermones
1229 4453 1351 4498 sunt
1389 4444 1685 4503 ineffabiles
1714 4450 1779 4504 de
1808 4449 2088 4506 Salvatore

497 4541 679 4588 etnon
709 4546 1033 4604 magnopere
1057 4535 1361 4604 quterendi;
1383 4537 1451 4593 de
1470 4536 1705 4593 Ieremia
1728 4556 1877 4606 vero,
1899 4557 2086 4596 eorum

447 4680 450 4682 ,
497 4621 591 4692 qui
621 4622 903 4677 scientiam
928 4623 1329 4695 Scripturarum
1359 4627 1581 4696 habent,
1606 4631 1825 4688 auribus
1852 4632 2088 4704 indigen-

501 4721 600 4778 tes,
636 4715 904 4783 quomodo
943 4716 1128 4771 dicat:
1165 4738 1180 4768 ι
1218 4717 1546 4791 Priusquam
1590 4732 1644 4778 te
1680 4725 2004 4794 plasmarem
2035 4726 2086 4779 in

499 4813 674 4867 utero,
705 4806 830 4861 novi
865 4816 943 4867 te;
975 4817 1030 4862 et
1060 4809 1371 4879 priusquam
1409 4813 1588 4868 exires
1615 4815 1681 4869 de
1710 4815 1864 4870 vulva
1899 4817 2089 4871 matris

502 4904 626 4959 tute,
656 4895 989 4950 sanctiﬁcavi
1019 4902 1100 4961 te;
1141 4914 1159 4947 ›
1193 4897 1334 4950 Deus
1368 4897 1468 4951 sibi
1501 4897 1619 4967 ipse
1654 4899 1960 4956 sanctiﬁcat
1988 4903 2085 4957 ali-

499 5000 656 5055 quos.
709 4986 872 5040 Istum
912 5003 1018 5042 non
1064 4996 1343 5056 exspectat
1383 4996 1441 5043 ut
1493 4990 1793 5048 sanctiﬁcct
1823 4995 2082 5064 genitum,

496 5076 590 5130 sed
621 5076 773 5144 prius
804 5078 1108 5132 sanctiﬁcat
1141 5094 1302 5149 quam
1330 5094 1360 5133 e
1382 5080 1539 5133 vulva
1569 5084 1895 5150 egrediatur.
1934 5084 1989 5140 Si
2015 5087 2083 5141 ad

497 5167 857 5232 Salvatorem,
892 5179 951 5223 ut
980 5173 1108 5234 dixi,
1139 5170 1364 5237 referas,
1405 5189 1511 5228 non
1546 5183 1630 5230 est
1674 5175 1873 5231 malum
1900 5177 2082 5233 dicere

501 5253 655 5323 prius
675 5269 799 5309 eum
825 5262 1217 5316 sanctificatum
1245 5279 1364 5318 esse
1386 5282 1549 5334 quam
1580 5279 1782 5324 mttunt.
1820 5273 1876 5326 Si
1902 5273 1968 5325 de
1991 5275 2089 5326 Do-

505 5342 650 5395 mino
677 5343 959 5416 intelligas,
1008 5365 1112 5404 non
1159 5353 1331 5408 solum
1375 5367 1662 5427 antequam
1693 5361 1758 5415 de
1800 5362 1954 5417 vulva
1986 5379 2086 5419 cx-

506 5428 610 5483 irct
636 5434 1003 5491 sanctiﬁcatus
1033 5447 1140 5504 est,
1170 5444 1263 5496 sed
1289 5444 1501 5502 inﬁnito
1526 5457 1652 5505 ante
1688 5459 1928 5522 tempore
1956 5470 2085 5510 san-

505 5527 624 5576 ctus
645 5536 858 5593 semper
884 5524 984 5580 fuit
1013 5546 1024 5579 :
1057 5528 1144 5584 hic
1163 5547 1292 5587 vero
1314 5544 1603 5606 antequam
1627 5541 1693 5595 de
1714 5553 1866 5598 utero
1890 5547 2082 5612 exiret,

503 5613 874 5705 sanctificatns
894 5626 994 5672 est.
1024 5640 1041 5670 ι
1071 5619 1393 5693 Prophetam
1419 5629 1471 5683 in
1494 5633 1744 5701 gentibus
1766 5637 1920 5705 posui
1951 5645 2020 5692 te.
2063 5659 2080 5688 ι

504 5705 561 5762 Si
587 5705 654 5762 de
675 5704 907 5764 Jcrcmia
937 5712 1133 5781 quaeris
1163 5720 1433 5786 quomodo
1473 5722 1544 5777 sit
1567 5704 1827 5795 propheta
1868 5729 1921 5784 in
1951 5745 2084 5802 gen-

2165 1905 2298 1971 lum,
2322 1904 2563 1960 interibit
2575 1907 2640 1961 de
2654 1906 2848 1976 populo
2870 1921 2967 1962 suo
2981 1906 3158 1978 (Deut.
3175 1907 3354 1976 xvm).
3377 1926 3396 1958 ι
3414 1908 3517 1963 Iste
3530 1916 3753 1977 estpro-

2167 1994 2327 2064 pheta
2371 1995 2695 2050 constitutus
2726 1996 2780 2050 in
2824 1995 3094 2065 gentibus,
3125 2004 3182 2051 et
3207 1997 3416 2067 accepit
3443 1998 3670 2068 gratiam
3716 2010 3757 2053 ι

2168 2086 2280 2140 Deo
2311 2083 2536 2161 effusam
2567 2085 2621 2140 in
2651 2085 2810 2141 labiis
2837 2086 2970 2152 suis,
3000 2093 3060 2140 ut
3098 2102 3206 2141 non
3256 2087 3428 2143 solum
3464 2103 3586 2142 cum
3611 2102 3756 2157 pra:-

2169 2190 2296 2230 sens
2323 2175 2511 2230 aderat
2534 2190 2782 2246 corpore,
2812 2176 2905 2230 sed
2946 2175 3108 2230 etiam
3136 2178 3280 2230 nunc
3305 2191 3428 2230 cum
3460 2176 3614 2232 adest
3643 2177 3755 2228 vir-

2169 2272 2284 2319 tute
2317 2271 2373 2318 et
2402 2264 2613 2335 Spiritu,
2641 2265 2934 2334 prophetet
2981 2264 3048 2319 ad
3087 2278 3277 2320 omnes
3300 2273 3507 2335 gentes,
3538 2272 3593 2320 et
3621 2278 3755 2333 pro-

2169 2355 2352 2422 phetia
2376 2369 2472 2408 sua
2493 2369 2562 2408 ex
2593 2362 2706 2409 toto
2725 2355 2856 2409 orbe
2881 2354 3120 2409 attrahat
3142 2355 3391 2410 homines
3409 2354 3478 2408 ad
3499 2353 3752 2409 salutem.

2171 2446 2324 2512 Quod
2343 2453 2523 2500 autem
2551 2445 2682 2500 dicit
2711 2463 2723 2499 :
2748 2464 2766 2496 ι
2794 2445 3051 2500 Extendit
3072 2445 3332 2501 Dominus
3358 2459 3576 2499 manum
3599 2457 3756 2500 suam

2173 2543 2240 2599 ad
2269 2557 2376 2608 me,
2403 2550 2459 2596 et
2496 2541 2668 2612 tetigit
2715 2557 2776 2596 os
2825 2557 3023 2606 meum,
3063 2549 3118 2596 et
3161 2540 3300 2595 dixit
3345 2541 3415 2594 ad
3459 2554 3584 2595 me:
3617 2538 3760 2592 Ecce

2173 2635 2296 2691 dedi
2333 2649 2611 2690 sermones
2640 2648 2789 2689 meos
2833 2635 2886 2688 in
2936 2649 3000 2688 os
3031 2642 3202 2698 tuum,
3244 2646 3374 2687 ecce
3414 2630 3667 2688 constitui
3705 2639 3762 2683 te

2175 2727 2334 2782 hodie
2380 2740 2542 2796 super
2582 2734 2802 2796 gentes,
2844 2733 2900 2780 et
2943 2739 3107 2796 regna
3158 2723 3456 2779 cradicare.
3498 2742 3520 2775 ν
3547 2721 3647 2788 Qui
3678 2720 3760 2774 sic

2173 2820 2366 2875 beatus
2395 2829 2502 2884 est,
2534 2828 2594 2872 ut
2634 2831 2796 2887 regna
2842 2815 3036 2881 multa,
3073 2830 3198 2886 quae
3241 2815 3458 2869 Christo
3512 2810 3760 2866 diabolus

2175 2910 2435 2975 ostendit,
2472 2920 2638 2978 regna
2661 2907 2988 2972 daemonum,
3033 2921 3195 2976 regna
3225 2903 3454 2973 peccati,
3497 2901 3758 2965 eradicet,

2177 3002 2264 3056 bis
2291 3003 2382 3072 qui
2411 3001 2462 3054 ei
2497 3000 2608 3055 dati
2630 3007 2757 3054 sunt
2783 3014 2813 3053 a
2837 2997 2952 3053 Deo
2977 2996 3333 3053 sermonibus.
3363 2992 3633 3064 Scriptum
3676 3001 3763 3047 est

2179 3095 2324 3150 enim
2353 3109 2370 3147 :
2400 3113 2418 3145 ‹
2447 3093 2588 3149 Ecce
2618 3092 2736 3148 dedi
2772 3103 3052 3146 sermones
3087 3102 3236 3143 meos
3265 3088 3319 3141 in
3348 3102 3409 3142 os
3437 3095 3612 3150 tuum,
3635 3098 3765 3139 ecce

2180 3187 2433 3244 constitui
2463 3197 2516 3242 te
2544 3187 2705 3242 hodie
2730 3201 2891 3256 super
2916 3193 3104 3257 gentes
3129 3193 3184 3238 et
3207 3197 3374 3253 regna
3403 3179 3695 3236 eradicare.
3737 3197 3757 3231 ι

2180 3279 2461 3347 Quomodo
2508 3287 2688 3333 autem
2728 3292 2892 3348 regna
2940 3283 3066 3332 sunt
3111 3274 3366 3345 plurima,
3411 3272 3592 3342 plures
3636 3277 3766 3325 sunt

2181 3369 2428 3427 similiter
2456 3377 2512 3425 et
2560 3378 2782 3439 gentes;
2811 3382 2912 3423 nec
2939 3375 3117 3437 potest
3141 3364 3356 3434 aliquod
3385 3378 3607 3433 regnum
3632 3361 3762 3424 dici,

2181 3462 2284 3518 nisi
2307 3461 2449 3533 quod
2489 3461 2589 3515 sub
2635 3475 2693 3514 se
2726 3458 2966 3514 continet
2995 3456 3260 3510 nationes.
3292 3453 3452 3509 Verbi
3480 3452 3649 3524 gratia
3681 3449 3766 3504 di-

2182 3561 2329 3609 ctum
2380 3552 2487 3607 sit:
2515 3549 2726 3621 Regnat
2765 3547 3052 3603 fornicatio
3095 3546 3149 3600 in
3201 3543 3420 3600 homine
3460 3549 3763 3614 peccatore,

2182 3659 2405 3702 necesse
2437 3651 2522 3700 est
2565 3650 2626 3697 ut
2672 3656 2900 3712 regnum
2938 3636 3310 3694 fornicationis
3349 3634 3546 3690 habeat
3581 3641 3768 3704 gentes

2185 3751 2330 3792 suas.
2357 3735 2537 3804 Ipsum
2563 3731 2692 3787 illud
2721 3728 2972 3802 generale
2995 3727 3251 3783 delictum
3274 3724 3519 3780 avaritiae
3543 3731 3598 3778 et
3624 3721 3769 3776 frau-

2185 3826 2292 3890 dis,
2335 3838 2442 3893 quo
2489 3822 2580 3876 vix
2626 3820 2823 3890 aliquis
2870 3817 3126 3874 immunis
3171 3823 3274 3882 est,
3327 3815 3492 3870 habet
3544 3826 3769 3883 regnum

2187 3932 2365 3982 suum,
2402 3923 2459 3971 et
2496 3915 2598 3969 sub
2625 3927 2793 3983 regno
2820 3925 2926 3966 uno
2953 3908 3150 3964 multas
3179 3907 3416 3977 possidet
3439 3913 3645 3976 gentes,
3671 3919 3772 3973 per

2186 4008 2447 4078 plurimas
2481 4005 2690 4061 scilicet
2733 4002 2938 4072 species
2988 4000 3250 4055 avaritiae.
3296 3998 3377 4054 Ob
3419 3998 3471 4052 id
3511 4011 3645 4066 opus
3687 4004 3774 4050 est

2189 4098 2530 4154 sermonibus
2571 4093 2807 4159 Domini,
2841 4100 2900 4148 ut
2936 4089 3241 4147 istiusmodi
3282 4103 3446 4158 regna
3494 4101 3617 4142 cum
3657 4085 3775 4141 suis

2190 4188 2437 4258 gentibus
2457 4186 2773 4242 evellantur.
2806 4182 3057 4239 Salvator
3095 4181 3151 4236 in
3198 4179 3492 4250 Evangelia
3538 4175 3776 4233 ostendit

2191 4279 2419 4332 dicens:
2457 4295 2476 4328 ι
2521 4275 2710 4331 Omnis
2747 4274 3010 4344 plantatio
3036 4287 3198 4342 quam
3237 4285 3344 4326 non
3379 4266 3644 4339 plantavit
3672 4265 3777 4319 Pa-

2195 4377 2275 4424 ter
2311 4383 2464 4423 meus
2501 4367 2756 4432 caelestis,
2787 4365 3152 4422 eradicabitnr
3190 4361 3408 4436 (Matth.
3438 4358 3548 4430 xv).
3580 4378 3599 4412 ι
3637 4356 3779 4412 Sunt

2117 4483 2168 4542 D
2195 4459 2438 4528 quaedam
2461 4459 2790 4514 intrinsecus
2813 4457 2866 4511 in
2891 4455 3087 4510 animis
3111 4454 3308 4510 nostris
3331 4452 3512 4517 insita,
3528 4465 3647 4521 qua:
3667 4463 3776 4502 non

2194 4551 2456 4622 plantavit
2484 4549 2723 4606 caelestis
2750 4549 2913 4605 Pater
2941 4566 2954 4602 :
2981 4563 3172 4605 omnes
3205 4547 3400 4617 quippe
3420 4544 3780 4616 c0gitationes

2195 4643 2464 4712 pessimae,
2493 4640 2807 4706 homicidia,
2841 4639 3127 4705 adulteria,
3165 4637 3567 4699 fornicationes,
3609 4632 3773 4699 furta,

2195 4733 2326 4788 falsa
2357 4733 2686 4797 testimonia,
2711 4731 3081 4802 blasphemiae,
3101 4728 3462 4800 plantationes
3490 4734 3614 4783 sunt
3642 4741 3780 4796 quas

2194 4839 2299 4877 non
2329 4823 2591 4892 plantavit
2633 4821 2871 4876 caelestis
2891 4820 3070 4875 Pater.
3099 4819 3157 4874 Si
3183 4827 3362 4874 autem
3388 4818 3469 4872 vis
3499 4817 3637 4873 scire
3677 4832 3779 4870 cu-

2187 4911 2279 4980 jus
2307 4913 2377 4967 sit
2404 4911 2665 4981 plantatio
2696 4909 3000 4965 istiusmodi
3020 4909 3303 4979 cogitatus,
3329 4907 3451 4961 audi
3476 4907 3602 4977 quia
3629 4925 3645 4957 ι
3677 4904 3779 4959 ἱιιὶ-

2197 5006 2367 5060 niicus
2395 5005 2559 5059 homo
2592 5004 2695 5060 hoc
2727 5003 2873 5068 fecit,
2903 5002 2996 5073 qui
3021 5001 3468 5074 superseminavit
3514 4999 3780 5053 zizaniam

2195 5095 2245 5148 in
2277 5095 2454 5150 medio
2478 5094 2664 5149 tritici.
2707 5115 2725 5146 ι
2760 5093 2930 5148 Instat
2955 5109 3082 5150 ecce
3112 5095 3270 5158 Deus,
3303 5093 3469 5147 instat
3508 5090 3779 5155 diabolus,

2197 5185 2454 5240 habentes
2485 5185 2710 5239 semina.
2752 5183 2809 5238 Si
2839 5183 3148 5238 dederimus
3183 5182 3360 5238 locum
3400 5179 3637 5246 diabolo,
3679 5179 3782 5234 ini-

2193 5276 2368 5330 micus
2401 5277 2563 5331 homo
2609 5276 2906 5345 superserit
2939 5275 3350 5346 plantationem,
3391 5273 3644 5344 quoniam
3670 5287 3781 5326 non

2195 5365 2456 5435 plantavit
2497 5365 2736 5430 ctelestis
2772 5366 2953 5432 Pater,
3002 5367 3186 5435 utique
3231 5364 3632 5420 eradicandam.
3683 5360 3779 5416 Sin

2198 5463 2398 5523 autem,
2430 5457 2645 5527 repulso
2675 5456 2908 5524 diabolo,
2933 5457 3108 5513 locum
3139 5457 3443 5512 dederimus
3471 5453 3605 5517 Deo,
3651 5468 3783 5522 gau-

2197 5541 2337 5606 dens
2357 5550 2500 5606 Deus
2544 5567 2705 5622 super
2729 5551 3027 5621 principale
3055 5549 3233 5605 cordis
3259 5545 3433 5602 nostri
3468 5543 3673 5616 spargit
3698 5558 3784 5597 se-

2198 5657 2318 5695 men
2346 5656 2523 5695 suum.
2550 5640 2659 5695 Nec
2680 5641 2874 5710 aliquis
2900 5641 3129 5696 azstimet
3150 5639 3318 5694 Deum
3342 5638 3498 5692 triste
3528 5635 3784 5706 quiddam

2195 5729 2445 5785 Jeremim
2477 5731 2816 5804 pnccrpisse,
2847 5732 2937 5802 qui
2981 5731 3302 5788 constitutus
3335 5729 3405 5786 sit
3437 5728 3506 5784 ad
3533 5727 3783 5784 eradica-
