4100 6324
340 283 453 352 805

1270 291 1645 351 ἘΧΡΟΞΙΤΙΟ
1683 293 1904 350 SUPER
1943 295 2313 356 JEREMIAM.
2357 331 2422 342 -—
2462 303 2590 360 LIB.
2631 305 2672 360 l.

3505 317 3610 374 806

340 408 543 476 tionem
567 422 855 482 regnorum
880 416 935 464 et
961 409 1218 481 gentium.
1241 408 1518 482 'Bonitatis
1539 408 1630 465 Dei
1666 409 1806 466 istud
1839 410 1921 466 in-
1951 417 2001 477 Α
2029 411 2253 469 Latinus
2302 414 2471 471 lector
2505 416 2785 489 intelligat.
2834 428 2957 485 nm:
3006 437 3114 477 nux
3153 425 3388 494 dicitur;
3434 407 3628 502 vigilia.

340 498 539 555 dicium
580 509 682 566 est,
721 499 1002 556 eradicare
1037 499 1165 554 vitia
1206 514 1304 570 per
1354 513 1656 566 sermones,
1706 502 1926 558 inimica

319 593 653 650 coelestibus
680 595 860 666 regnis
886 608 1054 666 regna
1082 594 1379 660 destruere,
1414 601 1471 649 et
1505 594 1770 651 bellantes
1802 611 1924 651 cum

323 703 438 744 sua
457 697 622 760 gente
645 697 891 745 evertere
915 688 1184 753 nationes,
1215 687 1493 744 eradicare
1514 695 1568 742 et
1589 691 1922 745 subvertere.

341 780 439 836 Est
465 779 1026 850 qumdamaadillcatio
1049 779 1268 845 diaboli,
1296 787 1381 836 est
1401 779 1646 850 quaedam
1688 779 1925 836 aediﬁca-

340 873 416 928 tio
450 873 566 928 Dei.
589 872 929 944 Quod-super
967 887 1188 927 arenam
1216 872 1534 938 exstruitur,
1572 872 1769 928 diaboli
1799 881 1921 928 est:

337 977 502 1032 super
526 963 672 1018 nullo
698 963 840 1019 enim
877 961 1058 1020 stabili
1085 963 1413 1032 robusteque
1451 961 1729 1017 solidatur.
1773 961 1926 1028 Quod

337 1062 517 1110 autem
543 1069 707 1126 super
739 1064 956 1127 petram
1001 1053 1318 1120 aediﬁcatur,
1364 1055 1469 1112 hoc
1492 1056 1587 1110 Dei
1629 1063 1730 1112 est.
1772 1056 1924 1113 Unde

334 1154 391 1201 et
423 1147 507 1202 his
533 1148 623 1217 qui
654 1148 770 1219 ejus
811 1156 960 1214 sunt,
1009 1148 1242 1204 dicitur:
1279 1165 1298 1199 ι
1334 1147 1430 1203 Dei
1456 1148 1800 1220 agricultura,
1826 1148 1924 1204 Dei

335 1236 623 1293 aediﬁcatio
645 1239 778 1294 estis
800 1237 853 1312 (Ι
875 1237 999 1294 Cor.
1041 1238 1148 1311 ιιι).
1187 1258 1208 1293 ι
1236 1237 1415 1310 Super
1438 1249 1625 1309 gentes
1657 1249 1713 1295 et
1754 1255 1922 1310 regna

335 1328 631 1395 eradicare,
655 1337 710 1385 et
735 1330 1070 1396 subvertere,
1091 1337 1145 1385 et
1171 1329 1502 1400 disperdere.
1539 1350 1558 1383 ι
1588 1329 1654 1387 Si
1680 1332 1924 1387 eradica-

335 1426 427 1474 tur
453 1419 656 1492 aliquid
696 1430 751 1476 et
783 1421 1086 1477 eradicatio
1127 1421 1239 1492 ipsa
1286 1434 1394 1476 non
1434 1421 1700 1491 disperiit,
1746 1421 1923 1478 adhuc

334 1519 614 1581 permanet
640 1511 784 1581 quod
805 1510 1048 1567 evulsum
1086 1518 1190 1565 est.
1228 1508 1286 1565 Si
1320 1509 1599 1565 subruitur
1622 1511 1838 1578 domus,
1867 1518 1925 1566 et

334 1601 538 1673 lapides
585 1604 641 1658 in
682 1604 840 1660 ruina
876 1612 1002 1660 sunt
1039 1604 1260 1678 integri,
1288 1605 1544 1675 dissipata
1587 1613 1672 1660 est
1704 1603 1919 1671 domus,

332 1708 441 1748 non
486 1702 669 1750 tamen
711 1695 942 1764 perdita.
973 1693 1122 1767 Opus
1156 1703 1240 1751 est
1268 1695 1431 1768 igitur
1458 1696 1795 1769 benignitate
1821 1695 1920 1752 Dei

2027 515 2210 609 autem
2241 508 2322 609 vel
2351 509 2472 609 vigil
2503 511 2617 567 sive
2647 512 2858 609 vigilare
2886 516 3186 585 appellatur
3205 531 3350 609 τραγ.
3383 523 3536 581 Unde
3557 534 3614 582 et

2029 597 2080 652 in
2108 598 2498 667 posterioribus
2524 601 2722 671 pardus
2742 601 2971 674 vigilans
2994 605 3097 661 hoc
3132 597 3350 667 nomine
3369 615 3610 682 ponitur.

2026 686 2108 742 Ab
2133 703 2200 743 eo
2236 687 2401 760 igitur
2422 691 2565 760 quod
2591 691 2790 747 dicitur
2831 709 2960 760 nux,
2988 705 3210 766 propter
3242 701 3390 756 verbi
3422 702 3628 762 similia

2026 781 2266 837 tudinem
2290 784 2357 838 ad
2382 783 2552 854 vigilis
2581 783 2986 856 intelligentiam
3015 804 3210 844 nomen
3236 791 3434 848 allusit.
3458 793 3613 860 Quod

2025 871 2244 940 quidem
2284 882 2339 929 et
2369 874 2424 928 in
2455 874 2676 931 Daniele
2695 874 2850 945 juxta
2886 878 3306 938 'l‘heodotionem
3349 885 3611 955 scriptum

2024 969 2129 1025 est,
2157 969 2218 1016 ut
2243 961 2312 1018 de
2339 962 2624 1020 arboribus
2651 970 2840 1037 σχίνου
2873 971 2954 1023 καὶ
2978 972 3186 1045 πρίνου,
3217 970 3335 1026 ilice
3359 972 3614 1029 videlicet

2024 1058 2080 1105 et
2117 1050 2353 1118 lentisco,
2384 1055 2572 1110 scissio
2614 1064 2775 1124 atque
2819 1059 3046 1114 serratio
3083 1060 3344 1117 adulteris
3388 1063 3612 1134 presby-

2026 1138 2158 1193 teris
2177 1139 2517 1196 decernatur.
2549 1142 2800 1213 Alioquin
2829 1145 2962 1200 etin
2991 1147 3256 1218 principio
3277 1147 3552 1208 Geneseos
3579 1169 3611 1206 a

2022 1227 2163 1294 viro,
2195 1223 2526 1298 qui'dicitur
2567 1240 2682 1298 wn,
2729 1233 2922 1289 mulier
2971 1235 3267 1306 appellatur
3293 1247 3426 1299 mm
3453 1239 3612 1309 quasi

2024 1317 2270 1388 quaedam
2302 1317 2509 1390 virago,
2553 1336 2618 1375 eo
2664 1323 2804 1390 quod
2855 1324 2921 1379 de
2960 1324 3076 1379 viro
3114 1335 3326 1396 sumpta
3366 1328 3454 1382 sit.
3505 1327 3612 1383 Pro

2025 1409 2210 1464 bacqu
2235 1428 2414 1475 nuceo,
2448 1413 2645 1483 virgam
2680 1413 2999 1484 vigilantem,
3035 1416 3228 1487 Aquila
3267 1426 3322 1472 et
3362 1417 3611 1490 Symma-

2024 1501 2196 1556 chus:
2233 1503 2531 1561 Theodotio
2559 1521 2706 1573 vero,
2739 1509 3154 1580 amygdalinam,
3193 1513 3606 1568 transtulerunt.

2024 1589 2222 1676 Vigilat
2263 1604 2442 1651 autem
2487 1597 2662 1669 virga,
2695 1607 2892 1655 cuncta
2931 1601 3110 1671 populi
3151 1603 3522 1670 considerans,
3551 1611 3612 1659 ut

2022 1687 2292 1757 percutiat
2320 1697 2376 1745 ct
2414 1690 2672 1761 corripiat
2697 1689 3089 1762 delinquentes.
3115 1693 3268 1749 Unde
3296 1704 3352 1750 et
3374 1696 3610 1766 Aposto-

331 1791 392 1837 ut
418 1793 475 1838 et
499 1785 795 1841 eradicatio
836 1785 949 1856 ipsa
976 1795 1032 1842 et
1060 1785 1340 1843 subversio
1367 1795 1478 1842 tota
1507 1786 1796 1857 dispereat.
1828 1786 1919 1841 Di-
1948 1781 1993 1840 B
2022 1775 2106 1830 lus
2154 1777 2345 1832 scrib“
2386 1780 2773 1850 peccantibus:
2811 1801 2830 1832 ί
2860 1780 3003 1849 Qum
3031 1784 3230 1839 νυΙίῘεῨ
3264 1785 3318 1840 in
3340 1786 3490 1856 νίτειι
3517 1802 3611 1841 νε·-

329 1870 584 1943 ligentius
629 1874 743 1946 lege
768 1876 1038 1945 quomodo
1065 1875 1339 1932 eradicata
1386 1878 1702 1946 perdantur.
1737 1894 1759 1929 ι
1807 1875 1914 1932 Pa-

329 1962 444 2018 leas
511 1973 690 2022 autem
737 1966 1018 2024 comburet
1059 1967 1169 2039 igni
1228 1969 1656 2040 inexstinguibili
1714 1987 1734 2022 D
1780 1968 1850 2024 Et
1901 1986 1914 2021 :

334 2072 354 2106 ι
386 2054 572 2126 Ligate
600 2057 902 2127 manipulos
937 2043 1293 2124 zizaniorum,
1337 2068 1392 2115 et
1430 2059 1632 2116 tradite
1656 2074 1751 2117 eos
1783 2059 1913 2131 igni.

330 2142 557 2214 (Matth.
586 2147 704 2218 ιιι).
740 2168 760 2200 ι
789 2147 883 2203 Sic
901 2163 966 2204 ea
992 2165 1114 2220 quae
1132 2159 1261 2205 sunt
1279 2150 1556 2206 eradicata
1583 2150 1914 2220 dispereunt.

329 2231 390 2287 Si
427 2242 609 2290 autem
639 2235 721 2292 vis
751 2238 891 2294 scire
922 2239 1193 2310 quomodo
1235 2249 1290 2295 et
1325 2240 1604 2298 subversio
1640 2242 1919 2313 redigatur

330 2329 384 2384 in
415 2330 642 2387 nihilum
661 2372 676 2398 ,
709 2333 980 2403 quomodo
1006 2334 1379 2392 aadilicationis
1398 2336 1647 2406 pessima:
1687 2337 1917 2394 materia

327 2421 381 2474 in
413 2422 690 2491 pulverem
727 2425 1149 2491 comminuatur,
1181 2426 1373 2482 domus
1415 2441 1483 2482 ea
1536 2441 1657 2497 quae
1693 2434 1918 2497 prepter

328 2509 530 2578 lcpram
562 2512 810 2569 distribui
826 2511 1050 2581 jubetur
1073 2513 1260 2586 (Leuit.
1291 2513 1427 2585 xtv),
1452 2529 1574 2570 cum
1611 2514 1774 2570 fuerit
1800 2515 1918 2585 pul-

325 2601 408 2654 vis
436 2600 649 2668 ell‘ccta,
689 2611 844 2659 extra
895 2605 1168 2660 civitatem
1206 2606 1508 2678 projicitur,
1559 2613 1620 2660 ut
1661 2621 1731 2661 ne
1779 2605 1916 2676 lapis

328 2692 540 2759 quidem
560 2710 635 2750 ex
659 2709 727 2750 ea
755 2697 1004 2752 residuus
1027 2698 1119 2764 sit,
1140 2696 1294 2766 juxta
1324 2698 1469 2769 quod
1495 2698 1755 2770 scriptum
1790 2706 1912 2754 est:

335 2798 352 2830 ι
391 2780 649 2836 Similiter
702 2795 762 2842 ut
799 2787 972 2842 lutum
1013 2789 1320 2858 platearum
1365 2789 1554 2846 delebo
1597 2804 1692 2846 eos
1738 2787 1910 2861 (Psal.

330 2869 484 2943 xvn).
533 2890 552 2923 ι
599 2871 822 2943 Oportet
855 2879 1054 2946 quippe
1095 2879 1311 2949 penitus
1355 2880 1581 2936 interire
1628 2880 1910 2935 malitiam.

328 2959 660 3016 Subversum
698 2969 780 3018 est
813 2962 1040 3032 aliquid,
1067 2964 1274 3036 lapides
1312 2984 1527 3039 quoque
1569 2969 1646 3024 illi
1685 2971 1778 3041 qui
1819 2971 1913 3025 de-
1959 3028 1961 3030 ,

324 3049 517 3104 structi
545 3058 687 3114 sunt,
715 3059 1086 3120 conterantur,
1109 3070 1178 3110 ne
1200 3057 1266 3111 ad
1295 3058 1455 3113 aliam
1479 3058 1909 3127 aediﬁcationem,

2017 1869 2164 1924 niam
2188 1871 2256 1926 ad
2282 1887 2401 1939 vos,
2433 1888 2503 1927 an
2534 1872 2590 1927 in
2614 1872 2886 1929 cbaritate
2925 1883 2980 1929 et
3018 1874 3208 1945 spiritu
3238 1878 3608 1933 mansuetudi-

2017 1959 2136 2014 nis?
2164 1979 2184 2013 ι
2214 1960 2268 2033 (1
2303 1959 2425 2015 Cor.
2459 1961 2557 2033 tv.)
2585 1963 2692 2018 Ista
2721 1971 2806 2019 est
2832 1964 2985 2035 virga
3012 1965 3096 2020 vel
3139 1965 3382 2032 baculus,
3408 1968 3474 2021 de
3500 1981 3609 2036 qua

2016 2060 2072 2105 et
2095 2051 2262 2106 David
2291 2052 2571 2123 loquitur:
2607 2072 2625 2104 ‹
2664 2054 2825 2126 Virga
2869 2063 2957 2109 tua
2988 2064 3042 2110 et
3065 2057 3288 2113 baculus
3316 2066 3456 2122 tuus,
3492 2059 3608 2128 ipsa

2017 2157 2104 2197 me
2135 2142 2410 2197 consolata
2455 2150 2582 2198 sunt
2620 2141 2794 2214 (Psal.
2839 2144 2997 2215 xm).
3038 2144 3377 2216 Pulchreque
3405 2147 3608 2217 posuit,

2020 2251 2042 2284 ι
2077 2233 2353 2289 consolata
2398 2241 2543 2288 sunt.
2584 2253 2602 2285 ι
2630 2233 2714 2288 Ad
2742 2234 2846 2289 boc
2870 2234 3038 2306 enim,
3065 2234 3324 2290 Dominus
3365 2236 3609 2305 corripit,

2017 2333 2076 2380 ut
2102 2325 2372 2380 emendet.
2403 2325 2471 2380 Et
2495 2324 2765 2394 quomodo
2795 2341 2905 2379 nux
2941 2325 3055 2380 sive
3082 2323 3422 2396 amygdalum
3455 2340 3609 2379 ama-

2016 2416 2287 2473 rissimam
2309 2418 2474 2474 habet
2494 2417 2777 2482 corticem,
2797 2426 2852 2473 et
2873 2426 3012 2473 testa
3037 2417 3325 2472 durissima
3351 2417 3606 2486 cingitur,

2015 2517 2076 2563 ut
2115 2509 2374 2564 detractis
2418 2508 2811 2564 austerioribus
2852 2519 2906 2564 et
2949 2507 3098 2563 duris
3124 2506 3331 2562 fructus
3357 2507 3609 2575 dulcissi-

2015 2612 2137 2652 mus
2181 2598 2485 2668 reperiatur
2520 2615 2533 2627 ·
2570 2597 2650 2652 sic
2679 2597 2856 2652 omnis
2880 2595 3156 2666 correptio
3178 2603 3234 2650 et
3259 2595 3413 2650 labor
3431 2595 3609 2651 conti-

2015 2688 2234 2756 nentiae,
2258 2704 2445 2744 amara
2474 2689 2691 2760 quidem
2719 2689 2928 2744 videtur
2952 2688 3020 2744 ad
3059 2670 3318 2758 przzesens,
3357 2685 3453 2742 sed
3492 2685 3608 2740 tru-

2014 2789 2137 2836 etus
2163 2781 2310 2851 parit
2341 2780 2705 2836 dulcissimos.
2746 2780 2900 2835 Unde
2940 2787 2994 2835 et
3040 2787 3193 2834 vetus
3223 2777 3312 2833 illa
3339 2777 3609 2832 sententia

2014 2880 2134 2926 est:
2163 2869 2490 2925 Litterarum
2521 2868 2733 2926 radices
2760 2885 2982 2935 amarae,
3016 2869 3225 2924 fructus
3249 2867 3454 2922 dulces.
3480 2865 3611 2933 Qui-

2015 2960 2140 3015 dam
2195 2959 2404 3031 virgam
2458 2960 2771 3032 vigilantem
2818 2968 2982 3028 atque
3029 2973 3255 3014 nuceam
3303 2956 3609 3026 intelligunt

2014 3051 2325 3116 Dominum,
2353 3051 2421 3107 de
2449 3066 2557 3122 quo
2594 3050 2726 3104 dicit
2767 3049 2933 3104 Isaias
2965 3068 2978 3104 :
3015 3069 3032 3101 ι
3064 3049 3221 3103 Exiet
3244 3047 3394 3116 virga
3421 3047 3487 3101 de
3523 3061 3610 3099 ra-

326 3156 487 3224 quam
535 3141 779 3198 diabolus
813 3144 1140 3202 concinnare
1183 3157 1380 3217 potest,
1429 3151 1634 3207 assumi
1677 3151 1908 3208 valeant.
1939 3132 1984 3193 (ἶ
2016 3148 2134 3204 dice
2151 3147 2304 3204 Iesse
2335 3146 2470 3219 (Isa.
2499 3146 2599 3218 xi).
2631 3166 2650 3197 ι
2689 3147 2837 3203 Unde
2861 3134 3096 3216 et'virga
3122 3143 3324 3209 Aaron,
3353 3157 3473 3212 quae
3505 3157 3607 3212 pu-

326 3232 466 3298 Quid
508 3233 640 3288 mihi
668 3235 910 3303 prodest,
935 3236 980 3290 si
1016 3251 1123 3292 non
1151 3253 1252 3308 pro
1275 3239 1354 3295 eis
1395 3255 1516 3310 quae
1556 3241 1831 3298 eradicata
1860 3251 1916 3297 ct

326 3321 553 3378 sull‘ossa
574 3331 723 3390 sunt,
746 3325 970 3380 meliora
1000 3326 1054 3380 in
1081 3340 1170 3382 me
1203 3327 1516 3397 plantentur
1542 3339 1704 3401 atque
1741 3331 1913 3388 aediﬁ-

324 3419 536 3467 centur.
583 3412 878 3482 Propterea
924 3415 1020 3472 Dei
1049 3417 1216 3472 verba
1250 3418 1486 3487 primum
1516 3419 1742 3486 faciunt,
1772 3422 1914 3491 quod

277 3546 284 3551 .
325 3517 547 3558 necesse
577 3512 684 3572 est,
728 3506 1026 3573 eradicant,
1066 3508 1369 3575 destruunt,
1413 3512 1668 3581 perdunt,
1695 3521 1754 3568 et
1790 3521 1916 3584 post

325 3592 442 3647 lucc
467 3593 738 3649 aediﬁcant
771 3603 936 3666 atque
957 3597 1222 3668 plautant.
1251 3598 1672 3658 Observavimus
1699 3617 1915 3672 semper

324 3682 378 3736 in
411 3679 708 3752 Scripturis
737 3685 928 3752 sacris,
959 3687 1193 3757 primum
1220 3703 1284 3743 ea
1309 3703 1429 3758 quae
1458 3689 1708 3746 videntur
1738 3691 1912 3747 tristia

324 3774 616 3840 nominari,
629 3775 823 3832 deinde
844 3791 908 3832 ea
928 3792 1049 3847 qua:
1061 3777 1322 3834 hilariora
1343 3789 1488 3844 sunt,
1501 3781 1738 3835 secundo
1756 3781 1860 3836 dici
1895 3800 1909 3836 :

329 3883 346 3915 ι
389 3865 504 3935 Ego
536 3866 816 3932 occidam,
851 3876 908 3923 et
942 3883 1044 3940 ego
1093 3868 1379 3925 viviﬁcabo
1413 3868 1602 3942 (Deut.
1645 3871 1852 3942 xxxu).
1887 3891 1907 3924 ι

324 3955 440 4010 Non
470 3956 606 4011 dixit
633 3958 804 4027 pritts,
849 3958 962 4030 Ego
986 3959 1290 4027 viviﬁcabo,
1321 3967 1375 4015 et
1413 3968 1618 4030 postea,
1645 3961 1908 4017 occidam.

323 4047 656 4116 [inpossibile
697 4049 842 4104 enim
885 4051 1030 4120 quod
1072 4051 1241 4106 semel
1281 4051 1579 4107 viviﬁcabit
1613 4051 1776 4119 Deus,
1818 4061 1914 4108 aut

325 4134 394 4190 ab
413 4150 477 4190 eo
499 4136 634 4208 ipso,
663 4147 757 4192 aut
785 4139 853 4194 ab
879 4139 986 4195 alio
1010 4140 1206 4208 occidi,
1232 4141 1325 4197 sed
1357 4160 1372 4196 :
1409 4161 1428 4193 ι
1457 4142 1570 4213 Ego
1590 4142 1910 4200 interﬁciam

324 4237 378 4282 et
407 4243 506 4298 ego
534 4229 835 4286 viviﬁcabo.
866 4249 885 4282 ι
919 4231 1091 4298 Quem
1135 4231 1495 4312 interliciam?
1521 4233 1748 4289 Paulum
1785 4249 1912 4303 pro-

323 4321 576 4389 ditorem,
604 4321 827 4377 Paulum
860 4333 1289 4394 persecutorem;
1320 4336 1374 4381 et
1395 4327 1700 4395 viviﬁcabo,
1729 4336 1789 4383 ut
1817 4329 1912 4383 ﬁat

323 4411 524 4467 Paulus
551 4414 825 4483 apostolus
863 4413 1064 4471 Christi
1090 4415 1240 4472 Jesu.
1272 4416 1512 4473 Primum
1544 4428 1648 4486 est,
1681 4429 1742 4475 ut
1768 4421 1907 4476 mala

324 4503 639 4560 auferantur
663 4521 694 4560 a
724 4506 879 4562 nobis
916 4525 929 4560 :
973 4523 1081 4563 non
1107 4518 1286 4578 potest
1315 4509 1369 4564 in
1397 4509 1518 4565 loco
1541 4511 1912 4570 mdiﬁcationis

325 4591 480 4646 malae
519 4593 789 4648 :edilicare
823 4596 1102 4651 Dominus.
1140 4617 1159 4648 ι
1206 4597 1336 4665 Quae
1383 4599 1527 4653 enim
1573 4602 1912 4672 participatio

319 4680 548 4751 justitia:
594 4691 649 4736 et
688 4683 1033 4753 iniquitatis?
1063 4685 1192 4752 Quae
1238 4689 1655 4745 communicatio
1702 4691 1806 4746 luci
1844 4693 1911 4745 ad

325 4771 610 4827 tenebras?
641 4791 659 4824 ι
689 4772 912 4844 Oportet
937 4775 1198 4832 malitiam
1227 4793 1293 4833 ex
1323 4778 1444 4833 imis
1471 4779 1689 4835 sedibus
1728 4781 1909 4836 eradi-

322 4862 438 4917 cari
463 4879 477 4916 :
507 4873 721 4934 oportet
743 4865 1153 4923 :edilicationem
1189 4870 1480 4940 pessimam
1503 4871 1570 4925 ab
1595 4871 1792 4927 animis
1816 4886 1911 4928 no-

322 4954 452 5010 stris
470 4957 687 5026 penitus
714 4955 937 5026 auferri,
989 4967 1047 5014 ut
1091 4969 1276 5030 postea
1310 4976 1589 5018 sermones
1629 4963 1720 5018 Dei
1746 4962 1912 5018 aedili-

323 5053 448 5102 cent
476 5054 639 5116 atque
661 5046 906 5116 plantent
1515 5065 1522 5070 ·

399 5154 419 5186 ι
453 5137 518 5190 Et
541 5137 743 5194 factum
789 5146 873 5195 est
903 5139 1126 5195 verbum
1165 5141 1377 5196 Domini
1421 5143 1488 5197 ad
1527 5158 1634 5208 me,
1683 5144 1904 5199 dicens:

329 5247 348 5278 ι
393 5226 532 5293 Quid
559 5237 614 5284 tu
652 5231 820 5296 vides,
851 5229 1120 5286 Ieremia?
1159 5233 1226 5287 Et
1253 5233 1363 5288 dixi
1394 5251 1406 5287 :
1439 5233 1658 5305 Virgam
1684 5235 1912 5306 vigilan-

331 5335 348 5369 ι
395 5323 501 5371 tem
530 5332 628 5389 ego
656 5319 830 5376 video.
858 5320 925 5374 Et
949 5321 1084 5376 dixit
1114 5321 1377 5378 Dominus
1403 5323 1471 5378 ad
1501 5339 1622 5379 me:
1653 5325 1797 5380 Bene
1823 5326 1910 5380 vi-

330 5425 350 5459 t
393 5407 538 5472 disti,
584 5411 707 5477 quia
743 5411 974 5483 vigilabo
1008 5427 1106 5484 ego
1150 5429 1313 5484 super
1358 5416 1526 5471 verbo
1563 5431 1685 5472 meo
1723 5425 1782 5471 ut
1820 5417 1905 5471 fa-

330 5518 348 5551 ι
391 5499 532 5554 ciam
559 5498 708 5554 illud.
738 5519 755 5551 ›
790 5501 1058 5574 (Ηίενοη.)
1088 5504 1194 5560 Pro
1216 5506 1366 5577 virga
1393 5506 1648 5575 vigilante
1678 5507 1908 5578 Septua-

323 5590 474 5662 ginta
523 5589 766 5644 baculum
795 5607 1014 5646 nuceum
1067 5596 1472 5651 transtulerunt.
1526 5597 1905 5654 Laborandum

324 5683 484 5756 igitur
533 5680 688 5738 nobis
728 5687 810 5740 cst
849 5689 908 5738 ut
940 5683 1176 5742 breviter
1215 5685 1495 5744 llcbrzeam
1527 5689 1903 5760 etymologiam

2018 3238 2233 3292 tabatur
2262 3245 2529 3302 emortua,
2563 3237 2617 3292 in
2651 3234 3051 3292 resurrectione
3104 3233 3318 3289 Domini
3363 3230 3610 3287 ﬂoruisse

2016 3337 2291 3383 narratur.

2093 3438 2112 3470 ι
2156 3419 2223 3473 Et
2245 3419 2444 3473 factum
2473 3426 2557 3472 cst
2597 3415 3064 3473 verbumDomini
3110 3415 3348 3470 secundo
3387 3414 3454 3469 ad
3494 3429 3604 3480 me,

2021 3530 2039 3564 ι
2085 3511 2271 3566 dicens
2298 3527 2310 3565 τ
2345 3510 2484 3576 Quid
2513 3519 2567 3563 tu
2601 3509 2781 3563 vides?
2827 3515 2882 3563 et
2907 3508 3016 3563 dixi
3045 3525 3056 3561 :
3085 3506 3256 3562 Ollam
3288 3519 3606 3562 succensam

2021 3617 2040 3651 ‹
2085 3615 2186 3670 ego
2217 3600 2396 3665 video,
2443 3608 2500 3654 et
2545 3599 2735 3653 faciem
2787 3598 2904 3669 ejus
2950 3611 2983 3651 a
3029 3595 3167 3652 facie
3207 3595 3494 3666 aquilonis.
3542 3596 3611 3648 Et

2022 3708 2041 3742 ι
2085 3691 2222 3746 dixit
2269 3690 2531 3745 Dominus
2582 3691 2649 3745 ad
2697 3703 2831 3744 me:
2879 3686 2964 3742 Ab
3009 3686 3259 3756 aquilone
3298 3686 3609 3756 aperientur

2019 3801 2038 3833 ι
2084 3781 2211 3854 (sive
2253 3780 2632 3851 exardescent)
2669 3780 2809 3836 mali
2854 3795 3016 3850 super
3052 3792 3242 3834 omnes
3275 3779 3610 3835 habitatores

2021 3890 2040 3923 ι
2087 3881 2266 3927 terrm.
2313 3891 2333 3925 ι
2382 3871 2653 3942 (Ηίενοη.)
2699 3869 3032 3937 Quibusdam
3063 3870 3341 3940 gradibus,
3380 3883 3612 3939 peccan—

2016 3967 2158 4022 tibus
2213 3974 2481 4022 tormenta
2530 3967 2858 4028 tribuuntur,
2895 3972 2956 4017 ut
2997 3964 3256 4033 paulatim
3295 3963 3516 4017 veniant
3540 3963 3609 4017 ad

2016 4056 2265 4112 salutem.
2299 4056 2402 4123 Qui
2440 4055 2712 4110 noluerint
2739 4055 3076 4124 percuticnte
3121 4053 3270 4122 virga
3309 4051 3609 4118 emendari,

2015 4147 2310 4202 mittuntur
2338 4147 2392 4201 in
2416 4145 2576 4200 ollam
2606 4160 2804 4200 aeream
2831 4153 2993 4213 atque
3023 4158 3370 4199 succensam:
3404 4143 3470 4198 de
3503 4159 3609 4213 qua

2011 4240 2224 4311 plenius
2252 4240 2443 4294 scribit
2463 4238 2739 4304 Ezechiel,
2763 4252 2882 4307 quae
2916 4253 2946 4290 a
2978 4235 3116 4291 facie
3135 4235 3402 4305 aquilonis
3417 4250 3612 4290 accen-

2013 4332 2179 4395 ditur,
2196 4329 2548 4402 Babylonium
2570 4344 2750 4399 regem
2772 4327 3086 4399 signiﬁcans
3109 4333 3164 4381 et
3180 4325 3364 4381 urbem
3387 4323 3611 4380 Jerusa-

2015 4421 2141 4476 lem.
2159 4420 2497 4491 Pulchreque
2527 4419 2794 4474 infertur:
2823 4438 2841 4470 ι
2867 4417 2950 4473 Ab
2979 4416 3228 4487 aquilone
3253 4415 3610 4471 exardescent

1940 4481 1990 4540 D
2016 4510 2157 4566 mala
2200 4526 2364 4580 super
2405 4481 2596 4565 omnes
2641 4508 2974 4562 habitatores
3021 4481 3206 4569 terrae,
3253 4525 3272 4558 ι
3323 4503 3409 4560 vel
3449 4513 3608 4558 terrae

2013 4603 2174 4668 Juda,
2209 4603 2291 4657 vel
2315 4609 2462 4658 certe
2490 4601 2759 4655 universa:
2787 4609 2964 4653 terrm.
2991 4600 3066 4653 De
3091 4597 3288 4668 quibus
3315 4604 3370 4650 et
3395 4597 3450 4650 in
3469 4595 3608 4662 Apo—

2015 4693 2219 4764 calypsi
2251 4691 2512 4760 scriptum
2542 4701 2625 4745 est
2650 4707 2664 4743 :
2704 4709 2722 4741 ς
2757 4688 2849 4743 Va:
2873 4705 3041 4774 super
3055 4702 3246 4744 omnes
3274 4685 3608 4741 habitatores

2017 4791 2196 4838 terrae.
2230 4801 2248 4833 ι
2282 4781 2465 4836 Sancti
2496 4781 2640 4835 enim
2662 4795 2768 4835 non
2800 4788 2925 4835 sunt
2948 4779 3280 4834 habitatores
3309 4784 3483 4839 terrm,
3509 4774 3604 4828 sed

2013 4873 2238 4928 advenae
2265 4882 2320 4928 et
2353 4871 2657 4943 peregrini;
2701 4885 2931 4940 quorum
2957 4885 3097 4924 unus
3125 4869 3292 4924 dicit:
3329 4885 3349 4917 ι
3384 4865 3606 4921 Advena

2012 4979 2114 5035 ego
2143 4979 2264 5019 sum
2293 4978 2456 5033 super
2502 4972 2704 5018 terram
2751 4969 2806 5016 et
2852 4960 3189 5030 peregrinus,
3240 4957 3380 5012 sicut
3415 4970 3605 5012 omnes

2012 5061 2197 5125 patres
2225 5052 2331 5107 mei
2363 5050 2537 5124 (Psul.
2564 5048 2816 5122 xxxvm).
2847 5069 2866 5101 ι
2903 5050 2970 5104 Ει
3010 5048 3146 5103 alius
3174 5066 3187 5102 :
3225 5067 3243 5098 ι
3274 5046 3432 5101 Parvi
3479 5051 3605 5100 sunt

2017 5151 2072 5198 et
2098 5141 2322 5212 pessimi
2344 5141 2460 5197 dies
2489 5141 2616 5207 mei,
2645 5141 2842 5210 quibus
2867 5153 2966 5211 ego
3004 5137 3318 5209 peregrinor
3357 5136 3410 5190 in
3458 5143 3600 5190 terra

2017 5233 2171 5306 (Gen.
2195 5233 2385 5304 van).
2415 5253 2434 5285 ι
2467 5216 2621 5288 Unde
2645 5241 2701 5288 et
2725 5232 2917 5287 Petrus
2950 5229 3280 5286 Catholicam
3309 5227 3602 5297 Epistolam

2015 5325 2205 5381 scribit
2247 5324 2472 5379 advenis
2524 5330 2686 5392 atque
2719 5323 3022 5392 peregrinis
3066 5320 3243 5386 Ponti,
3280 5319 3506 5376 Galatia:
3548 5327 3604 5374 et

2016 5417 2391 5488 Cappadociae.
2423 5416 2491 5471 Et
2513 5416 2667 5486 juxta
2711 5415 2968 5486 mysticos
3013 5413 3315 5469 intellectus
3349 5411 3604 5467 Salomon

2015 5508 2294 5578 loquitur:
2329 5526 2348 5558 ‹
2390 5507 2606 5577 Aquilo,
2650 5515 2842 5561 ventus
2883 5507 3070 5562 durus.
3104 5524 3124 5558 ›
3160 5503 3454 5577 (Marinus)
3499 5502 3605 5557 No-

2014 5601 2160 5656 mine
2187 5607 2367 5655 autcm
2398 5600 2587 5655 dexter
2611 5606 2857 5664 vocatur,
2893 5599 3019 5668 quia
3049 5614 3171 5655 eum
3216 5613 3315 5667 per
3337 5612 3396 5652 se
3432 5597 3601 5652 durus

2014 5693 2085 5747 sit
2133 5693 2372 5759 sinister,
2403 5701 2460 5746 et
2505 5691 2717 5748 cervice
2743 5690 3267 5763 durissima,jugum
3326 5689 3420 5745 Dei
3471 5687 3605 5743 ttulit
