4100 6324
489 376 591 432 807

1132 374 1187 428 Β.
1234 374 1482 430 ιιΑιιΑΝι
1523 371 1738 428 MAURI
1777 366 2093 425 ARCIIIEP.

2196 360 2448 421 OGUNT.
2489 363 2774 421 OPERUM
2812 358 2990 421 PARS
3026 364 3109 420 ΙΙΙ.

3645 360 3763 419 808

490 494 755 565 rccipere,
788 494 856 548 ab
885 493 969 547 his
999 493 1089 562 qui
1135 492 1250 562 ejus
1277 488 1559 562 obriguere
1595 490 1794 562 frigore
1833 497 1889 543 et
1931 485 2148 543 calo-‘A
2179 488 2456 549 queretur,
2501 478 2796 534 conditoris
2822 476 3138 533 reverentiae
3183 474 3592 531 oblivisceretur
3631 474 3770 547 (III

493 597 608 638 rem
641 582 760 637 fidei
797 582 1149 652 perdiderunt
1175 600 1187 636 :
1216 582 1310 652 qui
1334 591 1538 653 ponunt
1566 580 1719 636 dulce
1747 593 1989 633 amarum
2020 585 2073 631 ct

493 686 736 728 amarum
766 672 953 729 dulce:
988 675 1077 743 qui
1106 682 1311 743 ponunt
1344 674 1514 748 lucem
1552 674 1800 728 tenebras
1830 680 1885 726 et
1923 678 2071 724 tene-

492 764 623 819 bras
651 763 846 819 lucem.
900 764 967 818 Et
1005 763 1181 817 nullus
1220 773 1305 819 est
1338 765 1427 833 qui
1482 762 1612 817 fumi
1646 762 1804 834 hujus
1846 776 2073 815 acumen

492 851 731 924 effugiat.
779 853 949 909 Nemo
974 853 1119 907 enim
1165 854 1370 925 absque
1410 861 1653 922 peccato,
1690 866 1790 907 nec
1828 850 1873 906 si
1916 851 2076 906 unius

495 944 601 999 diei
637 943 800 1001 fuerit
824 946 933 1001 vita
978 943 1112 1015 ejus.
1146 945 1299 1002 Unde
1332 946 1398 1001 de
1427 947 1527 1000 hac
1553 946 1657 1000 olla
1704 945 1757 1000 in
1792 944 1934 999 libro
1978 941 2078 996 Job

498 1034 640 1105 (Job.
672 1034 769 1105 iv),
802 1036 891 1091 ubi
925 1035 1184 1091 Dominus
1212 1035 1452 1106 loquitur
1479 1035 1547 1089 ad
1576 1035 1750 1104 ipsum
1775 1033 1875 1089 Job
1911 1034 1976 1089 de
2000 1034 2079 1088 fa-

497 1135 652 1183 ctura
680 1127 998 1196 Leviathan,
1028 1130 1107 1185 ita
1133 1129 1366 1202 legitur:
1399 1150 1417 1182 ι
1454 1131 1530 1187 De
1556 1131 1778 1187 naribus
1806 1130 1922 1199 ejus
1950 1146 2077 1200 pro-

497 1219 643 1275 cedit
682 1218 883 1287 fumus,
922 1220 1064 1276 sicut
1109 1220 1230 1276 ollae
1268 1236 1542 1278 succensae
1590 1230 1751 1291 atque
1798 1220 2077 1276 ferventis.

499 1309 708 1366 Halitus
747 1312 864 1382 ejus
908 1328 1113 1383 prunas
1141 1313 1332 1369 ardere
1375 1311 1527 1379 facit,
1559 1322 1613 1367 et
1638 1311 1848 1366 ﬂamma
1881 1312 1946 1367 de
1988 1327 2083 1367 ore

498 1402 616 1473 ejus
640 1403 936 1476 egreditur.
975 1424 993 1456 ι
1025 1403 1227 1476 (ϐνερ.)
1249 1402 1365 1459 Olla
1395 1403 1539 1457 enim
1570 1403 1935 1468 succenditur,
1958 1417 2084 1458 cum

500 1510 655 1551 mens
680 1497 918 1551 humana
944 1494 1164 1566 maligni
1206 1495 1375 1549 hostis
1405 1493 1746 1549 suasionibus
1774 1491 2081 1564 instigatur.

501 1584 618 1641 Olla
643 1595 822 1642 autem
850 1586 1021 1642 fervet
1070 1602 1191 1641 cum
1217 1586 1329 1656 jam
1356 1583 1518 1640 etiam
1549 1600 1648 1655 per
1676 1599 1999 1640 consensum
2031 1585 2084 1640 in

502 1674 788 1733 desideriis
819 1694 1000 1747 prava:
1028 1678 1396 1748 persuasionis
1427 1677 1761 1733 accenditur.
1788 1674 1855 1732 Et
1886 1685 1963 1733 tot
1988 1692 2087 1731 un-

503 1769 600 1825 das
631 1770 784 1839 quasi
814 1769 1072 1825 fervendo
1095 1767 1332 1839 projicit,
1361 1783 1456 1839 per
1484 1768 1629 1839 quod
1660 1783 1717 1824 se
1757 1769 1870 1824 suis
1900 1767 2087 1838 nequi-

2181 569 2311 641 Reg.
2334 570 2474 641 xxi).
2502 570 2756 624 Avaritiae
2778 582 2991 639 quoque
3009 568 3132 638 igne
3153 565 3338 622 Achab
3360 567 3602 622 animum
3626 583 3769 624 con—

2177 669 2463 727 cremavrt,
2485 676 2606 716 cum
2636 674 2758 716 eum
2788 660 2855 715 ad
2888 660 3241 730 appetendam
3280 659 3513 715 alienam
3543 661 3770 717 vineam

2184 753 2592 823 impatientibus
2617 751 2897 807 desideriis
2924 750 3152 820 impulit,
3183 760 3238 805 et
3263 766 3360 821 per
3381 751 3484 806 hoc
3500 766 3671 822 usque
3692 753 3773 807 ad

2179 852 2388 897 reatum
2418 842 2694 897 homicidii
2715 841 2978 911 pertraxit
3001 840 3121 912 (III
3147 837 3433 913 Regaxxi).
3458 842 3635 898 Tanto
3661 843 3776 913 ιιζί⁴

2182 940 2270 986 tur
2281 932 2576 987 Leviathan
2604 932 2707 986 iste
2726 931 2894 986 halitu
2916 931 2968 986 in
2993 932 3180 1000 prunis
3205 930 3541 1001 ﬂat,quanto
3567 934 3774 988 adnisn

2180 1023 2541 1094 suggestionis
2600 1023 2828 1078 occulta:
2876 1023 3144 1079 humanas
3196 1034 3408 1080 mentes
3452 1025 3519 1080 ad
3574 1025 3775 1080 illicita

2182 1111 2506 1167 inﬂammat.
2533 1110 2685 1168 Unde
2732 1121 2787 1167 et
2815 1113 2951 1168 bene
2979 1129 3100 1167 mox
3143 1113 3394 1169 subditur
3421 1132 3435 1169 :
3470 1133 3491 1165 ι
3524 1114 3591 1169 Et
3611 1115 3777 1171 ﬂam-

2184 1217 2272 1257 ma
2318 1202 2386 1257 de
2436 1216 2531 1257 ore
2575 1200 2692 1270 ejus
2721 1201 3016 1273 egreditur.
3056 1221 3076 1255 ι
3128 1202 3370 1258 Flamma
3401 1204 3601 1275 quippe
3654 1206 3778 1260 oris

2182 1293 2300 1363 ejus
2325 1302 2409 1348 est
2444 1292 2558 1362 ipsa
2612 1292 2889 1363 instigatio
2946 1292 3171 1348 occultae
3215 1293 3521 1349 locutionis.
3577 1293 3780 1350 Prava

2185 1382 2331 1436 enim
2386 1382 2658 1437 suasionis
2703 1382 2873 1437 verba
2927 1382 2996 1437 ad
3054 1382 3478 1454 uniuscujusque
3521 1385 3777 1439 animum

2186 1473 2345 1542 facit;
2399 1475 2493 1530 sed
2523 1474 2738 1530 ﬂamma
2790 1484 2875 1530 est
2911 1476 3053 1546 quod
3088 1475 3156 1530 de
3180 1492 3277 1532 ore
3322 1477 3446 1547 ejus
3469 1478 3778 1549 egreditur,

2187 1564 2313 1633 quia
2352 1564 2508 1619 ardet
2537 1564 2593 1618 in
2621 1563 2904 1619 desideriis
2933 1565 3147 1620 animus
3177 1581 3300 1621 cum
3325 1565 3446 1635 ejus
3470 1568 3782 1639 suggestio—

2189 1654 2345 1710 nihus
2373 1656 2682 1726 instigatur.
2707 1654 2832 1711 Haec
2878 1656 3121 1726 quotidie
3161 1659 3422 1728 suggerit,
3458 1659 3573 1714 haec
3596 1673 3782 1730 usque

2193 1747 2259 1800 ad
2284 1747 2567 1816 praesentis
2590 1748 2713 1801 vitae
2743 1747 3030 1801 terminum
3071 1762 3361 1818 suggerere
3401 1764 3511 1804 non
3535 1749 3775 1804 desistit.

505 1855 597 1910 tiis
625 1835 746 1929 [per
775 1865 907 1927 quot
931 1872 991 1912 se
1018 1835 1308 1929 nequitias]
1343 1835 1520 1927 usque
1535 1855 1603 1912 ad
1626 1858 1897 1912 exteriora
1925 1835 2090 1927 opera
2122 1842 2165 1901 Β
2195 1835 2299 1890 sed
2500 1851 2558 1891 se
2587 1835 2818 1929 “equi!”
2854 1836 3066 1929 dim“:
3095 1850 3220 1929 ⁰ξ¹¹¹¹
3250 1852 3350 1908 per
3376 1837 3528 1929 illum
3556 1839 3782 1929 mm"

505 1946 771 2001 extendit.
814 1945 971 2002 Hunc
995 1962 1229 2017 namque
1267 1946 1500 2002 carnalis
1528 1947 1891 2015 conscientiae,
1921 1947 1975 2004 id
2011 1957 2094 2002 est

508 2035 652 2102 οιιω,
682 2035 972 2104 fervorem,
1004 2053 1071 2093 ex
1095 2036 1393 2092 Leviathan
1432 2036 1582 2093 fumo
1609 2038 1933 2104 venientem,
1957 2052 2093 2108 pra:-

508 2138 636 2181 sens
689 2126 951 2197 propheta
999 2135 1375 2197 conspexerat,
1405 2142 1530 2182 cum
1550 2131 1554 2135 “
1577 2127 1790 2183 diccbat
1819 2142 1833 2182 :
1868 2148 1886 2180 ι
1919 2128 2093 2185 Ollam

508 2230 826 2271 succensam
867 2232 966 2288 ego
1003 2218 1178 2285 video,
1221 2226 1276 2274 et
1320 2216 1512 2274 faciem
1558 2218 1674 2289 ejus
1705 2237 1736 2274 a
1769 2219 1909 2276 facie
1942 2222 2095 2292 aqui-

509 2304 667 2360 lonis.
724 2326 743 2358 ι
787 2306 870 2363 Ab
908 2308 1177 2378 aquilonis
1227 2310 1426 2364 etenim
1483 2309 1623 2367 facie
1681 2312 1903 2367 humani
1970 2328 2095 2369 cor-

510 2393 595 2449 dis
638 2393 743 2448 olla
779 2395 1152 2462 succenditur,
1184 2412 1305 2452 cum
1329 2412 1425 2468 per
1448 2398 1851 2471 instigationcm
1901 2402 2094 2458 adver-

512 2483 644 2538 sarii
702 2484 903 2541 illicitis
950 2486 1234 2543 desideriis
1290 2488 1673 2545 inﬂammatur.
1725 2491 1818 2548 llle
1865 2507 2097 2562 namque

513 2572 607 2642 qui
653 2572 781 2628 ait:
837 2593 856 2626 ι
906 2573 1112 2632 Ponant
1166 2577 1347 2633 sedem
1404 2595 1581 2635 meam
1636 2582 1703 2636 ad
1752 2582 2091 2653 aquilonem,

509 2655 571 2718 et
616 2678 713 2719 ero
747 2667 965 2723 similis.
984 2667 1265 2726 Altissimo
1321 2668 1506 2742 (Psal.
1572 2672 1735 2745 xiv),
1789 2694 1807 2726 ι
1858 2685 2096 2731 mentem

513 2770 678 2825 quam
700 2757 868 2813 semel
891 2760 1092 2829 ceperit
1115 2761 1366 2832 malignis
1398 2765 1765 2833 persuasionis
1808 2782 1919 2822 suae
1953 2765 2098 2822 ﬂati—

514 2846 636 2913 bus,
685 2849 840 2918 quasi
883 2852 1177 2922 suppositis
1221 2853 1457 2924 ignibus,
1510 2857 1774 2922 accendit,
1830 2866 2099 2927 quatenus

513 2953 624 2993 non
674 2949 929 2996 contenta
987 2944 1345 3012 prarsentibus
1401 2944 1770 3002 indesinenter
1815 2962 1910 3018 per
1958 2947 2101 3002 desi-

518 3025 667 3080 deria
718 3035 911 3084 aestuet
963 3039 1022 3085 ut
1073 3030 1177 3086 alia
1236 3033 1627 3089 contemnenda
1684 3044 1942 3106 appetat,
1995 3036 2099 3092 alia

518 3115 711 3186 adepta
741 3129 1052 3176 contemnat
1088 3141 1100 3176 :
1132 3130 1191 3182 tu
1220 3124 1381 3179 modo
1411 3126 1523 3180 suis
1548 3128 1880 3196 compendiis
1907 3127 2096 3196 inhiet,

2194 1934 2305 1980 tum
2334 1925 2605 1980 hominem
2651 1926 2896 1989 veniens,
2950 1925 3004 1980 in
3055 1924 3214 1995 hujus
3259 1928 3448 1984 mundi
3496 1942 3557 1982 se
3602 1927 3776 1999 gloria

2193 2017 2435 2087 apertius
2482 2024 2740 2072 ostentat.
2802 2015 2960 2071 Tunc
3005 2015 3074 2070 ab
3121 2008 3255 2085 ejus
3289 2018 3516 2072 naribus
3569 2018 3784 2073 vastior

2203 2104 2388 2161 fumus
2413 2108 2677 2178 procedit,
2708 2107 2835 2177 quia
2866 2108 3105 2162 humana
3134 2110 3322 2175 corda,
3359 2110 3637 2180 signorum
3659 2107 3781 2177 ejus

2194 2197 2645 2253 admirationihus
2676 2199 2915 2263 territa,‘
2935 2197 3166 2268 amplius
3192 2197 3474 2270 instigatio
3517 2199 3777 2270 percutit.

2198 2289 2352 2345 Tunc
2374 2290 2491 2358 ejus
2527 2289 2728 2346 halitus
2761 2290 2954 2346 ardere
2995 2291 3373 2346 vehementius
3399 2305 3603 2363 prunas
3623 2290 3781 2355 facit,

2196 2383 2321 2451 quia
2352 2384 2706 2452 reproborum
2743 2390 2974 2449 mentes,
3005 2398 3142 2454 quas
3171 2381 3287 2451 jam
3318 2382 3560 2438 calentes
3587 2394 3776 2436 amore

2196 2475 2379 2546 gloriae
2427 2475 2740 2547 temporalis
2781 2476 3073 2543 invenerit,
3103 2476 3460 2547 suggestionis
3495 2490 3607 2531 sua:
3634 2474 3781 2530 ﬂati-

2198 2564 2300 2619 bus
2327 2579 2499 2634 usque
2528 2565 2595 2619 ad
2636 2566 2931 2634 nequitiam
2974 2567 3293 2621 exercendae
3333 2564 3671 2620 crudelitatis
3697 2565 3782 2619 iw

2199 2653 2399 2708 ccndit.
2455 2652 2607 2708 Tunc
2660 2654 2727 2708 de
2771 2670 2867 2709 ore
2905 2654 3024 2725 ejus
3064 2654 3278 2709 ﬂamma
3308 2655 3604 2726 egreditur,
3650 2654 3778 2723 quia

2198 2742 2457 2812 quidquid
2489 2757 2587 2811 per
2607 2756 2686 2807 se,
2711 2742 2974 2813 quidquid
3005 2757 3102 2812 per
3122 2743 3506 2814 praedicatores
3534 2756 3659 2797 suos
3695 2741 3780 2793 lo-

2204 2836 2389 2905 quitur
2409 2836 2549 2905 ignis
2572 2844 2659 2891 est
2684 2850 2791 2906 quo
2810 2836 3143 2892 infructuosa
3166 2836 3310 2906 ligna
3340 2839 3774 2891 concrementur.

2199 2925 2327 2996 Igne
2376 2936 2561 2981 autem
2592 2935 2833 2995 terrenae
2885 2925 3337 2995 concupiscentiae
3385 2936 3574 2977 eorum
3623 2937 3776 2978 mens

2204 3015 2458 3087 tangitur,
2493 3016 2587 3086 qui
2613 3031 2953 3088 nequaquam
2981 3014 3099 3069 fieri
3128 3013 3367 3084 pretiosa
3394 3012 3610 3068 metalla
3638 3028 3773 3068 con-

2204 3112 2506 3182 cupi'scunt.
2539 3110 2644 3179 Qui
2670 3124 2802 3180 ergo
2826 3111 2937 3165 oris
2956 3109 3074 3180 ejus
3102 3123 3210 3163 non
3229 3107 3344 3162 vult
3366 3106 3582 3161 ﬂamma
3612 3105 3776 3171 afﬁci,

518 3207 680 3262 modo
729 3207 922 3266 alienis
970 3213 1268 3268 commodis
1296 3213 1461 3268 etiam
1505 3230 1628 3269 cum
1670 3190 1892 3287 ξπορι-ίο
1932 3190 2097 3273 dem;
2127 3190 2172 3253 C
2198 3201 2353 3270 juxta
2374 3194 2493 3257 veri
2509 3201 2750 3258 doctoris
2774 3198 3119 3264 sententiam,
3153 3212 3261 3253 non
3308 3197 3534 3269 lignum,
3573 3195 3777 3287 fenum,

518 3305 701 3352 mento
728 3299 1088 3367 contradicat,
1109 3302 1267 3358 modo
1288 3303 1466 3358 carnis
1491 3303 1761 3360 illecebris
1779 3307 2096 3374 satisfaciat,

518 3385 681 3442 modo
732 3390 888 3458 quasi
936 3391 992 3446 in
1037 3392 1273 3461 quodam
1320 3393 1556 3449 culmine
1605 3410 1706 3465 per
1753 3397 2098 3468 cogitationis

506 3478 827 3545 superbiam
879 3488 1052 3550 rapta,
1083 3481 1288 3536 carnali
1315 3497 1446 3537 cura
1477 3484 1802 3554 postposita,
1831 3494 1996 3541 totam
2040 3502 2100 3543 se

521 3565 575 3619 in
608 3574 734 3638 typo
765 3566 897 3640 [Af.,
924 3568 1112 3641 typho]
1145 3569 1394 3655 elationis
1423 3572 1652 3628 attollat.
1685 3574 1820 3642 Quia
1849 3560 1983 3647 ergo
2005 3591 2101 3632 cor

516 3670 616 3725 per
642 3658 790 3713 varia
813 3659 1077 3716 desideria
1104 3662 1343 3728 ducitur,
1371 3663 1517 3732 quod
1539 3664 1882 3736 instigatione
1906 3665 2099 3721 Levia-

519 3745 649 3800 than
691 3747 846 3803 istius
886 3748 1272 3816 inﬂammatur,
1306 3758 1454 3807 recte
1478 3751 1595 3821 ejus
1622 3753 1805 3810 fumus
1827 3770 2101 3811 succensae

517 3844 574 3890 et
600 3834 827 3891 ferventi
871 3837 992 3892 ollae
1041 3839 1234 3895 similis
1277 3856 1397 3897 esse
1434 3842 1796 3913 perhibetur:
1833 3844 1959 3915 quia
2004 3860 2102 3915 per

519 3931 598 3979 tot
624 3939 683 3980 se
719 3923 960 3983 fervores
995 3927 1172 3986 aﬂlata
1195 3932 1313 4003 ejus
1352 3935 1743 3991 tentationibus
1766 3936 2099 3993 conscientia

517 4014 720 4086 erigit,
779 4031 878 4086 per
901 4029 1033 4088 quot
1077 4020 1220 4075 intra
1259 4037 1318 4077 se
1364 4024 1720 4094 cogitationes
1767 4027 2096 4082 intumescit.

518 4105 672 4173 Quod
700 4105 880 4162 verbis
911 4108 1031 4164 aliis
1058 4110 1235 4167 adhuc
1267 4113 1471 4167 veritas
1496 4115 1737 4183 apertius
1764 4116 2097 4186 exsequitur,

520 4195 646 4249 dum
672 4195 982 4266 subjungit:
1016 4218 1036 4249 ι
1069 4198 1300 4266 Halitus,
1326 4202 1518 4269 inquit,
1543 4202 1660 4269 ejus
1682 4219 1885 4271 prunas
1909 4207 2102 4260 ardere

520 4282 671 4339 facit.
709 4305 727 4337 ι
748 4286 887 4352 Quid
913 4290 1057 4343 enim
1081 4305 1303 4359 prunas,
1340 4291 1446 4345 nisi
1471 4307 1762 4349 succensas
1793 4296 1847 4348 in
1870 4297 2101 4352 terrenis

520 4375 973 4442 concupiscentiis
996 4380 1343 4447 reprobornm
1368 4381 1646 4436 hominum
1680 4393 1891 4440 mentes
1918 4387 2101 4456 appel-

520 4464 634 4519 lat?
659 4465 865 4521 Ardent
893 4468 1035 4522 enim
1057 4483 1179 4525 cum
1204 4471 1480 4540 quodlibet
1506 4476 1797 4544 temporale
1818 4487 2097 4548 appetunt,

520 4555 647 4625 quia
674 4556 927 4611 nimirum
957 4567 1118 4614 urunt
1140 4561 1425 4629 desideria,
1455 4578 1575 4634 qua:
1611 4566 1852 4636 quietum
1886 4569 1971 4624 vel
2011 4570 2097 4624 in-

520 4653 732 4718 tegrum
780 4663 900 4703 esse
924 4649 1164 4706 animum
1203 4667 1311 4708 non
1350 4656 1691 4724 permittunt.
1725 4658 1908 4715 Toties
1938 4660 2101 4731 igitur

519 4735 817 4792 Leviathan
848 4738 1044 4794 halitus
1084 4754 1287 4810 prunas
1311 4745 1587 4811 accendit,
1619 4748 1832 4816 quoties
1865 4750 1980 4820 ejus
2007 4765 2100 4805 oc-

518 4826 663 4881 culta
709 4829 984 4899 suggestio
1018 4830 1288 4888 humanas
1333 4843 1543 4890 mentes
1596 4838 1665 4892 ad
1713 4838 2100 4896 delectationes

518 4916 732 4972 illicitas
766 4919 1035 4988 pertrabit
1083 4938 1097 4975 :
1155 4922 1288 4978 alias
1326 4939 1560 4995 namque
1613 4928 1919 4997 superbiae,
1968 4930 2101 4986 alias

519 5005 755 5071 invidia,
797 5010 929 5064 alias
960 5011 1204 5077 luxuriae,
1234 5014 1369 5069 alias
1391 5017 1634 5071 avaritiae
1657 5017 1865 5076 facibus
1893 5020 2101 5076 inﬂam-

520 5103 651 5149 mat.
683 5095 960 5165 Superliize
990 5102 1184 5172 quippe
1216 5103 1387 5158 facem
1414 5108 1579 5160 menti
1610 5107 1736 5164 Eva:
1777 5114 2098 5181 supposuit,

517 5200 642 5239 eum
674 5186 813 5240 hanc
835 5189 902 5241 ad
926 5194 1316 5248 contemnenda
1340 5194 1502 5249 verba
1527 5196 1818 5254 Dominica:
1839 5201 2098 5271 jussionis

523 5273 962 5345 iiistigavit(Gen.
998 5280 1104 5352 ιιι).
1128 5283 1567 5355 Invidiaiquoque
1592 5287 1805 5344 ﬂamma
1829 5291 1962 5346 Cain
1989 5294 2101 5348 ani-

522 5378 669 5417 mum
699 5367 997 5433 succendit,
1026 5385 1148 5425 cum
1173 5373 1241 5428 de
1268 5385 1493 5445 accepto
1516 5376 1700 5434 fratris
1720 5381 1989 5437 sacriﬁcio
2010 5383 2104 5438 do-

522 5452 637 5515 luit,
663 5464 721 5509 ct
747 5471 843 5525 per
868 5459 972 5515 hoc
994 5476 1164 5531 usque
1197 5465 1263 5519 ad
1299 5464 1582 5523 fratricidii
1620 5469 1826 5527 facinus
1856 5474 2103 5543 pervenit

521 5543 677 5615 (Gen.
693 5547 1046 5621 tv).Luxuri:e
1060 5552 1266 5608 facibus
1276 5571 1371 5610 cor
1383 5556 1686 5615 Salomonis
1698 5563 1922 5627 exussit,
1938 5577 2097 5632 quem

520 5645 675 5693 tanto
687 5640 1003 5696 mulieribus
1016 5657 1198 5697 amore
1212 5645 1466 5711 subdidit,
1483 5656 1538 5702 ut
1556 5666 1726 5720 usque
1744 5652 1810 5706 ad
1834 5651 2099 5706 idolorum

521 5732 924 5789 venerationem
947 5733 1223 5802 deductus,
1254 5737 1377 5791 dum
1399 5739 1578 5797 carnis
1590 5740 2000 5800 delectationem
2016 5759 2100 5798 sc-

2126 4529 2176 4589 D

2202 3291 2397 3361 stipula
2425 3330 2440 3355 ,
2493 3291 2589 3345 sed
2629 3305 2819 3345 aurum
2849 3330 2864 3356 ,
2907 3295 3190 3359 argentum
3234 3294 3291 3343 et
3327 3287 3598 3357 pretiosus
3642 3286 3779 3358 lapis

2201 3388 2356 3434 curet
2404 3378 2672 3444 inveniri,
2709 3378 2835 3448 quia
2895 3384 3049 3431 tanto
3105 3375 3247 3448 ignis
3304 3376 3575 3431 suasionis
3636 3374 3781 3430 illius

2200 3468 2430 3538 amplius
2460 3468 2719 3539 incendit,
2775 3475 2978 3536 quanto
3025 3481 3084 3521 se
3120 3466 3171 3521 ei
3217 3464 3285 3520 ad
3335 3465 3779 3521 consentiendum

2202 3560 2503 3615 molliorem
2527 3560 2757 3631 quisque
2778 3559 3092 3628 praebuerit.
3137 3557 3245 3615 Sed
3268 3558 3362 3628 qui
3390 3558 3534 3616 nulla
3574 3556 3781 3615 ratione

2201 3650 2536 3717 conceditur,
2559 3658 2620 3705 ut
2645 3665 2799 3707 mens
2823 3649 2877 3704 in
2897 3649 3001 3705 hac
3034 3650 3373 3721 corruptibili
3412 3664 3578 3705 carne
3605 3647 3779 3719 posita

2201 3754 2544 3810 nequaquam
2571 3740 2846 3796 suasionis
2876 3738 2995 3809 ejus
3050 3740 3248 3808 ardore
3298 3746 3568 3810 tangatur,
3614 3745 3782 3793 restat

2201 3847 2261 3887 ut
2287 3832 2541 3905 malignis
2591 3832 2808 3888 ﬂatibus
2860 3834 3073 3900 adusta,
3122 3834 3190 3889 ad
3228 3832 3494 3888 orationis
3542 3844 3784 3900 opemse

2200 3925 2320 3980 sine
2345 3925 2654 3980 cessatione
2680 3932 2983 3981 convertat.
3020 3925 3322 3980 Flammam
3355 3924 3555 3995 quippe
3595 3937 3786 3994 sugge-

2199 4016 2437 4070 stionum
2465 4015 2611 4071 illius
2657 4015 2958 4087 exstinguit
3007 4017 3168 4072 citius
3197 4016 3337 4071 unda
3395 4015 3780 4087 lacrymarum.

2280 4125 2298 4156 ι
2327 4106 2462 4173 Quia
2510 4121 2638 4163 ecce
2686 4122 2787 4178 ego
2828 4110 3141 4165 convocabo
3190 4122 3379 4164 omnes
3433 4105 3785 4178 cognationes

2205 4215 2224 4246 ι
2259 4211 2551 4267 regnorum
2579 4200 2847 4269 aquilonis
2867 4241 2883 4267 ,
2913 4200 2990 4255 ait
3032 4201 3332 4256 Dominus:
3384 4207 3440 4255 et
3477 4196 3696 4255 venient
3727 4187 3815 4277 et;

2206 4306 2224 4337 ‹
2263 4296 2467 4355 ponent
2494 4289 2865 4359 unusquisque
2899 4289 3093 4345 solium
3120 4305 3278 4346 suum
3314 4288 3371 4344 in
3408 4287 3631 4342 introitu
3657 4284 3818 4367 μοι’-ξ

2204 4398 2224 4431 ι
2263 4387 2439 4433 tarum
2469 4377 2829 4445 Hierusalem,-
2859 4388 2916 4435 et
2943 4394 3108 4451 super
3134 4395 3325 4436 omnes
3364 4393 3551 4435 muros
3577 4376 3694 4447 ejus
3723 4377 3784 4431 in

2207 4489 2226 4520 ‹
2254 4470 2510 4536 circuitu,
2533 4479 2590 4526 et
2616 4486 2780 4541 super
2806 4472 3090 4527 universas
3118 4472 3281 4527 urbes
3306 4469 3476 4526 ludas.
3503 4466 3571 4525 Et
3592 4468 3787 4539 loquar
3817 4455 3821 4459 ’

2207 4581 2226 4609 ι
2263 4562 2467 4632 judicia
2504 4579 2623 4619 mea
2666 4579 2791 4620 cum
2828 4566 2909 4620 eis
2944 4579 3106 4636 super
3144 4565 3291 4620 omni
3327 4562 3531 4619 malitia
3571 4573 3782 4626 eorum,

2206 4671 2225 4704 ι
2258 4655 2386 4723 quia
2414 4654 2821 4724 dereliquerunt
2845 4671 2950 4721 me,
2968 4666 3023 4711 et
3043 4655 3349 4711 libaverunt
3373 4653 3478 4708 diis
3493 4651 3703 4715 alienis,
3724 4660 3784 4706 et

2206 4769 2226 4803 ι
2258 4751 2765 4821 adoraveruntopus
2778 4767 3033 4806 manuum
3048 4765 3292 4806 suarum.
3315 4767 3334 4802 ι
3356 4745 3627 4819 (meram)
3641 4744 3784 4799 Nulli

2199 4842 2420 4897 dubium
2459 4842 2657 4899 multas
2684 4852 2874 4914 gentes
2898 4851 2955 4898 et
2990 4842 3324 4913 singularum
3351 4842 3590 4914 gentium
3626 4852 3786 4909 reges

2204 4932 2500 5006 Babylonio
2524 4935 2641 5005 regi
2668 4933 2834 4990 fuisse
2858 4935 3132 5006 subjectos
3156 4952 3170 4989 :
3203 4934 3295 5005 qui
3322 4932 3544 4988 obsessa
3565 4929 3788 4985 Jerusa—

2202 5025 2650 5097 lem,posuerunt
2690 5027 2746 5082 in
2775 5028 3008 5083 circuitu
3051 5035 3109 5083 et
3154 5026 3389 5081 maxime
3454 5025 3509 5078 in
3550 5020 3789 5078 exitibus

2202 5127 2485 5188 portarum
2530 5120 2785 5174 thronum
2832 5136 2997 5176 suum
3040 5128 3203 5190 atque
3247 5118 3499 5184 tentoria,
3547 5117 3787 5187 nequis

2201 5223 2388 5264 eorum
2402 5210 2495 5279 qui
2518 5209 2686 5265 clausi
2705 5219 2862 5265 erant
2882 5219 3064 5280 posset
3082 5224 3390 5279 erumpere,
3413 5219 3469 5265 et
3486 5224 3593 5264 non
3609 5208 3787 5287 solum

2201 5297 2524 5365 Jerusalem,
2552 5300 2646 5355 sed
2684 5310 2738 5356 et
2768 5317 2958 5357 omnes
3005 5302 3185 5357 urbes
3205 5300 3405 5357 ludicre
3447 5301 3608 5356 simili
3637 5301 3790 5355 obsi-

2204 5393 2365 5448 dione
2412 5392 2660 5448 vailatas.
2714 5392 2976 5463 Cumque,
3023 5395 3131 5460 ait,
3175 5403 3333 5465 capta
3373 5392 3539 5448 fuerit
3569 5380 3784 5454 civitas,

2162 5491 2333 5538 stunc
2370 5482 2563 5552 loquar
2588 5483 2657 5538 ad
2697 5500 2792 5540 eos
2834 5493 2982 5541 recta
3014 5501 3134 5540 mea
3164 5485 3333 5541 fuisse
3354 5485 3579 5555 judicia,
3621 5492 3677 5537 et
3698 5498 3787 5536 re.

2205 5570 2414 5638 cepisse
2441 5570 2681 5641 singulos
2705 5571 2849 5640 quod
2878 5573 3228 5627 merebantur
3255 5588 3269 5625 :
3302 5568 3409 5627 non
3434 5587 3537 5642 pro
3574 5571 3789 5626 eteteris

2204 5658 2351 5713 vitiis
2380 5658 2575 5727 quibus
2597 5661 2841 5730 suhjacet
2865 5661 3101 5715 humana
3143 5661 3401 5728 conditio,
3429 5662 3525 5718 sed
3549 5660 3788 5716 maxime

2204 5760 2305 5822 pro
2327 5747 2654 5813 idololatria,
2714 5764 2812 5819 per
2837 5765 3000 5819 quam
3030 5749 3342 5807 deserentes
3367 5767 3477 5820 me,
3523 5750 3787 5806 adorare-
