  <div class='ocr_page' id='page_1' title='image "/cluster/home/n/w/nwhite01/storage/ocr_20150623/111/hvd.32044009716333/412.png"; bbox 0 0 4100 6324; ppageno 0'>
   <div class='ocr_carea' id='block_1_1' title="bbox 257 442 427 500">
    <p class='ocr_par' dir='ltr' id='par_1_1' title="bbox 257 442 427 500">
     <span class='ocr_line' id='line_1_1' title="bbox 257 442 427 500; baseline -0.012 0"><span class='ocrx_word' id='word_1_1' title='bbox 257 463 269 470; x_wconf 76' lang='lat'><strong>&#39;</strong></span> <span class='ocrx_word' id='word_1_2' title='bbox 321 442 427 500; x_wconf 87' lang='lat'><strong>809</strong></span> 
     </span>
    </p>
   </div>
   <div class='ocr_carea' id='block_1_2' title="bbox 1243 405 2715 491">
    <p class='ocr_par' dir='ltr' id='par_1_2' title="bbox 1243 405 2715 491">
     <span class='ocr_line' id='line_1_2' title="bbox 1243 405 2715 491; baseline -0.016 0"><span class='ocrx_word' id='word_1_3' title='bbox 1243 429 1608 491; x_wconf 75' lang='lat' dir='ltr'><strong>EXPOSITIO</strong></span> <span class='ocrx_word' id='word_1_4' title='bbox 1644 427 1871 489; x_wconf 79' lang='lat' dir='ltr'>SUPER</span> <span class='ocrx_word' id='word_1_5' title='bbox 1905 420 2274 483; x_wconf 79' lang='lat' dir='ltr'><strong>JEREMIAM.</strong></span> <span class='ocrx_word' id='word_1_6' title='bbox 2315 445 2385 459; x_wconf 88' lang='lat'><strong>--</strong></span> <span class='ocrx_word' id='word_1_7' title='bbox 2421 415 2552 472; x_wconf 84' lang='lat' dir='ltr'><strong>LIB.</strong></span> <span class='ocrx_word' id='word_1_8' title='bbox 2592 414 2633 469; x_wconf 89' lang='lat' dir='ltr'><strong>l.</strong></span> <span class='ocrx_word' id='word_1_9' title='bbox 2703 405 2715 413; x_wconf 78' lang='grc'><strong>’</strong></span> 
     </span>
    </p>
   </div>
   <div class='ocr_carea' id='block_1_3' title="bbox 3477 372 3580 467">
    <p class='ocr_par' dir='ltr' id='par_1_3' title="bbox 3477 372 3580 467">
     <span class='ocr_line' id='line_1_3' title="bbox 3477 372 3580 467; baseline -0.039 0"><span class='ocrx_word' id='word_1_10' title='bbox 3477 372 3580 467; x_wconf 74' lang='lat' dir='ltr'><strong>sio</strong></span> 
     </span>
    </p>
   </div>
   <div class='ocr_carea' id='block_1_4' title="bbox 324 522 3586 620">
    <p class='ocr_par' dir='ltr' id='par_1_4' title="bbox 324 522 3586 620">
     <span class='ocr_line' id='line_1_4' title="bbox 324 522 3586 620; baseline -0.003 -34"><span class='ocrx_word' id='word_1_11' title='bbox 324 558 452 605; x_wconf 61' lang='lat' dir='ltr'><strong>rum</strong></span> <span class='ocrx_word' id='word_1_12' title='bbox 493 561 657 620; x_wconf 63' lang='lat' dir='ltr'><strong>opera</strong></span> <span class='ocrx_word' id='word_1_13' title='bbox 688 559 947 602; x_wconf 70' lang='lat' dir='ltr'><strong>manuum</strong></span> <span class='ocrx_word' id='word_1_14' title='bbox 983 559 1223 602; x_wconf 67' lang='lat' dir='ltr'><strong>suarum,</strong></span> <span class='ocrx_word' id='word_1_15' title='bbox 1264 543 1495 611; x_wconf 76' lang='lat' dir='ltr'><strong>Quidam</strong></span> <span class='ocrx_word' id='word_1_16' title='bbox 1517 542 1664 596; x_wconf 76' lang='lat' dir='ltr'><strong>hunc</strong></span> <span class='ocrx_word' id='word_1_17' title='bbox 1711 540 1889 596; x_wconf 80' lang='lat' dir='ltr'><strong>locum</strong></span> <span class='ocrx_word' id='word_1_18' title='bbox 1920 539 1972 597; x_wconf 79' lang='grc' dir='ltr'>Α</span> <span class='ocrx_word' id='word_1_19' title='bbox 1996 530 2240 587; x_wconf 75' lang='lat' dir='ltr'><strong>veritatis</strong></span> <span class='ocrx_word' id='word_1_20' title='bbox 2261 528 2314 602; x_wconf 92' lang='lat' dir='ltr'><strong>(I</strong></span> <span class='ocrx_word' id='word_1_21' title='bbox 2329 527 2463 582; x_wconf 90' lang='lat' dir='ltr'><strong>Tim.</strong></span> <span class='ocrx_word' id='word_1_22' title='bbox 2481 526 2588 600; x_wconf 88' lang='grc' dir='ltr'>ιιι).</span> <span class='ocrx_word' id='word_1_23' title='bbox 2611 545 2630 578; x_wconf 73' lang='grc' dir='ltr'><strong>ι</strong></span> <span class='ocrx_word' id='word_1_24' title='bbox 2653 523 2807 582; x_wconf 89' lang='lat' dir='ltr'><strong>Unde</strong></span> <span class='ocrx_word' id='word_1_25' title='bbox 2829 522 3023 580; x_wconf 90' lang='lat' dir='ltr'><strong>Petrus</strong></span> <span class='ocrx_word' id='word_1_26' title='bbox 3035 532 3089 578; x_wconf 89' lang='lat' dir='ltr'><strong>et</strong></span> <span class='ocrx_word' id='word_1_27' title='bbox 3102 523 3356 591; x_wconf 90' lang='lat' dir='ltr'><strong>Joannes,</strong></span> <span class='ocrx_word' id='word_1_28' title='bbox 3373 524 3461 620; x_wconf 79' lang='lat' dir='ltr'><strong>qui</strong></span> <span class='ocrx_word' id='word_1_29' title='bbox 3487 541 3586 620; x_wconf 83' lang='lat' dir='ltr'><strong>pu-</strong></span> 
     </span>
    </p>
   </div>
   <div class='ocr_carea' id='block_1_5' title="bbox 327 617 3586 713">
    <p class='ocr_par' dir='ltr' id='par_1_5' title="bbox 327 617 3586 713">
     <span class='ocr_line' id='line_1_5' title="bbox 327 617 3586 713; baseline -0.007 -17"><span class='ocrx_word' id='word_1_30' title='bbox 327 644 383 698; x_wconf 90' lang='lat' dir='ltr'><strong>in</strong></span> <span class='ocrx_word' id='word_1_31' title='bbox 410 617 607 699; x_wconf 74' lang='lat' dir='ltr'><strong>bonam</strong></span> <span class='ocrx_word' id='word_1_32' title='bbox 655 651 867 713; x_wconf 89' lang='lat' dir='ltr'><strong>partem</strong></span> <span class='ocrx_word' id='word_1_33' title='bbox 912 641 1204 710; x_wconf 89' lang='lat' dir='ltr'><strong>accipiunt,</strong></span> <span class='ocrx_word' id='word_1_34' title='bbox 1245 637 1388 708; x_wconf 92' lang='lat' dir='ltr'><strong>quod</strong></span> <span class='ocrx_word' id='word_1_35' title='bbox 1416 635 1666 692; x_wconf 75' lang='lat' dir='ltr'><strong>videlicet</strong></span> <span class='ocrx_word' id='word_1_36' title='bbox 1706 631 1764 688; x_wconf 87' lang='lat' dir='ltr'><strong>hi</strong></span> <span class='ocrx_word' id='word_1_37' title='bbox 1809 628 1901 699; x_wconf 86' lang='lat' dir='ltr'><strong>qui</strong></span> <span class='ocrx_word' id='word_1_38' title='bbox 2003 628 2258 682; x_wconf 87' lang='lat' dir='ltr'><strong>tabantur</strong></span> <span class='ocrx_word' id='word_1_39' title='bbox 2281 624 2544 680; x_wconf 83' lang='lat' dir='ltr'><strong>columnae</strong></span> <span class='ocrx_word' id='word_1_40' title='bbox 2573 620 2858 713; x_wconf 36' lang='lat' dir='ltr'><strong>Ecclesiae:</strong></span> <span class='ocrx_word' id='word_1_41' title='bbox 2865 620 3119 713; x_wconf 77' lang='lat' dir='ltr'><strong>dexteras</strong></span> <span class='ocrx_word' id='word_1_42' title='bbox 3138 620 3400 713; x_wconf 60' lang='lat' dir='ltr'><strong>dederunt</strong></span> <span class='ocrx_word' id='word_1_43' title='bbox 3419 617 3586 713; x_wconf 76' lang='lat' dir='ltr'><strong>l’aulo</strong></span> 
     </span>
    </p>
   </div>
   <div class='ocr_carea' id='block_1_6' title="bbox 327 707 3641 800">
    <p class='ocr_par' dir='ltr' id='par_1_6' title="bbox 327 707 3641 800">
     <span class='ocr_line' id='line_1_6' title="bbox 327 707 3641 800; baseline -0.008 -11"><span class='ocrx_word' id='word_1_44' title='bbox 327 734 381 789; x_wconf 91' lang='lat' dir='ltr'><strong>in</strong></span> <span class='ocrx_word' id='word_1_45' title='bbox 404 733 510 790; x_wconf 86' lang='lat' dir='ltr'><strong>olla</strong></span> <span class='ocrx_word' id='word_1_46' title='bbox 531 707 680 789; x_wconf 73' lang='lat' dir='ltr'><strong>amca</strong></span> <span class='ocrx_word' id='word_1_47' title='bbox 706 731 916 788; x_wconf 78' lang='lat' dir='ltr'><strong>excocti</strong></span> <span class='ocrx_word' id='word_1_48' title='bbox 945 707 1166 796; x_wconf 78' lang='lat' dir='ltr'><strong>fuerint,</strong></span> <span class='ocrx_word' id='word_1_49' title='bbox 1191 707 1292 800; x_wconf 84' lang='lat' dir='ltr'><strong>per</strong></span> <span class='ocrx_word' id='word_1_50' title='bbox 1317 727 1590 783; x_wconf 85' lang='lat' dir='ltr'><strong>cruciatus</strong></span> <span class='ocrx_word' id='word_1_51' title='bbox 1621 731 1746 779; x_wconf 83' lang='lat' dir='ltr'><strong>ante</strong></span> <span class='ocrx_word' id='word_1_52' title='bbox 1774 735 1903 791; x_wconf 87' lang='lat' dir='ltr'><strong>pur—</strong></span> <span class='ocrx_word' id='word_1_53' title='bbox 2003 728 2059 774; x_wconf 90' lang='lat' dir='ltr'><strong>et</strong></span> <span class='ocrx_word' id='word_1_54' title='bbox 2099 717 2360 773; x_wconf 61' lang='lat' dir='ltr'><strong>Barnabas</strong></span> <span class='ocrx_word' id='word_1_55' title='bbox 2388 712 2806 772; x_wconf 89' lang='lat' dir='ltr'><strong>communionis.</strong></span> <span class='ocrx_word' id='word_1_56' title='bbox 2837 709 2949 766; x_wconf 83' lang='lat' dir='ltr'><strong>Nec</strong></span> <span class='ocrx_word' id='word_1_57' title='bbox 2973 710 3076 766; x_wconf 89' lang='lat' dir='ltr'><strong>hoc</strong></span> <span class='ocrx_word' id='word_1_58' title='bbox 3106 708 3322 776; x_wconf 86' lang='lat' dir='ltr'><strong>sufficit,</strong></span> <span class='ocrx_word' id='word_1_59' title='bbox 3353 709 3447 764; x_wconf 86' lang='lat' dir='ltr'><strong>sed</strong></span> <span class='ocrx_word' id='word_1_60' title='bbox 3478 727 3496 759; x_wconf 86' lang='grc'><strong><em>‹</em></strong></span> <span class='ocrx_word' id='word_1_61' title='bbox 3531 707 3586 762; x_wconf 91' lang='lat' dir='ltr'><strong>in</strong></span> <span class='ocrx_word' id='word_1_62' title='bbox 3639 783 3641 790; x_wconf 26' lang='grc' dir='ltr'>ι</span> 
     </span>
    </p>
   </div>
   <div class='ocr_carea' id='block_1_7' title="bbox 329 801 3591 897">
    <p class='ocr_par' dir='ltr' id='par_1_7' title="bbox 329 801 3591 897">
     <span class='ocr_line' id='line_1_7' title="bbox 329 801 3591 897; baseline -0.007 -16"><span class='ocrx_word' id='word_1_63' title='bbox 329 827 460 897; x_wconf 89' lang='lat' dir='ltr'><strong>gati,</strong></span> <span class='ocrx_word' id='word_1_64' title='bbox 487 832 674 897; x_wconf 87' lang='lat' dir='ltr'><strong>postea</strong></span> <span class='ocrx_word' id='word_1_65' title='bbox 705 823 977 894; x_wconf 83' lang='lat' dir='ltr'><strong>principes</strong></span> <span class='ocrx_word' id='word_1_66' title='bbox 1016 822 1125 877; x_wconf 88' lang='lat' dir='ltr'><strong>sint</strong></span> <span class='ocrx_word' id='word_1_67' title='bbox 1157 819 1457 876; x_wconf 81' lang='lat' dir='ltr'><strong>Jerusalem</strong></span> <span class='ocrx_word' id='word_1_68' title='bbox 1487 837 1500 874; x_wconf 90' lang='lat'><strong>:</strong></span> <span class='ocrx_word' id='word_1_69' title='bbox 1538 827 1592 872; x_wconf 93' lang='lat' dir='ltr'><strong>et</strong></span> <span class='ocrx_word' id='word_1_70' title='bbox 1621 824 1904 887; x_wconf 87' lang='lat' dir='ltr'><strong>postquam</strong></span> <span class='ocrx_word' id='word_1_71' title='bbox 2003 823 2253 874; x_wconf 90' lang='lat' dir='ltr'><strong>murum,</strong></span> <span class='ocrx_word' id='word_1_72' title='bbox 2281 807 2390 873; x_wconf 87' lang='lat' dir='ltr'><strong>ait,</strong></span> <span class='ocrx_word' id='word_1_73' title='bbox 2414 821 2653 872; x_wconf 65' lang='lat' dir='ltr'><strong>aeneum,</strong></span> <span class='ocrx_word' id='word_1_74' title='bbox 2690 823 2708 856; x_wconf 74' lang='grc' dir='ltr'><strong>ι</strong></span> <span class='ocrx_word' id='word_1_75' title='bbox 2743 802 2837 897; x_wconf 88' lang='lat' dir='ltr'><strong>qui</strong></span> <span class='ocrx_word' id='word_1_76' title='bbox 2876 802 3021 897; x_wconf 87' lang='lat' dir='ltr'><strong>nulla</strong></span> <span class='ocrx_word' id='word_1_77' title='bbox 3049 801 3280 857; x_wconf 82' lang='lat' dir='ltr'><strong>violatur</strong></span> <span class='ocrx_word' id='word_1_78' title='bbox 3303 801 3591 897; x_wconf 48' lang='lat' dir='ltr'><strong>rubigine,</strong></span> 
     </span>
    </p>
   </div>
   <div class='ocr_carea' id='block_1_8' title="bbox 331 891 3586 980">
    <p class='ocr_par' dir='ltr' id='par_1_8' title="bbox 331 891 3586 980">
     <span class='ocr_line' id='line_1_8' title="bbox 331 891 3586 980; baseline -0.008 -8"><span class='ocrx_word' id='word_1_79' title='bbox 331 891 586 972; x_wconf 74' lang='lat' dir='ltr'><strong>misertus</strong></span> <span class='ocrx_word' id='word_1_80' title='bbox 615 891 776 971; x_wconf 74' lang='lat' dir='ltr'><strong>fuerit</strong></span> <span class='ocrx_word' id='word_1_81' title='bbox 795 891 984 969; x_wconf 77' lang='lat' dir='ltr'><strong>eorum</strong></span> <span class='ocrx_word' id='word_1_82' title='bbox 1012 912 1294 978; x_wconf 88' lang='lat' dir='ltr'><strong>Dominus,</strong></span> <span class='ocrx_word' id='word_1_83' title='bbox 1335 918 1467 966; x_wconf 91' lang='lat' dir='ltr'><strong>tunc</strong></span> <span class='ocrx_word' id='word_1_84' title='bbox 1489 909 1784 980; x_wconf 77' lang='lat' dir='ltr'><strong>exprobret</strong></span> <span class='ocrx_word' id='word_1_85' title='bbox 1827 905 1906 961; x_wconf 89' lang='lat' dir='ltr'><strong>eis</strong></span> <span class='ocrx_word' id='word_1_86' title='bbox 2008 915 2109 956; x_wconf 89' lang='lat' dir='ltr'><strong>nec</strong></span> <span class='ocrx_word' id='word_1_87' title='bbox 2137 914 2312 955; x_wconf 54' lang='lat' dir='ltr'><strong>casus</strong></span> <span class='ocrx_word' id='word_1_88' title='bbox 2337 897 2600 954; x_wconf 88' lang='lat' dir='ltr'><strong>imbribus</strong></span> <span class='ocrx_word' id='word_1_89' title='bbox 2623 896 2852 968; x_wconf 86' lang='lat' dir='ltr'><strong>deperit,</strong></span> <span class='ocrx_word' id='word_1_90' title='bbox 2885 896 2977 951; x_wconf 90' lang='lat' dir='ltr'><strong>sed</strong></span> <span class='ocrx_word' id='word_1_91' title='bbox 3004 901 3271 948; x_wconf 80' lang='lat' dir='ltr'><strong>vetustate</strong></span> <span class='ocrx_word' id='word_1_92' title='bbox 3294 892 3353 946; x_wconf 89' lang='lat' dir='ltr'><strong>ﬁt</strong></span> <span class='ocrx_word' id='word_1_93' title='bbox 3375 891 3586 947; x_wconf 89' lang='lat' dir='ltr'><strong>fortior.</strong></span> 
     </span>
    </p>
   </div>
   <div class='ocr_carea' id='block_1_9' title="bbox 329 985 3590 1077">
    <p class='ocr_par' dir='ltr' id='par_1_9' title="bbox 329 985 3590 1077">
     <span class='ocr_line' id='line_1_9' title="bbox 329 985 3590 1077; baseline -0.007 -16"><span class='ocrx_word' id='word_1_94' title='bbox 329 1006 457 1077; x_wconf 89' lang='lat' dir='ltr'><strong>quia</strong></span> <span class='ocrx_word' id='word_1_95' title='bbox 499 1021 558 1061; x_wconf 88' lang='lat' dir='ltr'><strong>se</strong></span> <span class='ocrx_word' id='word_1_96' title='bbox 585 1006 821 1070; x_wconf 90' lang='lat' dir='ltr'><strong>deserto,</strong></span> <span class='ocrx_word' id='word_1_97' title='bbox 856 1003 1149 1060; x_wconf 88' lang='lat' dir='ltr'><strong>simulacra</strong></span> <span class='ocrx_word' id='word_1_98' title='bbox 1175 1001 1416 1058; x_wconf 87' lang='lat' dir='ltr'><strong>venerati</strong></span> <span class='ocrx_word' id='word_1_99' title='bbox 1469 1007 1612 1057; x_wconf 92' lang='lat' dir='ltr'><strong>sunt.</strong></span> <span class='ocrx_word' id='word_1_100' title='bbox 1660 999 1764 1054; x_wconf 86' lang='lat' dir='ltr'><strong>Sed</strong></span> <span class='ocrx_word' id='word_1_101' title='bbox 1794 999 1911 1053; x_wconf 69' lang='lat' dir='ltr'><strong>haec</strong></span> <span class='ocrx_word' id='word_1_102' title='bbox 2009 991 2131 1046; x_wconf 84' lang='lat' dir='ltr'><strong>Eris</strong></span> <span class='ocrx_word' id='word_1_103' title='bbox 2160 999 2341 1044; x_wconf 80' lang='lat' dir='ltr'><strong>autem</strong></span> <span class='ocrx_word' id='word_1_104' title='bbox 2371 989 2492 1044; x_wconf 84' lang='lat' dir='ltr'><strong>talis</strong></span> <span class='ocrx_word' id='word_1_105' title='bbox 2520 997 2709 1044; x_wconf 83' lang='lat' dir='ltr'><strong>contra</strong></span> <span class='ocrx_word' id='word_1_106' title='bbox 2749 1002 2903 1058; x_wconf 88' lang='lat' dir='ltr'><strong>reges</strong></span> <span class='ocrx_word' id='word_1_107' title='bbox 2932 994 2987 1042; x_wconf 90' lang='lat' dir='ltr'><strong>et</strong></span> <span class='ocrx_word' id='word_1_108' title='bbox 3007 985 3305 1077; x_wconf 76' lang='lat' dir='ltr'><strong>principes,</strong></span> <span class='ocrx_word' id='word_1_109' title='bbox 3336 991 3391 1038; x_wconf 93' lang='lat' dir='ltr'><strong>et</strong></span> <span class='ocrx_word' id='word_1_110' title='bbox 3419 999 3590 1054; x_wconf 86' lang='lat' dir='ltr'><strong>popu-</strong></span> 
     </span>
    </p>
   </div>
   <div class='ocr_carea' id='block_1_10' title="bbox 331 1089 1910 1166">
    <p class='ocr_par' dir='ltr' id='par_1_10' title="bbox 331 1089 1910 1166">
     <span class='ocr_line' id='line_1_10' title="bbox 331 1089 1910 1166; baseline -0.004 -18"><span class='ocrx_word' id='word_1_111' title='bbox 331 1094 566 1150; x_wconf 88' lang='lat' dir='ltr'><strong>violenta</strong></span> <span class='ocrx_word' id='word_1_112' title='bbox 610 1103 666 1150; x_wconf 89' lang='lat' dir='ltr'><strong>et</strong></span> <span class='ocrx_word' id='word_1_113' title='bbox 691 1109 860 1166; x_wconf 88' lang='lat' dir='ltr'><strong>prava</strong></span> <span class='ocrx_word' id='word_1_114' title='bbox 904 1093 1285 1165; x_wconf 84' lang='lat' dir='ltr'><strong>interpretatio</strong></span> <span class='ocrx_word' id='word_1_115' title='bbox 1319 1101 1406 1148; x_wconf 88' lang='lat' dir='ltr'><strong>est</strong></span> <span class='ocrx_word' id='word_1_116' title='bbox 1430 1109 1444 1146; x_wconf 87' lang='lat'><strong>:</strong></span> <span class='ocrx_word' id='word_1_117' title='bbox 1467 1105 1538 1148; x_wconf 92' lang='lat' dir='ltr'><strong>ne</strong></span> <span class='ocrx_word' id='word_1_118' title='bbox 1587 1089 1910 1146; x_wconf 87' lang='lat' dir='ltr'><strong>calumniam</strong></span> 
     </span>
    </p>
   </div>
   <div class='ocr_carea' id='block_1_11' title="bbox 331 1184 1091 1243">
    <p class='ocr_par' dir='ltr' id='par_1_11' title="bbox 331 1184 1091 1243">
     <span class='ocr_line' id='line_1_11' title="bbox 331 1184 1091 1243; baseline -0.003 -3"><span class='ocrx_word' id='word_1_119' title='bbox 331 1184 502 1241; x_wconf 88' lang='lat' dir='ltr'><strong>faciat</strong></span> <span class='ocrx_word' id='word_1_120' title='bbox 530 1193 793 1243; x_wconf 88' lang='lat' dir='ltr'><strong>tractator</strong></span> <span class='ocrx_word' id='word_1_121' title='bbox 818 1184 1091 1240; x_wconf 91' lang='lat' dir='ltr'><strong>indoctus.</strong></span> 
     </span>
    </p>
   </div>
   <div class='ocr_carea' id='block_1_12' title="bbox 409 1272 1914 1348">
    <p class='ocr_par' dir='ltr' id='par_1_12' title="bbox 409 1272 1914 1348">
     <span class='ocr_line' id='line_1_12' title="bbox 409 1272 1914 1348; baseline 0.001 -21"><span class='ocrx_word' id='word_1_122' title='bbox 409 1294 430 1327; x_wconf 84' lang='grc'><strong><em>‹</em></strong></span> <span class='ocrx_word' id='word_1_123' title='bbox 465 1274 547 1331; x_wconf 90' lang='lat' dir='ltr'><strong>Tu</strong></span> <span class='ocrx_word' id='word_1_124' title='bbox 576 1291 706 1348; x_wconf 86' lang='lat' dir='ltr'><strong>ergo</strong></span> <span class='ocrx_word' id='word_1_125' title='bbox 731 1274 958 1346; x_wconf 85' lang='lat' dir='ltr'><strong>accinge</strong></span> <span class='ocrx_word' id='word_1_126' title='bbox 1008 1275 1222 1332; x_wconf 88' lang='lat' dir='ltr'><strong>lumbos</strong></span> <span class='ocrx_word' id='word_1_127' title='bbox 1267 1283 1413 1342; x_wconf 89' lang='lat' dir='ltr'><strong>tuos,</strong></span> <span class='ocrx_word' id='word_1_128' title='bbox 1456 1283 1512 1331; x_wconf 89' lang='lat' dir='ltr'><strong>et</strong></span> <span class='ocrx_word' id='word_1_129' title='bbox 1539 1287 1722 1346; x_wconf 89' lang='lat' dir='ltr'><strong>surge,</strong></span> <span class='ocrx_word' id='word_1_130' title='bbox 1751 1280 1806 1330; x_wconf 89' lang='lat' dir='ltr'><strong>et</strong></span> <span class='ocrx_word' id='word_1_131' title='bbox 1831 1272 1914 1328; x_wconf 87' lang='lat' dir='ltr'><strong>lo-</strong></span> 
     </span>
    </p>
   </div>
   <div class='ocr_carea' id='block_1_13' title="bbox 339 1364 1919 1438">
    <p class='ocr_par' dir='ltr' id='par_1_13' title="bbox 339 1364 1919 1438">
     <span class='ocr_line' id='line_1_13' title="bbox 339 1364 1919 1438; baseline -0.001 -17"><span class='ocrx_word' id='word_1_132' title='bbox 339 1386 363 1420; x_wconf 75' lang='grc' dir='ltr'><strong>ι</strong></span> <span class='ocrx_word' id='word_1_133' title='bbox 393 1382 561 1438; x_wconf 88' lang='lat' dir='ltr'><strong>quere</strong></span> <span class='ocrx_word' id='word_1_134' title='bbox 583 1367 650 1422; x_wconf 90' lang='lat' dir='ltr'><strong>ad</strong></span> <span class='ocrx_word' id='word_1_135' title='bbox 679 1382 773 1424; x_wconf 92' lang='lat' dir='ltr'><strong>eos</strong></span> <span class='ocrx_word' id='word_1_136' title='bbox 818 1368 1000 1423; x_wconf 87' lang='lat' dir='ltr'><strong>omnia</strong></span> <span class='ocrx_word' id='word_1_137' title='bbox 1039 1383 1160 1438; x_wconf 76' lang='lat' dir='ltr'><strong>qua:</strong></span> <span class='ocrx_word' id='word_1_138' title='bbox 1216 1382 1318 1438; x_wconf 87' lang='lat' dir='ltr'><strong>ego</strong></span> <span class='ocrx_word' id='word_1_139' title='bbox 1344 1367 1602 1438; x_wconf 88' lang='lat' dir='ltr'><strong>praecipio</strong></span> <span class='ocrx_word' id='word_1_140' title='bbox 1627 1366 1744 1422; x_wconf 90' lang='lat' dir='ltr'><strong>tibi.</strong></span> <span class='ocrx_word' id='word_1_141' title='bbox 1777 1385 1796 1418; x_wconf 75' lang='grc' dir='ltr'><strong>ι</strong></span> <span class='ocrx_word' id='word_1_142' title='bbox 1850 1364 1919 1420; x_wconf 86' lang='lat' dir='ltr'><strong>Et</strong></span> 
     </span>
    </p>
   </div>
   <div class='ocr_carea' id='block_1_14' title="bbox 334 1454 1914 1529">
    <p class='ocr_par' dir='ltr' id='par_1_14' title="bbox 334 1454 1914 1529">
     <span class='ocr_line' id='line_1_14' title="bbox 334 1454 1914 1529; baseline -0.004 -14"><span class='ocrx_word' id='word_1_143' title='bbox 334 1457 436 1515; x_wconf 91' lang='lat' dir='ltr'><strong>Job</strong></span> <span class='ocrx_word' id='word_1_144' title='bbox 463 1458 777 1529; x_wconf 68' lang='lat' dir='ltr'><strong>praecipitur</strong></span> <span class='ocrx_word' id='word_1_145' title='bbox 815 1466 876 1512; x_wconf 92' lang='lat' dir='ltr'><strong>ut</strong></span> <span class='ocrx_word' id='word_1_146' title='bbox 918 1457 1166 1529; x_wconf 88' lang='lat' dir='ltr'><strong>accingat</strong></span> <span class='ocrx_word' id='word_1_147' title='bbox 1211 1458 1422 1513; x_wconf 91' lang='lat' dir='ltr'><strong>lumbos</strong></span> <span class='ocrx_word' id='word_1_148' title='bbox 1466 1472 1592 1513; x_wconf 87' lang='lat' dir='ltr'><strong>suos</strong></span> <span class='ocrx_word' id='word_1_149' title='bbox 1627 1455 1769 1529; x_wconf 84' lang='lat' dir='ltr'><strong>(Job.</strong></span> <span class='ocrx_word' id='word_1_150' title='bbox 1799 1454 1914 1528; x_wconf 83' lang='lat' dir='ltr'><strong>IV);</strong></span> 
     </span>
    </p>
   </div>
   <div class='ocr_carea' id='block_1_15' title="bbox 337 1547 1922 1631">
    <p class='ocr_par' dir='ltr' id='par_1_15' title="bbox 337 1547 1922 1631">
     <span class='ocr_line' id='line_1_15' title="bbox 337 1547 1922 1631; baseline -0.001 -28"><span class='ocrx_word' id='word_1_151' title='bbox 337 1558 392 1603; x_wconf 87' lang='lat' dir='ltr'><strong>et</strong></span> <span class='ocrx_word' id='word_1_152' title='bbox 441 1548 697 1619; x_wconf 89' lang='lat' dir='ltr'><strong>apostolis</strong></span> <span class='ocrx_word' id='word_1_153' title='bbox 747 1547 910 1621; x_wconf 86' lang='lat' dir='ltr'><strong>(Luc.</strong></span> <span class='ocrx_word' id='word_1_154' title='bbox 958 1548 1080 1621; x_wconf 81' lang='lat' dir='ltr'><strong>xit)</strong></span> <span class='ocrx_word' id='word_1_155' title='bbox 1139 1556 1198 1631; x_wconf 80' lang='lat' dir='ltr'><strong>ut</strong></span> <span class='ocrx_word' id='word_1_156' title='bbox 1240 1549 1498 1605; x_wconf 89' lang='lat' dir='ltr'><strong>aecinctis</strong></span> <span class='ocrx_word' id='word_1_157' title='bbox 1525 1548 1754 1614; x_wconf 93' lang='lat' dir='ltr'><strong>lumbis,</strong></span> <span class='ocrx_word' id='word_1_158' title='bbox 1786 1561 1922 1616; x_wconf 91' lang='lat' dir='ltr'><strong>quos</strong></span> 
     </span>
    </p>
   </div>
   <div class='ocr_carea' id='block_1_16' title="bbox 340 1638 1920 1714">
    <p class='ocr_par' dir='ltr' id='par_1_16' title="bbox 340 1638 1920 1714">
     <span class='ocr_line' id='line_1_16' title="bbox 340 1638 1920 1714; baseline 0.001 -21"><span class='ocrx_word' id='word_1_159' title='bbox 340 1641 486 1696; x_wconf 89' lang='lat' dir='ltr'><strong>Elias</strong></span> <span class='ocrx_word' id='word_1_160' title='bbox 535 1639 641 1712; x_wconf 84' lang='lat' dir='ltr'><strong>(IV</strong></span> <span class='ocrx_word' id='word_1_161' title='bbox 699 1640 826 1713; x_wconf 82' lang='lat' dir='ltr'><strong>Reg.</strong></span> <span class='ocrx_word' id='word_1_162' title='bbox 858 1642 899 1714; x_wconf 86' lang='grc' dir='ltr'>ι)</span> <span class='ocrx_word' id='word_1_163' title='bbox 949 1651 1004 1697; x_wconf 91' lang='lat' dir='ltr'><strong>et</strong></span> <span class='ocrx_word' id='word_1_164' title='bbox 1046 1638 1282 1698; x_wconf 81' lang='lat' dir='ltr'><strong>Joannes</strong></span> <span class='ocrx_word' id='word_1_165' title='bbox 1319 1642 1558 1714; x_wconf 86' lang='lat' dir='ltr'><strong>Baptista</strong></span> <span class='ocrx_word' id='word_1_166' title='bbox 1592 1641 1806 1712; x_wconf 72' lang='lat' dir='ltr'><strong>(Matth.</strong></span> <span class='ocrx_word' id='word_1_167' title='bbox 1836 1641 1920 1712; x_wconf 85' lang='grc' dir='ltr'>ιιι)</span> 
     </span>
    </p>
   </div>
   <div class='ocr_carea' id='block_1_17' title="bbox 341 1733 1924 1805">
    <p class='ocr_par' dir='ltr' id='par_1_17' title="bbox 341 1733 1924 1805">
     <span class='ocr_line' id='line_1_17' title="bbox 341 1733 1924 1805; baseline 0.001 -19"><span class='ocrx_word' id='word_1_168' title='bbox 341 1733 495 1788; x_wconf 87' lang='lat' dir='ltr'><strong>zonis</strong></span> <span class='ocrx_word' id='word_1_169' title='bbox 543 1733 941 1789; x_wconf 87' lang='lat' dir='ltr'><strong>mortiﬁcavere</strong></span> <span class='ocrx_word' id='word_1_170' title='bbox 983 1735 1244 1805; x_wconf 88' lang='lat' dir='ltr'><strong>pelliceis,</strong></span> <span class='ocrx_word' id='word_1_171' title='bbox 1303 1734 1553 1789; x_wconf 87' lang='lat' dir='ltr'><strong>lucernas</strong></span> <span class='ocrx_word' id='word_1_172' title='bbox 1602 1741 1822 1789; x_wconf 91' lang='lat' dir='ltr'><strong>teneant</strong></span> <span class='ocrx_word' id='word_1_173' title='bbox 1868 1735 1924 1788; x_wconf 90' lang='lat' dir='ltr'><strong>in</strong></span> 
     </span>
    </p>
   </div>
   <div class='ocr_carea' id='block_1_18' title="bbox 343 1823 1919 1894">
    <p class='ocr_par' dir='ltr' id='par_1_18' title="bbox 343 1823 1919 1894">
     <span class='ocr_line' id='line_1_18' title="bbox 343 1823 1919 1894; baseline 0 -18"><span class='ocrx_word' id='word_1_174' title='bbox 343 1824 593 1879; x_wconf 90' lang='lat' dir='ltr'><strong>manibus</strong></span> <span class='ocrx_word' id='word_1_175' title='bbox 637 1824 750 1879; x_wconf 87' lang='lat' dir='ltr'><strong>suis</strong></span> <span class='ocrx_word' id='word_1_176' title='bbox 775 1864 791 1891; x_wconf 91' lang='lat'><strong>,</strong></span> <span class='ocrx_word' id='word_1_177' title='bbox 837 1825 1238 1894; x_wconf 79' lang='lat' dir='ltr'><strong>praedicationis</strong></span> <span class='ocrx_word' id='word_1_178' title='bbox 1281 1823 1536 1880; x_wconf 88' lang='lat' dir='ltr'><strong>videlicet</strong></span> <span class='ocrx_word' id='word_1_179' title='bbox 1579 1823 1919 1894; x_wconf 88' lang='lat' dir='ltr'><strong>evangelicae.</strong></span> 
     </span>
    </p>
   </div>
   <div class='ocr_carea' id='block_1_19' title="bbox 2012 1075 3593 1150">
    <p class='ocr_par' dir='ltr' id='par_1_19' title="bbox 2012 1075 3593 1150">
     <span class='ocr_line' id='line_1_19' title="bbox 2012 1075 3593 1150; baseline -0.003 -16"><span class='ocrx_word' id='word_1_180' title='bbox 2012 1081 2147 1147; x_wconf 93' lang='lat' dir='ltr'><strong>lum,</strong></span> <span class='ocrx_word' id='word_1_181' title='bbox 2175 1095 2283 1136; x_wconf 92' lang='lat' dir='ltr'><strong>non</strong></span> <span class='ocrx_word' id='word_1_182' title='bbox 2307 1079 2596 1150; x_wconf 90' lang='lat' dir='ltr'><strong>cujuslibet</strong></span> <span class='ocrx_word' id='word_1_183' title='bbox 2625 1079 2760 1144; x_wconf 93' lang='lat' dir='ltr'><strong>loci,</strong></span> <span class='ocrx_word' id='word_1_184' title='bbox 2791 1077 2883 1133; x_wconf 91' lang='lat' dir='ltr'><strong>sed</strong></span> <span class='ocrx_word' id='word_1_185' title='bbox 2911 1086 3088 1141; x_wconf 59' lang='lat' dir='ltr'><strong>terra),</strong></span> <span class='ocrx_word' id='word_1_186' title='bbox 3119 1075 3231 1149; x_wconf 82' lang='lat' dir='ltr'><strong>[iis]</strong></span> <span class='ocrx_word' id='word_1_187' title='bbox 3260 1077 3349 1145; x_wconf 88' lang='lat' dir='ltr'><strong>qui</strong></span> <span class='ocrx_word' id='word_1_188' title='bbox 3378 1085 3593 1130; x_wconf 86' lang='lat' dir='ltr'><strong>terrena</strong></span> 
     </span>
    </p>
   </div>
   <div class='ocr_carea' id='block_1_20' title="bbox 2013 1171 3596 1245">
    <p class='ocr_par' dir='ltr' id='par_1_20' title="bbox 2013 1171 3596 1245">
     <span class='ocr_line' id='line_1_20' title="bbox 2013 1171 3596 1245; baseline -0.003 -15"><span class='ocrx_word' id='word_1_189' title='bbox 2013 1174 2227 1243; x_wconf 79' lang='lat' dir='ltr'><strong>sapiunt</strong></span> <span class='ocrx_word' id='word_1_190' title='bbox 2251 1183 2307 1229; x_wconf 90' lang='lat' dir='ltr'><strong>et</strong></span> <span class='ocrx_word' id='word_1_191' title='bbox 2335 1173 2580 1229; x_wconf 89' lang='lat' dir='ltr'><strong>coelestia</strong></span> <span class='ocrx_word' id='word_1_192' title='bbox 2606 1189 2714 1228; x_wconf 92' lang='lat' dir='ltr'><strong>non</strong></span> <span class='ocrx_word' id='word_1_193' title='bbox 2741 1182 3027 1240; x_wconf 89' lang='lat' dir='ltr'><strong>noverunt,</strong></span> <span class='ocrx_word' id='word_1_194' title='bbox 3053 1175 3144 1244; x_wconf 91' lang='lat' dir='ltr'><strong>qui</strong></span> <span class='ocrx_word' id='word_1_195' title='bbox 3178 1173 3377 1228; x_wconf 86' lang='lat' dir='ltr'><strong>habent</strong></span> <span class='ocrx_word' id='word_1_196' title='bbox 3402 1171 3596 1245; x_wconf 83' lang='lat' dir='ltr'><strong>imagi-</strong></span> 
     </span>
    </p>
   </div>
   <div class='ocr_carea' id='block_1_21' title="bbox 2015 1264 3600 1339">
    <p class='ocr_par' dir='ltr' id='par_1_21' title="bbox 2015 1264 3600 1339">
     <span class='ocr_line' id='line_1_21' title="bbox 2015 1264 3600 1339; baseline -0.003 -16"><span class='ocrx_word' id='word_1_197' title='bbox 2015 1281 2137 1323; x_wconf 89' lang='lat' dir='ltr'><strong>nem</strong></span> <span class='ocrx_word' id='word_1_198' title='bbox 2173 1272 2355 1339; x_wconf 81' lang='grc' dir='ltr'><strong>χοϊκοῦ</strong></span> <span class='ocrx_word' id='word_1_199' title='bbox 2383 1274 2438 1321; x_wconf 93' lang='lat' dir='ltr'><strong>et</strong></span> <span class='ocrx_word' id='word_1_200' title='bbox 2466 1281 2574 1321; x_wconf 92' lang='lat' dir='ltr'><strong>non</strong></span> <span class='ocrx_word' id='word_1_201' title='bbox 2602 1266 2858 1322; x_wconf 80' lang='lat' dir='ltr'><strong>caelestis.</strong></span> <span class='ocrx_word' id='word_1_202' title='bbox 2889 1266 2988 1331; x_wconf 86' lang='lat' dir='ltr'><strong>Hi,</strong></span> <span class='ocrx_word' id='word_1_203' title='bbox 3023 1266 3226 1336; x_wconf 88' lang='lat' dir='ltr'><strong>inquit,</strong></span> <span class='ocrx_word' id='word_1_204' title='bbox 3267 1284 3285 1315; x_wconf 85' lang='grc'><strong>‹</strong></span> <span class='ocrx_word' id='word_1_205' title='bbox 3320 1264 3600 1320; x_wconf 88' lang='lat' dir='ltr'><strong>bellabunt</strong></span> 
     </span>
    </p>
   </div>
   <div class='ocr_carea' id='block_1_22' title="bbox 2017 1355 3604 1426">
    <p class='ocr_par' dir='ltr' id='par_1_22' title="bbox 2017 1355 3604 1426">
     <span class='ocr_line' id='line_1_22' title="bbox 2017 1355 3604 1426; baseline -0.002 -14"><span class='ocrx_word' id='word_1_206' title='bbox 2017 1358 2303 1413; x_wconf 89' lang='lat' dir='ltr'><strong>adversum</strong></span> <span class='ocrx_word' id='word_1_207' title='bbox 2333 1366 2409 1423; x_wconf 89' lang='lat' dir='ltr'><strong>te,</strong></span> <span class='ocrx_word' id='word_1_208' title='bbox 2431 1365 2486 1412; x_wconf 89' lang='lat' dir='ltr'><strong>et</strong></span> <span class='ocrx_word' id='word_1_209' title='bbox 2509 1371 2616 1412; x_wconf 93' lang='lat' dir='ltr'><strong>non</strong></span> <span class='ocrx_word' id='word_1_210' title='bbox 2637 1357 3024 1426; x_wconf 85' lang='lat' dir='ltr'><strong>praevalebunt.</strong></span> <span class='ocrx_word' id='word_1_211' title='bbox 3057 1375 3076 1407; x_wconf 83' lang='grc'><strong>›</strong></span> <span class='ocrx_word' id='word_1_212' title='bbox 3104 1355 3215 1412; x_wconf 90' lang='lat' dir='ltr'><strong>Cur</strong></span> <span class='ocrx_word' id='word_1_213' title='bbox 3233 1357 3453 1425; x_wconf 66' lang='lat' dir='ltr'><strong>quaeso?</strong></span> <span class='ocrx_word' id='word_1_214' title='bbox 3476 1355 3604 1422; x_wconf 74' lang='lat' dir='ltr'><strong>Quae</strong></span> 
     </span>
    </p>
   </div>
   <div class='ocr_carea' id='block_1_23' title="bbox 2019 1446 3602 1519">
    <p class='ocr_par' dir='ltr' id='par_1_23' title="bbox 2019 1446 3602 1519">
     <span class='ocr_line' id='line_1_23' title="bbox 2019 1446 3602 1519; baseline -0.004 -13"><span class='ocrx_word' id='word_1_215' title='bbox 2019 1457 2104 1506; x_wconf 90' lang='lat' dir='ltr'><strong>est</strong></span> <span class='ocrx_word' id='word_1_216' title='bbox 2131 1457 2294 1504; x_wconf 61' lang='lat' dir='ltr'><strong>tanta:</strong></span> <span class='ocrx_word' id='word_1_217' title='bbox 2325 1448 2658 1504; x_wconf 81' lang='lat' dir='ltr'><strong>fortitudinis</strong></span> <span class='ocrx_word' id='word_1_218' title='bbox 2687 1464 2870 1514; x_wconf 89' lang='lat' dir='ltr'><strong>causa,</strong></span> <span class='ocrx_word' id='word_1_219' title='bbox 2903 1456 2963 1502; x_wconf 91' lang='lat' dir='ltr'><strong>ut</strong></span> <span class='ocrx_word' id='word_1_220' title='bbox 2993 1463 3091 1503; x_wconf 90' lang='lat' dir='ltr'><strong>nec</strong></span> <span class='ocrx_word' id='word_1_221' title='bbox 3121 1464 3296 1519; x_wconf 88' lang='lat' dir='ltr'><strong>reges,</strong></span> <span class='ocrx_word' id='word_1_222' title='bbox 3328 1463 3427 1503; x_wconf 89' lang='lat' dir='ltr'><strong>nec</strong></span> <span class='ocrx_word' id='word_1_223' title='bbox 3450 1446 3602 1516; x_wconf 87' lang='lat' dir='ltr'><strong>prin-</strong></span> 
     </span>
    </p>
   </div>
   <div class='ocr_carea' id='block_1_24' title="bbox 2019 1541 3605 1613">
    <p class='ocr_par' dir='ltr' id='par_1_24' title="bbox 2019 1541 3605 1613">
     <span class='ocr_line' id='line_1_24' title="bbox 2019 1541 3605 1613; baseline -0.003 -15"><span class='ocrx_word' id='word_1_224' title='bbox 2019 1542 2208 1613; x_wconf 90' lang='lat' dir='ltr'><strong>cipes,</strong></span> <span class='ocrx_word' id='word_1_225' title='bbox 2248 1555 2349 1596; x_wconf 90' lang='lat' dir='ltr'><strong>nec</strong></span> <span class='ocrx_word' id='word_1_226' title='bbox 2389 1542 2733 1607; x_wconf 86' lang='lat' dir='ltr'><strong>sacerdotes,</strong></span> <span class='ocrx_word' id='word_1_227' title='bbox 2767 1556 2866 1597; x_wconf 91' lang='lat' dir='ltr'><strong>nec</strong></span> <span class='ocrx_word' id='word_1_228' title='bbox 2905 1541 3083 1610; x_wconf 89' lang='lat' dir='ltr'><strong>populi</strong></span> <span class='ocrx_word' id='word_1_229' title='bbox 3126 1543 3409 1597; x_wconf 85' lang='lat' dir='ltr'><strong>adversum</strong></span> <span class='ocrx_word' id='word_1_230' title='bbox 3439 1554 3605 1594; x_wconf 88' lang='lat' dir='ltr'><strong>unum</strong></span> 
     </span>
    </p>
   </div>
   <div class='ocr_carea' id='block_1_25' title="bbox 2021 1631 3611 1707">
    <p class='ocr_par' dir='ltr' id='par_1_25' title="bbox 2021 1631 3611 1707">
     <span class='ocr_line' id='line_1_25' title="bbox 2021 1631 3611 1707; baseline -0.001 -18"><span class='ocrx_word' id='word_1_231' title='bbox 2021 1635 2392 1707; x_wconf 65' lang='lat' dir='ltr'><strong>praevaleant?</strong></span> <span class='ocrx_word' id='word_1_232' title='bbox 2424 1634 2682 1705; x_wconf 88' lang='lat' dir='ltr'><strong>Sequitur</strong></span> <span class='ocrx_word' id='word_1_233' title='bbox 2718 1653 2731 1689; x_wconf 88' lang='lat'><strong>:</strong></span> <span class='ocrx_word' id='word_1_234' title='bbox 2770 1653 2788 1686; x_wconf 73' lang='grc' dir='ltr'><strong>ι</strong></span> <span class='ocrx_word' id='word_1_235' title='bbox 2831 1635 2965 1701; x_wconf 86' lang='lat' dir='ltr'><strong>Quia</strong></span> <span class='ocrx_word' id='word_1_236' title='bbox 2998 1643 3172 1690; x_wconf 88' lang='lat' dir='ltr'><strong>tecum</strong></span> <span class='ocrx_word' id='word_1_237' title='bbox 3216 1650 3314 1705; x_wconf 87' lang='lat' dir='ltr'><strong>ego</strong></span> <span class='ocrx_word' id='word_1_238' title='bbox 3343 1650 3489 1699; x_wconf 91' lang='lat' dir='ltr'><strong>sum,</strong></span> <span class='ocrx_word' id='word_1_239' title='bbox 3533 1631 3611 1688; x_wconf 89' lang='lat' dir='ltr'><strong>ait</strong></span> 
     </span>
    </p>
   </div>
   <div class='ocr_carea' id='block_1_26' title="bbox 2024 1725 3610 1798">
    <p class='ocr_par' dir='ltr' id='par_1_26' title="bbox 2024 1725 3610 1798">
     <span class='ocr_line' id='line_1_26' title="bbox 2024 1725 3610 1798; baseline 0 -17"><span class='ocrx_word' id='word_1_240' title='bbox 2024 1727 2304 1793; x_wconf 91' lang='lat' dir='ltr'><strong>Dominus,</strong></span> <span class='ocrx_word' id='word_1_241' title='bbox 2333 1736 2392 1780; x_wconf 90' lang='lat' dir='ltr'><strong>ut</strong></span> <span class='ocrx_word' id='word_1_242' title='bbox 2413 1726 2638 1781; x_wconf 90' lang='lat' dir='ltr'><strong>liberem</strong></span> <span class='ocrx_word' id='word_1_243' title='bbox 2666 1734 2738 1781; x_wconf 91' lang='lat' dir='ltr'><strong>te.</strong></span> <span class='ocrx_word' id='word_1_244' title='bbox 2771 1746 2790 1780; x_wconf 72' lang='grc' dir='ltr'><strong>ι</strong></span> <span class='ocrx_word' id='word_1_245' title='bbox 2820 1725 2875 1780; x_wconf 91' lang='lat' dir='ltr'><strong>Si</strong></span> <span class='ocrx_word' id='word_1_246' title='bbox 2900 1727 3112 1796; x_wconf 88' lang='lat' dir='ltr'><strong>quando</strong></span> <span class='ocrx_word' id='word_1_247' title='bbox 3135 1742 3289 1798; x_wconf 87' lang='lat' dir='ltr'><strong>reges</strong></span> <span class='ocrx_word' id='word_1_248' title='bbox 3315 1725 3451 1781; x_wconf 90' lang='lat' dir='ltr'><strong>Juda</strong></span> <span class='ocrx_word' id='word_1_249' title='bbox 3472 1766 3486 1790; x_wconf 93' lang='lat'><strong>,</strong></span> <span class='ocrx_word' id='word_1_250' title='bbox 3515 1725 3610 1796; x_wconf 94' lang='lat' dir='ltr'><strong>qui</strong></span> 
     </span>
    </p>
   </div>
   <div class='ocr_carea' id='block_1_27' title="bbox 2025 1816 3612 1888">
    <p class='ocr_par' dir='ltr' id='par_1_27' title="bbox 2025 1816 3612 1888">
     <span class='ocr_line' id='line_1_27' title="bbox 2025 1816 3612 1888; baseline -0.001 -16"><span class='ocrx_word' id='word_1_251' title='bbox 2025 1816 2415 1888; x_wconf 83' lang='lat' dir='ltr'><strong>interpretatur</strong></span> <span class='ocrx_word' id='word_1_252' title='bbox 2441 1817 2718 1886; x_wconf 82' lang='lat' dir='ltr'><strong>confessio,</strong></span> <span class='ocrx_word' id='word_1_253' title='bbox 2745 1826 2798 1872; x_wconf 89' lang='lat' dir='ltr'><strong>et</strong></span> <span class='ocrx_word' id='word_1_254' title='bbox 2822 1818 3094 1888; x_wconf 85' lang='lat' dir='ltr'><strong>principes</strong></span> <span class='ocrx_word' id='word_1_255' title='bbox 3119 1818 3255 1886; x_wconf 86' lang='lat' dir='ltr'><strong>ejus,</strong></span> <span class='ocrx_word' id='word_1_256' title='bbox 3285 1827 3339 1872; x_wconf 91' lang='lat' dir='ltr'><strong>et</strong></span> <span class='ocrx_word' id='word_1_257' title='bbox 3367 1817 3612 1872; x_wconf 87' lang='lat' dir='ltr'><strong>sacerdo-</strong></span> 
     </span>
    </p>
   </div>
   <div class='ocr_carea' id='block_1_28' title="bbox 345 1891 3616 1986">
    <p class='ocr_par' dir='ltr' id='par_1_28' title="bbox 345 1891 3616 1986">
     <span class='ocr_line' id='line_1_28' title="bbox 345 1891 3616 1986; baseline 0 -21"><span class='ocrx_word' id='word_1_258' title='bbox 345 1911 668 1984; x_wconf 87' lang='lat' dir='ltr'><strong>Quicunque</strong></span> <span class='ocrx_word' id='word_1_259' title='bbox 703 1891 864 1986; x_wconf 78' lang='lat' dir='ltr'><strong>igitur</strong></span> <span class='ocrx_word' id='word_1_260' title='bbox 895 1913 1173 1970; x_wconf 89' lang='lat' dir='ltr'><strong>locuturus</strong></span> <span class='ocrx_word' id='word_1_261' title='bbox 1201 1923 1287 1970; x_wconf 91' lang='lat' dir='ltr'><strong>est</strong></span> <span class='ocrx_word' id='word_1_262' title='bbox 1333 1929 1612 1970; x_wconf 87' lang='lat' dir='ltr'><strong>sermones</strong></span> <span class='ocrx_word' id='word_1_263' title='bbox 1638 1891 1742 1969; x_wconf 76' lang='lat' dir='ltr'><strong>Dei</strong></span> <span class='ocrx_word' id='word_1_264' title='bbox 1768 1915 1926 1970; x_wconf 90' lang='lat' dir='ltr'><strong>debet</strong></span> <span class='ocrx_word' id='word_1_265' title='bbox 1953 1891 2004 1953; x_wconf 78' lang='grc' dir='ltr'>Β</span> <span class='ocrx_word' id='word_1_266' title='bbox 2033 1920 2133 1979; x_wconf 90' lang='lat' dir='ltr'><strong>tes,</strong></span> <span class='ocrx_word' id='word_1_267' title='bbox 2166 1920 2221 1968; x_wconf 91' lang='lat' dir='ltr'><strong>et</strong></span> <span class='ocrx_word' id='word_1_268' title='bbox 2238 1912 2444 1984; x_wconf 87' lang='lat' dir='ltr'><strong>populi,</strong></span> <span class='ocrx_word' id='word_1_269' title='bbox 2475 1913 2712 1983; x_wconf 90' lang='lat' dir='ltr'><strong>episcopi</strong></span> <span class='ocrx_word' id='word_1_270' title='bbox 2733 1912 3002 1977; x_wconf 89' lang='lat' dir='ltr'><strong>videlicet,</strong></span> <span class='ocrx_word' id='word_1_271' title='bbox 3028 1913 3327 1984; x_wconf 80' lang='lat' dir='ltr'><strong>presbyteri</strong></span> <span class='ocrx_word' id='word_1_272' title='bbox 3357 1921 3411 1966; x_wconf 92' lang='lat' dir='ltr'><strong>et</strong></span> <span class='ocrx_word' id='word_1_273' title='bbox 3435 1913 3616 1966; x_wconf 84' lang='lat' dir='ltr'><strong>diaco-</strong></span> 
     </span>
    </p>
   </div>
   <div class='ocr_carea' id='block_1_29' title="bbox 345 2005 1928 2077">
    <p class='ocr_par' dir='ltr' id='par_1_29' title="bbox 345 2005 1928 2077">
     <span class='ocr_line' id='line_1_29' title="bbox 345 2005 1928 2077; baseline 0.002 -18"><span class='ocrx_word' id='word_1_274' title='bbox 345 2005 629 2075; x_wconf 88' lang='lat' dir='ltr'><strong>accingere</strong></span> <span class='ocrx_word' id='word_1_275' title='bbox 672 2005 882 2062; x_wconf 88' lang='lat' dir='ltr'><strong>lumbos</strong></span> <span class='ocrx_word' id='word_1_276' title='bbox 929 2021 1076 2072; x_wconf 86' lang='lat' dir='ltr'><strong>suos,</strong></span> <span class='ocrx_word' id='word_1_277' title='bbox 1125 2006 1300 2062; x_wconf 90' lang='lat' dir='ltr'><strong>sciens</strong></span> <span class='ocrx_word' id='word_1_278' title='bbox 1346 2007 1488 2077; x_wconf 90' lang='lat' dir='ltr'><strong>quod</strong></span> <span class='ocrx_word' id='word_1_279' title='bbox 1522 2007 1716 2063; x_wconf 89' lang='lat' dir='ltr'><strong>diaboli</strong></span> <span class='ocrx_word' id='word_1_280' title='bbox 1752 2006 1928 2062; x_wconf 91' lang='lat' dir='ltr'><strong>omnis</strong></span> 
     </span>
    </p>
   </div>
   <div class='ocr_carea' id='block_1_30' title="bbox 346 2096 1929 2170">
    <p class='ocr_par' dir='ltr' id='par_1_30' title="bbox 346 2096 1929 2170">
     <span class='ocr_line' id='line_1_30' title="bbox 346 2096 1929 2170; baseline 0.002 -19"><span class='ocrx_word' id='word_1_281' title='bbox 346 2097 524 2151; x_wconf 87' lang='lat' dir='ltr'><strong>virtus</strong></span> <span class='ocrx_word' id='word_1_282' title='bbox 570 2096 625 2150; x_wconf 92' lang='lat' dir='ltr'><strong>in</strong></span> <span class='ocrx_word' id='word_1_283' title='bbox 678 2096 875 2152; x_wconf 90' lang='lat' dir='ltr'><strong>lumbis</strong></span> <span class='ocrx_word' id='word_1_284' title='bbox 919 2098 992 2152; x_wconf 89' lang='lat' dir='ltr'><strong>sit</strong></span> <span class='ocrx_word' id='word_1_285' title='bbox 1040 2097 1182 2170; x_wconf 88' lang='lat' dir='ltr'><strong>(Job.</strong></span> <span class='ocrx_word' id='word_1_286' title='bbox 1216 2097 1329 2169; x_wconf 76' lang='lat' dir='ltr'><strong>XL),</strong></span> <span class='ocrx_word' id='word_1_287' title='bbox 1380 2106 1436 2154; x_wconf 88' lang='lat' dir='ltr'><strong>et</strong></span> <span class='ocrx_word' id='word_1_288' title='bbox 1476 2097 1655 2168; x_wconf 90' lang='lat' dir='ltr'><strong>justus</strong></span> <span class='ocrx_word' id='word_1_289' title='bbox 1697 2099 1844 2153; x_wconf 91' lang='lat' dir='ltr'><strong>dicat</strong></span> <span class='ocrx_word' id='word_1_290' title='bbox 1872 2099 1929 2154; x_wconf 89' lang='lat' dir='ltr'><strong>in</strong></span> 
     </span>
    </p>
   </div>
   <div class='ocr_carea' id='block_1_31' title="bbox 347 2187 1933 2260">
    <p class='ocr_par' dir='ltr' id='par_1_31' title="bbox 347 2187 1933 2260">
     <span class='ocr_line' id='line_1_31' title="bbox 347 2187 1933 2260; baseline 0 -16"><span class='ocrx_word' id='word_1_291' title='bbox 347 2187 581 2244; x_wconf 89' lang='lat' dir='ltr'><strong>Psalmis</strong></span> <span class='ocrx_word' id='word_1_292' title='bbox 620 2205 634 2242; x_wconf 90' lang='lat'>:</span> <span class='ocrx_word' id='word_1_293' title='bbox 700 2207 718 2239; x_wconf 86' lang='grc'><em>‹</em></span> <span class='ocrx_word' id='word_1_294' title='bbox 759 2189 953 2244; x_wconf 87' lang='lat' dir='ltr'><strong>Lumbi</strong></span> <span class='ocrx_word' id='word_1_295' title='bbox 999 2190 1106 2246; x_wconf 88' lang='lat' dir='ltr'><strong>mei</strong></span> <span class='ocrx_word' id='word_1_296' title='bbox 1166 2189 1372 2260; x_wconf 89' lang='lat' dir='ltr'><strong>impleti</strong></span> <span class='ocrx_word' id='word_1_297' title='bbox 1421 2197 1547 2244; x_wconf 87' lang='lat' dir='ltr'><strong>sunt</strong></span> <span class='ocrx_word' id='word_1_298' title='bbox 1594 2188 1933 2244; x_wconf 87' lang='lat' dir='ltr'><strong>illusionibus</strong></span> 
     </span>
    </p>
   </div>
   <div class='ocr_carea' id='block_1_32' title="bbox 247 2277 1934 2352">
    <p class='ocr_par' dir='ltr' id='par_1_32' title="bbox 247 2277 1934 2352">
     <span class='ocr_line' id='line_1_32' title="bbox 247 2277 1934 2352; baseline 0.001 -20"><span class='ocrx_word' id='word_1_299' title='bbox 247 2299 250 2301; x_wconf 53' lang='grc' dir='ltr'>λ</span> <span class='ocrx_word' id='word_1_300' title='bbox 351 2277 528 2350; x_wconf 81' lang='lat' dir='ltr'><strong>(Psal.</strong></span> <span class='ocrx_word' id='word_1_301' title='bbox 553 2277 784 2350; x_wconf 83' lang='lat' dir='ltr'><strong>xxxvu).</strong></span> <span class='ocrx_word' id='word_1_302' title='bbox 811 2299 830 2332; x_wconf 73' lang='grc' dir='ltr'><strong>ι</strong></span> <span class='ocrx_word' id='word_1_303' title='bbox 867 2278 1446 2352; x_wconf 15' lang='grc' dir='ltr'><strong>Οιιωίιυθνθοείηιιθιυίι</strong></span> <span class='ocrx_word' id='word_1_304' title='bbox 1479 2279 1710 2348; x_wconf 88' lang='lat' dir='ltr'><strong>lumbos,</strong></span> <span class='ocrx_word' id='word_1_305' title='bbox 1750 2279 1934 2334; x_wconf 88' lang='lat' dir='ltr'><strong>audiat</strong></span> 
     </span>
    </p>
   </div>
   <div class='ocr_carea' id='block_1_33' title="bbox 349 2371 1935 2457">
    <p class='ocr_par' dir='ltr' id='par_1_33' title="bbox 349 2371 1935 2457">
     <span class='ocr_line' id='line_1_33' title="bbox 349 2371 1935 2457; baseline 0 -31"><span class='ocrx_word' id='word_1_306' title='bbox 349 2371 482 2427; x_wconf 91' lang='lat' dir='ltr'><strong>illud</strong></span> <span class='ocrx_word' id='word_1_307' title='bbox 502 2372 647 2442; x_wconf 90' lang='lat' dir='ltr'><strong>quod</strong></span> <span class='ocrx_word' id='word_1_308' title='bbox 670 2373 930 2442; x_wconf 87' lang='lat' dir='ltr'><strong>scriptum</strong></span> <span class='ocrx_word' id='word_1_309' title='bbox 950 2382 1035 2429; x_wconf 89' lang='lat' dir='ltr'><strong>est</strong></span> <span class='ocrx_word' id='word_1_310' title='bbox 1059 2390 1073 2426; x_wconf 89' lang='lat'><strong>:</strong></span> <span class='ocrx_word' id='word_1_311' title='bbox 1105 2390 1124 2424; x_wconf 78' lang='grc' dir='ltr'><strong>ι</strong></span> <span class='ocrx_word' id='word_1_312' title='bbox 1155 2371 1350 2457; x_wconf 83' lang='lat' dir='ltr'><strong>Surge,</strong></span> <span class='ocrx_word' id='word_1_313' title='bbox 1378 2372 1470 2443; x_wconf 91' lang='lat' dir='ltr'><strong>qui</strong></span> <span class='ocrx_word' id='word_1_314' title='bbox 1498 2373 1725 2439; x_wconf 87' lang='lat' dir='ltr'><strong>dormis,</strong></span> <span class='ocrx_word' id='word_1_315' title='bbox 1749 2381 1805 2428; x_wconf 87' lang='lat' dir='ltr'><strong>et</strong></span> <span class='ocrx_word' id='word_1_316' title='bbox 1827 2371 1935 2428; x_wconf 90' lang='lat' dir='ltr'><strong>ele-</strong></span> 
     </span>
    </p>
   </div>
   <div class='ocr_carea' id='block_1_34' title="bbox 350 2461 1938 2536">
    <p class='ocr_par' dir='ltr' id='par_1_34' title="bbox 350 2461 1938 2536">
     <span class='ocr_line' id='line_1_34' title="bbox 350 2461 1938 2536; baseline 0.001 -20"><span class='ocrx_word' id='word_1_317' title='bbox 350 2477 518 2527; x_wconf 88' lang='lat' dir='ltr'><strong>vare,</strong></span> <span class='ocrx_word' id='word_1_318' title='bbox 570 2473 626 2518; x_wconf 90' lang='lat' dir='ltr'><strong>et</strong></span> <span class='ocrx_word' id='word_1_319' title='bbox 647 2463 968 2518; x_wconf 88' lang='lat' dir='ltr'><strong>llluminabit</strong></span> <span class='ocrx_word' id='word_1_320' title='bbox 1027 2471 1079 2519; x_wconf 91' lang='lat' dir='ltr'><strong>te</strong></span> <span class='ocrx_word' id='word_1_321' title='bbox 1125 2463 1372 2520; x_wconf 88' lang='lat' dir='ltr'><strong>Christus</strong></span> <span class='ocrx_word' id='word_1_322' title='bbox 1418 2461 1646 2536; x_wconf 62' lang='lat' dir='ltr'><strong>(Ephes.</strong></span> <span class='ocrx_word' id='word_1_323' title='bbox 1683 2464 1761 2536; x_wconf 90' lang='lat' dir='ltr'><strong>v),</strong></span> <span class='ocrx_word' id='word_1_324' title='bbox 1797 2482 1817 2517; x_wconf 85' lang='grc'><strong>›</strong></span> <span class='ocrx_word' id='word_1_325' title='bbox 1877 2471 1938 2518; x_wconf 90' lang='lat' dir='ltr'><strong>ut</strong></span> 
     </span>
    </p>
   </div>
   <div class='ocr_carea' id='block_1_35' title="bbox 353 2553 1939 2625">
    <p class='ocr_par' dir='ltr' id='par_1_35' title="bbox 353 2553 1939 2625">
     <span class='ocr_line' id='line_1_35' title="bbox 353 2553 1939 2625; baseline 0 -18"><span class='ocrx_word' id='word_1_326' title='bbox 353 2565 568 2623; x_wconf 86' lang='lat' dir='ltr'><strong>semper</strong></span> <span class='ocrx_word' id='word_1_327' title='bbox 587 2553 818 2623; x_wconf 81' lang='lat' dir='ltr'><strong>vigilans</strong></span> <span class='ocrx_word' id='word_1_328' title='bbox 839 2594 854 2620; x_wconf 96' lang='lat'><strong>,</strong></span> <span class='ocrx_word' id='word_1_329' title='bbox 895 2561 950 2609; x_wconf 91' lang='lat' dir='ltr'><strong>et</strong></span> <span class='ocrx_word' id='word_1_330' title='bbox 980 2554 1048 2609; x_wconf 92' lang='lat' dir='ltr'><strong>de</strong></span> <span class='ocrx_word' id='word_1_331' title='bbox 1091 2569 1282 2610; x_wconf 90' lang='lat' dir='ltr'><strong>somno</strong></span> <span class='ocrx_word' id='word_1_332' title='bbox 1307 2569 1662 2623; x_wconf 80' lang='lat' dir='ltr'><strong>consurgens,</strong></span> <span class='ocrx_word' id='word_1_333' title='bbox 1686 2554 1939 2625; x_wconf 84' lang='lat' dir='ltr'><strong>loquatur</strong></span> 
     </span>
    </p>
   </div>
   <div class='ocr_carea' id='block_1_36' title="bbox 353 2641 1252 2712">
    <p class='ocr_par' dir='ltr' id='par_1_36' title="bbox 353 2641 1252 2712">
     <span class='ocr_line' id='line_1_36' title="bbox 353 2641 1252 2712; baseline 0 -16"><span class='ocrx_word' id='word_1_334' title='bbox 353 2657 474 2712; x_wconf 68' lang='lat' dir='ltr'><strong>quae</strong></span> <span class='ocrx_word' id='word_1_335' title='bbox 498 2641 600 2697; x_wconf 93' lang='lat' dir='ltr'><strong>sibi</strong></span> <span class='ocrx_word' id='word_1_336' title='bbox 630 2644 949 2712; x_wconf 68' lang='lat' dir='ltr'><strong>praeceperit</strong></span> <span class='ocrx_word' id='word_1_337' title='bbox 974 2643 1252 2700; x_wconf 90' lang='lat' dir='ltr'><strong>Dominus.</strong></span> 
     </span>
    </p>
   </div>
   <div class='ocr_carea' id='block_1_37' title="bbox 432 2731 1943 2801">
    <p class='ocr_par' dir='ltr' id='par_1_37' title="bbox 432 2731 1943 2801">
     <span class='ocr_line' id='line_1_37' title="bbox 432 2731 1943 2801; baseline 0.005 -17"><span class='ocrx_word' id='word_1_338' title='bbox 432 2750 451 2784; x_wconf 74' lang='grc' dir='ltr'><strong>ι</strong></span> <span class='ocrx_word' id='word_1_339' title='bbox 483 2731 560 2788; x_wconf 76' lang='lat' dir='ltr'><strong>Ne</strong></span> <span class='ocrx_word' id='word_1_340' title='bbox 610 2733 804 2788; x_wconf 88' lang='lat' dir='ltr'><strong>timeas</strong></span> <span class='ocrx_word' id='word_1_341' title='bbox 849 2749 880 2788; x_wconf 91' lang='lat' dir='ltr'><strong>a</strong></span> <span class='ocrx_word' id='word_1_342' title='bbox 929 2733 1069 2789; x_wconf 88' lang='lat' dir='ltr'><strong>facie</strong></span> <span class='ocrx_word' id='word_1_343' title='bbox 1109 2749 1331 2801; x_wconf 87' lang='lat' dir='ltr'><strong>eorum,</strong></span> <span class='ocrx_word' id='word_1_344' title='bbox 1367 2749 1469 2791; x_wconf 89' lang='lat' dir='ltr'><strong>nec</strong></span> <span class='ocrx_word' id='word_1_345' title='bbox 1497 2735 1643 2791; x_wconf 89' lang='lat' dir='ltr'><strong>enim</strong></span> <span class='ocrx_word' id='word_1_346' title='bbox 1671 2735 1864 2792; x_wconf 88' lang='lat' dir='ltr'><strong>timere</strong></span> <span class='ocrx_word' id='word_1_347' title='bbox 1891 2744 1943 2792; x_wconf 88' lang='lat' dir='ltr'><strong>te</strong></span> 
     </span>
    </p>
   </div>
   <div class='ocr_carea' id='block_1_38' title="bbox 362 2822 1946 2900">
    <p class='ocr_par' dir='ltr' id='par_1_38' title="bbox 362 2822 1946 2900">
     <span class='ocr_line' id='line_1_38' title="bbox 362 2822 1946 2900; baseline 0.005 -24"><span class='ocrx_word' id='word_1_348' title='bbox 362 2842 382 2876; x_wconf 83' lang='grc' dir='ltr'><strong>ι</strong></span> <span class='ocrx_word' id='word_1_349' title='bbox 412 2822 608 2879; x_wconf 80' lang='lat' dir='ltr'><strong>faciam</strong></span> <span class='ocrx_word' id='word_1_350' title='bbox 652 2824 861 2879; x_wconf 89' lang='lat' dir='ltr'><strong>vultum</strong></span> <span class='ocrx_word' id='word_1_351' title='bbox 908 2838 1119 2880; x_wconf 90' lang='lat' dir='ltr'><strong>eorum.</strong></span> <span class='ocrx_word' id='word_1_352' title='bbox 1146 2844 1166 2878; x_wconf 72' lang='grc' dir='ltr'><strong>ι</strong></span> <span class='ocrx_word' id='word_1_353' title='bbox 1212 2824 1362 2893; x_wconf 91' lang='lat' dir='ltr'><strong>Sive,</strong></span> <span class='ocrx_word' id='word_1_354' title='bbox 1408 2835 1471 2881; x_wconf 90' lang='lat' dir='ltr'><strong>ut</strong></span> <span class='ocrx_word' id='word_1_355' title='bbox 1514 2825 1868 2900; x_wconf 86' lang='lat' dir='ltr'><strong>Septuaginta</strong></span> <span class='ocrx_word' id='word_1_356' title='bbox 1890 2837 1946 2884; x_wconf 92' lang='lat' dir='ltr'><strong>et</strong></span> 
     </span>
    </p>
   </div>
   <div class='ocr_carea' id='block_1_39' title="bbox 355 2916 1946 2986">
    <p class='ocr_par' dir='ltr' id='par_1_39' title="bbox 355 2916 1946 2986">
     <span class='ocr_line' id='line_1_39' title="bbox 355 2916 1946 2986; baseline 0.002 -16"><span class='ocrx_word' id='word_1_357' title='bbox 355 2917 538 2971; x_wconf 87' lang='lat' dir='ltr'><strong>caeteri</strong></span> <span class='ocrx_word' id='word_1_358' title='bbox 584 2917 785 2971; x_wconf 86' lang='lat' dir='ltr'><strong>habent</strong></span> <span class='ocrx_word' id='word_1_359' title='bbox 834 2917 1182 2986; x_wconf 87' lang='lat' dir='ltr'><strong>interpretes,</strong></span> <span class='ocrx_word' id='word_1_360' title='bbox 1217 2935 1236 2968; x_wconf 86' lang='grc'><strong>‹</strong></span> <span class='ocrx_word' id='word_1_361' title='bbox 1267 2933 1336 2972; x_wconf 92' lang='lat' dir='ltr'><strong>ne</strong></span> <span class='ocrx_word' id='word_1_362' title='bbox 1381 2916 1521 2973; x_wconf 86' lang='lat' dir='ltr'><strong>forte</strong></span> <span class='ocrx_word' id='word_1_363' title='bbox 1570 2919 1766 2974; x_wconf 89' lang='lat' dir='ltr'><strong>timere</strong></span> <span class='ocrx_word' id='word_1_364' title='bbox 1791 2927 1843 2973; x_wconf 93' lang='lat' dir='ltr'><strong>te</strong></span> <span class='ocrx_word' id='word_1_365' title='bbox 1866 2919 1946 2973; x_wconf 90' lang='lat' dir='ltr'><strong>fa-</strong></span> 
     </span>
    </p>
   </div>
   <div class='ocr_carea' id='block_1_40' title="bbox 359 3007 1941 3080">
    <p class='ocr_par' dir='ltr' id='par_1_40' title="bbox 359 3007 1941 3080">
     <span class='ocr_line' id='line_1_40' title="bbox 359 3007 1941 3080; baseline 0.002 -18"><span class='ocrx_word' id='word_1_366' title='bbox 359 3007 520 3062; x_wconf 88' lang='lat' dir='ltr'><strong>ciam.</strong></span> <span class='ocrx_word' id='word_1_367' title='bbox 551 3026 570 3059; x_wconf 77' lang='lat' dir='ltr'><strong>J</strong></span> <span class='ocrx_word' id='word_1_368' title='bbox 593 3007 662 3062; x_wconf 89' lang='lat' dir='ltr'><strong>Et</strong></span> <span class='ocrx_word' id='word_1_369' title='bbox 688 3017 774 3064; x_wconf 89' lang='lat' dir='ltr'><strong>est</strong></span> <span class='ocrx_word' id='word_1_370' title='bbox 799 3023 1017 3076; x_wconf 87' lang='lat' dir='ltr'><strong>sensus,</strong></span> <span class='ocrx_word' id='word_1_371' title='bbox 1045 3009 1200 3080; x_wconf 90' lang='lat' dir='ltr'><strong>juxta</strong></span> <span class='ocrx_word' id='word_1_372' title='bbox 1230 3009 1643 3067; x_wconf 90' lang='lat' dir='ltr'><strong>translationem</strong></span> <span class='ocrx_word' id='word_1_373' title='bbox 1666 3019 1941 3067; x_wconf 87' lang='lat' dir='ltr'><strong>nostram:</strong></span> 
     </span>
    </p>
   </div>
   <div class='ocr_carea' id='block_1_41' title="bbox 358 3100 1950 3175">
    <p class='ocr_par' dir='ltr' id='par_1_41' title="bbox 358 3100 1950 3175">
     <span class='ocr_line' id='line_1_41' title="bbox 358 3100 1950 3175; baseline 0.003 -19"><span class='ocrx_word' id='word_1_374' title='bbox 358 3100 479 3157; x_wconf 83' lang='lat' dir='ltr'><strong>Noli</strong></span> <span class='ocrx_word' id='word_1_375' title='bbox 523 3103 717 3157; x_wconf 88' lang='lat' dir='ltr'><strong>timere</strong></span> <span class='ocrx_word' id='word_1_376' title='bbox 769 3118 798 3157; x_wconf 89' lang='lat' dir='ltr'><strong>a</strong></span> <span class='ocrx_word' id='word_1_377' title='bbox 842 3103 981 3160; x_wconf 89' lang='lat' dir='ltr'><strong>facie</strong></span> <span class='ocrx_word' id='word_1_378' title='bbox 1025 3119 1239 3170; x_wconf 89' lang='lat' dir='ltr'><strong>eorum,</strong></span> <span class='ocrx_word' id='word_1_379' title='bbox 1288 3118 1375 3159; x_wconf 91' lang='lat' dir='ltr'><strong>me</strong></span> <span class='ocrx_word' id='word_1_380' title='bbox 1402 3104 1550 3158; x_wconf 89' lang='lat' dir='ltr'><strong>enim</strong></span> <span class='ocrx_word' id='word_1_381' title='bbox 1586 3105 1834 3175; x_wconf 88' lang='lat' dir='ltr'><strong>adjutore</strong></span> <span class='ocrx_word' id='word_1_382' title='bbox 1855 3119 1950 3160; x_wconf 91' lang='lat' dir='ltr'><strong>eos</strong></span> 
     </span>
    </p>
   </div>
   <div class='ocr_carea' id='block_1_42' title="bbox 360 3192 1950 3266">
    <p class='ocr_par' dir='ltr' id='par_1_42' title="bbox 360 3192 1950 3266">
     <span class='ocr_line' id='line_1_42' title="bbox 360 3192 1950 3266; baseline 0.003 -20"><span class='ocrx_word' id='word_1_383' title='bbox 360 3192 554 3248; x_wconf 88' lang='lat' dir='ltr'><strong>timere</strong></span> <span class='ocrx_word' id='word_1_384' title='bbox 601 3209 709 3249; x_wconf 91' lang='lat' dir='ltr'><strong>non</strong></span> <span class='ocrx_word' id='word_1_385' title='bbox 747 3195 972 3266; x_wconf 89' lang='lat' dir='ltr'><strong>poteris.</strong></span> <span class='ocrx_word' id='word_1_386' title='bbox 1012 3194 1174 3251; x_wconf 81' lang='lat' dir='ltr'><strong>Juxta</strong></span> <span class='ocrx_word' id='word_1_387' title='bbox 1201 3193 1367 3260; x_wconf 87' lang='lat' dir='ltr'><strong>LXX,</strong></span> <span class='ocrx_word' id='word_1_388' title='bbox 1410 3214 1427 3246; x_wconf 83' lang='grc'><em>‹</em></span> <span class='ocrx_word' id='word_1_389' title='bbox 1450 3195 1560 3250; x_wconf 91' lang='lat' dir='ltr'><strong>noli</strong></span> <span class='ocrx_word' id='word_1_390' title='bbox 1591 3195 1782 3251; x_wconf 91' lang='lat' dir='ltr'><strong>timere</strong></span> <span class='ocrx_word' id='word_1_391' title='bbox 1809 3212 1842 3250; x_wconf 90' lang='lat' dir='ltr'><strong>a</strong></span> <span class='ocrx_word' id='word_1_392' title='bbox 1868 3195 1950 3250; x_wconf 81' lang='lat' dir='ltr'><strong>fa-</strong></span> 
     </span>
    </p>
   </div>
   <div class='ocr_carea' id='block_1_43' title="bbox 359 3285 1950 3358">
    <p class='ocr_par' dir='ltr' id='par_1_43' title="bbox 359 3285 1950 3358">
     <span class='ocr_line' id='line_1_43' title="bbox 359 3285 1950 3358; baseline 0.004 -19"><span class='ocrx_word' id='word_1_393' title='bbox 359 3285 444 3340; x_wconf 88' lang='lat' dir='ltr'><strong>cie</strong></span> <span class='ocrx_word' id='word_1_394' title='bbox 469 3300 677 3354; x_wconf 91' lang='lat' dir='ltr'><strong>eorum,</strong></span> <span class='ocrx_word' id='word_1_395' title='bbox 720 3307 738 3338; x_wconf 88' lang='grc'><strong>›</strong></span> <span class='ocrx_word' id='word_1_396' title='bbox 775 3288 974 3344; x_wconf 89' lang='lat' dir='ltr'><strong>habeto</strong></span> <span class='ocrx_word' id='word_1_397' title='bbox 1012 3303 1147 3344; x_wconf 81' lang='lat' dir='ltr'><strong>mea:</strong></span> <span class='ocrx_word' id='word_1_398' title='bbox 1177 3288 1858 3358; x_wconf 85' lang='lat' dir='ltr'><strong>contidentiamjussionis.</strong></span> <span class='ocrx_word' id='word_1_399' title='bbox 1892 3288 1950 3346; x_wconf 91' lang='lat' dir='ltr'><strong>Si</strong></span> 
     </span>
    </p>
   </div>
   <div class='ocr_carea' id='block_1_44' title="bbox 359 3375 1953 3449">
    <p class='ocr_par' dir='ltr' id='par_1_44' title="bbox 359 3375 1953 3449">
     <span class='ocr_line' id='line_1_44' title="bbox 359 3375 1953 3449; baseline 0.004 -19"><span class='ocrx_word' id='word_1_400' title='bbox 359 3375 505 3430; x_wconf 90' lang='lat' dir='ltr'><strong>enim</strong></span> <span class='ocrx_word' id='word_1_401' title='bbox 548 3393 656 3433; x_wconf 92' lang='lat' dir='ltr'><strong>non</strong></span> <span class='ocrx_word' id='word_1_402' title='bbox 701 3379 965 3434; x_wconf 90' lang='lat' dir='ltr'><strong>obtuleris</strong></span> <span class='ocrx_word' id='word_1_403' title='bbox 993 3382 1139 3449; x_wconf 90' lang='lat' dir='ltr'><strong>quod</strong></span> <span class='ocrx_word' id='word_1_404' title='bbox 1184 3381 1373 3446; x_wconf 88' lang='lat' dir='ltr'><strong>habes,</strong></span> <span class='ocrx_word' id='word_1_405' title='bbox 1417 3388 1474 3434; x_wconf 89' lang='lat' dir='ltr'><strong>ut</strong></span> <span class='ocrx_word' id='word_1_406' title='bbox 1501 3381 1694 3436; x_wconf 89' lang='lat' dir='ltr'><strong>timere</strong></span> <span class='ocrx_word' id='word_1_407' title='bbox 1716 3381 1953 3447; x_wconf 89' lang='lat' dir='ltr'><strong>desinas,</strong></span> 
     </span>
    </p>
   </div>
   <div class='ocr_carea' id='block_1_45' title="bbox 359 3467 1958 3544">
    <p class='ocr_par' dir='ltr' id='par_1_45' title="bbox 359 3467 1958 3544">
     <span class='ocr_line' id='line_1_45' title="bbox 359 3467 1958 3544; baseline 0.004 -22"><span class='ocrx_word' id='word_1_408' title='bbox 359 3467 734 3539; x_wconf 86' lang='lat' dir='ltr'><strong>derelinquam</strong></span> <span class='ocrx_word' id='word_1_409' title='bbox 781 3479 864 3538; x_wconf 88' lang='lat' dir='ltr'><strong>te,</strong></span> <span class='ocrx_word' id='word_1_410' title='bbox 896 3481 953 3527; x_wconf 89' lang='lat' dir='ltr'><strong>et</strong></span> <span class='ocrx_word' id='word_1_411' title='bbox 981 3472 1193 3527; x_wconf 88' lang='lat' dir='ltr'><strong>tradam</strong></span> <span class='ocrx_word' id='word_1_412' title='bbox 1223 3473 1438 3539; x_wconf 92' lang='lat' dir='ltr'><strong>timori,</strong></span> <span class='ocrx_word' id='word_1_413' title='bbox 1469 3483 1523 3528; x_wconf 92' lang='lat' dir='ltr'><strong>et</strong></span> <span class='ocrx_word' id='word_1_414' title='bbox 1557 3473 1958 3544; x_wconf 90' lang='lat' dir='ltr'><strong>quodammodo</strong></span> 
     </span>
    </p>
   </div>
   <div class='ocr_carea' id='block_1_46' title="bbox 361 3559 1955 3632">
    <p class='ocr_par' dir='ltr' id='par_1_46' title="bbox 361 3559 1955 3632">
     <span class='ocr_line' id='line_1_46' title="bbox 361 3559 1955 3632; baseline 0.005 -22"><span class='ocrx_word' id='word_1_415' title='bbox 361 3560 589 3614; x_wconf 88' lang='lat' dir='ltr'><strong>videbor</strong></span> <span class='ocrx_word' id='word_1_416' title='bbox 621 3561 813 3615; x_wconf 89' lang='lat' dir='ltr'><strong>timere</strong></span> <span class='ocrx_word' id='word_1_417' title='bbox 841 3569 896 3616; x_wconf 89' lang='lat' dir='ltr'><strong>te</strong></span> <span class='ocrx_word' id='word_1_418' title='bbox 923 3559 1126 3628; x_wconf 87' lang='lat' dir='ltr'><strong>facere,</strong></span> <span class='ocrx_word' id='word_1_419' title='bbox 1156 3562 1283 3617; x_wconf 91' lang='lat' dir='ltr'><strong>dum</strong></span> <span class='ocrx_word' id='word_1_420' title='bbox 1315 3563 1633 3632; x_wconf 89' lang='lat' dir='ltr'><strong>derelinquo</strong></span> <span class='ocrx_word' id='word_1_421' title='bbox 1657 3563 1955 3619; x_wconf 83' lang='lat' dir='ltr'><strong>formidini.</strong></span> 
     </span>
    </p>
   </div>
   <div class='ocr_carea' id='block_1_47' title="bbox 365 3643 1958 3724">
    <p class='ocr_par' dir='ltr' id='par_1_47' title="bbox 365 3643 1958 3724">
     <span class='ocr_line' id='line_1_47' title="bbox 365 3643 1958 3724; baseline 0.006 -24"><span class='ocrx_word' id='word_1_422' title='bbox 365 3643 481 3700; x_wconf 80' lang='lat' dir='ltr'><strong>Hoc</strong></span> <span class='ocrx_word' id='word_1_423' title='bbox 507 3650 687 3698; x_wconf 87' lang='lat' dir='ltr'><strong>autem</strong></span> <span class='ocrx_word' id='word_1_424' title='bbox 712 3650 986 3711; x_wconf 77' lang='lat' dir='ltr'><strong>signiﬁcat</strong></span> <span class='ocrx_word' id='word_1_425' title='bbox 1025 3652 1170 3720; x_wconf 91' lang='lat' dir='ltr'><strong>quod</strong></span> <span class='ocrx_word' id='word_1_426' title='bbox 1199 3669 1418 3724; x_wconf 87' lang='lat' dir='ltr'><strong>semper</strong></span> <span class='ocrx_word' id='word_1_427' title='bbox 1445 3654 1674 3710; x_wconf 87' lang='lat' dir='ltr'><strong>amanda</strong></span> <span class='ocrx_word' id='word_1_428' title='bbox 1716 3657 1785 3710; x_wconf 91' lang='lat' dir='ltr'><strong>sit</strong></span> <span class='ocrx_word' id='word_1_429' title='bbox 1812 3656 1958 3710; x_wconf 87' lang='lat' dir='ltr'><strong>veri-</strong></span> 
     </span>
    </p>
   </div>
   <div class='ocr_carea' id='block_1_48' title="bbox 367 3736 1963 3807">
    <p class='ocr_par' dir='ltr' id='par_1_48' title="bbox 367 3736 1963 3807">
     <span class='ocr_line' id='line_1_48' title="bbox 367 3736 1963 3807; baseline 0 -16"><span class='ocrx_word' id='word_1_430' title='bbox 367 3745 483 3802; x_wconf 85' lang='lat' dir='ltr'><strong>tas,</strong></span> <span class='ocrx_word' id='word_1_431' title='bbox 524 3750 628 3791; x_wconf 88' lang='lat' dir='ltr'><strong>nec</strong></span> <span class='ocrx_word' id='word_1_432' title='bbox 653 3736 891 3790; x_wconf 89' lang='lat' dir='ltr'><strong>timenda</strong></span> <span class='ocrx_word' id='word_1_433' title='bbox 927 3736 1209 3790; x_wconf 89' lang='lat' dir='ltr'><strong>hominum</strong></span> <span class='ocrx_word' id='word_1_434' title='bbox 1237 3746 1546 3800; x_wconf 77' lang='lat' dir='ltr'><strong>multitudo,</strong></span> <span class='ocrx_word' id='word_1_435' title='bbox 1589 3747 1682 3805; x_wconf 78' lang='lat' dir='ltr'><strong>qui</strong></span> <span class='ocrx_word' id='word_1_436' title='bbox 1712 3747 1963 3807; x_wconf 73' lang='lat' dir='ltr'><strong>increpa-</strong></span> 
     </span>
    </p>
   </div>
   <div class='ocr_carea' id='block_1_49' title="bbox 368 3827 1961 3898">
    <p class='ocr_par' dir='ltr' id='par_1_49' title="bbox 368 3827 1961 3898">
     <span class='ocr_line' id='line_1_49' title="bbox 368 3827 1961 3898; baseline 0.001 -16"><span class='ocrx_word' id='word_1_437' title='bbox 368 3828 572 3883; x_wconf 91' lang='lat' dir='ltr'><strong>tionem</strong></span> <span class='ocrx_word' id='word_1_438' title='bbox 602 3843 709 3883; x_wconf 93' lang='lat' dir='ltr'><strong>non</strong></span> <span class='ocrx_word' id='word_1_439' title='bbox 738 3827 1039 3893; x_wconf 89' lang='lat' dir='ltr'><strong>sustinent,</strong></span> <span class='ocrx_word' id='word_1_440' title='bbox 1070 3827 1166 3883; x_wconf 92' lang='lat' dir='ltr'><strong>sed</strong></span> <span class='ocrx_word' id='word_1_441' title='bbox 1208 3827 1431 3883; x_wconf 88' lang='lat' dir='ltr'><strong>insidias</strong></span> <span class='ocrx_word' id='word_1_442' title='bbox 1459 3828 1686 3882; x_wconf 89' lang='lat' dir='ltr'><strong>tendunt</strong></span> <span class='ocrx_word' id='word_1_443' title='bbox 1717 3829 1765 3882; x_wconf 91' lang='lat' dir='ltr'><strong>ei</strong></span> <span class='ocrx_word' id='word_1_444' title='bbox 1795 3845 1825 3882; x_wconf 90' lang='lat' dir='ltr'><strong>a</strong></span> <span class='ocrx_word' id='word_1_445' title='bbox 1854 3844 1961 3898; x_wconf 89' lang='lat' dir='ltr'><strong>quo</strong></span> 
     </span>
    </p>
   </div>
   <div class='ocr_carea' id='block_1_50' title="bbox 367 3916 1960 3988">
    <p class='ocr_par' dir='ltr' id='par_1_50' title="bbox 367 3916 1960 3988">
     <span class='ocr_line' id='line_1_50' title="bbox 367 3916 1960 3988; baseline -0.001 -14"><span class='ocrx_word' id='word_1_446' title='bbox 367 3916 755 3987; x_wconf 87' lang='lat' dir='ltr'><strong>corripiuntur.</strong></span> <span class='ocrx_word' id='word_1_447' title='bbox 785 3917 1047 3987; x_wconf 85' lang='lat' dir='ltr'><strong>Quodque</strong></span> <span class='ocrx_word' id='word_1_448' title='bbox 1071 3917 1228 3986; x_wconf 90' lang='lat' dir='ltr'><strong>juxta</strong></span> <span class='ocrx_word' id='word_1_449' title='bbox 1259 3917 1402 3972; x_wconf 85' lang='lat' dir='ltr'><strong>LXX</strong></span> <span class='ocrx_word' id='word_1_450' title='bbox 1438 3918 1681 3988; x_wconf 90' lang='lat' dir='ltr'><strong>sequitur</strong></span> <span class='ocrx_word' id='word_1_451' title='bbox 1708 3939 1721 3972; x_wconf 88' lang='lat'><strong>:</strong></span> <span class='ocrx_word' id='word_1_452' title='bbox 1769 3938 1786 3970; x_wconf 75' lang='grc' dir='ltr'><strong>ι</strong></span> <span class='ocrx_word' id='word_1_453' title='bbox 1827 3919 1960 3986; x_wconf 89' lang='lat' dir='ltr'><strong>Quia</strong></span> 
     </span>
    </p>
   </div>
   <div class='ocr_carea' id='block_1_51' title="bbox 371 4009 1964 4098">
    <p class='ocr_par' dir='ltr' id='par_1_51' title="bbox 371 4009 1964 4098">
     <span class='ocr_line' id='line_1_51' title="bbox 371 4009 1964 4098; baseline 0.004 -38"><span class='ocrx_word' id='word_1_454' title='bbox 371 4014 551 4062; x_wconf 88' lang='lat' dir='ltr'><strong>tecum</strong></span> <span class='ocrx_word' id='word_1_455' title='bbox 587 4024 736 4073; x_wconf 89' lang='lat' dir='ltr'><strong>sum,</strong></span> <span class='ocrx_word' id='word_1_456' title='bbox 770 4020 830 4063; x_wconf 88' lang='lat' dir='ltr'><strong>ut</strong></span> <span class='ocrx_word' id='word_1_457' title='bbox 865 4009 1090 4065; x_wconf 90' lang='lat' dir='ltr'><strong>liberem</strong></span> <span class='ocrx_word' id='word_1_458' title='bbox 1122 4019 1203 4078; x_wconf 91' lang='lat' dir='ltr'><strong>te,</strong></span> <span class='ocrx_word' id='word_1_459' title='bbox 1236 4009 1370 4065; x_wconf 90' lang='lat' dir='ltr'><strong>dicit</strong></span> <span class='ocrx_word' id='word_1_460' title='bbox 1394 4011 1682 4098; x_wconf 61' lang='lat' dir='ltr'><strong>Dominus;</strong></span> <span class='ocrx_word' id='word_1_461' title='bbox 1726 4031 1745 4064; x_wconf 73' lang='grc' dir='ltr'><strong>ι</strong></span> <span class='ocrx_word' id='word_1_462' title='bbox 1781 4012 1834 4066; x_wconf 90' lang='lat' dir='ltr'><strong>in</strong></span> <span class='ocrx_word' id='word_1_463' title='bbox 1859 4011 1964 4066; x_wconf 88' lang='lat' dir='ltr'><strong>He-</strong></span> 
     </span>
    </p>
   </div>
   <div class='ocr_carea' id='block_1_52' title="bbox 371 4099 1962 4170">
    <p class='ocr_par' dir='ltr' id='par_1_52' title="bbox 371 4099 1962 4170">
     <span class='ocr_line' id='line_1_52' title="bbox 371 4099 1962 4170; baseline 0.004 -16"><span class='ocrx_word' id='word_1_464' title='bbox 371 4099 560 4154; x_wconf 90' lang='lat' dir='ltr'><strong>braico</strong></span> <span class='ocrx_word' id='word_1_465' title='bbox 593 4115 701 4155; x_wconf 90' lang='lat' dir='ltr'><strong>non</strong></span> <span class='ocrx_word' id='word_1_466' title='bbox 732 4099 980 4156; x_wconf 86' lang='lat' dir='ltr'><strong>habetur.</strong></span> <span class='ocrx_word' id='word_1_467' title='bbox 1013 4101 1083 4159; x_wconf 87' lang='lat' dir='ltr'><strong>Et</strong></span> <span class='ocrx_word' id='word_1_468' title='bbox 1121 4110 1208 4158; x_wconf 88' lang='lat' dir='ltr'><strong>est</strong></span> <span class='ocrx_word' id='word_1_469' title='bbox 1241 4117 1432 4158; x_wconf 90' lang='lat' dir='ltr'><strong>sensus</strong></span> <span class='ocrx_word' id='word_1_470' title='bbox 1462 4121 1474 4156; x_wconf 90' lang='lat'><strong>:</strong></span> <span class='ocrx_word' id='word_1_471' title='bbox 1506 4103 1704 4159; x_wconf 87' lang='lat' dir='ltr'><strong>Eruam</strong></span> <span class='ocrx_word' id='word_1_472' title='bbox 1741 4111 1823 4170; x_wconf 89' lang='lat' dir='ltr'><strong>te,</strong></span> <span class='ocrx_word' id='word_1_473' title='bbox 1856 4119 1962 4160; x_wconf 92' lang='lat' dir='ltr'><strong>non</strong></span> 
     </span>
    </p>
   </div>
   <div class='ocr_carea' id='block_1_53' title="bbox 375 4191 1966 4268">
    <p class='ocr_par' dir='ltr' id='par_1_53' title="bbox 375 4191 1966 4268">
     <span class='ocr_line' id='line_1_53' title="bbox 375 4191 1966 4268; baseline 0.003 -22"><span class='ocrx_word' id='word_1_474' title='bbox 375 4200 436 4246; x_wconf 91' lang='lat' dir='ltr'><strong>ut</strong></span> <span class='ocrx_word' id='word_1_475' title='bbox 460 4192 557 4247; x_wconf 89' lang='lat' dir='ltr'><strong>tibi</strong></span> <span class='ocrx_word' id='word_1_476' title='bbox 586 4191 768 4248; x_wconf 91' lang='lat' dir='ltr'><strong>nullus</strong></span> <span class='ocrx_word' id='word_1_477' title='bbox 806 4193 1123 4260; x_wconf 87' lang='lat' dir='ltr'><strong>insidietur,</strong></span> <span class='ocrx_word' id='word_1_478' title='bbox 1153 4196 1250 4250; x_wconf 89' lang='lat' dir='ltr'><strong>sed</strong></span> <span class='ocrx_word' id='word_1_479' title='bbox 1278 4194 1336 4250; x_wconf 93' lang='lat' dir='ltr'><strong>in</strong></span> <span class='ocrx_word' id='word_1_480' title='bbox 1363 4210 1429 4251; x_wconf 90' lang='lat' dir='ltr'><strong>eo</strong></span> <span class='ocrx_word' id='word_1_481' title='bbox 1449 4234 1465 4263; x_wconf 90' lang='lat'><strong>,</strong></span> <span class='ocrx_word' id='word_1_482' title='bbox 1504 4203 1566 4252; x_wconf 93' lang='lat' dir='ltr'><strong>ut</strong></span> <span class='ocrx_word' id='word_1_483' title='bbox 1591 4196 1802 4268; x_wconf 86' lang='lat' dir='ltr'><strong>patiens</strong></span> <span class='ocrx_word' id='word_1_484' title='bbox 1830 4195 1966 4252; x_wconf 89' lang='lat' dir='ltr'><strong>insi-</strong></span> 
     </span>
    </p>
   </div>
   <div class='ocr_carea' id='block_1_54' title="bbox 376 4287 963 4358">
    <p class='ocr_par' dir='ltr' id='par_1_54' title="bbox 376 4287 963 4358">
     <span class='ocr_line' id='line_1_54' title="bbox 376 4287 963 4358; baseline 0.005 -17"><span class='ocrx_word' id='word_1_485' title='bbox 376 4287 494 4342; x_wconf 90' lang='lat' dir='ltr'><strong>dias</strong></span> <span class='ocrx_word' id='word_1_486' title='bbox 523 4302 631 4342; x_wconf 90' lang='lat' dir='ltr'><strong>non</strong></span> <span class='ocrx_word' id='word_1_487' title='bbox 663 4287 963 4358; x_wconf 87' lang='lat' dir='ltr'><strong>delinquas.</strong></span> 
     </span>
    </p>
   </div>
   <div class='ocr_carea' id='block_1_55' title="bbox 457 4377 1965 4451">
    <p class='ocr_par' dir='ltr' id='par_1_55' title="bbox 457 4377 1965 4451">
     <span class='ocr_line' id='line_1_55' title="bbox 457 4377 1965 4451; baseline 0.003 -21"><span class='ocrx_word' id='word_1_488' title='bbox 457 4394 476 4428; x_wconf 75' lang='grc' dir='ltr'><strong>ι</strong></span> <span class='ocrx_word' id='word_1_489' title='bbox 512 4377 624 4448; x_wconf 89' lang='lat' dir='ltr'><strong>Ego</strong></span> <span class='ocrx_word' id='word_1_490' title='bbox 659 4379 858 4449; x_wconf 89' lang='lat' dir='ltr'><strong>quippe</strong></span> <span class='ocrx_word' id='word_1_491' title='bbox 891 4378 1013 4434; x_wconf 91' lang='lat' dir='ltr'><strong>dedi</strong></span> <span class='ocrx_word' id='word_1_492' title='bbox 1054 4386 1107 4434; x_wconf 90' lang='lat' dir='ltr'><strong>te</strong></span> <span class='ocrx_word' id='word_1_493' title='bbox 1142 4378 1303 4435; x_wconf 87' lang='lat' dir='ltr'><strong>hodie</strong></span> <span class='ocrx_word' id='word_1_494' title='bbox 1335 4377 1481 4449; x_wconf 84' lang='lat' dir='ltr'><strong>(sive</strong></span> <span class='ocrx_word' id='word_1_495' title='bbox 1522 4391 1650 4435; x_wconf 89' lang='lat' dir='ltr'><strong>ecce</strong></span> <span class='ocrx_word' id='word_1_496' title='bbox 1686 4379 1965 4451; x_wconf 90' lang='lat' dir='ltr'><strong>composui</strong></span> 
     </span>
    </p>
   </div>
   <div class='ocr_carea' id='block_1_56' title="bbox 385 4468 1967 4541">
    <p class='ocr_par' dir='ltr' id='par_1_56' title="bbox 385 4468 1967 4541">
     <span class='ocr_line' id='line_1_56' title="bbox 385 4468 1967 4541; baseline 0.003 -20"><span class='ocrx_word' id='word_1_497' title='bbox 385 4486 406 4521; x_wconf 76' lang='grc' dir='ltr'><strong>ι</strong></span> <span class='ocrx_word' id='word_1_498' title='bbox 444 4476 498 4523; x_wconf 91' lang='lat' dir='ltr'><strong>te</strong></span> <span class='ocrx_word' id='word_1_499' title='bbox 526 4468 581 4522; x_wconf 91' lang='lat' dir='ltr'><strong>in</strong></span> <span class='ocrx_word' id='word_1_500' title='bbox 617 4468 719 4524; x_wconf 85' lang='lat' dir='ltr'><strong>hac</strong></span> <span class='ocrx_word' id='word_1_501' title='bbox 749 4469 880 4541; x_wconf 89' lang='lat' dir='ltr'><strong>die),</strong></span> <span class='ocrx_word' id='word_1_502' title='bbox 906 4469 963 4525; x_wconf 87' lang='lat' dir='ltr'><strong>in</strong></span> <span class='ocrx_word' id='word_1_503' title='bbox 992 4469 1268 4525; x_wconf 88' lang='lat' dir='ltr'><strong>civitatem</strong></span> <span class='ocrx_word' id='word_1_504' title='bbox 1299 4471 1584 4536; x_wconf 89' lang='lat' dir='ltr'><strong>munitam,</strong></span> <span class='ocrx_word' id='word_1_505' title='bbox 1603 4477 1661 4525; x_wconf 90' lang='lat' dir='ltr'><strong>et</strong></span> <span class='ocrx_word' id='word_1_506' title='bbox 1680 4471 1736 4526; x_wconf 93' lang='lat' dir='ltr'><strong>in</strong></span> <span class='ocrx_word' id='word_1_507' title='bbox 1763 4471 1967 4527; x_wconf 91' lang='lat' dir='ltr'><strong>colum-</strong></span> 
     </span>
    </p>
   </div>
   <div class='ocr_carea' id='block_1_57' title="bbox 2030 2005 3614 2076">
    <p class='ocr_par' dir='ltr' id='par_1_57' title="bbox 2030 2005 3614 2076">
     <span class='ocr_line' id='line_1_57' title="bbox 2030 2005 3614 2076; baseline -0.001 -16"><span class='ocrx_word' id='word_1_508' title='bbox 2030 2020 2158 2068; x_wconf 86' lang='lat' dir='ltr'><strong>nes,</strong></span> <span class='ocrx_word' id='word_1_509' title='bbox 2195 2013 2252 2059; x_wconf 90' lang='lat' dir='ltr'><strong>et</strong></span> <span class='ocrx_word' id='word_1_510' title='bbox 2282 2005 2471 2076; x_wconf 88' lang='lat' dir='ltr'><strong>vulgus</strong></span> <span class='ocrx_word' id='word_1_511' title='bbox 2500 2005 2605 2059; x_wconf 88' lang='lat' dir='ltr'><strong>vile</strong></span> <span class='ocrx_word' id='word_1_512' title='bbox 2646 2014 2808 2074; x_wconf 89' lang='lat' dir='ltr'><strong>atque</strong></span> <span class='ocrx_word' id='word_1_513' title='bbox 2836 2005 3100 2076; x_wconf 90' lang='lat' dir='ltr'><strong>ignobile,</strong></span> <span class='ocrx_word' id='word_1_514' title='bbox 3140 2015 3325 2060; x_wconf 89' lang='lat' dir='ltr'><strong>contra</strong></span> <span class='ocrx_word' id='word_1_515' title='bbox 3366 2014 3614 2060; x_wconf 87' lang='lat' dir='ltr'><strong>sanctum</strong></span> 
     </span>
    </p>
   </div>
   <div class='ocr_carea' id='block_1_58' title="bbox 2030 2095 3618 2165">
    <p class='ocr_par' dir='ltr' id='par_1_58' title="bbox 2030 2095 3618 2165">
     <span class='ocr_line' id='line_1_58' title="bbox 2030 2095 3618 2165; baseline 0.001 -17"><span class='ocrx_word' id='word_1_516' title='bbox 2030 2095 2207 2149; x_wconf 89' lang='lat' dir='ltr'><strong>virum</strong></span> <span class='ocrx_word' id='word_1_517' title='bbox 2255 2108 2582 2165; x_wconf 86' lang='lat' dir='ltr'><strong>consurgere</strong></span> <span class='ocrx_word' id='word_1_518' title='bbox 2620 2095 2928 2163; x_wconf 88' lang='lat' dir='ltr'><strong>voluerint,</strong></span> <span class='ocrx_word' id='word_1_519' title='bbox 2979 2095 3176 2151; x_wconf 87' lang='lat' dir='ltr'><strong>habeat</strong></span> <span class='ocrx_word' id='word_1_520' title='bbox 3223 2095 3345 2150; x_wconf 88' lang='lat' dir='ltr'><strong>ﬁdei</strong></span> <span class='ocrx_word' id='word_1_521' title='bbox 3393 2095 3618 2150; x_wconf 82' lang='lat' dir='ltr'><strong>firmita-</strong></span> 
     </span>
    </p>
   </div>
   <div class='ocr_carea' id='block_1_59' title="bbox 2034 2183 3615 2255">
    <p class='ocr_par' dir='ltr' id='par_1_59' title="bbox 2034 2183 3615 2255">
     <span class='ocr_line' id='line_1_59' title="bbox 2034 2183 3615 2255; baseline -0.003 -14"><span class='ocrx_word' id='word_1_522' title='bbox 2034 2194 2146 2241; x_wconf 86' lang='lat' dir='ltr'><strong>tem</strong></span> <span class='ocrx_word' id='word_1_523' title='bbox 2172 2192 2227 2241; x_wconf 89' lang='lat' dir='ltr'><strong>et</strong></span> <span class='ocrx_word' id='word_1_524' title='bbox 2254 2186 2447 2242; x_wconf 90' lang='lat' dir='ltr'><strong>timere</strong></span> <span class='ocrx_word' id='word_1_525' title='bbox 2486 2186 2748 2252; x_wconf 91' lang='lat' dir='ltr'><strong>desistat,</strong></span> <span class='ocrx_word' id='word_1_526' title='bbox 2779 2185 2905 2255; x_wconf 89' lang='lat' dir='ltr'><strong>quia</strong></span> <span class='ocrx_word' id='word_1_527' title='bbox 2945 2185 3173 2241; x_wconf 91' lang='lat' dir='ltr'><strong>Domino</strong></span> <span class='ocrx_word' id='word_1_528' title='bbox 3202 2183 3496 2240; x_wconf 82' lang='lat' dir='ltr'><strong>auxiliante</strong></span> <span class='ocrx_word' id='word_1_529' title='bbox 3523 2199 3615 2238; x_wconf 91' lang='lat' dir='ltr'><strong>su-</strong></span> 
     </span>
    </p>
   </div>
   <div class='ocr_carea' id='block_1_60' title="bbox 2034 2275 2266 2346">
    <p class='ocr_par' dir='ltr' id='par_1_60' title="bbox 2034 2275 2266 2346">
     <span class='ocr_line' id='line_1_60' title="bbox 2034 2275 2266 2346; baseline -0.004 -17"><span class='ocrx_word' id='word_1_530' title='bbox 2034 2275 2266 2346; x_wconf 87' lang='lat' dir='ltr'><strong>perabit.</strong></span> 
     </span>
    </p>
   </div>
   <div class='ocr_carea' id='block_1_61' title="bbox 2661 2366 2990 2424">
    <p class='ocr_par' dir='ltr' id='par_1_61' title="bbox 2661 2366 2990 2424">
     <span class='ocr_line' id='line_1_61' title="bbox 2661 2366 2990 2424; baseline -0.006 -1"><span class='ocrx_word' id='word_1_531' title='bbox 2661 2366 2890 2424; x_wconf 84' lang='lat' dir='ltr'><strong>CAPUT</strong></span> <span class='ocrx_word' id='word_1_532' title='bbox 2926 2367 2990 2422; x_wconf 88' lang='lat' dir='ltr'><strong>ll.</strong></span> 
     </span>
    </p>
   </div>
   <div class='ocr_carea' id='block_1_62' title="bbox 2040 2484 3620 2559">
    <p class='ocr_par' dir='ltr' id='par_1_62' title="bbox 2040 2484 3620 2559">
     <span class='ocr_line' id='line_1_62' title="bbox 2040 2484 3620 2559; baseline -0.004 -16"><span class='ocrx_word' id='word_1_533' title='bbox 2040 2486 2285 2559; x_wconf 80' lang='lat' dir='ltr'><strong>Increpat</strong></span> <span class='ocrx_word' id='word_1_534' title='bbox 2311 2492 2520 2559; x_wconf 80' lang='lat' dir='ltr'><strong>propter</strong></span> <span class='ocrx_word' id='word_1_535' title='bbox 2539 2485 2832 2559; x_wconf 67' lang='lat' dir='ltr'><strong>sacerdotes</strong></span> <span class='ocrx_word' id='word_1_536' title='bbox 2860 2491 2911 2538; x_wconf 85' lang='lat' dir='ltr'><strong>et</strong></span> <span class='ocrx_word' id='word_1_537' title='bbox 2935 2492 3166 2555; x_wconf 68' lang='lat' dir='ltr'><strong>pastores</strong></span> <span class='ocrx_word' id='word_1_538' title='bbox 3187 2484 3448 2559; x_wconf 54' lang='grc' dir='ltr'><strong>ιόςςίῳιιε</strong></span> <span class='ocrx_word' id='word_1_539' title='bbox 3471 2501 3620 2559; x_wconf 75' lang='lat' dir='ltr'><strong>aqua:</strong></span> 
     </span>
    </p>
   </div>
   <div class='ocr_carea' id='block_1_63' title="bbox 2113 2555 3622 2626">
    <p class='ocr_par' dir='ltr' id='par_1_63' title="bbox 2113 2555 3622 2626">
     <span class='ocr_line' id='line_1_63' title="bbox 2113 2555 3622 2626; baseline -0.002 -14"><span class='ocrx_word' id='word_1_540' title='bbox 2113 2555 2240 2612; x_wconf 63' lang='lat' dir='ltr'><strong>vivie</strong></span> <span class='ocrx_word' id='word_1_541' title='bbox 2279 2555 2325 2611; x_wconf 79' lang='lat' dir='ltr'><strong>et</strong></span> <span class='ocrx_word' id='word_1_542' title='bbox 2353 2555 2590 2610; x_wconf 80' lang='lat' dir='ltr'><strong>cisterme</strong></span> <span class='ocrx_word' id='word_1_543' title='bbox 2631 2555 2839 2609; x_wconf 74' lang='lat' dir='ltr'><strong>turbida</strong></span> <span class='ocrx_word' id='word_1_544' title='bbox 2905 2572 3042 2626; x_wconf 84' lang='lat' dir='ltr'><strong>aqua</strong></span> <span class='ocrx_word' id='word_1_545' title='bbox 3099 2571 3115 2607; x_wconf 94' lang='lat'><em>:</em></span> <span class='ocrx_word' id='word_1_546' title='bbox 3153 2557 3292 2626; x_wconf 85' lang='lat' dir='ltr'><strong>quod</strong></span> <span class='ocrx_word' id='word_1_547' title='bbox 3327 2555 3622 2611; x_wconf 81' lang='lat' dir='ltr'><strong>Jerusalem</strong></span> 
     </span>
    </p>
   </div>
   <div class='ocr_carea' id='block_1_64' title="bbox 2112 2625 3327 2696">
    <p class='ocr_par' dir='ltr' id='par_1_64' title="bbox 2112 2625 3327 2696">
     <span class='ocr_line' id='line_1_64' title="bbox 2112 2625 3327 2696; baseline -0.004 -13"><span class='ocrx_word' id='word_1_548' title='bbox 2112 2630 2178 2683; x_wconf 81' lang='lat' dir='ltr'><strong>sit</strong></span> <span class='ocrx_word' id='word_1_549' title='bbox 2208 2627 2453 2682; x_wconf 77' lang='lat' dir='ltr'><strong>meretrix</strong></span> <span class='ocrx_word' id='word_1_550' title='bbox 2490 2627 2806 2696; x_wconf 80' lang='lat' dir='ltr'><strong>degenerans</strong></span> <span class='ocrx_word' id='word_1_551' title='bbox 2845 2625 3006 2681; x_wconf 81' lang='lat' dir='ltr'><strong>oblita</strong></span> <span class='ocrx_word' id='word_1_552' title='bbox 3031 2625 3124 2680; x_wconf 91' lang='lat' dir='ltr'><strong>Dei</strong></span> <span class='ocrx_word' id='word_1_553' title='bbox 3143 2625 3245 2680; x_wconf 85' lang='lat' dir='ltr'><strong>sui.</strong></span> <span class='ocrx_word' id='word_1_554' title='bbox 3317 2656 3327 2665; x_wconf 90' lang='lat'><strong><em>-</em></strong></span> 
     </span>
    </p>
   </div>
   <div class='ocr_carea' id='block_1_65' title="bbox 2121 2738 3631 2796">
    <p class='ocr_par' dir='ltr' id='par_1_65' title="bbox 2121 2738 3631 2796">
     <span class='ocr_line' id='line_1_65' title="bbox 2121 2738 3631 2796; baseline -0.001 -2"><span class='ocrx_word' id='word_1_555' title='bbox 2121 2760 2139 2794; x_wconf 80' lang='grc' dir='ltr'>σ</span> <span class='ocrx_word' id='word_1_556' title='bbox 2179 2741 2246 2796; x_wconf 90' lang='lat' dir='ltr'><strong>Et</strong></span> <span class='ocrx_word' id='word_1_557' title='bbox 2274 2740 2477 2796; x_wconf 88' lang='lat' dir='ltr'><strong>factum</strong></span> <span class='ocrx_word' id='word_1_558' title='bbox 2522 2748 2624 2795; x_wconf 82' lang='lat' dir='ltr'><strong>est&#39;</strong></span> <span class='ocrx_word' id='word_1_559' title='bbox 2650 2740 2876 2795; x_wconf 89' lang='lat' dir='ltr'><strong>verbum</strong></span> <span class='ocrx_word' id='word_1_560' title='bbox 2915 2739 2983 2794; x_wconf 90' lang='lat' dir='ltr'><strong>ad</strong></span> <span class='ocrx_word' id='word_1_561' title='bbox 3019 2755 3106 2794; x_wconf 90' lang='lat' dir='ltr'><strong>me</strong></span> <span class='ocrx_word' id='word_1_562' title='bbox 3136 2740 3320 2794; x_wconf 88' lang='lat' dir='ltr'><strong>dicens</strong></span> <span class='ocrx_word' id='word_1_563' title='bbox 3351 2756 3362 2792; x_wconf 90' lang='lat'>:</span> <span class='ocrx_word' id='word_1_564' title='bbox 3396 2738 3545 2794; x_wconf 78' lang='lat' dir='ltr'><strong>Vade</strong></span> <span class='ocrx_word' id='word_1_565' title='bbox 3573 2742 3631 2793; x_wconf 86' lang='lat' dir='ltr'><strong>et</strong></span> 
     </span>
    </p>
   </div>
   <div class='ocr_carea' id='block_1_66' title="bbox 2052 2829 3632 2901">
    <p class='ocr_par' dir='ltr' id='par_1_66' title="bbox 2052 2829 3632 2901">
     <span class='ocr_line' id='line_1_66' title="bbox 2052 2829 3632 2901; baseline 0 -15"><span class='ocrx_word' id='word_1_566' title='bbox 2052 2854 2071 2886; x_wconf 86' lang='grc'><em>‹</em></span> <span class='ocrx_word' id='word_1_567' title='bbox 2102 2833 2276 2889; x_wconf 87' lang='lat' dir='ltr'><strong>clama</strong></span> <span class='ocrx_word' id='word_1_568' title='bbox 2305 2833 2360 2887; x_wconf 90' lang='lat' dir='ltr'><strong>in</strong></span> <span class='ocrx_word' id='word_1_569' title='bbox 2389 2831 2612 2887; x_wconf 87' lang='lat' dir='ltr'><strong>auribus</strong></span> <span class='ocrx_word' id='word_1_570' title='bbox 2642 2829 2942 2886; x_wconf 90' lang='lat' dir='ltr'><strong>Jerusalem</strong></span> <span class='ocrx_word' id='word_1_571' title='bbox 2968 2829 3486 2901; x_wconf 69' lang='lat' dir='ltr'><strong>dicens.»(lIierot3.)</strong></span> <span class='ocrx_word' id='word_1_572' title='bbox 3519 2829 3632 2886; x_wconf 87' lang='lat' dir='ltr'><strong>Hoc</strong></span> 
     </span>
    </p>
   </div>
   <div class='ocr_carea' id='block_1_67' title="bbox 2047 2921 3658 2995">
    <p class='ocr_par' dir='ltr' id='par_1_67' title="bbox 2047 2921 3658 2995">
     <span class='ocr_line' id='line_1_67' title="bbox 2047 2921 3658 2995; baseline -0.004 -16"><span class='ocrx_word' id='word_1_573' title='bbox 2047 2924 2104 2980; x_wconf 93' lang='lat' dir='ltr'><strong>in</strong></span> <span class='ocrx_word' id='word_1_574' title='bbox 2154 2923 2505 2995; x_wconf 82' lang='lat' dir='ltr'><strong>Septuaginta</strong></span> <span class='ocrx_word' id='word_1_575' title='bbox 2561 2937 2668 2976; x_wconf 90' lang='lat' dir='ltr'><strong>non</strong></span> <span class='ocrx_word' id='word_1_576' title='bbox 2723 2922 2971 2985; x_wconf 89' lang='lat' dir='ltr'><strong>habetur,</strong></span> <span class='ocrx_word' id='word_1_577' title='bbox 3022 2922 3114 2976; x_wconf 85' lang='lat' dir='ltr'><strong>sed</strong></span> <span class='ocrx_word' id='word_1_578' title='bbox 3161 2923 3260 2976; x_wconf 89' lang='lat' dir='ltr'><strong>sub</strong></span> <span class='ocrx_word' id='word_1_579' title='bbox 3291 2921 3537 2975; x_wconf 89' lang='lat' dir='ltr'><strong>astericis</strong></span> <span class='ocrx_word' id='word_1_580' title='bbox 3566 2921 3658 2974; x_wconf 42' lang='lat' dir='ltr'><strong>de.</strong></span> 
     </span>
    </p>
   </div>
   <div class='ocr_carea' id='block_1_68' title="bbox 2050 3013 3633 3083">
    <p class='ocr_par' dir='ltr' id='par_1_68' title="bbox 2050 3013 3633 3083">
     <span class='ocr_line' id='line_1_68' title="bbox 2050 3013 3633 3083; baseline -0.002 -13"><span class='ocrx_word' id='word_1_581' title='bbox 2050 3014 2438 3072; x_wconf 86' lang='lat' dir='ltr'><strong>Theodotionis</strong></span> <span class='ocrx_word' id='word_1_582' title='bbox 2466 3015 2704 3070; x_wconf 88' lang='lat' dir='ltr'><strong>editione</strong></span> <span class='ocrx_word' id='word_1_583' title='bbox 2739 3015 2978 3069; x_wconf 89' lang='lat' dir='ltr'><strong>additum</strong></span> <span class='ocrx_word' id='word_1_584' title='bbox 3002 3022 3107 3081; x_wconf 88' lang='lat' dir='ltr'><strong>est,</strong></span> <span class='ocrx_word' id='word_1_585' title='bbox 3142 3015 3231 3083; x_wconf 92' lang='lat' dir='ltr'><strong>qui</strong></span> <span class='ocrx_word' id='word_1_586' title='bbox 3263 3014 3487 3068; x_wconf 87' lang='lat' dir='ltr'><strong>verbum</strong></span> <span class='ocrx_word' id='word_1_587' title='bbox 3525 3013 3633 3067; x_wconf 88' lang='lat' dir='ltr'><strong>He-</strong></span> 
     </span>
    </p>
   </div>
   <div class='ocr_carea' id='block_1_69' title="bbox 2050 3104 3640 3176">
    <p class='ocr_par' dir='ltr' id='par_1_69' title="bbox 2050 3104 3640 3176">
     <span class='ocr_line' id='line_1_69' title="bbox 2050 3104 3640 3176; baseline -0.002 -14"><span class='ocrx_word' id='word_1_588' title='bbox 2050 3107 2296 3162; x_wconf 88' lang='lat' dir='ltr'><strong>braicum</strong></span> <span class='ocrx_word' id='word_1_589' title='bbox 2343 3107 2525 3162; x_wconf 85' lang='lat' dir='ltr'><strong>carath</strong></span> <span class='ocrx_word' id='word_1_590' title='bbox 2574 3121 2674 3176; x_wconf 83' lang='lat' dir='ltr'><strong>pro</strong></span> <span class='ocrx_word' id='word_1_591' title='bbox 2723 3121 2830 3176; x_wconf 92' lang='lat' dir='ltr'><strong>quo</strong></span> <span class='ocrx_word' id='word_1_592' title='bbox 2878 3121 2980 3161; x_wconf 92' lang='lat' dir='ltr'><strong>nos</strong></span> <span class='ocrx_word' id='word_1_593' title='bbox 3032 3106 3266 3161; x_wconf 81' lang='lat' dir='ltr'><strong>diximus</strong></span> <span class='ocrx_word' id='word_1_594' title='bbox 3305 3104 3476 3160; x_wconf 87' lang='lat' dir='ltr'><strong>clama</strong></span> <span class='ocrx_word' id='word_1_595' title='bbox 3523 3106 3640 3160; x_wconf 88' lang='lat' dir='ltr'><strong>sive</strong></span> 
     </span>
    </p>
   </div>
   <div class='ocr_carea' id='block_1_70' title="bbox 2054 3198 3637 3273">
    <p class='ocr_par' dir='ltr' id='par_1_70' title="bbox 2054 3198 3637 3273">
     <span class='ocr_line' id='line_1_70' title="bbox 2054 3198 3637 3273; baseline -0.004 -17"><span class='ocrx_word' id='word_1_596' title='bbox 2054 3203 2282 3273; x_wconf 77' lang='lat' dir='ltr'><strong>pra’dica</strong></span> <span class='ocrx_word' id='word_1_597' title='bbox 2303 3243 2317 3267; x_wconf 98' lang='lat'><strong>,</strong></span> <span class='ocrx_word' id='word_1_598' title='bbox 2371 3202 2758 3271; x_wconf 83' lang='lat' dir='ltr'><strong>interpretatus</strong></span> <span class='ocrx_word' id='word_1_599' title='bbox 2786 3207 2869 3255; x_wconf 91' lang='lat' dir='ltr'><strong>est</strong></span> <span class='ocrx_word' id='word_1_600' title='bbox 2911 3200 3038 3269; x_wconf 83' lang='lat' dir='ltr'><strong>lege.</strong></span> <span class='ocrx_word' id='word_1_601' title='bbox 3082 3198 3150 3253; x_wconf 90' lang='lat' dir='ltr'><strong>Et</strong></span> <span class='ocrx_word' id='word_1_602' title='bbox 3178 3199 3466 3254; x_wconf 88' lang='lat' dir='ltr'><strong>lectionem</strong></span> <span class='ocrx_word' id='word_1_603' title='bbox 3494 3198 3637 3253; x_wconf 92' lang='lat' dir='ltr'><strong>enim</strong></span> 
     </span>
    </p>
   </div>
   <div class='ocr_carea' id='block_1_71' title="bbox 2057 3290 3642 3361">
    <p class='ocr_par' dir='ltr' id='par_1_71' title="bbox 2057 3290 3642 3361">
     <span class='ocr_line' id='line_1_71' title="bbox 2057 3290 3642 3361; baseline -0.002 -15"><span class='ocrx_word' id='word_1_604' title='bbox 2057 3302 2112 3347; x_wconf 91' lang='lat' dir='ltr'><strong>et</strong></span> <span class='ocrx_word' id='word_1_605' title='bbox 2141 3293 2438 3348; x_wconf 89' lang='lat' dir='ltr'><strong>clamorem</strong></span> <span class='ocrx_word' id='word_1_606' title='bbox 2463 3301 2518 3346; x_wconf 92' lang='lat' dir='ltr'><strong>et</strong></span> <span class='ocrx_word' id='word_1_607' title='bbox 2541 3290 2983 3360; x_wconf 65' lang='lat' dir='ltr'><strong>praedicationem</strong></span> <span class='ocrx_word' id='word_1_608' title='bbox 3022 3303 3124 3361; x_wconf 91' lang='lat' dir='ltr'><strong>pro</strong></span> <span class='ocrx_word' id='word_1_609' title='bbox 3161 3291 3244 3345; x_wconf 92' lang='lat' dir='ltr'><strong>sui</strong></span> <span class='ocrx_word' id='word_1_610' title='bbox 3289 3290 3642 3360; x_wconf 90' lang='lat' dir='ltr'><strong>ambiguitate</strong></span> 
     </span>
    </p>
   </div>
   <div class='ocr_carea' id='block_1_72' title="bbox 2059 3380 3644 3453">
    <p class='ocr_par' dir='ltr' id='par_1_72' title="bbox 2059 3380 3644 3453">
     <span class='ocr_line' id='line_1_72' title="bbox 2059 3380 3644 3453; baseline -0.001 -17"><span class='ocrx_word' id='word_1_611' title='bbox 2059 3382 2346 3453; x_wconf 87' lang='lat' dir='ltr'><strong>signiﬁcat.</strong></span> <span class='ocrx_word' id='word_1_612' title='bbox 2377 3383 2552 3437; x_wconf 85' lang='lat' dir='ltr'><strong>Aures</strong></span> <span class='ocrx_word' id='word_1_613' title='bbox 2579 3391 2759 3436; x_wconf 88' lang='lat' dir='ltr'><strong>autem</strong></span> <span class='ocrx_word' id='word_1_614' title='bbox 2785 3380 3082 3437; x_wconf 90' lang='lat' dir='ltr'><strong>Jerusalem</strong></span> <span class='ocrx_word' id='word_1_615' title='bbox 3124 3395 3225 3451; x_wconf 90' lang='lat' dir='ltr'><strong>pro</strong></span> <span class='ocrx_word' id='word_1_616' title='bbox 3271 3380 3492 3436; x_wconf 89' lang='lat' dir='ltr'><strong>auribus</strong></span> <span class='ocrx_word' id='word_1_617' title='bbox 3546 3380 3644 3435; x_wconf 86' lang='lat' dir='ltr'><strong>ha-</strong></span> 
     </span>
    </p>
   </div>
   <div class='ocr_carea' id='block_1_73' title="bbox 2058 3470 3082 3540">
    <p class='ocr_par' dir='ltr' id='par_1_73' title="bbox 2058 3470 3082 3540">
     <span class='ocr_line' id='line_1_73' title="bbox 2058 3470 3082 3540; baseline -0.001 -15"><span class='ocrx_word' id='word_1_618' title='bbox 2058 3472 2355 3526; x_wconf 88' lang='lat' dir='ltr'><strong>bitatorum</strong></span> <span class='ocrx_word' id='word_1_619' title='bbox 2385 3470 2502 3540; x_wconf 89' lang='lat' dir='ltr'><strong>ejus</strong></span> <span class='ocrx_word' id='word_1_620' title='bbox 2526 3471 2784 3526; x_wconf 89' lang='lat' dir='ltr'><strong>debemus</strong></span> <span class='ocrx_word' id='word_1_621' title='bbox 2815 3472 3082 3540; x_wconf 87' lang='lat' dir='ltr'><strong>accipere.</strong></span> 
     </span>
    </p>
   </div>
   <div class='ocr_carea' id='block_1_74' title="bbox 2135 3559 3646 3625">
    <p class='ocr_par' dir='ltr' id='par_1_74' title="bbox 2135 3559 3646 3625">
     <span class='ocr_line' id='line_1_74' title="bbox 2135 3559 3646 3625; baseline -0.002 -10"><span class='ocrx_word' id='word_1_622' title='bbox 2135 3582 2155 3615; x_wconf 71' lang='grc' dir='ltr'><strong>ε</strong></span> <span class='ocrx_word' id='word_1_623' title='bbox 2192 3561 2320 3618; x_wconf 62' lang='lat' dir='ltr'><strong>Haec</strong></span> <span class='ocrx_word' id='word_1_624' title='bbox 2347 3562 2481 3617; x_wconf 88' lang='lat' dir='ltr'><strong>dicit</strong></span> <span class='ocrx_word' id='word_1_625' title='bbox 2502 3562 2762 3616; x_wconf 89' lang='lat' dir='ltr'><strong>Dominus</strong></span> <span class='ocrx_word' id='word_1_626' title='bbox 2790 3579 2802 3616; x_wconf 92' lang='lat'><strong>:</strong></span> <span class='ocrx_word' id='word_1_627' title='bbox 2844 3561 3180 3616; x_wconf 82' lang='lat' dir='ltr'><strong>Recordatus</strong></span> <span class='ocrx_word' id='word_1_628' title='bbox 3205 3576 3325 3616; x_wconf 90' lang='lat' dir='ltr'><strong>sum</strong></span> <span class='ocrx_word' id='word_1_629' title='bbox 3350 3560 3453 3625; x_wconf 87' lang='lat' dir='ltr'><strong>tui,</strong></span> <span class='ocrx_word' id='word_1_630' title='bbox 3485 3559 3646 3613; x_wconf 60' lang='lat' dir='ltr'><strong>miseo</strong></span> 
     </span>
    </p>
   </div>
   <div class='ocr_carea' id='block_1_75' title="bbox 2068 3652 3644 3718">
    <p class='ocr_par' dir='ltr' id='par_1_75' title="bbox 2068 3652 3644 3718">
     <span class='ocr_line' id='line_1_75' title="bbox 2068 3652 3644 3718; baseline -0.004 -10"><span class='ocrx_word' id='word_1_631' title='bbox 2068 3673 2087 3708; x_wconf 74' lang='grc' dir='ltr'><strong>ι</strong></span> <span class='ocrx_word' id='word_1_632' title='bbox 2124 3670 2254 3711; x_wconf 88' lang='lat' dir='ltr'><strong>rans</strong></span> <span class='ocrx_word' id='word_1_633' title='bbox 2281 3653 2708 3710; x_wconf 88' lang='lat' dir='ltr'><strong>adolescentiam</strong></span> <span class='ocrx_word' id='word_1_634' title='bbox 2735 3663 2881 3709; x_wconf 86' lang='lat' dir='ltr'><strong>tuam</strong></span> <span class='ocrx_word' id='word_1_635' title='bbox 2919 3661 2975 3708; x_wconf 89' lang='lat' dir='ltr'><strong>et</strong></span> <span class='ocrx_word' id='word_1_636' title='bbox 3004 3653 3323 3708; x_wconf 83' lang='lat' dir='ltr'><strong>charitatem</strong></span> <span class='ocrx_word' id='word_1_637' title='bbox 3349 3652 3644 3718; x_wconf 85' lang='lat' dir='ltr'><strong>desponsa-</strong></span> 
     </span>
    </p>
   </div>
   <div class='ocr_carea' id='block_1_76' title="bbox 2065 3737 3644 3806">
    <p class='ocr_par' dir='ltr' id='par_1_76' title="bbox 2065 3737 3644 3806">
     <span class='ocr_line' id='line_1_76' title="bbox 2065 3737 3644 3806; baseline 0.003 -18"><span class='ocrx_word' id='word_1_638' title='bbox 2065 3766 2098 3788; x_wconf 58' lang='grc' dir='ltr'><strong>«τ</strong></span> <span class='ocrx_word' id='word_1_639' title='bbox 2122 3745 2285 3792; x_wconf 72' lang='lat' dir='ltr'><strong>tionis</strong></span> <span class='ocrx_word' id='word_1_640' title='bbox 2325 3754 2457 3803; x_wconf 76' lang='lat' dir='ltr'><strong>tuae,</strong></span> <span class='ocrx_word' id='word_1_641' title='bbox 2488 3741 2708 3806; x_wconf 86' lang='lat' dir='ltr'><strong>quando</strong></span> <span class='ocrx_word' id='word_1_642' title='bbox 2750 3745 2935 3793; x_wconf 89' lang='lat' dir='ltr'><strong>secuta</strong></span> <span class='ocrx_word' id='word_1_643' title='bbox 2968 3752 3027 3792; x_wconf 89' lang='lat' dir='ltr'><strong>es</strong></span> <span class='ocrx_word' id='word_1_644' title='bbox 3063 3753 3150 3792; x_wconf 86' lang='lat' dir='ltr'><strong>me</strong></span> <span class='ocrx_word' id='word_1_645' title='bbox 3189 3737 3242 3792; x_wconf 92' lang='lat' dir='ltr'><strong>in</strong></span> <span class='ocrx_word' id='word_1_646' title='bbox 3273 3738 3489 3794; x_wconf 89' lang='lat' dir='ltr'><strong>deserto</strong></span> <span class='ocrx_word' id='word_1_647' title='bbox 3515 3779 3529 3804; x_wconf 92' lang='lat'><strong>,</strong></span> <span class='ocrx_word' id='word_1_648' title='bbox 3589 3739 3644 3794; x_wconf 91' lang='lat' dir='ltr'><strong>in</strong></span> 
     </span>
    </p>
   </div>
   <div class='ocr_carea' id='block_1_77' title="bbox 2069 3827 3648 3899">
    <p class='ocr_par' dir='ltr' id='par_1_77' title="bbox 2069 3827 3648 3899">
     <span class='ocr_line' id='line_1_77' title="bbox 2069 3827 3648 3899; baseline 0.003 -18"><span class='ocrx_word' id='word_1_649' title='bbox 2069 3845 2088 3880; x_wconf 78' lang='grc' dir='ltr'><strong>ι</strong></span> <span class='ocrx_word' id='word_1_650' title='bbox 2127 3837 2269 3883; x_wconf 89' lang='lat' dir='ltr'><strong>terra</strong></span> <span class='ocrx_word' id='word_1_651' title='bbox 2309 3844 2430 3898; x_wconf 87' lang='lat' dir='ltr'><strong>quae</strong></span> <span class='ocrx_word' id='word_1_652' title='bbox 2483 3846 2592 3885; x_wconf 82' lang='lat' dir='ltr'><strong>non</strong></span> <span class='ocrx_word' id='word_1_653' title='bbox 2629 3831 2947 3886; x_wconf 88' lang='lat' dir='ltr'><strong>seminatur.</strong></span> <span class='ocrx_word' id='word_1_654' title='bbox 2983 3850 3002 3883; x_wconf 83' lang='grc'><strong><em>›</em></strong></span> <span class='ocrx_word' id='word_1_655' title='bbox 3040 3827 3431 3899; x_wconf 77' lang='lat' dir='ltr'><strong>Septuaginta:</strong></span> <span class='ocrx_word' id='word_1_656' title='bbox 3464 3849 3481 3882; x_wconf 82' lang='grc' dir='ltr'><strong>ι</strong></span> <span class='ocrx_word' id='word_1_657' title='bbox 3521 3829 3648 3886; x_wconf 79' lang='lat' dir='ltr'><strong>Haec</strong></span> 
     </span>
    </p>
   </div>
   <div class='ocr_carea' id='block_1_78' title="bbox 2071 3920 3651 3977">
    <p class='ocr_par' dir='ltr' id='par_1_78' title="bbox 2071 3920 3651 3977">
     <span class='ocr_line' id='line_1_78' title="bbox 2071 3920 3651 3977; baseline 0.003 -5"><span class='ocrx_word' id='word_1_658' title='bbox 2071 3938 2089 3971; x_wconf 77' lang='grc' dir='ltr'><strong>ι</strong></span> <span class='ocrx_word' id='word_1_659' title='bbox 2125 3920 2255 3975; x_wconf 89' lang='lat' dir='ltr'><strong>dicit</strong></span> <span class='ocrx_word' id='word_1_660' title='bbox 2311 3921 2572 3976; x_wconf 90' lang='lat' dir='ltr'><strong>Dominus</strong></span> <span class='ocrx_word' id='word_1_661' title='bbox 2623 3939 2636 3975; x_wconf 91' lang='lat'>:</span> <span class='ocrx_word' id='word_1_662' title='bbox 2691 3921 3031 3977; x_wconf 83' lang='lat' dir='ltr'><strong>Recordatus</strong></span> <span class='ocrx_word' id='word_1_663' title='bbox 3089 3938 3209 3977; x_wconf 91' lang='lat' dir='ltr'><strong>sum</strong></span> <span class='ocrx_word' id='word_1_664' title='bbox 3265 3922 3651 3977; x_wconf 73' lang='lat' dir='ltr'><strong>misericordia:</strong></span> 
     </span>
    </p>
   </div>
   <div class='ocr_carea' id='block_1_79' title="bbox 2071 4011 3646 4082">
    <p class='ocr_par' dir='ltr' id='par_1_79' title="bbox 2071 4011 3646 4082">
     <span class='ocr_line' id='line_1_79' title="bbox 2071 4011 3646 4082; baseline 0.002 -22"><span class='ocrx_word' id='word_1_665' title='bbox 2071 4029 2089 4060; x_wconf 76' lang='grc' dir='ltr'><strong>ιι</strong></span> <span class='ocrx_word' id='word_1_666' title='bbox 2126 4011 2505 4067; x_wconf 66' lang='lat' dir='ltr'><strong>adolescentiae</strong></span> <span class='ocrx_word' id='word_1_667' title='bbox 2535 4020 2662 4078; x_wconf 71' lang='lat' dir='ltr'><strong>tute,</strong></span> <span class='ocrx_word' id='word_1_668' title='bbox 2687 4021 2741 4067; x_wconf 90' lang='lat' dir='ltr'><strong>et</strong></span> <span class='ocrx_word' id='word_1_669' title='bbox 2769 4011 3074 4067; x_wconf 89' lang='lat' dir='ltr'><strong>dilectionis</strong></span> <span class='ocrx_word' id='word_1_670' title='bbox 3104 4012 3455 4082; x_wconf 77' lang='lat' dir='ltr'><strong>perfectionis</strong></span> <span class='ocrx_word' id='word_1_671' title='bbox 3490 4021 3646 4066; x_wconf 66' lang='lat' dir='ltr'><strong>tuae.»</strong></span> 
     </span>
    </p>
   </div>
   <div class='ocr_carea' id='block_1_80' title="bbox 2063 4101 3652 4171">
    <p class='ocr_par' dir='ltr' id='par_1_80' title="bbox 2063 4101 3652 4171">
     <span class='ocr_line' id='line_1_80' title="bbox 2063 4101 3652 4171; baseline 0 -15"><span class='ocrx_word' id='word_1_672' title='bbox 2063 4101 2279 4158; x_wconf 88' lang='lat' dir='ltr'><strong>Plenius</strong></span> <span class='ocrx_word' id='word_1_673' title='bbox 2320 4103 2425 4160; x_wconf 87' lang='lat' dir='ltr'><strong>hoc</strong></span> <span class='ocrx_word' id='word_1_674' title='bbox 2471 4103 2527 4158; x_wconf 91' lang='lat' dir='ltr'><strong>in</strong></span> <span class='ocrx_word' id='word_1_675' title='bbox 2564 4102 2844 4158; x_wconf 86' lang='lat' dir='ltr'><strong>Ezechiele</strong></span> <span class='ocrx_word' id='word_1_676' title='bbox 2897 4103 3114 4167; x_wconf 89' lang='lat' dir='ltr'><strong>dicitur,</strong></span> <span class='ocrx_word' id='word_1_677' title='bbox 3160 4103 3375 4171; x_wconf 89' lang='lat' dir='ltr'><strong>quando</strong></span> <span class='ocrx_word' id='word_1_678' title='bbox 3413 4102 3516 4157; x_wconf 87' lang='lat' dir='ltr'><strong>sibi</strong></span> <span class='ocrx_word' id='word_1_679' title='bbox 3563 4102 3652 4156; x_wconf 87' lang='lat' dir='ltr'><strong>Je-</strong></span> 
     </span>
    </p>
   </div>
   <div class='ocr_carea' id='block_1_81' title="bbox 2067 4195 3656 4265">
    <p class='ocr_par' dir='ltr' id='par_1_81' title="bbox 2067 4195 3656 4265">
     <span class='ocr_line' id='line_1_81' title="bbox 2067 4195 3656 4265; baseline -0.001 -15"><span class='ocrx_word' id='word_1_680' title='bbox 2067 4195 2302 4252; x_wconf 87' lang='lat' dir='ltr'><strong>rusalem</strong></span> <span class='ocrx_word' id='word_1_681' title='bbox 2355 4196 2411 4251; x_wconf 91' lang='lat' dir='ltr'><strong>in</strong></span> <span class='ocrx_word' id='word_1_682' title='bbox 2458 4195 2806 4251; x_wconf 89' lang='lat' dir='ltr'><strong>matrimonio</strong></span> <span class='ocrx_word' id='word_1_683' title='bbox 2848 4195 3107 4251; x_wconf 90' lang='lat' dir='ltr'><strong>Dominus</strong></span> <span class='ocrx_word' id='word_1_684' title='bbox 3156 4195 3406 4265; x_wconf 87' lang='lat' dir='ltr'><strong>copulat,</strong></span> <span class='ocrx_word' id='word_1_685' title='bbox 3454 4205 3510 4250; x_wconf 89' lang='lat' dir='ltr'><strong>et</strong></span> <span class='ocrx_word' id='word_1_686' title='bbox 3554 4196 3656 4249; x_wconf 91' lang='lat' dir='ltr'><strong>sub</strong></span> 
     </span>
    </p>
   </div>
   <div class='ocr_carea' id='block_1_82' title="bbox 2065 4287 3656 4360">
    <p class='ocr_par' dir='ltr' id='par_1_82' title="bbox 2065 4287 3656 4360">
     <span class='ocr_line' id='line_1_82' title="bbox 2065 4287 3656 4360; baseline -0.002 -17"><span class='ocrx_word' id='word_1_687' title='bbox 2065 4303 2293 4360; x_wconf 89' lang='lat' dir='ltr'><strong>persona</strong></span> <span class='ocrx_word' id='word_1_688' title='bbox 2329 4289 2515 4343; x_wconf 82' lang='lat' dir='ltr'><strong>uxoris</strong></span> <span class='ocrx_word' id='word_1_689' title='bbox 2542 4289 2654 4344; x_wconf 90' lang='lat' dir='ltr'><strong>suis</strong></span> <span class='ocrx_word' id='word_1_690' title='bbox 2691 4287 2870 4358; x_wconf 85' lang='lat' dir='ltr'><strong>jungit</strong></span> <span class='ocrx_word' id='word_1_691' title='bbox 2903 4287 3254 4357; x_wconf 78' lang='lat' dir='ltr'><strong>amplexibus,</strong></span> <span class='ocrx_word' id='word_1_692' title='bbox 3301 4288 3436 4352; x_wconf 88' lang='lat' dir='ltr'><strong>sive,</strong></span> <span class='ocrx_word' id='word_1_693' title='bbox 3468 4296 3527 4342; x_wconf 95' lang='lat' dir='ltr'><strong>ut</strong></span> <span class='ocrx_word' id='word_1_694' title='bbox 3567 4303 3656 4341; x_wconf 89' lang='lat' dir='ltr'><strong>ar-</strong></span> 
     </span>
    </p>
   </div>
   <div class='ocr_carea' id='block_1_83' title="bbox 2068 4377 3658 4448">
    <p class='ocr_par' dir='ltr' id='par_1_83' title="bbox 2068 4377 3658 4448">
     <span class='ocr_line' id='line_1_83' title="bbox 2068 4377 3658 4448; baseline -0.002 -14"><span class='ocrx_word' id='word_1_695' title='bbox 2068 4380 2368 4435; x_wconf 83' lang='lat' dir='ltr'><strong>dentiorem</strong></span> <span class='ocrx_word' id='word_1_696' title='bbox 2392 4386 2661 4434; x_wconf 89' lang='lat' dir='ltr'><strong>monstret</strong></span> <span class='ocrx_word' id='word_1_697' title='bbox 2683 4377 2955 4444; x_wconf 73' lang='lat' dir='ltr'><strong>affectum,</strong></span> <span class='ocrx_word' id='word_1_698' title='bbox 2987 4378 3218 4448; x_wconf 90' lang='lat' dir='ltr'><strong>puellam</strong></span> <span class='ocrx_word' id='word_1_699' title='bbox 3262 4392 3382 4432; x_wconf 91' lang='lat' dir='ltr'><strong>eam</strong></span> <span class='ocrx_word' id='word_1_700' title='bbox 3433 4387 3487 4432; x_wconf 90' lang='lat' dir='ltr'><strong>et</strong></span> <span class='ocrx_word' id='word_1_701' title='bbox 3527 4377 3658 4431; x_wconf 88' lang='lat' dir='ltr'><strong>ado-</strong></span> 
     </span>
    </p>
   </div>
   <div class='ocr_carea' id='block_1_84' title="bbox 2067 4469 3658 4541">
    <p class='ocr_par' dir='ltr' id='par_1_84' title="bbox 2067 4469 3658 4541">
     <span class='ocr_line' id='line_1_84' title="bbox 2067 4469 3658 4541; baseline -0.001 -16"><span class='ocrx_word' id='word_1_702' title='bbox 2067 4471 2422 4530; x_wconf 88' lang='lat' dir='ltr'><strong>lescentulam</strong></span> <span class='ocrx_word' id='word_1_703' title='bbox 2466 4479 2520 4527; x_wconf 90' lang='lat' dir='ltr'><strong>et</strong></span> <span class='ocrx_word' id='word_1_704' title='bbox 2567 4469 2951 4541; x_wconf 87' lang='lat' dir='ltr'><strong>desponsatam</strong></span> <span class='ocrx_word' id='word_1_705' title='bbox 2982 4479 3159 4525; x_wconf 87' lang='lat' dir='ltr'><strong>vocat.</strong></span> <span class='ocrx_word' id='word_1_706' title='bbox 3195 4469 3314 4538; x_wconf 91' lang='lat' dir='ltr'><strong>Quo</strong></span> <span class='ocrx_word' id='word_1_707' title='bbox 3353 4471 3528 4526; x_wconf 77' lang='lat' dir='ltr'><strong>enim“</strong></span> <span class='ocrx_word' id='word_1_708' title='bbox 3559 4485 3658 4524; x_wconf 88' lang='lat' dir='ltr'><strong>nec</strong></span> 
     </span>
    </p>
   </div>
   <div class='ocr_carea' id='block_1_85' title="bbox 385 4557 3655 4658">
    <p class='ocr_par' dir='ltr' id='par_1_85' title="bbox 385 4557 3655 4658">
     <span class='ocr_line' id='line_1_85' title="bbox 385 4557 3655 4658; baseline -0.001 -46"><span class='ocrx_word' id='word_1_709' title='bbox 385 4578 405 4612; x_wconf 74' lang='grc' dir='ltr'><strong>ι</strong></span> <span class='ocrx_word' id='word_1_710' title='bbox 439 4573 567 4614; x_wconf 91' lang='lat' dir='ltr'><strong>nam</strong></span> <span class='ocrx_word' id='word_1_711' title='bbox 599 4557 865 4625; x_wconf 88' lang='lat' dir='ltr'><strong>ferream,</strong></span> <span class='ocrx_word' id='word_1_712' title='bbox 892 4567 948 4614; x_wconf 91' lang='lat' dir='ltr'><strong>et</strong></span> <span class='ocrx_word' id='word_1_713' title='bbox 981 4559 1037 4613; x_wconf 93' lang='lat' dir='ltr'><strong>in</strong></span> <span class='ocrx_word' id='word_1_714' title='bbox 1066 4575 1279 4614; x_wconf 90' lang='lat' dir='ltr'><strong>murum</strong></span> <span class='ocrx_word' id='word_1_715' title='bbox 1317 4575 1526 4615; x_wconf 83' lang='lat' dir='ltr'><strong>aeneum</strong></span> <span class='ocrx_word' id='word_1_716' title='bbox 1561 4575 1724 4629; x_wconf 89' lang='lat' dir='ltr'><strong>super</strong></span> <span class='ocrx_word' id='word_1_717' title='bbox 1748 4576 1965 4616; x_wconf 90' lang='lat' dir='ltr'><strong>omnem</strong></span> <span class='ocrx_word' id='word_1_718' title='bbox 1991 4595 2045 4658; x_wconf 82' lang='lat' dir='ltr'><strong>D</strong></span> <span class='ocrx_word' id='word_1_719' title='bbox 2071 4562 2198 4616; x_wconf 92' lang='lat' dir='ltr'><strong>dum</strong></span> <span class='ocrx_word' id='word_1_720' title='bbox 2252 4561 2407 4632; x_wconf 91' lang='lat' dir='ltr'><strong>potiti</strong></span> <span class='ocrx_word' id='word_1_721' title='bbox 2449 4573 2671 4624; x_wconf 89' lang='lat' dir='ltr'><strong>sumus,</strong></span> <span class='ocrx_word' id='word_1_722' title='bbox 2725 4559 2896 4629; x_wconf 85' lang='lat' dir='ltr'><strong>magis</strong></span> <span class='ocrx_word' id='word_1_723' title='bbox 2926 4566 2985 4612; x_wconf 90' lang='lat' dir='ltr'><strong>ut</strong></span> <span class='ocrx_word' id='word_1_724' title='bbox 3019 4561 3294 4628; x_wconf 77' lang='lat' dir='ltr'><strong>potiemur</strong></span> <span class='ocrx_word' id='word_1_725' title='bbox 3329 4559 3655 4628; x_wconf 88' lang='lat' dir='ltr'><strong>appetimus.</strong></span> 
     </span>
    </p>
   </div>
   <div class='ocr_carea' id='block_1_86' title="bbox 386 4648 1966 4720">
    <p class='ocr_par' dir='ltr' id='par_1_86' title="bbox 386 4648 1966 4720">
     <span class='ocr_line' id='line_1_86' title="bbox 386 4648 1966 4720; baseline 0.004 -19"><span class='ocrx_word' id='word_1_726' title='bbox 386 4667 406 4701; x_wconf 74' lang='grc' dir='ltr'><strong>ι</strong></span> <span class='ocrx_word' id='word_1_727' title='bbox 446 4661 650 4704; x_wconf 90' lang='lat' dir='ltr'><strong>terram</strong></span> <span class='ocrx_word' id='word_1_728' title='bbox 679 4662 695 4702; x_wconf 91' lang='lat'><strong>:</strong></span> <span class='ocrx_word' id='word_1_729' title='bbox 727 4649 944 4719; x_wconf 84' lang='lat' dir='ltr'><strong>regibus</strong></span> <span class='ocrx_word' id='word_1_730' title='bbox 964 4649 1126 4716; x_wconf 90' lang='lat' dir='ltr'><strong>Juda,</strong></span> <span class='ocrx_word' id='word_1_731' title='bbox 1149 4650 1484 4720; x_wconf 90' lang='lat' dir='ltr'><strong>principibus</strong></span> <span class='ocrx_word' id='word_1_732' title='bbox 1504 4648 1620 4718; x_wconf 90' lang='lat' dir='ltr'><strong>ejus</strong></span> <span class='ocrx_word' id='word_1_733' title='bbox 1640 4659 1695 4705; x_wconf 91' lang='lat' dir='ltr'><strong>et</strong></span> <span class='ocrx_word' id='word_1_734' title='bbox 1715 4653 1966 4707; x_wconf 88' lang='lat' dir='ltr'><strong>sacerdo-</strong></span> 
     </span>
    </p>
   </div>
   <div class='ocr_carea' id='block_1_87' title="bbox 389 4739 1967 4811">
    <p class='ocr_par' dir='ltr' id='par_1_87' title="bbox 389 4739 1967 4811">
     <span class='ocr_line' id='line_1_87' title="bbox 389 4739 1967 4811; baseline 0.002 -18"><span class='ocrx_word' id='word_1_735' title='bbox 389 4760 410 4793; x_wconf 72' lang='grc' dir='ltr'><strong>ι</strong></span> <span class='ocrx_word' id='word_1_736' title='bbox 448 4742 622 4805; x_wconf 90' lang='lat' dir='ltr'><strong>tibus,</strong></span> <span class='ocrx_word' id='word_1_737' title='bbox 655 4747 710 4794; x_wconf 93' lang='lat' dir='ltr'><strong>et</strong></span> <span class='ocrx_word' id='word_1_738' title='bbox 733 4740 931 4811; x_wconf 90' lang='lat' dir='ltr'><strong>populo</strong></span> <span class='ocrx_word' id='word_1_739' title='bbox 963 4743 1143 4796; x_wconf 69' lang='lat' dir='ltr'><strong>term.</strong></span> <span class='ocrx_word' id='word_1_740' title='bbox 1173 4742 1243 4796; x_wconf 90' lang='lat' dir='ltr'><strong>Et</strong></span> <span class='ocrx_word' id='word_1_741' title='bbox 1269 4739 1546 4796; x_wconf 91' lang='lat' dir='ltr'><strong>bellabunt</strong></span> <span class='ocrx_word' id='word_1_742' title='bbox 1578 4743 1862 4798; x_wconf 87' lang='lat' dir='ltr'><strong>adversum</strong></span> <span class='ocrx_word' id='word_1_743' title='bbox 1896 4751 1967 4810; x_wconf 91' lang='lat' dir='ltr'><strong>te,</strong></span> 
     </span>
    </p>
   </div>
   <div class='ocr_carea' id='block_1_88' title="bbox 388 4832 1971 4904">
    <p class='ocr_par' dir='ltr' id='par_1_88' title="bbox 388 4832 1971 4904">
     <span class='ocr_line' id='line_1_88' title="bbox 388 4832 1971 4904; baseline 0.001 -18"><span class='ocrx_word' id='word_1_744' title='bbox 388 4853 408 4886; x_wconf 70' lang='grc' dir='ltr'><strong>ι</strong></span> <span class='ocrx_word' id='word_1_745' title='bbox 442 4841 499 4890; x_wconf 90' lang='lat' dir='ltr'><strong>et</strong></span> <span class='ocrx_word' id='word_1_746' title='bbox 531 4847 639 4886; x_wconf 92' lang='lat' dir='ltr'><strong>non</strong></span> <span class='ocrx_word' id='word_1_747' title='bbox 667 4832 1036 4903; x_wconf 75' lang='lat' dir='ltr'><strong>praevalebunt</strong></span> <span class='ocrx_word' id='word_1_748' title='bbox 1065 4851 1077 4886; x_wconf 94' lang='lat'><strong>:</strong></span> <span class='ocrx_word' id='word_1_749' title='bbox 1109 4833 1237 4903; x_wconf 89' lang='lat' dir='ltr'><strong>quia</strong></span> <span class='ocrx_word' id='word_1_750' title='bbox 1261 4841 1439 4888; x_wconf 89' lang='lat' dir='ltr'><strong>tecum</strong></span> <span class='ocrx_word' id='word_1_751' title='bbox 1464 4849 1563 4904; x_wconf 88' lang='lat' dir='ltr'><strong>ego</strong></span> <span class='ocrx_word' id='word_1_752' title='bbox 1589 4849 1732 4899; x_wconf 88' lang='lat' dir='ltr'><strong>sum,</strong></span> <span class='ocrx_word' id='word_1_753' title='bbox 1761 4833 1838 4888; x_wconf 91' lang='lat' dir='ltr'><strong>ait</strong></span> <span class='ocrx_word' id='word_1_754' title='bbox 1862 4834 1971 4888; x_wconf 32' lang='lat' dir='ltr'><strong>Do;</strong></span> 
     </span>
    </p>
   </div>
   <div class='ocr_carea' id='block_1_89' title="bbox 390 4923 1974 4989">
    <p class='ocr_par' dir='ltr' id='par_1_89' title="bbox 390 4923 1974 4989">
     <span class='ocr_line' id='line_1_89' title="bbox 390 4923 1974 4989; baseline 0.003 -12"><span class='ocrx_word' id='word_1_755' title='bbox 390 4943 409 4977; x_wconf 75' lang='grc' dir='ltr'><strong>ι</strong></span> <span class='ocrx_word' id='word_1_756' title='bbox 445 4925 654 4989; x_wconf 87' lang='lat' dir='ltr'><strong>minus,</strong></span> <span class='ocrx_word' id='word_1_757' title='bbox 696 4931 757 4978; x_wconf 90' lang='lat' dir='ltr'><strong>ut</strong></span> <span class='ocrx_word' id='word_1_758' title='bbox 795 4923 1022 4980; x_wconf 90' lang='lat' dir='ltr'><strong>liberem</strong></span> <span class='ocrx_word' id='word_1_759' title='bbox 1061 4932 1133 4980; x_wconf 88' lang='lat' dir='ltr'><strong>te.</strong></span> <span class='ocrx_word' id='word_1_760' title='bbox 1175 4944 1195 4978; x_wconf 73' lang='grc' dir='ltr'><strong>ι</strong></span> <span class='ocrx_word' id='word_1_761' title='bbox 1234 4925 1510 4981; x_wconf 90' lang='lat' dir='ltr'><strong>Describit</strong></span> <span class='ocrx_word' id='word_1_762' title='bbox 1547 4939 1726 4981; x_wconf 88' lang='lat' dir='ltr'><strong>sermo</strong></span> <span class='ocrx_word' id='word_1_763' title='bbox 1761 4927 1974 4981; x_wconf 90' lang='lat' dir='ltr'><strong>divinus</strong></span> 
     </span>
    </p>
   </div>
   <div class='ocr_carea' id='block_1_90' title="bbox 385 5017 1973 5089">
    <p class='ocr_par' dir='ltr' id='par_1_90' title="bbox 385 5017 1973 5089">
     <span class='ocr_line' id='line_1_90' title="bbox 385 5017 1973 5089; baseline 0.002 -18"><span class='ocrx_word' id='word_1_764' title='bbox 385 5032 486 5072; x_wconf 90' lang='lat' dir='ltr'><strong>cur</strong></span> <span class='ocrx_word' id='word_1_765' title='bbox 505 5017 767 5088; x_wconf 86' lang='lat' dir='ltr'><strong>propheta</strong></span> <span class='ocrx_word' id='word_1_766' title='bbox 796 5017 990 5073; x_wconf 90' lang='lat' dir='ltr'><strong>timere</strong></span> <span class='ocrx_word' id='word_1_767' title='bbox 1010 5031 1120 5072; x_wconf 92' lang='lat' dir='ltr'><strong>non</strong></span> <span class='ocrx_word' id='word_1_768' title='bbox 1155 5017 1368 5073; x_wconf 88' lang='lat' dir='ltr'><strong>debeat.</strong></span> <span class='ocrx_word' id='word_1_769' title='bbox 1399 5035 1416 5068; x_wconf 77' lang='grc' dir='ltr'><strong>ι</strong></span> <span class='ocrx_word' id='word_1_770' title='bbox 1455 5017 1596 5089; x_wconf 87' lang='lat' dir='ltr'><strong>Ego,</strong></span> <span class='ocrx_word' id='word_1_771' title='bbox 1637 5018 1843 5088; x_wconf 89' lang='lat' dir='ltr'><strong>inquit,</strong></span> <span class='ocrx_word' id='word_1_772' title='bbox 1874 5033 1973 5088; x_wconf 86' lang='lat' dir='ltr'><strong>po-</strong></span> 
     </span>
    </p>
   </div>
   <div class='ocr_carea' id='block_1_91' title="bbox 385 5108 1976 5180">
    <p class='ocr_par' dir='ltr' id='par_1_91' title="bbox 385 5108 1976 5180">
     <span class='ocr_line' id='line_1_91' title="bbox 385 5108 1976 5180; baseline 0.001 -18"><span class='ocrx_word' id='word_1_773' title='bbox 385 5108 506 5174; x_wconf 88' lang='lat' dir='ltr'><strong>sui,</strong></span> <span class='ocrx_word' id='word_1_774' title='bbox 534 5109 648 5162; x_wconf 89' lang='lat' dir='ltr'><strong>sive</strong></span> <span class='ocrx_word' id='word_1_775' title='bbox 678 5108 800 5164; x_wconf 90' lang='lat' dir='ltr'><strong>dedi</strong></span> <span class='ocrx_word' id='word_1_776' title='bbox 827 5117 879 5164; x_wconf 88' lang='lat' dir='ltr'><strong>te</strong></span> <span class='ocrx_word' id='word_1_777' title='bbox 905 5108 1066 5164; x_wconf 89' lang='lat' dir='ltr'><strong>hodie</strong></span> <span class='ocrx_word' id='word_1_778' title='bbox 1088 5149 1101 5176; x_wconf 90' lang='lat'><strong>,</strong></span> <span class='ocrx_word' id='word_1_779' title='bbox 1137 5130 1154 5160; x_wconf 75' lang='grc'><strong>»</strong></span> <span class='ocrx_word' id='word_1_780' title='bbox 1190 5110 1293 5164; x_wconf 87' lang='lat' dir='ltr'><strong>hoc</strong></span> <span class='ocrx_word' id='word_1_781' title='bbox 1324 5117 1408 5164; x_wconf 90' lang='lat' dir='ltr'><strong>est</strong></span> <span class='ocrx_word' id='word_1_782' title='bbox 1431 5151 1444 5175; x_wconf 96' lang='lat'><strong>,</strong></span> <span class='ocrx_word' id='word_1_783' title='bbox 1475 5110 1526 5164; x_wconf 93' lang='lat' dir='ltr'><strong>in</strong></span> <span class='ocrx_word' id='word_1_784' title='bbox 1554 5110 1807 5180; x_wconf 68' lang='lat' dir='ltr'><strong>prtesenti</strong></span> <span class='ocrx_word' id='word_1_785' title='bbox 1845 5110 1976 5175; x_wconf 88' lang='lat' dir='ltr'><strong>vita,</strong></span> 
     </span>
    </p>
   </div>
   <div class='ocr_carea' id='block_1_92' title="bbox 388 5199 1976 5270">
    <p class='ocr_par' dir='ltr' id='par_1_92' title="bbox 388 5199 1976 5270">
     <span class='ocr_line' id='line_1_92' title="bbox 388 5199 1976 5270; baseline -0.001 -16"><span class='ocrx_word' id='word_1_786' title='bbox 388 5201 560 5255; x_wconf 91' lang='lat' dir='ltr'><strong>donec</strong></span> <span class='ocrx_word' id='word_1_787' title='bbox 598 5209 826 5256; x_wconf 86' lang='lat' dir='ltr'><strong>vocatur</strong></span> <span class='ocrx_word' id='word_1_788' title='bbox 853 5201 1047 5266; x_wconf 90' lang='lat' dir='ltr'><strong>hodie,</strong></span> <span class='ocrx_word' id='word_1_789' title='bbox 1084 5201 1240 5270; x_wconf 89' lang='lat' dir='ltr'><strong>quasi</strong></span> <span class='ocrx_word' id='word_1_790' title='bbox 1271 5200 1543 5255; x_wconf 87' lang='lat' dir='ltr'><strong>civitatem</strong></span> <span class='ocrx_word' id='word_1_791' title='bbox 1589 5199 1976 5266; x_wconf 87' lang='lat' dir='ltr'><strong>ﬁrmissimam,</strong></span> 
     </span>
    </p>
   </div>
   <div class='ocr_carea' id='block_1_93' title="bbox 386 5292 1977 5362">
    <p class='ocr_par' dir='ltr' id='par_1_93' title="bbox 386 5292 1977 5362">
     <span class='ocr_line' id='line_1_93' title="bbox 386 5292 1977 5362; baseline -0.001 -16"><span class='ocrx_word' id='word_1_792' title='bbox 386 5306 499 5347; x_wconf 90' lang='lat' dir='ltr'><strong>non</strong></span> <span class='ocrx_word' id='word_1_793' title='bbox 524 5300 587 5346; x_wconf 89' lang='lat' dir='ltr'><strong>ut</strong></span> <span class='ocrx_word' id='word_1_794' title='bbox 612 5307 776 5347; x_wconf 90' lang='lat' dir='ltr'><strong>unam</strong></span> <span class='ocrx_word' id='word_1_795' title='bbox 799 5293 1039 5358; x_wconf 91' lang='lat' dir='ltr'><strong>domum,</strong></span> <span class='ocrx_word' id='word_1_796' title='bbox 1065 5307 1166 5348; x_wconf 91' lang='lat' dir='ltr'><strong>nec</strong></span> <span class='ocrx_word' id='word_1_797' title='bbox 1188 5292 1400 5357; x_wconf 89' lang='lat' dir='ltr'><strong>turrim,</strong></span> <span class='ocrx_word' id='word_1_798' title='bbox 1428 5300 1520 5346; x_wconf 90' lang='lat' dir='ltr'><strong>aut</strong></span> <span class='ocrx_word' id='word_1_799' title='bbox 1547 5292 1726 5362; x_wconf 90' lang='lat' dir='ltr'><strong>aliqua</strong></span> <span class='ocrx_word' id='word_1_800' title='bbox 1754 5292 1977 5357; x_wconf 88' lang='lat' dir='ltr'><strong>moenia,</strong></span> 
     </span>
    </p>
   </div>
   <div class='ocr_carea' id='block_1_94' title="bbox 389 5381 1981 5453">
    <p class='ocr_par' dir='ltr' id='par_1_94' title="bbox 389 5381 1981 5453">
     <span class='ocr_line' id='line_1_94' title="bbox 389 5381 1981 5453; baseline -0.001 -15"><span class='ocrx_word' id='word_1_801' title='bbox 389 5381 486 5438; x_wconf 85' lang='lat' dir='ltr'><strong>sed</strong></span> <span class='ocrx_word' id='word_1_802' title='bbox 517 5397 735 5436; x_wconf 91' lang='lat' dir='ltr'><strong>omnem</strong></span> <span class='ocrx_word' id='word_1_803' title='bbox 763 5385 1062 5450; x_wconf 87' lang='lat' dir='ltr'><strong>civitatem,</strong></span> <span class='ocrx_word' id='word_1_804' title='bbox 1086 5399 1206 5453; x_wconf 66' lang='lat' dir='ltr'><strong>quae</strong></span> <span class='ocrx_word' id='word_1_805' title='bbox 1234 5384 1336 5439; x_wconf 87' lang='lat' dir='ltr'><strong>sita</strong></span> <span class='ocrx_word' id='word_1_806' title='bbox 1363 5399 1523 5453; x_wconf 90' lang='lat' dir='ltr'><strong>super</strong></span> <span class='ocrx_word' id='word_1_807' title='bbox 1545 5391 1783 5439; x_wconf 89' lang='lat' dir='ltr'><strong>montem</strong></span> <span class='ocrx_word' id='word_1_808' title='bbox 1809 5383 1981 5438; x_wconf 89' lang='lat' dir='ltr'><strong>latere</strong></span> 
     </span>
    </p>
   </div>
   <div class='ocr_carea' id='block_1_95' title="bbox 391 5475 1978 5550">
    <p class='ocr_par' dir='ltr' id='par_1_95' title="bbox 391 5475 1978 5550">
     <span class='ocr_line' id='line_1_95' title="bbox 391 5475 1978 5550; baseline -0.001 -19"><span class='ocrx_word' id='word_1_809' title='bbox 391 5491 502 5531; x_wconf 88' lang='lat' dir='ltr'><strong>non</strong></span> <span class='ocrx_word' id='word_1_810' title='bbox 529 5483 708 5550; x_wconf 80' lang='lat' dir='ltr'><strong>potest</strong></span> <span class='ocrx_word' id='word_1_811' title='bbox 736 5475 950 5546; x_wconf 79' lang='lat' dir='ltr'><strong>(Matth.</strong></span> <span class='ocrx_word' id='word_1_812' title='bbox 982 5477 1058 5549; x_wconf 89' lang='lat' dir='ltr'><strong>v).</strong></span> <span class='ocrx_word' id='word_1_813' title='bbox 1087 5476 1164 5532; x_wconf 90' lang='lat' dir='ltr'><strong>De</strong></span> <span class='ocrx_word' id='word_1_814' title='bbox 1204 5493 1310 5548; x_wconf 88' lang='lat' dir='ltr'><strong>qua</strong></span> <span class='ocrx_word' id='word_1_815' title='bbox 1338 5477 1599 5547; x_wconf 90' lang='lat' dir='ltr'><strong>scriptum</strong></span> <span class='ocrx_word' id='word_1_816' title='bbox 1627 5485 1711 5532; x_wconf 88' lang='lat' dir='ltr'><strong>est</strong></span> <span class='ocrx_word' id='word_1_817' title='bbox 1743 5495 1756 5531; x_wconf 92' lang='lat'>:</span> <span class='ocrx_word' id='word_1_818' title='bbox 1795 5495 1814 5526; x_wconf 74' lang='grc' dir='ltr'><strong>ι</strong></span> <span class='ocrx_word' id='word_1_819' title='bbox 1851 5475 1978 5531; x_wconf 88' lang='lat' dir='ltr'><strong>Glo-</strong></span> 
     </span>
    </p>
   </div>
   <div class='ocr_carea' id='block_1_96' title="bbox 391 5566 1972 5643">
    <p class='ocr_par' dir='ltr' id='par_1_96' title="bbox 391 5566 1972 5643">
     <span class='ocr_line' id='line_1_96' title="bbox 391 5566 1972 5643; baseline 0.001 -21"><span class='ocrx_word' id='word_1_820' title='bbox 391 5567 538 5623; x_wconf 86' lang='lat' dir='ltr'><strong>riosa</strong></span> <span class='ocrx_word' id='word_1_821' title='bbox 552 5566 698 5621; x_wconf 88' lang='lat' dir='ltr'><strong>dicta</strong></span> <span class='ocrx_word' id='word_1_822' title='bbox 719 5569 923 5622; x_wconf 88' lang='lat' dir='ltr'><strong>suntde</strong></span> <span class='ocrx_word' id='word_1_823' title='bbox 937 5576 1009 5635; x_wconf 77' lang='lat' dir='ltr'><strong>te,</strong></span> <span class='ocrx_word' id='word_1_824' title='bbox 1025 5570 1216 5625; x_wconf 88' lang='lat' dir='ltr'><strong>civitas</strong></span> <span class='ocrx_word' id='word_1_825' title='bbox 1237 5569 1334 5626; x_wconf 89' lang='lat' dir='ltr'><strong>Dei</strong></span> <span class='ocrx_word' id='word_1_826' title='bbox 1357 5568 1528 5638; x_wconf 83' lang='lat' dir='ltr'><strong>(Psal.</strong></span> <span class='ocrx_word' id='word_1_827' title='bbox 1545 5570 1789 5643; x_wconf 79' lang='lat' dir='ltr'><strong>Lxxxw).</strong></span> <span class='ocrx_word' id='word_1_828' title='bbox 1819 5589 1837 5622; x_wconf 75' lang='grc' dir='ltr'><strong>ι</strong></span> <span class='ocrx_word' id='word_1_829' title='bbox 1862 5569 1930 5624; x_wconf 82' lang='grc' dir='ltr'>Ει</span> <span class='ocrx_word' id='word_1_830' title='bbox 1959 5588 1972 5624; x_wconf 90' lang='lat'><strong>:</strong></span> 
     </span>
    </p>
   </div>
   <div class='ocr_carea' id='block_1_97' title="bbox 401 5659 1975 5733">
    <p class='ocr_par' dir='ltr' id='par_1_97' title="bbox 401 5659 1975 5733">
     <span class='ocr_line' id='line_1_97' title="bbox 401 5659 1975 5733; baseline 0.001 -20"><span class='ocrx_word' id='word_1_831' title='bbox 401 5678 421 5713; x_wconf 80' lang='grc' dir='ltr'><strong>ι</strong></span> <span class='ocrx_word' id='word_1_832' title='bbox 457 5660 570 5732; x_wconf 85' lang='lat' dir='ltr'><strong>Ego</strong></span> <span class='ocrx_word' id='word_1_833' title='bbox 610 5659 805 5714; x_wconf 88' lang='lat' dir='ltr'><strong>civitas</strong></span> <span class='ocrx_word' id='word_1_834' title='bbox 842 5662 1032 5725; x_wconf 87' lang='lat' dir='ltr'><strong>ﬁrma,</strong></span> <span class='ocrx_word' id='word_1_835' title='bbox 1078 5661 1271 5717; x_wconf 90' lang='lat' dir='ltr'><strong>civitas</strong></span> <span class='ocrx_word' id='word_1_836' title='bbox 1306 5677 1428 5731; x_wconf 87' lang='lat' dir='ltr'><strong>quae</strong></span> <span class='ocrx_word' id='word_1_837' title='bbox 1470 5670 1810 5733; x_wconf 89' lang='lat' dir='ltr'><strong>oppugnatur</strong></span> <span class='ocrx_word' id='word_1_838' title='bbox 1839 5661 1975 5732; x_wconf 79' lang='lat' dir='ltr'><strong>(Isa.</strong></span> 
     </span>
    </p>
   </div>
   <div class='ocr_carea' id='block_1_98' title="bbox 393 5748 1979 5822">
    <p class='ocr_par' dir='ltr' id='par_1_98' title="bbox 393 5748 1979 5822">
     <span class='ocr_line' id='line_1_98' title="bbox 393 5748 1979 5822; baseline -0.001 -15"><span class='ocrx_word' id='word_1_839' title='bbox 393 5749 588 5822; x_wconf 75' lang='lat' dir='ltr'><strong>xxvii).</strong></span> <span class='ocrx_word' id='word_1_840' title='bbox 622 5768 640 5802; x_wconf 73' lang='grc' dir='ltr'><strong>ι</strong></span> <span class='ocrx_word' id='word_1_841' title='bbox 671 5749 738 5805; x_wconf 88' lang='lat' dir='ltr'><strong>Et</strong></span> <span class='ocrx_word' id='word_1_842' title='bbox 769 5767 788 5801; x_wconf 79' lang='grc' dir='ltr'><strong>ι</strong></span> <span class='ocrx_word' id='word_1_843' title='bbox 836 5749 894 5804; x_wconf 88' lang='lat' dir='ltr'><strong>in</strong></span> <span class='ocrx_word' id='word_1_844' title='bbox 936 5748 1260 5812; x_wconf 75' lang='lat' dir='ltr'><strong>columnam,</strong></span> <span class='ocrx_word' id='word_1_845' title='bbox 1302 5751 1494 5822; x_wconf 89' lang='lat' dir='ltr'><strong>inquit,</strong></span> <span class='ocrx_word' id='word_1_846' title='bbox 1544 5752 1814 5818; x_wconf 87' lang='lat' dir='ltr'><strong>ferream;</strong></span> <span class='ocrx_word' id='word_1_847' title='bbox 1858 5769 1878 5802; x_wconf 72' lang='grc' dir='ltr'><strong>ι</strong></span> <span class='ocrx_word' id='word_1_848' title='bbox 1913 5751 1979 5806; x_wconf 89' lang='lat' dir='ltr'><strong>de</strong></span> 
     </span>
    </p>
   </div>
   <div class='ocr_carea' id='block_1_99' title="bbox 397 5843 1979 5918">
    <p class='ocr_par' dir='ltr' id='par_1_99' title="bbox 397 5843 1979 5918">
     <span class='ocr_line' id='line_1_99' title="bbox 397 5843 1979 5918; baseline 0.001 -20"><span class='ocrx_word' id='word_1_849' title='bbox 397 5860 506 5917; x_wconf 75' lang='lat' dir='ltr'><strong>qua</strong></span> <span class='ocrx_word' id='word_1_850' title='bbox 543 5843 734 5901; x_wconf 85' lang='lat' dir='ltr'><strong>scribit</strong></span> <span class='ocrx_word' id='word_1_851' title='bbox 765 5843 1055 5918; x_wconf 82' lang='lat' dir='ltr'><strong>Apostolus</strong></span> <span class='ocrx_word' id='word_1_852' title='bbox 1091 5863 1101 5897; x_wconf 94' lang='lat'>:</span> <span class='ocrx_word' id='word_1_853' title='bbox 1139 5863 1156 5894; x_wconf 73' lang='grc' dir='ltr'><em>ς</em></span> <span class='ocrx_word' id='word_1_854' title='bbox 1189 5843 1450 5900; x_wconf 84' lang='lat' dir='ltr'><strong>Columna</strong></span> <span class='ocrx_word' id='word_1_855' title='bbox 1487 5855 1541 5902; x_wconf 86' lang='lat' dir='ltr'><strong>et</strong></span> <span class='ocrx_word' id='word_1_856' title='bbox 1575 5847 1979 5902; x_wconf 84' lang='lat' dir='ltr'><strong>firmamentum</strong></span> 
     </span>
    </p>
   </div>
   <div class='ocr_carea' id='block_1_100' title="bbox 884 5937 1382 6004">
    <p class='ocr_par' dir='ltr' id='par_1_100' title="bbox 884 5937 1382 6004">
     <span class='ocr_line' id='line_1_100' title="bbox 884 5937 1382 6004; baseline 0.006 -3"><span class='ocrx_word' id='word_1_857' title='bbox 884 5942 1158 6003; x_wconf 64' lang='lat' dir='ltr'><strong>Parnon.</strong></span> <span class='ocrx_word' id='word_1_858' title='bbox 1211 5937 1382 6004; x_wconf 82' lang='lat' dir='ltr'><strong>CXI.</strong></span> 
     </span>
    </p>
   </div>
   <div class='ocr_carea' id='block_1_101' title="bbox 2076 4647 3661 4718">
    <p class='ocr_par' dir='ltr' id='par_1_101' title="bbox 2076 4647 3661 4718">
     <span class='ocr_line' id='line_1_101' title="bbox 2076 4647 3661 4718; baseline -0.001 -13"><span class='ocrx_word' id='word_1_859' title='bbox 2076 4652 2324 4718; x_wconf 91' lang='lat' dir='ltr'><strong>Quando,</strong></span> <span class='ocrx_word' id='word_1_860' title='bbox 2353 4651 2745 4718; x_wconf 86' lang='lat' dir='ltr'><strong>inquit,secuta</strong></span> <span class='ocrx_word' id='word_1_861' title='bbox 2770 4664 2830 4703; x_wconf 90' lang='lat' dir='ltr'><strong>es</strong></span> <span class='ocrx_word' id='word_1_862' title='bbox 2859 4663 2944 4702; x_wconf 91' lang='lat' dir='ltr'><strong>me</strong></span> <span class='ocrx_word' id='word_1_863' title='bbox 2983 4647 3035 4701; x_wconf 89' lang='lat' dir='ltr'><strong>in</strong></span> <span class='ocrx_word' id='word_1_864' title='bbox 3065 4649 3369 4713; x_wconf 87' lang='lat' dir='ltr'><strong>solitudine,</strong></span> <span class='ocrx_word' id='word_1_865' title='bbox 3403 4657 3458 4702; x_wconf 90' lang='lat' dir='ltr'><strong>et</strong></span> <span class='ocrx_word' id='word_1_866' title='bbox 3486 4649 3661 4704; x_wconf 89' lang='lat' dir='ltr'><strong>instar</strong></span> 
     </span>
    </p>
   </div>
   <div class='ocr_carea' id='block_1_102' title="bbox 2077 4739 3660 4812">
    <p class='ocr_par' dir='ltr' id='par_1_102' title="bbox 2077 4739 3660 4812">
     <span class='ocr_line' id='line_1_102' title="bbox 2077 4739 3660 4812; baseline -0.003 -14"><span class='ocrx_word' id='word_1_867' title='bbox 2077 4741 2473 4812; x_wconf 89' lang='lat' dir='ltr'><strong>sponsaliorum</strong></span> <span class='ocrx_word' id='word_1_868' title='bbox 2501 4750 2558 4796; x_wconf 90' lang='lat' dir='ltr'><strong>et</strong></span> <span class='ocrx_word' id='word_1_869' title='bbox 2590 4741 2748 4805; x_wconf 91' lang='lat' dir='ltr'><strong>dotis,</strong></span> <span class='ocrx_word' id='word_1_870' title='bbox 2789 4739 2922 4810; x_wconf 87' lang='lat' dir='ltr'><strong>legis</strong></span> <span class='ocrx_word' id='word_1_871' title='bbox 2965 4739 3059 4792; x_wconf 91' lang='lat' dir='ltr'><strong>tibi</strong></span> <span class='ocrx_word' id='word_1_872' title='bbox 3090 4747 3409 4794; x_wconf 85' lang='lat' dir='ltr'><strong>ornamenta</strong></span> <span class='ocrx_word' id='word_1_873' title='bbox 3446 4748 3501 4794; x_wconf 90' lang='lat' dir='ltr'><strong>et</strong></span> <span class='ocrx_word' id='word_1_874' title='bbox 3539 4756 3660 4796; x_wconf 88' lang='lat' dir='ltr'><strong>ver-</strong></span> 
     </span>
    </p>
   </div>
   <div class='ocr_carea' id='block_1_103' title="bbox 2078 4833 3658 4902">
    <p class='ocr_par' dir='ltr' id='par_1_103' title="bbox 2078 4833 3658 4902">
     <span class='ocr_line' id='line_1_103' title="bbox 2078 4833 3658 4902; baseline -0.001 -13"><span class='ocrx_word' id='word_1_875' title='bbox 2078 4836 2270 4889; x_wconf 90' lang='lat' dir='ltr'><strong>borum</strong></span> <span class='ocrx_word' id='word_1_876' title='bbox 2311 4833 2563 4888; x_wconf 87' lang='lat' dir='ltr'><strong>distribui</strong></span> <span class='ocrx_word' id='word_1_877' title='bbox 2594 4833 2832 4888; x_wconf 86' lang='lat' dir='ltr'><strong>monilia.</strong></span> <span class='ocrx_word' id='word_1_878' title='bbox 2865 4833 3166 4902; x_wconf 83' lang='lat' dir='ltr'><strong>&#39;l‘otumque</strong></span> <span class='ocrx_word' id='word_1_879' title='bbox 3191 4833 3292 4888; x_wconf 86' lang='lat' dir='ltr'><strong>hoc</strong></span> <span class='ocrx_word' id='word_1_880' title='bbox 3321 4834 3516 4888; x_wconf 90' lang='lat' dir='ltr'><strong>nonad</strong></span> <span class='ocrx_word' id='word_1_881' title='bbox 3546 4850 3658 4888; x_wconf 88' lang='lat' dir='ltr'><strong>me-</strong></span> 
     </span>
    </p>
   </div>
   <div class='ocr_carea' id='block_1_104' title="bbox 2081 4922 3661 4998">
    <p class='ocr_par' dir='ltr' id='par_1_104' title="bbox 2081 4922 3661 4998">
     <span class='ocr_line' id='line_1_104' title="bbox 2081 4922 3661 4998; baseline -0.001 -17"><span class='ocrx_word' id='word_1_882' title='bbox 2081 4927 2245 4981; x_wconf 90' lang='lat' dir='ltr'><strong>ritum</strong></span> <span class='ocrx_word' id='word_1_883' title='bbox 2280 4925 2396 4996; x_wconf 87' lang='lat' dir='ltr'><strong>ejus</strong></span> <span class='ocrx_word' id='word_1_884' title='bbox 2429 4926 2630 4990; x_wconf 87' lang='lat' dir='ltr'><strong>refert,</strong></span> <span class='ocrx_word' id='word_1_885' title='bbox 2663 4925 2756 4979; x_wconf 89' lang='lat' dir='ltr'><strong>sed</strong></span> <span class='ocrx_word' id='word_1_886' title='bbox 2782 4927 2847 4978; x_wconf 89' lang='lat' dir='ltr'><strong>ad</strong></span> <span class='ocrx_word' id='word_1_887' title='bbox 2873 4939 3027 4978; x_wconf 89' lang='lat' dir='ltr'><strong>suam</strong></span> <span class='ocrx_word' id='word_1_888' title='bbox 3070 4922 3519 4989; x_wconf 87' lang='lat' dir='ltr'><strong>misericordiam,</strong></span> <span class='ocrx_word' id='word_1_889' title='bbox 3565 4940 3661 4998; x_wconf 72' lang='lat' dir='ltr'><strong>per</strong></span> 
     </span>
    </p>
   </div>
   <div class='ocr_carea' id='block_1_105' title="bbox 2082 5013 3658 5088">
    <p class='ocr_par' dir='ltr' id='par_1_105' title="bbox 2082 5013 3658 5088">
     <span class='ocr_line' id='line_1_105' title="bbox 2082 5013 3658 5088; baseline -0.001 -16"><span class='ocrx_word' id='word_1_890' title='bbox 2082 5033 2244 5088; x_wconf 90' lang='lat' dir='ltr'><strong>quam</strong></span> <span class='ocrx_word' id='word_1_891' title='bbox 2295 5026 2351 5072; x_wconf 88' lang='lat' dir='ltr'><strong>et</strong></span> <span class='ocrx_word' id='word_1_892' title='bbox 2392 5017 2725 5072; x_wconf 79' lang='lat' dir='ltr'><strong>charitatem</strong></span> <span class='ocrx_word' id='word_1_893' title='bbox 2775 5025 3065 5072; x_wconf 90' lang='lat' dir='ltr'><strong>consecuta</strong></span> <span class='ocrx_word' id='word_1_894' title='bbox 3114 5023 3215 5070; x_wconf 89' lang='lat' dir='ltr'><strong>est.</strong></span> <span class='ocrx_word' id='word_1_895' title='bbox 3284 5013 3398 5070; x_wconf 83' lang='lat' dir='ltr'><strong>Hoc</strong></span> <span class='ocrx_word' id='word_1_896' title='bbox 3443 5031 3658 5085; x_wconf 92' lang='lat' dir='ltr'><strong>quoque</strong></span> 
     </span>
    </p>
   </div>
   <div class='ocr_carea' id='block_1_106' title="bbox 2082 5110 3658 5182">
    <p class='ocr_par' dir='ltr' id='par_1_106' title="bbox 2082 5110 3658 5182">
     <span class='ocr_line' id='line_1_106' title="bbox 2082 5110 3658 5182; baseline -0.001 -17"><span class='ocrx_word' id='word_1_897' title='bbox 2082 5112 2224 5182; x_wconf 88' lang='lat' dir='ltr'><strong>quod</strong></span> <span class='ocrx_word' id='word_1_898' title='bbox 2269 5111 2589 5182; x_wconf 91' lang='lat' dir='ltr'><strong>posuimus,</strong></span> <span class='ocrx_word' id='word_1_899' title='bbox 2654 5130 2672 5162; x_wconf 83' lang='grc'><strong><em>‹</em></strong></span> <span class='ocrx_word' id='word_1_900' title='bbox 2706 5111 2758 5164; x_wconf 91' lang='lat' dir='ltr'><strong>in</strong></span> <span class='ocrx_word' id='word_1_901' title='bbox 2808 5111 3042 5175; x_wconf 90' lang='lat' dir='ltr'><strong>deserto,</strong></span> <span class='ocrx_word' id='word_1_902' title='bbox 3090 5110 3143 5163; x_wconf 90' lang='lat' dir='ltr'><strong>in</strong></span> <span class='ocrx_word' id='word_1_903' title='bbox 3190 5117 3334 5164; x_wconf 89' lang='lat' dir='ltr'><strong>terra</strong></span> <span class='ocrx_word' id='word_1_904' title='bbox 3379 5123 3500 5178; x_wconf 80' lang='lat' dir='ltr'><strong>quae</strong></span> <span class='ocrx_word' id='word_1_905' title='bbox 3553 5126 3658 5164; x_wconf 88' lang='lat' dir='ltr'><strong>non</strong></span> 
     </span>
    </p>
   </div>
   <div class='ocr_carea' id='block_1_107' title="bbox 2082 5191 3353 5271">
    <p class='ocr_par' dir='ltr' id='par_1_107' title="bbox 2082 5191 3353 5271">
     <span class='ocr_line' id='line_1_107' title="bbox 2082 5191 3353 5271; baseline -0.004 -14"><span class='ocrx_word' id='word_1_906' title='bbox 2082 5201 2406 5266; x_wconf 87' lang='lat' dir='ltr'><strong>seminatur,</strong></span> <span class='ocrx_word' id='word_1_907' title='bbox 2440 5220 2456 5252; x_wconf 74' lang='grc' dir='ltr'><strong>ι</strong></span> <span class='ocrx_word' id='word_1_908' title='bbox 2496 5201 2550 5254; x_wconf 90' lang='lat' dir='ltr'><strong>in</strong></span> <span class='ocrx_word' id='word_1_909' title='bbox 2580 5191 2932 5271; x_wconf 75' lang='lat' dir='ltr'><strong>Septuaginta</strong></span> <span class='ocrx_word' id='word_1_910' title='bbox 2967 5214 3075 5253; x_wconf 89' lang='lat' dir='ltr'><strong>non</strong></span> <span class='ocrx_word' id='word_1_911' title='bbox 3104 5199 3353 5254; x_wconf 89' lang='lat' dir='ltr'><strong>habetur.</strong></span> 
     </span>
    </p>
   </div>
   <div class='ocr_carea' id='block_1_108' title="bbox 2159 5290 3663 5363">
    <p class='ocr_par' dir='ltr' id='par_1_108' title="bbox 2159 5290 3663 5363">
     <span class='ocr_line' id='line_1_108' title="bbox 2159 5290 3663 5363; baseline 0 -17"><span class='ocrx_word' id='word_1_912' title='bbox 2159 5315 2176 5346; x_wconf 75' lang='grc' dir='ltr'><strong>ι</strong></span> <span class='ocrx_word' id='word_1_913' title='bbox 2213 5294 2445 5350; x_wconf 85' lang='lat' dir='ltr'><strong>Sanctus</strong></span> <span class='ocrx_word' id='word_1_914' title='bbox 2466 5290 2631 5349; x_wconf 85' lang='lat' dir='ltr'><strong>Israel</strong></span> <span class='ocrx_word' id='word_1_915' title='bbox 2659 5293 2886 5348; x_wconf 92' lang='lat' dir='ltr'><strong>Domino</strong></span> <span class='ocrx_word' id='word_1_916' title='bbox 2917 5333 2931 5356; x_wconf 93' lang='lat'><strong>,</strong></span> <span class='ocrx_word' id='word_1_917' title='bbox 2975 5291 3230 5361; x_wconf 74' lang='lat' dir='ltr'><strong>primitiae</strong></span> <span class='ocrx_word' id='word_1_918' title='bbox 3261 5290 3473 5363; x_wconf 89' lang='lat' dir='ltr'><strong>frugum</strong></span> <span class='ocrx_word' id='word_1_919' title='bbox 3504 5291 3663 5361; x_wconf 88' lang='lat' dir='ltr'><strong>ejus?</strong></span> 
     </span>
    </p>
   </div>
   <div class='ocr_carea' id='block_1_109' title="bbox 2088 5383 3660 5456">
    <p class='ocr_par' dir='ltr' id='par_1_109' title="bbox 2088 5383 3660 5456">
     <span class='ocr_line' id='line_1_109' title="bbox 2088 5383 3660 5456; baseline -0.003 -13"><span class='ocrx_word' id='word_1_920' title='bbox 2088 5408 2109 5443; x_wconf 87' lang='grc'><em>‹</em></span> <span class='ocrx_word' id='word_1_921' title='bbox 2138 5388 2338 5444; x_wconf 89' lang='lat' dir='ltr'><strong>Omnes</strong></span> <span class='ocrx_word' id='word_1_922' title='bbox 2371 5387 2462 5456; x_wconf 90' lang='lat' dir='ltr'><strong>qui</strong></span> <span class='ocrx_word' id='word_1_923' title='bbox 2510 5386 2774 5440; x_wconf 88' lang='lat' dir='ltr'><strong>devorant</strong></span> <span class='ocrx_word' id='word_1_924' title='bbox 2805 5400 2960 5450; x_wconf 92' lang='lat' dir='ltr'><strong>eum,</strong></span> <span class='ocrx_word' id='word_1_925' title='bbox 3012 5383 3324 5453; x_wconf 85' lang='lat' dir='ltr'><strong>delinquont</strong></span> <span class='ocrx_word' id='word_1_926' title='bbox 3351 5403 3364 5438; x_wconf 88' lang='lat'><strong>:</strong></span> <span class='ocrx_word' id='word_1_927' title='bbox 3396 5384 3536 5438; x_wconf 87' lang='lat' dir='ltr'><strong>mala</strong></span> <span class='ocrx_word' id='word_1_928' title='bbox 3564 5401 3660 5438; x_wconf 77' lang='lat' dir='ltr'><strong>ve-</strong></span> 
     </span>
    </p>
   </div>
   <div class='ocr_carea' id='block_1_110' title="bbox 2089 5476 3665 5548">
    <p class='ocr_par' dir='ltr' id='par_1_110' title="bbox 2089 5476 3665 5548">
     <span class='ocr_line' id='line_1_110' title="bbox 2089 5476 3665 5548; baseline -0.001 -14"><span class='ocrx_word' id='word_1_929' title='bbox 2089 5501 2109 5533; x_wconf 77' lang='grc'><strong>(</strong></span> <span class='ocrx_word' id='word_1_930' title='bbox 2145 5480 2295 5534; x_wconf 90' lang='lat' dir='ltr'><strong>nient</strong></span> <span class='ocrx_word' id='word_1_931' title='bbox 2334 5493 2496 5548; x_wconf 88' lang='lat' dir='ltr'><strong>super</strong></span> <span class='ocrx_word' id='word_1_932' title='bbox 2535 5491 2650 5542; x_wconf 92' lang='lat' dir='ltr'><strong>eos,</strong></span> <span class='ocrx_word' id='word_1_933' title='bbox 2698 5477 2829 5530; x_wconf 92' lang='lat' dir='ltr'><strong>dicit</strong></span> <span class='ocrx_word' id='word_1_934' title='bbox 2871 5476 3152 5533; x_wconf 89' lang='lat' dir='ltr'><strong>Dominus.</strong></span> <span class='ocrx_word' id='word_1_935' title='bbox 3177 5497 3196 5531; x_wconf 75' lang='grc' dir='ltr'><strong>ι</strong></span> <span class='ocrx_word' id='word_1_936' title='bbox 3232 5477 3457 5546; x_wconf 91' lang='lat' dir='ltr'><strong>Quando</strong></span> <span class='ocrx_word' id='word_1_937' title='bbox 3499 5477 3665 5533; x_wconf 83' lang='lat' dir='ltr'><strong>Israel</strong></span> 
     </span>
    </p>
   </div>
   <div class='ocr_carea' id='block_1_111' title="bbox 2081 5567 3666 5640">
    <p class='ocr_par' dir='ltr' id='par_1_111' title="bbox 2081 5567 3666 5640">
     <span class='ocr_line' id='line_1_111' title="bbox 2081 5567 3666 5640; baseline -0.003 -13"><span class='ocrx_word' id='word_1_938' title='bbox 2081 5571 2214 5627; x_wconf 89' lang='lat' dir='ltr'><strong>dicit</strong></span> <span class='ocrx_word' id='word_1_939' title='bbox 2234 5570 2506 5640; x_wconf 91' lang='lat' dir='ltr'><strong>primitias</strong></span> <span class='ocrx_word' id='word_1_940' title='bbox 2535 5567 2748 5639; x_wconf 88' lang='lat' dir='ltr'><strong>frugum</strong></span> <span class='ocrx_word' id='word_1_941' title='bbox 2781 5569 3025 5633; x_wconf 85' lang='lat' dir='ltr'><strong>Domini,</strong></span> <span class='ocrx_word' id='word_1_942' title='bbox 3052 5569 3285 5623; x_wconf 89' lang='lat' dir='ltr'><strong>ostendit</strong></span> <span class='ocrx_word' id='word_1_943' title='bbox 3313 5567 3566 5637; x_wconf 90' lang='lat' dir='ltr'><strong>populum</strong></span> <span class='ocrx_word' id='word_1_944' title='bbox 3595 5567 3666 5623; x_wconf 83' lang='lat' dir='ltr'><strong>de</strong></span> 
     </span>
    </p>
   </div>
   <div class='ocr_carea' id='block_1_112' title="bbox 2083 5658 3661 5736">
    <p class='ocr_par' dir='ltr' id='par_1_112' title="bbox 2083 5658 3661 5736">
     <span class='ocr_line' id='line_1_112' title="bbox 2083 5658 3661 5736; baseline -0.006 -17"><span class='ocrx_word' id='word_1_945' title='bbox 2083 5663 2332 5736; x_wconf 87' lang='lat' dir='ltr'><strong>gentibus</strong></span> <span class='ocrx_word' id='word_1_946' title='bbox 2384 5667 2772 5732; x_wconf 85' lang='lat' dir='ltr'><strong>congregatum</strong></span> <span class='ocrx_word' id='word_1_947' title='bbox 2835 5674 2954 5714; x_wconf 90' lang='lat' dir='ltr'><strong>esse</strong></span> <span class='ocrx_word' id='word_1_948' title='bbox 3016 5665 3136 5728; x_wconf 91' lang='lat' dir='ltr'><strong>post</strong></span> <span class='ocrx_word' id='word_1_949' title='bbox 3177 5658 3470 5728; x_wconf 89' lang='lat' dir='ltr'><strong>primitias,</strong></span> <span class='ocrx_word' id='word_1_950' title='bbox 3508 5658 3661 5727; x_wconf 76' lang='lat' dir='ltr'><strong>juxta</strong></span> 
     </span>
    </p>
   </div>
   <div class='ocr_carea' id='block_1_113' title="bbox 2084 5748 3664 5824">
    <p class='ocr_par' dir='ltr' id='par_1_113' title="bbox 2084 5748 3664 5824">
     <span class='ocr_line' id='line_1_113' title="bbox 2084 5748 3664 5824; baseline -0.003 -15"><span class='ocrx_word' id='word_1_951' title='bbox 2084 5754 2215 5810; x_wconf 89' lang='lat' dir='ltr'><strong>illud</strong></span> <span class='ocrx_word' id='word_1_952' title='bbox 2256 5753 2398 5824; x_wconf 92' lang='lat' dir='ltr'><strong>quod</strong></span> <span class='ocrx_word' id='word_1_953' title='bbox 2430 5754 2484 5808; x_wconf 92' lang='lat' dir='ltr'><strong>in</strong></span> <span class='ocrx_word' id='word_1_954' title='bbox 2516 5751 2620 5808; x_wconf 90' lang='lat' dir='ltr'><strong>alio</strong></span> <span class='ocrx_word' id='word_1_955' title='bbox 2661 5752 2778 5808; x_wconf 88' lang='lat' dir='ltr'><strong>loco</strong></span> <span class='ocrx_word' id='word_1_956' title='bbox 2820 5752 3078 5822; x_wconf 91' lang='lat' dir='ltr'><strong>scriptum</strong></span> <span class='ocrx_word' id='word_1_957' title='bbox 3103 5758 3188 5805; x_wconf 87' lang='lat' dir='ltr'><strong>est</strong></span> <span class='ocrx_word' id='word_1_958' title='bbox 3214 5767 3227 5802; x_wconf 88' lang='lat'><strong>:</strong></span> <span class='ocrx_word' id='word_1_959' title='bbox 3261 5768 3279 5799; x_wconf 85' lang='grc'><em>‹</em></span> <span class='ocrx_word' id='word_1_960' title='bbox 3311 5748 3516 5803; x_wconf 84' lang='lat' dir='ltr'><strong>Memor</strong></span> <span class='ocrx_word' id='word_1_961' title='bbox 3547 5759 3664 5804; x_wconf 90' lang='lat' dir='ltr'><strong>esto</strong></span> 
     </span>
    </p>
   </div>
   <div class='ocr_carea' id='block_1_114' title="bbox 2085 5837 3666 5918">
    <p class='ocr_par' dir='ltr' id='par_1_114' title="bbox 2085 5837 3666 5918">
     <span class='ocr_line' id='line_1_114' title="bbox 2085 5837 3666 5918; baseline -0.005 -16"><span class='ocrx_word' id='word_1_962' title='bbox 2085 5845 2519 5918; x_wconf 86' lang='lat' dir='ltr'><strong>congregationis</strong></span> <span class='ocrx_word' id='word_1_963' title='bbox 2575 5852 2679 5898; x_wconf 69' lang='lat' dir='ltr'><strong>tute</strong></span> <span class='ocrx_word' id='word_1_964' title='bbox 2711 5884 2724 5910; x_wconf 98' lang='lat'><strong>,</strong></span> <span class='ocrx_word' id='word_1_965' title='bbox 2767 5858 2929 5913; x_wconf 87' lang='lat' dir='ltr'><strong>quam</strong></span> <span class='ocrx_word' id='word_1_966' title='bbox 2965 5841 3186 5912; x_wconf 91' lang='lat' dir='ltr'><strong>posuisti</strong></span> <span class='ocrx_word' id='word_1_967' title='bbox 3228 5837 3561 5910; x_wconf 77' lang='lat' dir='ltr'><strong>[posscdisti]</strong></span> <span class='ocrx_word' id='word_1_968' title='bbox 3597 5839 3666 5894; x_wconf 92' lang='lat' dir='ltr'><strong>ab</strong></span> 
     </span>
    </p>
   </div>
   <div class='ocr_carea' id='block_1_115' title="bbox 3150 5934 3226 5992">
    <p class='ocr_par' dir='ltr' id='par_1_115' title="bbox 3150 5934 3226 5992">
     <span class='ocr_line' id='line_1_115' title="bbox 3150 5934 3226 5992; baseline -0.013 0"><span class='ocrx_word' id='word_1_969' title='bbox 3150 5934 3226 5992; x_wconf 77' lang='lat'><strong>26</strong></span> 
     </span>
    </p>
   </div>
  </div>
