4100 6324
424 458 522 520 8H

1086 445 1150 504 Β.
1191 445 1441 504 RABANI
1480 443 1696 501 mum
1733 437 2051 496 ARClllEP.
2093 423 2402 494 uocum.
2441 410 2728 492 cpiarum
2761 424 2940 486 PARS
2975 427 3061 486 ut.

3571 424 3692 485 812

425 577 584 636 initio
605 572 776 650 (Psat.
816 569 1034 643 Lxxm).
1069 589 1088 622 ι
1123 567 1386 623 Primitiae
1432 575 1611 620 autem
1651 577 1862 633 semper
1911 559 2003 615 de-
2029 559 2081 618 A
2107 557 2262 613 lectae
2301 558 2357 612 in
2397 556 2617 614 Christo
2650 554 2826 611 aetatis
2849 560 2953 609 est.
3005 551 3210 609 Omnes
3249 549 3394 608 enim
3428 562 3692 619 resurge—

431 648 628 726 bentur
680 661 1074 724 sacerdotibus,
1119 666 1174 712 et
1211 673 1318 712 non
1349 655 1616 712 hostibus.
1648 652 1802 720 Quod
1828 648 2004 718 sequi-

429 773 544 828 tur,
583 779 602 813 ι
631 772 820 816 omnes
849 755 940 826 qui
978 755 1240 810 devorant
1260 765 1436 815 eum,
1477 747 1790 818 delinqueut
1822 761 1835 799 :
1865 741 2006 797 mala

427 853 651 910 venient
690 865 854 920 super
900 862 1033 914 eos,
1081 845 1212 900 dicit
1260 841 1596 906 Dominus,»
1655 839 1798 894 hunc
1845 833 2012 890 habet

431 959 651 1002 sensum
680 961 694 997 :
722 939 1022 1008 Quomodo,
1048 936 1142 1006 qui
1175 933 1444 1006 primitias
1485 932 1767 993 devorant,
1813 939 2012 994 nequa-

435 1051 602 1108 quam
641 1035 708 1090 de
757 1045 956 1105 genere
997 1027 1356 1092 sacerdotali,
1397 1024 1618 1082 sceleris
1644 1021 1724 1078 rei
1754 1026 1902 1083 sunt,
1932 1017 2012 1073 sic

436 1129 530 1200 qui
565 1125 938 1184 contaminant
988 1119 1154 1178 Israel
1204 1119 1362 1174 malis
1417 1109 1812 1188 subjicientur;
1853 1109 2013 1180 juxta

435 1218 564 1276 illud
605 1217 748 1288 quod
786 1213 840 1270 in
874 1213 1134 1270 vicesimo
1161 1220 1316 1266 sexto
1344 1210 1554 1280 psalmo
1579 1211 1800 1261 sanctus
1841 1201 2016 1273 loqui-

437 1319 524 1364 tur
560 1327 574 1364 :
615 1328 635 1362 ι
664 1307 800 1362 Dum
859 1296 1290 1376 appropinquant
1333 1314 1495 1370 super
1523 1313 1610 1352 me
1635 1305 1912 1359 nocentes,
1957 1299 2018 1347 ut

437 1401 601 1456 edant
631 1413 825 1456 carnes
851 1411 1041 1452 meas:
1078 1395 1172 1464 qui
1206 1391 1464 1448 tribulant
1501 1405 1618 1456 me,
1657 1387 1860 1443 inimici
1887 1385 2014 1452 mei,

433 1491 542 1562 ipsi
575 1488 836 1546 inﬁrmati
880 1495 1008 1542 sunt
1042 1492 1098 1540 et
1137 1483 1468 1556 ceciderunt.
1509 1499 1527 1534 ι
1555 1478 1741 1549 Neque
1771 1477 1916 1533 enim
1950 1489 2019 1530 ex

436 1597 502 1638 eo
551 1580 693 1652 quod
741 1578 834 1634 Dei
873 1583 1246 1646 exsequuntur
1313 1571 1636 1629 sententiam
1668 1611 1684 1636 ,
1751 1569 2021 1624 immunes

435 1679 598 1727 erunt
618 1687 650 1726 a
677 1667 936 1740 supplicio
951 1667 1202 1737 malaque
1220 1665 1441 1721 venient
1461 1677 1624 1733 super
1642 1677 1764 1718 eos:
1801 1678 1819 1712 ι
1853 1658 2023 1730 Opor-

435 1771 516 1820 tet
553 1763 703 1819 enim
726 1761 916 1816 venire
947 1758 1202 1814 scandala
1229 1797 1244 1824 ,
1288 1771 1480 1811 verum
1512 1769 1593 1810 vae
1639 1753 1693 1808 ei
1732 1767 1830 1824 per
1862 1765 2024 1822 quem

438 1856 664 1912 veniunt
705 1850 956 1909 scandala
983 1847 1198 1924 (Matth.
1226 1847 1406 1921 xvrn).

517 1983 537 2016 ε
567 1962 768 2020 Audite
795 1962 1022 2018 verbum
1054 1957 1288 2025 Domini,
1319 1957 1511 2014 domus
1533 1955 1722 2022 Iacob,
1752 1962 1810 2010 et
1840 1965 2028 2009 omnes

447 2079 466 2114 ι
499 2059 849 2133 cognationes
889 2056 1084 2113 domus
1124 2052 1311 2110 Israel.
1371 2051 1499 2107 Η.Ὂο
1542 2050 1674 2107 dicit
1718 2048 2024 2104 Dominus:

447 2173 466 2205 ι
502 2153 641 2220 Quid
689 2152 1011 2206 invenerunt
1051 2154 1234 2217 patres
1268 2143 1437 2199 vestri
1469 2142 1525 2197 in
1557 2157 1642 2200 me
1683 2139 2024 2210 iniquitatis,

449 2263 466 2294 ι
503 2245 629 2313 quia
661 2239 1048 2312 elongaverunt
1073 2251 1104 2291 a
1137 2232 1746 2302 me,etambulaveruut
1780 2237 1905 2300 post
1934 2243 2030 2297 va:

447 2351 465 2382 ‹
505 2331 762 2395 nitatem,
805 2335 862 2384 et
911 2326 1037 2381 vani
1077 2325 1208 2389 facti
1253 2323 1418 2379 sunt?
1453 2341 1472 2374 ι
1506 2321 1662 2376 Hunc
1707 2333 1924 2375 sensum
1963 2325 2030 2373 ‘et

440 2423 578 2478 alius
606 2421 870 2492 prepheta
902 2426 1136 2474 testatur
1165 2435 1178 2470 :
1214 2435 1234 2467 ‹
1266 2415 1504 2486 Populus
1541 2427 1694 2468 meus
1717 2453 1730 2476 ,
1765 2411 1896 2482 quid
1926 2409 2030 2464 feci

443 2515 563 2582 tibi,
595 2521 650 2570 et
673 2513 803 2584 quid
839 2510 1094 2565 molestus
1121 2508 1196 2563 fui
1227 2505 1366 2563 tibi?
1395 2503 1660 2575 responde
1692 2503 1823 2558 mihi
1854 2520 1867 2559 :
1903 2501 2030 2571 quia

443 2604 608 2661 eduxi
646 2612 699 2660 te
737 2603 802 2658 de
829 2611 974 2657 terra
1008 2599 1264 2671 Egypti,
1293 2605 1350 2652 et
1385 2597 1451 2652 de
1483 2596 1645 2650 domo
1680 2591 2029 2650 servientium

445 2694 668 2751 liberavi
710 2693 797 2748 te?
833 2712 852 2744 ›
893 2690 1093 2763 (Mich.
1128 2688 1228 2762 γι.)
1256 2687 1558 2758 Utrumque
1602 2695 1784 2740 autem
1837 2697 2033 2739 nomen

443 2782 611 2840 Jacob
635 2792 691 2838 et
707 2780 876 2838 Israel
900 2781 1138 2851 ponitur,
1163 2793 1268 2834 non
1294 2777 1588 2833 secundum
1613 2777 1747 2831 duas
1767 2783 1823 2830 et
1847 2774 2033 2828 decem

447 2875 646 2940 tribus,
669 2874 762 2929 sed
778 2870 934 2942 juxta
961 2885 1177 2925 omnem
1201 2868 1482 2940 populum,
1506 2881 1628 2922 cum
1653 2873 1708 2921 et
1729 2865 1844 2934 ipse
1867 2861 2035 2916 Jacob

447 2979 634 3039 postea
665 2966 964 3048 appellatus
1015 2964 1085 3018 sit
1119 2961 1286 3018 Israel
1317 2959 1469 3034 (Gen.
1511 2959 1707 3031 xxxii).
1758 2957 2034 3014 Offensam

453 3066 634 3113 autem
677 3056 824 3111 ducit
865 3071 896 3110 a
927 3054 1198 3125 patribus,
1246 3067 1352 3107 non
1401 3066 1510 3122 quo
1548 3059 1770 3121 peccata
1815 3055 2035 3119 patrum

451 3149 576 3205 filiis
604 3148 954 3218 imputentur,
1002 3147 1098 3200 sed
1140 3161 1246 3214 quo
1273 3151 1327 3198 et
1365 3142 1462 3198 ﬁlii
1498 3143 1764 3221 habentes
1815 3148 2034 3211 patrum

449 3241 882 3307 similitudinem,
906 3247 962 3296 et
997 3253 1095 3294 suo
1123 3245 1412 3309 parentum
1459 3235 1665 3292 scelere
1714 3233 2028 3306 puniantur.

451 3333 608 3404 Saepe
635 3332 863 3405 legimus
885 3331 1028 3402 quod
1070 3339 1290 3400 propter
1328 3337 1546 3385 sanctos
1587 3337 1773 3398 patres
1801 3325 2035 3382 filiorum

453 3427 777 3482 misereatur
802 3425 964 3480 Deus.
995 3424 1412 3494 Dereliquerunt
1438 3409 1616 3476 autem
1639 3427 1827 3490 patres
1856 3417 2040 3488 p0puli

451 3522 755 3594 peccatoris
787 3522 954 3576 Deum
977 3561 992 3586 ,
1023 3526 1079 3574 et
1106 3534 1226 3574 non
1256 3516 1518 3579 breviter,
1573 3513 1668 3568 sed
1718 3513 1880 3583 longo
1906 3519 2042 3566 tem-

453 3626 587 3682 pore
621 3630 633 3664 :
665 3619 721 3663 et
749 3627 850 3678 pro
879 3613 992 3667 Deo
1022 3609 1192 3664 secuti
1221 3615 1346 3664 sunt
1370 3606 1691 3670 vanitatem,
1723 3603 1862 3659 idola
1897 3602 2044 3657 vide-

455 3703 620 3769 licet,
651 3718 770 3772 qua:
798 3701 933 3756 nihil
963 3710 1190 3770 prosunt
1221 3702 1520 3752 cultoribus
1560 3703 1676 3750 suis
1711 3709 1768 3748 et
1791 3698 1929 3761 ipsis
1967 3698 2042 3744 si.

459 3796 613 3850 miles
671 3794 800 3848 facti
843 3801 1015 3858 sunt,
1052 3790 1350 3847 secundum
1405 3787 1538 3844 illud
1582 3785 1728 3857 quod
1777 3783 2045 3854 scriptum

459 3897 542 3944 est
571 3906 586 3942 :
617 3907 636 3941 ‹
667 3887 884 3944 Similes
910 3886 1016 3942 illis
1039 3885 1172 3941 fiant
1192 3885 1286 3956 qui
1311 3883 1520 3940 faciunt
1539 3897 1627 3948 ea,
1657 3889 1714 3936 et
1744 3893 1933 3934 omnes
1955 3876 2046 3946 qui

433 3981 738 4036 confidunt
766 3980 821 4036 in
850 3979 932 4036 eis
955 3975 1131 4051 (Psat'.
1156 3975 1335 4048 cxm).
1354 3995 1375 4029 ι

541 4119 559 4150 ί
603 4097 674 4152 Ει
705 4112 812 4151 non
842 4097 1098 4150 dixerunt
1125 4111 1139 4148 :
1170 4093 1272 4149 Ubi
1304 4101 1388 4146 est
1440 4091 1702 4145 Dominus
1733 4089 1826 4159 qui
1856 4101 2048 4144 ascen-

470 4211 488 4242 ι
535 4189 664 4244 dere
690 4201 788 4242 nos
811 4185 944 4241 fecit
989 4185 1057 4238 de
1114 4191 1256 4237 terra
1297 4181 1515 4254 Egypti
1542 4221 1558 4248 ,
1599 4181 1692 4251 qui
1738 4173 2051 4236 transduxit

473 4301 490 4330 ι
533 4294 632 4335 nos
657 4293 753 4348 per
791 4278 1066 4332 desertum
1089 4314 1103 4339 ,
1141 4289 1240 4345 per
1291 4284 1490 4329 terram
1537 4271 1948 4328 inhabitabilem
1997 4281 2054 4329 et

473 4389 492 4421 ι
537 4369 760 4433 inviam,
792 4381 890 4437 per
913 4375 1116 4420 terram
1137 4364 1258 4420 sitis
1287 4373 1342 4419 et
1376 4364 1665 4436 imaginem
1709 4365 1918 4431 mortis,
1954 4380 2054 4437 per

477 4483 496 4515 ς
546 4471 746 4518 terram
789 4459 842 4513 in
877 4472 984 4528 qua
1013 4471 1120 4511 non
1148 4456 1564 4521 ambulavitvir,
1588 4471 1763 4527 neque
1790 4456 2052 4512 habitavit

480 4575 498 4607 ι
549 4552 755 4610 homo?
795 4570 814 4603 ι
854 4549 963 4606 Pro
1000 4549 1220 4604 homine
1263 4547 1409 4605 LXX
1434 4548 1605 4618 ﬁlium
1633 4548 1856 4604 hominis
1881 4550 2050 4605 inter-

2052 1918 2103 1979 B

2106 665 2227 706 mus
2249 669 2266 702 ι
2287 649 2342 704 in
2368 649 2543 703 virum
2566 646 2886 719 perfectum,
2905 645 2962 700 in
2985 656 3298 700 mensuram
3313 639 3490 696 aetatis
3507 639 3694 710 pleni-

2108 741 2312 796 tudinis
2351 740 2552 810 Christi
2597 739 2812 810 (Ephes.
2847 736 2944 810 tv).
2975 756 2996 790 ι
3026 737 3213 810 Neque
3245 750 3484 806 unquam
3516 735 3571 789 in
3615 749 3692 790 ea

2109 834 2319 891 habitat
2338 835 2432 904 qui
2455 833 2620 890 homo
2650 829 2747 888 Dei
2786 838 2872 886 est
2892 868 2910 898 ,
2957 829 3073 886 sive
3098 828 3240 885 filius
3276 827 3514 884 hominis
3537 867 3554 892 ,
3589 827 3694 881 sed

2111 943 2324 999 seraper
2345 929 2411 982 ad
2435 926 2642 998 majora
2667 924 2908 981 festinat.
2955 923 3037 979 Ex
3072 937 3181 992 quo
3229 920 3574 992 perspicuum
3602 929 3700 974 est

2111 1034 2221 1074 non
2249 1032 2370 1073 esse
2398 1017 2456 1072 in
2493 1017 2582 1072 via
2609 1014 2998 1088 perfectionem
3023 1053 3041 1082 ,
3081 1012 3178 1070 sed
3207 1012 3262 1067 in
3297 1012 3406 1067 fine
3427 1011 3528 1066 viai
3553 1017 3608 1066 et
3631 1011 3697 1066 in

2112 1107 2423 1174 mansione,
2469 1122 2590 1178 quae
2617 1105 2826 1162 sanctis
2855 1105 2912 1161 in
2952 1103 3264 1160 caelestibus
3309 1110 3650 1173 praeparatur
3675 1142 3694 1166 ,

2113 1207 2170 1257 et
2191 1199 2390 1270 quibus
2416 1198 2617 1254 dicitur
2647 1216 2661 1252 :
2702 1216 2720 1249 ι
2755 1196 2859 1265 Qui
2885 1195 3042 1251 statis
3064 1195 3119 1250 in
3150 1194 3310 1250 dono
3338 1189 3550 1248 Domini
3577 1231 3592 1256 ,
3635 1191 3698 1245 in

2117 1291 2272 1348 atriis
2307 1289 2502 1346 domus
2537 1289 2633 1345 Dei
2678 1289 2849 1345 nostri
2889 1285 3063 1361 (Paul.
3115 1287 3366 1358 cxxxiii).
3399 1304 3420 1338 i
3467 1283 3702 1340 Frustra

2118 1383 2286 1452 igitur
2313 1397 2453 1438 nova
2481 1397 2548 1438 ex
2582 1379 2752 1436 veteri
2798 1378 3022 1436 haeresis
3046 1391 3075 1421 ι
3095 1378 3402 1449 suspicatur
3441 1377 3531 1432 hic
3573 1389 3706 1452 pcr-

2121 1473 2319 1530 fectam
2343 1487 2466 1529 esse
2493 1471 2778 1538 victoriam
2801 1510 2819 1538 ,
2861 1469 2954 1526 ubi
2993 1484 3174 1540 pugna
3199 1477 3296 1524 est
3319 1475 3482 1539 atque
3522 1451 3708 1524 certa-

2122 1582 2272 1634 men,
2299 1573 2356 1621 et
2382 1567 2626 1622 incertus
2649 1564 2830 1620 exitus
2851 1562 3178 1619 futurorum.

2201 1700 2220 1734 ‹
2253 1680 2321 1735 Et
2346 1679 2531 1735 induxi
2559 1693 2654 1734 vos
2683 1672 2738 1733 in'
2766 1667 2967 1733 teri-am
2985 1673 3320 1741 Carmell,ut
3345 1672 3712 1731 comederetis

2133 1792 2152 1826 ι
2194 1771 2429 1828 fructum
2455 1771 2574 1842 ejus
2607 1778 2663 1827 et
2686 1770 2827 1826 bona
2862 1769 3026 1825 illius.
3063 1769 3132 1824 Et
3163 1767 3394 1839 ingressi
3442 1767 3713 1822 contami-

2134 1887 2154 1920 ι
2195 1867 2368 1922 nastis
2397 1875 2598 1922 terram
2632 1873 2806 1921 meam
2834 1903 2848 1928 ,
2891 1871 2947 1919 et
2987 1862 3357 1918 haereditatem
3403 1873 3578 1916 meam
3611 1876 3714 1931 po-

2134 1980 2154 2012 ι
2197 1959 2384 2016 suistis
2409 1960 2466 2014 in
2496 1957 2975 2014 abominationem.
3011 1975 3030 2008 ι
3063 1953 3170 2011 Pro
3205 1951 3394 2011 labore
3431 1951 3714 2008 duriSsimi

2126 2051 2338 2107 itineris
2366 2051 2485 2107 dedi
2511 2049 2666 2106 vobis
2691 2050 2933 2104 omnium
2958 2031 3140 2104 rerum
3165 2047 3573 2104 abundantiam.
3595 2045 3716 2103 Hoc

2127 2143 2326 2215 quippe
2356 2144 2626 2216 significat
2656 2142 2938 2200 Carmelus
2957 2184 2972 2210 ,
3003 2143 3096 2213 qui
3121 2141 3386 2198 Hebraice
3411 2140 3717 2214 appellatur

2128 2237 2352 2294 chermel
2372 2245 2428 2292 et
2453 2233 2507 2291 in
2529 2235 2709 2306 lingua
2730 2243 2916 2292 nostra
2937 2243 3094 2291 sonat
3119 2231 3464 2306 cognitionem
3488 2234 3719 2286 circum-

2129 2331 2362 2386 cisionis.
2390 2330 2673 2397 Quomodo
2711 2333 2892 2384 autem
2937 2325 3026 2383 ille
3073 2327 3302 2399 populus
3347 2334 3550 2380 terram
3591 2341 3719 2380 san-

2130 2435 2273 2482 ctam
2309 2426 2638 2488 et’omnium
2679 2439 2860 2480 rerum
2893 2421 3126 2478 fertilem
3167 2421 3472 2478 idololatria
3525 2419 3718 2494 polluit

2130 2527 2293 2588 atque
2321 2517 2584 2583 violavit,
2637 2517 2715 2572 sic
2759 2531 2862 2571 nos
2905 2527 3050 2571 verte
3102 2513 3532 2570 circumcisionis
3579 2514 3718 2568 acci-

2131 2607 2344 2678 pientes
2397 2605 2681 2662 scientiam
2711 2645 2727 2671 ,
2773 2605 3106 2660 comedimus
3143 2603 3380 2660 fructum
3410 2605 3556 2676 ejus;
3585 2612 3638 2660 et
3670 2603 3718 2658 si

2131 2699 2457 2771 negligentia
2503 2698 2857 2770 subrepserit,
2905 2695 3341 2754 contaminamus
3371 2707 3571 2753 terram
3598 2695 3715 2766 Dei,

2133 2797 2190 2846 et
2215 2790 2586 2846 haereditatem
2624 2790 2768 2846 illius
2810 2785 3227 2845 abominabilem
3253 2788 3504 2871 facimus.

2213 2923 2230 2955 ε
2275 2901 2597 2959 Sacerdotes
2623 2919 2732 2960 non
2769 2903 3022 2958 dixerunt
3053 2921 3066 2958 :
3097 2903 3200 2960 Ubi
3229 2883 3316 2958 est
3341 2901 3643 2958 Dominus?
3666 2907 3722 2956 et

2141 3008 2160 3048 ι
2205 3001 2450 3050 tenentes
2480 2993 2656 3065 legem
2697 3011 2871 3050 nieam
2901 2994 3208 3051 nescierunt
3249 3009 3365 3058 me,
3399 2987 3456 3050 et
3479 3000 3724 3064 pastores

2142 3101 2163 3136 ι
2199 3083 2536 3159 prtevaricati
2558 3093 2681 3141 sunt
2697 3087 2750 3142 in
2766 3102 2853 3142 me
2869 3103 2884 3156 ;
2904 3094 2957 3142 et
2970 3087 3248 3158 prophetae
3267 3086 3726 3158 prophetaverunt

2060 3223 2067 3232 .
2141 3179 2160 3227 ἃ
2199 3173 2255 3230 in
2280 3175 2439 3243 Baal,
2464 3184 2520 3231 et
2547 3177 2689 3233 idola
2713 3176 2884 3234 secuti
2906 3189 3048 3234 sunt.
3083 3200 3101 3232 ι
3131 3177 3260 3234 Post
3292 3163 3442 3232 tanta
3467 3175 3724 3232 beneficia

2059 3277 2112 3346 α
2142 3275 2421 3325 verterunt
2461 3269 2514 3324 in
2569 3280 2936 3343 contemptum
2995 3270 3276 3352 privilegia
3318 3269 3616 3343 dignitatis,
3667 3277 3731 3322 ut

2142 3355 2451 3418 sacerdotes
2497 3361 2782 3418 Dominum
2832 3381 2938 3420 non
2989 3359 3323 3434 quaererent,
3373 3369 3438 3416 ut
3479 3361 3729 3416 doctores

2142 3453 2278 3526 legis
2307 3454 2620 3526 ignorarent
2658 3470 2782 3510 eum
2827 3453 2920 3526 qui
2949 3455 3086 3510 alios
3113 3455 3310 3510 docere
3335 3452 3642 3518 debebant,
3671 3457 3732 3505 et

2143 3545 2528 3618 praedicatores
2579 3563 2678 3618 per
2725 3547 3104 3620 negligentiam
3130 3547 3574 3619 praevaricatores
3628 3539 3729 3594 fie-

2147 3645 2298 3692 rent:
2327 3647 2380 3692 et
2408 3639 2706 3710 prophetae,
2728 3639 2822 3704 qui
2853 3637 2904 3692 in
2928 3640 3140 3702 populis
3168 3640 3464 3702 disputant,
3493 3647 3596 3688 non
3621 3632 3732 3687 Deo

2147 3724 2458 3791 loquantur,
2489 3719 2584 3776 sed
2610 3721 2772 3788 idolo,
2803 3729 2858 3776 et
2879 3737 2975 3777 sua
2999 3721 3252 3792 figmenta
3271 3731 3612 3777 venerentur.
3635 3720 3732 3776 llis

2153 3824 2333 3870 autem
2375 3813 2556 3870 verbis
2591 3813 2854 3869 utendum
2879 3822 2964 3871 est
2993 3816 3278 3871 adversum
3319 3815 3491 3871 nostri
3527 3812 3736 3869 ordinis

2151 3908 2462 3978 magistros,
2493 3907 2584 3978 qui
2634 3907 2898 3963 devorant
2925 3907 3181 3977 populum
3211 3905 3305 3962 Dei
3354 3905 3504 3963 velut
3556 3905 3738 3959 cibum

2152 4005 2336 4074 panis,
2389 4009 2444 4058 et
2467 4018 2565 4073 per
2593 4002 2732 4058 mala
2782 4018 2946 4074 opera
2991 4019 3098 4058 non
3131 4003 3385 4074 invocant
3426 3986 3738 4056 Dominum.

2154 4091 2358 4168 (Greg.)
2388 4095 2452 4149 Et
2483 4095 2677 4150 nesciri
2720 4110 2850 4168 ergo
2899 4110 2956 4152 se
2996 4096 3064 4150 ab
3100 4095 3180 4150 eis
3206 4094 3420 4150 Veritas
3447 4093 3741 4164 queritur,

2153 4195 2210 4242 et
2236 4187 2444 4242 nescire
2469 4201 2526 4242 se
2553 4179 2918 4258 principatum
2942 4187 3298 4264 nescientium
3326 4178 3747 4259 protestatur,ut

2155 4289 2240 4338 est
2269 4281 2400 4336 illud
2432 4281 2486 4336 in
2538 4281 2831 4352 Evangelio
2864 4296 2879 4336 :
2919 4300 2938 4332 ‹
2989 4280 3243 4336 Recedite
3271 4269 3302 4334 a
3333 4297 3420 4336 me
3445 4320 3460 4346 ,
3505 4279 3747 4350 operarii

2156 4369 2479 4443 iniquitatis,
2529 4372 2710 4428 nescio
2737 4373 2828 4444 qui
2867 4372 2999 4428 estis
3044 4371 3261 4443 (Matth.
3291 4370 3411 4442 vn).
3454 4372 3586 4438 Quia
3618 4386 3750 4440 pro-

2157 4463 2302 4519 fecto
2358 4465 2552 4536 iniqui,
2591 4465 2718 4520 dum
2751 4481 2814 4519 ea
2846 4481 2965 4534 qua:
2993 4474 3120 4520 sunt
3163 4465 3377 4520 Domini
3405 4464 3682 4528 nesciunt,
3711 4478 3771 4516 ει.

2157 4559 2387 4616 Domino
2418 4561 2750 4628 nesciuntur,
2777 4559 2942 4616 Paulo
2967 4567 3288 4624 attestante,
3321 4558 3413 4628 qui
3457 4558 3533 4612 ait
3577 4575 3590 4612 :
3631 4576 3650 4607 ι
3685 4554 3751 4610 Si

471 4647 668 4720 pretati
727 4653 890 4712 sunt,
943 4651 1001 4698 et
1049 4657 1151 4713 pro
1198 4642 1429 4713 imagine
1489 4643 1709 4708 mortis,
1763 4643 1830 4699 de
1877 4641 2038 4698 Theo-

2161 4651 2284 4723 quis
2313 4661 2494 4708 autem
2529 4653 2771 4724 ignorat,
2808 4651 3145 4722 ignorabitur
3171 4649 3223 4724 (I
3247 4647 3373 4706 Cor.
3398 4650 3532 4721 xxv).
3569 4668 3587 4700 ι
3618 4648 3753 4714 Quae

473 4741 692 4796 dotione
730 4737 973 4794 additum
1005 4743 1089 4790 est
1115 4735 1302 4788 umbra
1326 4733 1529 4788 mortis.
1572 4731 1723 4801 Quod
1751 4749 1872 4789 cum
1898 4734 2053 4805 juxta

475 4831 760 4891 historiam
795 4826 1144 4884 manifestum
1191 4825 1282 4891 sit,
1323 4825 1455 4879 illud
1489 4825 1943 4880 considerandum
1971 4842 2057 4880 se-

476 4923 710 4978 cundum
733 4922 998 4994 αναγωγήν
1019 4955 1035 4983 ,
1066 4917 1210 4987 quod
1250 4917 1486 4987 quandiu
1523 4919 1575 4971 in
1611 4919 1713 4973 isto
1746 4917 1943 4973 smculo
1969 4935 2062 4974 su-

477 5028 628 5076 mus,
669 5018 726 5064 et
764 5010 834 5064 de
871 5008 1103 5078 Egypto
1147 5008 1465 5078 educimur,
1506 5009 1763 5080 paulatim
1809 5011 2060 5066 ascendi-

479 5115 620 5161 mus,
663 5107 720 5155 et
748 5099 985 5168 primum
1015 5117 1033 5149 ε
1076 5098 1284 5154 deserta
1328 5118 1347 5151 ι
1379 5099 1689 5182 transimus
1714 5117 1733 5152 ί
1767 5109 1822 5156 et
1859 5112 2062 5158 terram

479 5189 911 5254 inhabitabilem,
950 5207 969 5241 ι
1005 5203 1168 5260 quam
1208 5200 1428 5246 sanctus
1473 5191 1780 5248 inhabitare
1822 5204 1928 5248 non
1975 5197 2070 5251 de-

482 5283 590 5349 bet,
624 5303 642 5333 ι
671 5292 726 5337 et
746 5281 946 5338 inviam
971 5323 984 5348 ,
1013 5301 1034 5334 ι
1063 5290 1126 5338 ut
1147 5281 1514 5340 difﬁcultatem
1541 5292 1806 5340 monstret
1833 5285 2065 5342 itineris.

489 5391 508 5426 ι
537 5373 642 5429 Per
676 5380 878 5428 terram
907 5373 1054 5438 sitis,
1095 5393 1114 5426 ι
1151 5373 1242 5428 ubi
1267 5387 1482 5443 semper
1527 5374 1734 5444 majora
1776 5377 2022 5447 cupimus
2050 5421 2067 5447 ,

481 5479 586 5522 nec
604 5466 962 5536 praesentibus
979 5465 1221 5521 contenti
1243 5481 1458 5531 sumus;
1489 5485 1508 5517 ε
1529 5474 1584 5522 et
1603 5468 1891 5540 imaginem
1914 5489 1933 5523 ›
1955 5470 2069 5525 sive

481 5557 727 5612 umbram
761 5576 780 5608 ι
825 5559 1014 5614 mortis
1047 5575 1061 5610 :
1101 5577 1120 5610 ›
1151 5571 1364 5626 semper
1391 5558 1534 5614 enim
1574 5559 1629 5614 in
1664 5560 1904 5628 periculo
1940 5577 2069 5616 con-

483 5646 756 5712 sistimus,
795 5658 852 5704 et
877 5649 1075 5717 ubique
1122 5648 1366 5704 diabolus
1416 5651 1588 5706 tendit
1628 5650 1850 5721 laqueos
1892 5667 2064 5708 suos:

489 5758 510 5793 ι
546 5756 643 5812 per
671 5749 876 5796 terram
906 5742 958 5794 in
987 5756 1095 5812 qua
1125 5757 1232 5797 non
1271 5741 1567 5801 ambulavit
1609 5745 1696 5802 vir
1717 5785 1732 5812 ,
1772 5765 1791 5801 ι
1819 5746 1913 5818 qui
1939 5761 2066 5818 per-

561 5862 586 5888 ιι
612 5851 1020 5923 Pelagianorum
1048 5855 1273 5912 scilicet.

2166 4745 2420 4800 nimirum
2467 4754 2744 4816 pastorum
2773 4761 2915 4816 saepe
2943 4744 3212 4814 imperitia
3259 4743 3468 4799 meritis
3499 4741 3756 4812 congruit

2165 4837 2555 4908 subjectorum.
2583 4837 2686 4904 Qui
2711 4837 2958 4908 quamvis
2980 4836 3161 4890 lumen
3185 4835 3448 4900 scientiae,
3472 4849 3567 4890 sua
3589 4832 3753 4900 culpa

2166 4931 2434 5002 exigente,
2473 4945 2580 4984 non
2611 4931 2868 4996 habeant,
2896 4931 3142 4986 districto
3171 4941 3350 4986 tamen
3391 4928 3600 5001 judicio
3638 4927 3759 4998 agi-

2170 5030 2260 5077 tur
2295 5031 2356 5078 ut
2387 5038 2485 5093 per
2517 5039 2704 5079 eorum
2743 5024 3104 5096 ignorantiam
3131 5025 3187 5080 hi
3223 5024 3388 5079 etiam
3409 5023 3504 5093 qui
3524 5037 3760 5092 sequun—

2171 5123 2258 5169 tur
2297 5113 2589 5170 oifeiidant.
2643 5114 2784 5171 Hinc
2829 5131 3064 5186 namque
3103 5117 3159 5170 in
3203 5113 3494 5184 Evangelia
3528 5128 3626 5185 per
3671 5126 3762 5166 se-

2171 5207 2460 5276 metipsam
2494 5204 2708 5262 Veritas
2749 5207 2918 5262 dicit:
2955 5226 2973 5259 ‹
3010 5207 3070 5262 Si
3109 5221 3284 5262 caecus
3311 5221 3456 5262 caeco
3500 5205 3760 5260 ducatum

2171 5301 2431 5370 praebeat,
2459 5301 2618 5355 ambo
2644 5299 2701 5354 in
2735 5299 2948 5356 foveam
2978 5301 3178 5356 cadunt
3207 5299 3422 5373 (Matth.
3449 5297 3563 5372 xv).
3597 5317 3616 5349 ι

2250 5411 2268 5444 ‹
2300 5393 2595 5464 Propterea
2644 5394 2818 5450 adhuc
2851 5393 3060 5464 judicio
3107 5392 3427 5450 contendam
3453 5389 3760 5456 vobiscum,

2183 5503 2202 5536 ι
2245 5485 2323 5539 ait
2349 5484 2642 5549 Dominus,
2679 5494 2735 5541 et
2779 5501 2900 5542 cum
2934 5484 3060 5540 filiis
3114 5485 3312 5540 vestris
3361 5479 3691 5552 disceptaho.
3731 5496 3754 5530 ι

2177 5575 2444 5651 (Ηὶενοη.)
2473 5579 2552 5636 Ne
2574 5580 2821 5636 videatur
2833 5589 3116 5650 percutere
3141 5593 3240 5646 per
3260 5575 3580 5646 potentiam,
3602 5571 3764 5643 quasi

2175 5685 2296 5726 cum
2361 5673 2584 5742 paribus
2637 5671 2848 5726 ratione
2911 5669 3210 5734 contendit,
3233 5657 3400 5739 'juxta
3444 5665 3580 5722 illud
3615 5661 3766 5733 quod

2174 5759 2346 5818 David
2370 5763 2516 5820 canit
2559 5772 2616 5820 et
2646 5768 2876 5834 usurpat
2925 5760 3260 5848 Apostolus:
3293 5777 3312 5811 ι
3351 5755 3422 5814 Ut
3441 5752 3768 5829 justiﬁeeris
