4100 6324
418 480 524 540 διδ
957 521 960 525 .
1343 482 1707 539 exrosmo
1744 482 1973 540 SUPER
2010 458 2374 539 .lEREMlAM.
2403 515 2475 526 —
2510 486 2639 542 LIB.
2677 486 2718 543 1.
3568 500 3671 555 su

418 596 473 651 in
510 594 853 652 sermonibus
884 594 1024 659 tuis,
1061 602 1117 651 et
1147 593 1334 651 vincas
1373 609 1492 649 cum
1530 594 1794 664 judicaris
1816 593 1987 668 (Psal.
2018 596 2074 657 Α
2096 593 2207 648 rint
2241 594 2527 665 imaginem
2555 595 2866 666 quamdam,
2891 612 3052 668 quam
3080 599 3136 653 in
3157 603 3544 671 supplicatione
3568 622 3670 676 po-

384 692 471 753 ‘L,
508 688 659 743 Rom.
691 687 785 759 1).»
820 687 1078 758 Quodque
1110 689 1291 757 posuit
1317 689 1515 755 adhuc,
1551 706 1693 761 saepe
1716 706 1774 747 se
1800 689 1995 746 fecisse
2094 683 2185 738 siti
2204 684 2405 757 jugiter
2432 685 2791 762 interpellent,
2825 701 3050 758 eamque
3079 688 3466 750 circumferant
3491 707 3672 754 mente

420 787 666 835 testatur.
697 778 767 834 Et
813 780 956 849 quod
1005 780 1186 835 intulit
1209 797 1330 834 cum
1358 780 1485 849 [iliis
1531 785 1733 851 vestris,
1762 785 1992 841 similem
2093 790 2158 832 ac
2175 792 2287 848 pra?
2307 777 2475 833 oculis
2497 787 2714 837 ιθυθειιιι
2739 794 2953 851 semper
2979 782 3213 839 8011mm-
3246 784 3420 857 Supet‘
3443 805 3669 857 quorum

415 870 653 925 ostendit
707 869 869 925 etiam
933 869 990 925 in
1067 871 1194 927 filiis
1257 870 1523 926 malorum
1614 874 1987 944 pertinaciam.
2093 869 2196 931 hoc
2226 885 2411 925 errore
2437 878 2805 943 competenter
2829 872 3077 944 dirigitur
3103 874 3190 930 illa
3212 879 3481 933 sententia
3510 898 3523 933 ;
3556 899 3574 931 ι
3603 881 3671 935 Et

417 958 637 1015 Oeculte
678 968 863 1037 autem
905 960 1174 1034 signiﬁcat
1212 956 1354 1031 quod
1397 963 1674 1032 antiquam
1716 966 1771 1021 in
1820 966 1991 1022 Deum
2091 970 2436 1018 mutaverunt
2462 963 2689 1034 gloriam
2714 963 3138 1036 incorruptibilis
3157 967 3338 1029 Deiin
3367 969 3673 1026 similitudi-

413 1052 753 1122 negationem
792 1050 958 1109 etiam
1006 1050 1103 1109 filii
1150 1068 1337 1109 eorum
1391 1053 1447 1108 in
1501 1054 1733 1115 adventu
1777 1056 1990 1113 Domini
2089 1068 2214 1110 nem
2249 1054 2498 1126 imaginis
2531 1055 2766 1112 hominis
2804 1057 3186 1128 corruptibilis.
3230 1058 3493 1117 Jeremias
3531 1078 3669 1132 quo-

411 1140 524 1197 sint
550 1142 742 1198 secuti.
1082 1160 1087 1164 ·
2089 1160 2194 1215 que
2225 1162 2239 1200 :
2273 1164 2293 1198 ι
2322 1145 2593 1218 Populus,
2633 1147 2839 1219 inquit,
2876 1152 3029 1204 meus
3074 1151 3304 1205 mutavit
3344 1150 3567 1223 gloriam
3615 1155 3668 1208 in

486 1251 506 1286 ι
542 1232 790 1290 Transite
846 1234 916 1290 ad
969 1234 1176 1292 insulas
1231 1235 1468 1304 Cethim,
1496 1246 1553 1294 et
1605 1239 1783 1295 videte
1807 1257 1821 1295 ;
1846 1248 1903 1295 et
1930 1241 1987 1297 in
2088 1234 2252 1293 idolo.
2284 1256 2306 1289 ι
2332 1236 2433 1304 Qui
2461 1253 2636 1306 error,
2659 1238 2785 1296 licet
2803 1240 3009 1313 origine
3035 1241 3137 1297 hac
3154 1256 3259 1310 qua
3282 1242 3513 1299 diximus
3535 1259 3669 1315 quo-

414 1344 434 1383 t
466 1326 643 1384 Cedat-
666 1316 882 1396 mittite,
925 1339 982 1387 et
1029 1331 1371 1389 considerate
1413 1334 1788 1403 vehentem",
1820 1334 1880 1395 ει
1908 1338 1988 1395 vi.
2088 1327 2336 1382 rumdam
2361 1328 2610 1385 sensibus
2639 1330 2708 1386 sit
2745 1330 2998 1396 inolitus,
3026 1316 3375 1388 nihilominus
3404 1341 3584 1390 tamen
3614 1334 3668 1389 in

413 1420 588 1503 rdete
623 1421 669 1476 si
718 1421 919 1479 factum
945 1432 1028 1479 est
1063 1423 1435 1503 hujuscemodi
1471 1444 1485 1482 :
1516 1429 1562 1484 si
1598 1431 1826 1485 mutavit
1854 1446 1987 1503 gens

2087 1417 2303 1474 illorum
2323 1434 2539 1490 quoque
2571 1420 2768 1494 animis
2789 1410 2880 1491 qui
2904 1439 3177 1495 nunquam
3201 1424 3452 1494 gentilica
3482 1440 3670 1497 super-

410 1527 431 1562 t
472 1509 604 1565 deos
633 1524 762 1566 suos
792 1526 807 1565 :
843 1520 900 1569 et
925 1520 1073 1568 certe
1092 1513 1194 1582 ipsi
1214 1529 1322 1568 non
1352 1516 1587 1570 suntdii.
1611 1515 1843 1585 Populus
1856 1533 1984 1574 vero
2062 1510 2304 1577 _stitione
2326 1510 2515 1581 polluti
2537 1513 2799 1579 sunt,sub
2819 1513 2999 1569 colore
3029 1514 3321 1571 testimonii
3347 1514 3505 1587 hujus
3525 1516 3670 1585 quod

408 1619 427 1652 ι
463 1615 616 1658 meus
636 1603 864 1657 mutavit
882 1603 1116 1683 gloriam
1143 1619 1296 1661 suam
1328 1605 1382 1669 in
1410 1606 1610 1662 idolum
1631 1606 1765 1678 (sive
1787 1610 1851 1665 de
1875 1625 1983 1679 quo
2087 1600 2285 1683 dicitur
2310 1620 2323 1655 :
2363 1620 2382 1653 ‹
2422 1601 2711 1659 Faciamus
2737 1606 3009 1661 hominem
3032 1606 3100 1662 ad
3127 1606 3414 1679 imaginem
3445 1617 3499 1665 et
3521 1608 3671 1665 simi-

409 1708 429 1742 ι
461 1690 511 1745 ei
532 1691 665 1747 nihil
684 1693 971 1767 proderit).
1005 1714 1025 1747 ›
1060 1693 1531 1767 Comparationem
1581 1696 1711 1755 facit
1747 1695 1981 1767 eius‘rei
2084 1692 2365 1750 litudinem
2410 1704 2687 1764 nostram;
2736 1717 2759 1752 ι
2795 1699 3067 1769 imperitia
3107 1717 3203 1756 seu
3245 1702 3547 1759 rusticitate
3584 1702 3667 1759 fa-

403 1795 524 1851 quae
545 1782 987 1854 incomparabilis
1012 1795 1115 1852 est,
1147 1794 1202 1842 et
1230 1803 1419 1843 verum
1448 1788 1733 1844 Dominum
1771 1789 1982 1846 confert
2086 1784 2262 1839 ciente
2291 1793 2600 1844 contractus
2633 1797 2747 1854 est,
2789 1789 2862 1843 ita
2894 1798 2950 1845 ut
2979 1791 3145 1846 etiam
3176 1792 3398 1850 haeresis
3433 1793 3671 1850 Anthro-

402 1875 774 1932 mendacibus.
799 1876 897 1941 ite,
932 1878 1128 1949 inquit,
1156 1879 1224 1934 ad
1248 1879 1451 1935 insulas
1477 1880 1709 1947 Gemini,
1735 1896 1872 1951 quas
1898 1880 1983 1936 vel
2013 1952 2049 1956 _
2086 1877 2551 1946 pomorphitarum
2588 1880 2688 1935 sub
2717 1882 3003 1937 occasione
3029 1883 3362 1941 detestanda:
3399 1886 3559 1956 hujus
3586 1886 3671 1941 in-

399 1963 566 2022 ltalize
586 1966 668 2022 vel
690 1966 1113 2025 Occidentalium
1139 1972 1376 2040 partium
1396 1972 1654 2027 debemus
1685 1972 1932 2042 accipere
1963 1989 1979 2040 ;
2011 1952 2018 2010 ί

2050 1956 2492 2049 iterpretationis
2530 1975 2813 2029 emcrserit
2836 2015 2852 2041 ,
2890 1992 3011 2047 qua:
3055 1978 3375 2034 immensam
3420 1979 3565 2034 illam
3603 1994 3669 2035 ac

398 2062 471 2118 ab
489 2078 556 2119 eo
580 2065 723 2133 quod
754 2072 915 2120 terrae
938 2064 1135 2121 Judaete
1160 2065 1372 2138 Cyprus
1399 2066 1598 2133 insula,
1631 2066 1686 2121 in
1709 2081 1813 2135 qua
1850 2066 1981 2121 urbs
2084 2066 2380 2136 simplicem
2404 2065 2710 2143 Divinitatis
2729 2069 3083 2147 substantiam
3105 2068 3445 2127 lineamentis
3465 2070 3670 2129 nostris

394 2156 500 2212 hoc
533 2157 793 2213 vocabulo
815 2166 1177 2228 nuncupatur,
1223 2158 1403 2215 vicina
1431 2158 1524 2224 sit,
1554 2159 1621 2213 de
1644 2174 1749 2227 qua
1768 2165 1823 2213 et
1836 2157 1981 2213 Zeno
2082 2164 2139 2211 et
2165 2157 2402 2211 humana
2423 2156 2743 2228 ﬁguratione
2766 2160 3141 2235 compositam,
3164 2162 3426 2233 pertinaci
3449 2150 3669 2235 perver-

394 2247 649 2320 princeps
684 2248 989 2307 Stoicorum
1020 2250 1140 2306 fuit.
1193 2250 1372 2307 Cedar
1400 2259 1582 2308 autem
1610 2251 1760 2321 regio
1782 2258 1866 2305 est
1891 2265 1980 2305 so-
2083 2247 2244 2302 sitate
2267 2248 2565 2303 contendit.
2597 2248 2768 2315 Quam
2806 2258 2987 2305 tamen
3020 2250 3067 2306 si
3095 2252 3218 2323 quis
3254 2238 3418 2308 fuerit
3445 2242 3691 2309 catholi-'

390 2336 637 2395 Htudinis
681 2348 737 2396 et
790 2340 1221 2408 lsmaelitarum,
1268 2356 1406 2411 quos
1478 2356 1623 2397 nunc
1674 2339 1980 2397 Saracenos
2081 2338 2163 2394 cis
2190 2339 2530 2409 dogmatibus
2560 2340 2869 2407 institutus,
2908 2348 2968 2396 ut
2996 2341 3250 2413 gentilem
3277 2343 3667 2415 blasphemiam

390 2439 609 2486 vocant.
631 2430 831 2488 Contra
879 2449 1042 2503 quam
1068 2433 1229 2504 hujus
1269 2435 1438 2504 ipsius
1491 2435 1853 2505 prophetaein
1882 2449 1978 2490 ex-
2081 2430 2470 2497 detestabitur,
2494 2438 2568 2509 et
2600 2432 2674 2487 ita
2713 2433 2781 2487 ad
2826 2431 2972 2495 illam
3020 2433 3283 2490 orationis
3319 2435 3667 2505 purissimam

390 2523 579 2578 tremis
606 2525 850 2594 partibus
878 2526 1079 2581 texitur
1108 2508 1426 2593 vaticinium
1444 2567 1460 2593 ,
1503 2536 1557 2581 et
1586 2518 1760 2596 cujus
1789 2528 1976 2583 memi—
2060 2523 2359 2595 perveniet
2385 2508 2722 2595 qualitatem,
2753 2539 2873 2594 quae
2896 2539 3003 2580 non
3029 2525 3207 2580 solum
3231 2526 3429 2581 nullam
3459 2527 3665 2584 Divini-

386 2612 469 2668 nit
494 2613 662 2668 David
693 2613 898 2669 dicens.
928 2604 1218 2671 iHabitavi
1242 2632 1367 2672 cum
1390 2616 1759 2675 habitantibus
1780 2618 1972 2686 Cedar,
2080 2613 2211 2669 tatis
2237 2613 2467 2685 efﬁgiem
2489 2655 2503 2680 ,
2532 2630 2632 2671 nec
2654 2614 2981 2672 lineamenta
3012 2630 3302 2688 corporea,
3337 2604 3480 2688 quod
3519 2619 3665 2675 dictu

387 2704 616 2759 multum
646 2706 985 2777 peregrinata
1026 2716 1111 2762 est
1151 2709 1334 2764 anima
1363 2724 1485 2766 mea
1536 2708 1710 2781 (Psal.
1738 2709 1910 2780 cur).
1948 2729 1969 2764 ι
2078 2721 2298 2777 quoque
2324 2704 2477 2763 nefas
2504 2716 2607 2773 est,
2625 2706 2693 2786 in
2719 2722 2815 2762 sua
2842 2706 3233 2779 supplicatione
3260 2707 3527 2775 miscebit,
3570 2710 3663 2767 sed

388 2795 458 2852 Et
497 2806 581 2853 est
615 2812 807 2855 senats
837 2816 851 2852 :
879 2798 977 2855 Vel
1023 2801 1094 2856 ad
1149 2801 1490 2867 occidentem
1535 2803 1764 2873 pergite,
1796 2802 1881 2859 vel
1919 2803 1975 2858 in
2078 2811 2180 2853 nec
2208 2796 2370 2852 ullam
2400 2799 2617 2868 quidem
2652 2799 2706 2852 in
2738 2814 2797 2854 se
2822 2798 3140 2855 memoriam
3169 2799 3300 2855 dicti
3324 2800 3662 2872 cujusquam,

385 2889 730 2949 solitudinem
781 2892 1001 2959 mittite,
1052 2901 1109 2949 et
1134 2894 1313 2950 videte
1360 2895 1538 2965 siqua
1578 2911 1710 2967 gens
1749 2896 1852 2950 hoc
1897 2894 1975 2951 fe-
2077 2888 2164 2943 vel
2191 2887 2320 2946 facti
2348 2889 2600 2961 speciem,
2633 2904 2732 2945 seu
2762 2888 2991 2945 formam
3019 2880 3308 2960 cujuslibet
3334 2888 3664 2949 characteris

384 2981 524 3037 cerit
560 2984 704 3053 quod
749 2998 848 3039 vos
888 2984 1118 3041 fecistis.
1171 2985 1328 3041 Nulla
1379 2987 1523 3042 enim
1579 3002 1767 3042 earum
1817 3000 1970 3056 spre-
2076 2978 2331 3035 admittit.

383 3075 462 3131 vit
506 3075 638 3132 deos
677 3091 838 3143 suos,
890 3092 993 3134 nec
1018 3077 1228 3151 ligneos
1281 3086 1336 3136 et
1379 3078 1635 3150 lapideos
1676 3093 1969 3134 aureorum
2152 3093 2170 3126 ι
2191 3072 2750 3146 Obstupescite,cmli,
2776 3089 2938 3145 super
2961 3072 3083 3140 hoc,
3110 3082 3167 3128 et
3185 3080 3354 3144 porta:
3380 3072 3664 3144 ejusdeso-

381 3169 787 3239 comparatione
832 3171 1093 3237 mutavit;
1137 3172 1236 3228 sed
1278 3172 1558 3241 antiquum
1595 3186 1839 3227 errorem
1887 3184 1972 3226 se-
2080 3182 2099 3214 ι
2137 3159 2328 3222 lamiui
2352 3167 2720 3231 vehementer,
2744 3166 2875 3221 dicit
2904 3166 3182 3221 Dominus.
3211 3166 3327 3222 Duo
3351 3166 3497 3222 enim
3520 3164 3661 3221 mala

380 3268 539 3327 cuta,
576 3262 747 3318 tenuit
786 3264 928 3336 quod
966 3277 998 3318 α
1040 3262 1337 3333 majoribus
1380 3272 1683 3336 acceperat.
1714 3263 1781 3319 Et
1823 3271 1971 3320 certe
2001 3278 2043 3336 Α
2082 3274 2101 3309 t
2139 3256 2267 3312 fecit
2286 3257 2517 3333 p0pulus
2535 3272 2688 3312 meus
2714 3276 2726 3312 :
2753 3272 2840 3312 me
2865 3256 3265 3326 dereliqucrunt
3280 3255 3485 3313 fontem
3510 3273 3664 3328 aquae

380 3350 485 3407 hoc
504 3369 527 3417 ,·
552 3367 675 3407 cum
703 3334 1099 3409 nullus'eorum
1129 3356 1262 3411 deus
1287 3356 1384 3421 sit,
1418 3334 1519 3411 sed
1539 3355 1832 3411 simulacra
1863 3354 1966 3410 ho—
1998 3344 1999 3347 “

2043 3355 2044 3360 ‘
2081 3369 2100 3402 ι
2134 3350 2307 3418 vivat,
2342 3355 2403 3405 et
2446 3350 2698 3406 foderunt
2735 3350 2838 3406 sibi
2877 3350 3143 3433 cisternas
3180 3344 3498 3422 dissipatas,
3542 3365 3662 3421 quae

377 3443 586 3498 ninum
616 3445 741 3499 ficta
768 3460 952 3500 manu.
982 3446 1216 3517 Populus
1238 3462 1367 3504 vero
1391 3461 1545 3502 meus
1564 3448 1794 3503 mutavit
1818 3463 1971 3503 mena
2082 3462 2101 3496 ι
2141 3446 2420 3502 continere
2434 3462 2541 3501 non
2557 3447 2743 3501 valent
2764 3461 2953 3516 aquas.
2976 3464 2995 3496 ι
3011 3443 3153 3500 LXX
3173 3463 3186 3500 :
3210 3463 3230 3497 t
3251 3444 3662 3517 Obstupuitcue-

378 3532 535 3589 dacio
561 3534 878 3601 veritatem,
907 3544 965 3591 et
1000 3536 1202 3595 idolum
1233 3538 1367 3594 mihi
1405 3538 1673 3608 praetulit,
1709 3536 1853 3607 quod
1887 3537 1970 3592 eis
2072 3535 2185 3591 lum
2213 3552 2377 3607 super
2412 3537 2515 3593 hoc
2535 3580 2548 3604 ,
2579 3547 2638 3593 et
2668 3536 2943 3594 inhorruit
2981 3545 3137 3592 extra
3168 3538 3387 3593 modum
3416 3545 3472 3593 et
3499 3540 3661 3594 vehe-

379 3619 725 3677 ηθεθεδὶιειιὶθ
754 3635 997 3690 "tumore
1020 3629 1280 3699 prodesse
1307 3644 1415 3685 non
1434 3630 1650 3699 poterit.
1675 3628 1970 3685 Possumus
2075 3636 2303 3692 menter,
2341 3644 2361 3681 ι
2394 3636 2593 3709 caetera
2632 3627 2902 3683 similiter.
2930 3626 3139 3682 Caelum
3169 3628 3253 3683 cui
3290 3626 3492 3682 dictum
3520 3638 3601 3680 est
3642 3643 3656 3679 :

378 3711 483 3766 hoc
510 3710 694 3769 dicere
726 3718 783 3765 et
811 3718 1002 3771 contra
1032 3712 1126 3768 eos
1158 3719 1252 3781 qut
1281 3720 1487 3781 majore
1516 3720 1711 3770 mulio
1732 3732 1968 3779 sequun-
2079 3717 2609 3783 «Attendemeelum.
2632 3725 2688 3774 et
2708 3717 2930 3780 loquar;
2963 3736 2981 3761 ι
3008 3723 3064 3765 ot
3090 3734 3105 3764 :
3136 3732 3159 3762 ‹
3184 3713 3345 3775 Audi,
3361 3712 3582 3781 caelum,
3605 3724 3661 3770 et

380 3809 469 3856 tur
498 3800 629 3855 vitia
667 3816 831 3871 quam
869 3801 1132 3868 virtutes;
1164 3816 1304 3872 quos
1338 3810 1523 3857 monet
1560 3800 1852 3871 Apostolus
1884 3801 1969 3856 di-
2072 3798 2296 3853 auribus
2324 3799 2758 3869 percipe,terra;
2790 3818 2810 3852 ι
2836 3799 3025 3855 videns
3047 3799 3142 3855 Dei
3165 3810 3432 3872 pracepta
3451 3803 3660 3859 calcata

377 3906 543 3947 cens:
568 3907 586 3942 t
607 3889 1374 3962 Humanumloquor,propter
1396 3891 1762 3946 infirmitatem
1785 3891 1968 3948 carnis
2072 3889 2417 3957 inhorrescit,
2441 3899 2495 3946 et
2518 3898 2793 3961 stuporem
2816 3891 3156 3947 dissimulare
3181 3908 3288 3948 non
3310 3903 3505 3965 potest.
3531 3895 3660 3952 0m-

377 3994 591 4039 vcstrze.
625 3983 780 4040 Sicut
814 3984 1139 4041 exhibuistis
1170 3985 1413 4041 membra
1454 3991 1633 4061 vestra
1671 3982 1964 4039 servientia
2071 3980 2157 4037 nis
2175 3982 2319 4036 enim
2343 3978 2595 4037 creatura
2618 3982 2969 4052 congemiscit
2994 3992 3048 4037 et
3076 3984 3323 4040 condolet
3348 4000 3509 4056 Sttpct'
3533 4002 3659 4058 pee—

376 4073 730 4132 immunditite
751 4084 807 4130 et
823 4076 1095 4146 iniquitati
1119 4076 1189 4133 ad
1210 4074 1573 4151 iniquitatem,
1602 4070 1678 4129 ita
1703 4089 1847 4130 nunc
1868 4089 1966 4129 ex-
2069 4073 2209 4128 catis
2234 4072 2531 4128 hominum.
2560 4072 2676 4127 Duo
2697 4073 2839 4127 enim
2861 4073 3089 4143 populus
3109 4072 3206 4129 Dei
3227 4075 3358 4129 facit
3387 4078 3609 4130 adversa
3635 4095 3650 4132 :

374 4166 558 4222 hibete
577 4168 818 4223 membra
840 4176 1020 4225 vestra
1048 4168 1343 4224 servientia
1369 4166 1594 4237 justitiae
1622 4167 1677 4223 in
1714 4166 1960 4223 sanctiﬁ-
2067 4164 2326 4235 primum,
2358 4172 2418 4219 ut
2446 4164 2774 4235 relinqueret
2802 4164 2989 4226 Deum,
3026 4165 3117 4233 qui
3147 4171 3231 4219 est
3266 4162 3387 4221 fons
3431 4166 3574 4231 vitm,
3598 4176 3655 4223 et

374 4258 645 4315 cationem
669 4258 847 4331 (Rom.
871 4258 969 4332 v1).
1006 4279 1026 4312 ι
1062 4258 1177 4315 Hoc
1205 4274 1420 4329 quoque
1459 4259 1791 4315 noscendum
1816 4258 1962 4329 quod
2066 4264 2395 4328 praeceptum
2427 4256 2571 4312 dedit
2600 4257 2783 4312 dicens
2818 4275 2831 4310 :
2870 4270 2888 4308 t
2924 4256 3035 4328 Ego
3070 4272 3187 4315 sum
3229 4257 3489 4314 Dominus
3513 4259 3655 4315 Deus

374 4349 506 4404 nulli
528 4349 689 4405 liceat
705 4350 764 4405 in
787 4351 1032 4406 oratione
1050 4350 1248 4420 posito,
1272 4351 1337 4405 de
1358 4350 1539 4404 divina
1560 4349 1845 4420 majestate
1863 4349 1961 4403 ali-
2070 4357 2229 4414 tuus,
2272 4348 2364 4417 qui
2395 4349 2555 4403 eduxi
2598 4356 2651 4404 te
2693 4348 2760 4403 de
2806 4356 2949 4404 terra
2977 4347 3241 4421 Egypti;
3292 4369 3312 4403 ι
3352 4351 3652 4407 secundum
3708 4376 3717 4392 ι

375 4442 501 4512 quid
525 4442 879 4511 corporaliter
900 4449 1138 4497 tractare
1157 4448 1251 4494 aut
1270 4440 1631 4513 lingerejuxta
1649 4441 1960 4511 Anthropo-
2065 4437 2212 4509 quod
2239 4438 2291 4492 in
2320 4439 2510 4493 eodem
2541 4438 2658 4495 loco
2686 4440 2949 4511 scriptum
2975 4448 3058 4495 est
3085 4457 3100 4495 :
3129 4460 3145 4491 ι
3176 4437 3292 4496 Non
3315 4441 3423 4496 sint
3454 4443 3551 4498 tibi
3579 4443 3652 4498 dii

372 4535 766 4605 morphitarum
802 4535 1072 4589 haeresim.
1116 4532 1175 4587 In
1210 4548 1318 4601 quo
1355 4544 1548 4605 errore
1582 4532 1955 4601 Serapionem,
2069 4534 2127 4589 in
2160 4541 2453 4603 conspectu
2497 4550 2650 4600 meo;
2698 4553 2717 4585 ι
2753 4549 2851 4603 pro
2873 4550 2980 4603 quo
3001 4543 3223 4590 secutus
3249 4544 3332 4590 est
3359 4536 3646 4603 dmmones,

372 4623 697 4679 monachum
717 4623 1430 4692 antiquissimum,delusum
1448 4604 1567 4679 esse
1584 4624 1640 4677 in
1660 4625 1814 4679 libris
1832 4626 1955 4680 Col-
2065 4641 2205 4696 quos
2228 4624 2520 4695 dissipatas
2540 4626 2804 4680 cisternas
2827 4636 3012 4693 vocat,
3029 4644 3094 4682 eo
3117 4628 3259 4696 quod
3281 4628 3377 4681 Dei
3399 4630 3651 4684 mandata

370 4716 631 4772 lationum
650 4716 898 4773 refertur.
917 4716 1055 4785 Quia
1070 4718 1212 4774 Deus
1227 4718 1459 4788 Spiritus
1473 4727 1575 4785 est,
1591 4728 1646 4774 et
1658 4721 1751 4791 qui
1764 4720 1955 4777 adorat
1978 4716 2021 4724 “”
2064 4733 2287 4773 servare
2312 4732 2419 4771 non
2446 4717 2678 4771 valeant.
2710 4716 2779 4770 Et
2805 4718 2909 4772 hoc
2940 4718 3324 4772 attendendum
3355 4726 3466 4783 est,
3503 4718 3649 4788 quod

373 4809 542 4864 Deum
563 4817 775 4879 oportet
807 4810 929 4864 eum
969 4810 1023 4864 in
1059 4810 1251 4880 spiritu
1292 4811 1538 4866 adorare.
1582 4810 1689 4868 Sed
1727 4828 1833 4869 non
1871 4825 1958 4870 est
2060 4807 2187 4885 fons
2213 4816 2504 4877 perpetuus
2526 4815 2638 4873 est,
2670 4814 2725 4862 et
2752 4806 2942 4861 vitales
2977 4823 3145 4878 aquas
3170 4806 3353 4862 habet.
3384 4807 3649 4862 Cisterna:

370 4902 697 4967 mirandum,
727 4902 1001 4957 hominem
1027 4901 1507 4971 simplicissimum,
1531 4911 1585 4959 et
1614 4905 1682 4961 de
1703 4903 1955 4961 substan-
2064 4908 2250 4956 autem
2285 4908 2339 4956 et
2365 4900 2535 4966 lacus,
2563 4899 2647 4954 vel
2674 4900 2740 4955 de
2771 4900 3121 4967 torrentibus,
3152 4899 3233 4954 vel
3260 4915 3324 4954 ex
3356 4900 3511 4970 aquis
3538 4908 3649 4955 tux:-

370 4995 445 5049 tia
469 5010 534 5049 ac
552 5002 746 5049 natura
777 4993 1083 5050 Divinitatis
1105 5011 1383 5065 nunquam
1416 4996 1631 5066 penitus
1655 4997 1953 5065 eruditum,
2060 4994 2221 5059 bidis,
2256 5002 2398 5048 terra
2430 4992 2772 5062 complentur
2799 5002 2853 5048 et
2879 4993 3091 5063 pluviis.
3121 4992 3411 5063 (MAURUS.)
3438 4992 3514 5046 De
3541 4991 3650 5047 illis

369 5086 688 5142 rusticitatis
704 5086 834 5142 vitio
846 5102 911 5142 ac
930 5088 1319 5143 consuetudine
1334 5089 1536 5143 erroris
1558 5090 1765 5159 antiqui
1782 5107 1953 5161 usque
2062 5103 2197 5158 ergo
2223 5088 2380 5158 aquis
2414 5103 2534 5157 qua:
2570 5088 2635 5141 de
2666 5086 2812 5142 fonte
2836 5100 2986 5155 aqua:
3016 5086 3149 5139 viva:
3174 5083 3448 5155 profluunt
3477 5084 3649 5140 lsaias

369 5191 512 5230 nunc
536 5176 762 5231 detineri
791 5186 847 5232 et
871 5178 1043 5247 decipi
1067 5178 1304 5248 potuisse
1324 5219 1337 5244 ,
1367 5190 1421 5233 et
1452 5188 1510 5234 ut
1538 5182 1727 5237 .verius
1752 5182 1954 5249 dicam,
2059 5178 2141 5232 ait
2174 5195 2185 5230 :
2221 5195 2240 5228 ι
2280 5177 2346 5231 Ει
2383 5186 2543 5233 erunt
2573 5192 2736 5247 super
2761 5191 2975 5230 onmem
2998 5182 3235 5229 montem
3260 5173 3557 5240 excelsum,
3590 5183 3648 5229 et

370 5268 426 5322 in
453 5281 640 5323 errore
666 5270 894 5340 pristino
916 5273 1236 5342 perdurare,
1263 5273 1356 5342 qui
1382 5289 1488 5329 non
1521 5275 1725 5330 recenti
1748 5275 1953 5331 dazmo-
2058 5285 2226 5340 super
2244 5284 2461 5325 omnem
2481 5269 2673 5325 collem
2701 5269 2968 5324 elevatum
2989 5267 3089 5322 rivi
3119 5267 3452 5323 currentium
3477 5281 3646 5338 aqua-

370 5372 503 5414 num
557 5357 841 5427 illusione,
895 5362 993 5418 sed
1045 5362 1369 5434 ignorantiae
1409 5366 1649 5435 pristina:
1684 5366 1955 5438 gentilita-
2062 5375 2183 5414 rum
2222 5359 2365 5430 (Isa.
2400 5359 2487 5430 ι).
2524 5378 2543 5411 ι
2576 5359 2644 5414 Et
2677 5374 2892 5413 rursum
2938 5373 2952 5412 :
2994 5377 3012 5409 ι
3049 5357 3302 5429 Aperiam
3340 5359 3393 5414 in
3435 5358 3644 5428 supinis

369 5448 439 5504 tis
478 5448 727 5504 infertur.
764 5450 902 5506 Dum
935 5455 1233 5509 secundum
1273 5457 1715 5512 consuetudinem
1749 5459 1956 5514 erroris
2058 5451 2289 5508 collibus
2334 5450 2552 5506 [lumina
2575 5491 2589 5517 ,
2628 5458 2680 5505 et
2718 5452 2772 5504 in
2813 5451 2989 5507 medio
3023 5466 3335 5521 camporum
3388 5451 3581 5507 fontes.
3618 5469 3637 5502 ι

367 5540 522 5597 illius
560 5553 668 5608 quo
718 5540 1018 5609 daemones,
1071 5544 1348 5601 hominum
1404 5548 1574 5617 figura
1624 5549 1944 5618 composita,
2060 5543 2174 5599 Nos
2200 5552 2383 5597 autem
2412 5551 2625 5597 montes
2654 5552 2708 5597 et
2734 5541 2900 5599 colles
2932 5558 3026 5597 eos
3054 5542 3433 5613 intelligamus,
3462 5543 3553 5611 qui
3588 5544 3645 5596 in

364 5633 722 5697 excolebant,
775 5650 919 5689 nunc
968 5652 1181 5707 quoque
1233 5640 1378 5695 illam
1430 5643 1948 5713 incomprehensibi-
2057 5635 2337 5691 excelsum
2366 5634 2656 5689 virtutibus
2684 5634 2872 5687 elevati
2912 5642 3067 5699 sunt,
3099 5634 3190 5702 qui
3217 5633 3463 5686 esuriunt
3491 5638 3545 5685 et
3572 5630 3647 5684 si-

364 5725 472 5782 lem
499 5725 616 5781 veri
649 5726 885 5783 nominis
908 5725 1278 5799 majestatem,
1310 5734 1411 5789 sub
1445 5735 1949 5806 circumscriptione

2062 5727 2208 5781 tiunt
2221 5722 2510 5793 justitiam,
2532 5739 2667 5794 quos
2688 5722 2946 5779 Dominus
2963 5732 3221 5792 provocat
3240 5724 3307 5777 ad
3329 5720 3640 5778 bibendum.

365 5817 594 5888 alicujus
623 5820 879 5891 imaginis,
909 5822 1184 5879 aestimant
1219 5825 1582 5891 adorandam,
1610 5826 1743 5882 nihil
1773 5842 1831 5882 se
1863 5834 1946 5881 te-
2063 5820 2168 5889 Qui
2202 5818 2343 5875 enim
2393 5818 2589 5873 biberit
2628 5817 2696 5871 de
2743 5816 2899 5886 aquis
2925 5814 3066 5885 ejus,
3097 5830 3202 5871 non
3223 5814 3371 5870 sitiet
3397 5812 3451 5866 in
3490 5819 3647 5866 teter.

363 5922 495 5967 nere
520 5908 603 5967 vel
628 5909 828 5991 habere
846 5914 1148 5984 credentes,
1176 5916 1221 5972 si
1244 5917 1577 5988 propositam
1602 5934 1710 5975 non
1737 5918 1948 5975 habue—
2064 5932 2215 5973 num.
2253 5914 2407 5972 Unde
2428 5922 2482 5969 et
2511 5913 2563 5968 in
2595 5911 2805 5982 psalmo
2840 5909 3067 5978 legimus
3108 5922 3122 5960 :
3157 5926 3175 5957 ι
3208 5905 3517 5961 Benedicite
3540 5904 3641 5958 Do-

1973 5992 2028 6015 Α]

1984 6053 2021 6099 1
