4008 6340
463 451 568 508 815

1173 451 1234 506 Β.
1277 449 1528 506 RABANI
1564 448 1782 506 MAURI
1819 445 2139 504 ARCHIEP.
2177 443 2488 506 MOGUNT.
2529 449 2814 508 OPERUM
2852 450 3033 507 PARS
3068 450 3156 508 IlI.

3630 457 3744 512 816

458 564 667 619 minum
689 562 756 617 de
783 560 1020 617 fontibus
1051 561 1218 618 Israel
1245 561 1418 632 (Psal.
1449 561 1617 632 vau)
1638 601 1652 616 .
1687 562 1754 616 Et
1779 562 1835 616 in
1864 562 2044 616 Evan-
2073 561 2127 623 Α
2151 560 2275 629 quia
2314 577 2421 617 non
2465 561 2668 618 habent
2709 561 3074 619 habitatorem
3101 561 3293 627 Deum,
3343 561 3558 621 dicente
3588 565 3747 625 Scri-

461 658 602 730 gelio
630 657 848 737 dicitur.
871 654 1055 726 (Joan.
1091 657 1190 727 vn)
1229 657 1371 727 quod
1401 658 1578 712 omnis
1623 657 1714 727 qui
1743 657 1938 712 biberit
1978 657 2044 712 de

461 749 617 818 aquis
641 745 770 802 Iesu
798 745 1019 800 ﬂumina
1045 761 1199 815 aqua:
1239 747 1365 801 vitae
1398 746 1568 801 ﬂuant
1595 747 1664 802 de
1687 756 1875 802 ventre
1903 746 2039 815 ejus.

459 841 528 896 Et
565 840 632 895 ad
661 840 832 895 Deum
863 847 1083 893 sanctus
1126 838 1364 908 loquitur
1397 857 1412 893 :
1447 858 1467 890 ‹
1499 839 1765 906 Quoniam
1817 841 1956 909 apud
1989 849 2042 894 te

459 939 542 986 est
573 928 692 986 fons
717 930 842 983 vita
866 925 1040 1000 (Psal.
1061 930 1250 1000 xxxv),
1289 949 1306 982 ι
1335 931 1402 985 de
1431 945 1539 1000 quo
1567 932 1912 1000 purissimum
1940 931 2043 985 ﬂu-

459 1038 586 1078 men
612 1023 906 1094 egreditur.
937 1021 1112 1092 Super
1135 1039 1242 1092 quo
1262 1037 1478 1078 rursum
1498 1022 1775 1093 Scriptura
1805 1037 2041 1078 comme-

460 1123 680 1169 morat:
719 1132 736 1164 ι
772 1112 1036 1170 Fluminis
1080 1114 1309 1184 impetus
1354 1113 1592 1168 lmtiﬁcat
1630 1114 1905 1169 civitatem
1944 1114 2040 1169 Dei

459 1207 634 1280 (Psal.
668 1207 814 1280 ην).
856 1227 875 1261 ι
915 1208 982 1262 Et
1004 1209 1058 1262 in
1089 1208 1196 1262 alio
1226 1208 1385 1263 loco:
1423 1227 1441 1260 ‹
1478 1207 1699 1262 Fluvius
1737 1207 1832 1261 Dei
1865 1207 2042 1277 reple-

459 1309 547 1355 tus
573 1308 656 1356 est
683 1300 856 1369 aquis.
888 1318 906 1350 ι
934 1299 1000 1353 Et
1020 1300 1074 1354 in
1104 1299 1241 1355 Isaia
1264 1299 1495 1354 dicitur:
1534 1317 1553 1349 ι
1583 1299 1736 1353 Bibet
1757 1313 1952 1367 aquam
1975 1299 2042 1352 de

457 1393 694 1447 fontibus
749 1390 1049 1446 Salvatoris
1097 1391 1234 1462 (Isa.
1287 1390 1409 1461 xu).
1449 1410 1467 1443 ι
1519 1391 1594 1444 De
1647 1390 1841 1459 quibus
1888 1398 1944 1444 et
1986 1390 2042 1445 in

453 1482 686 1538 Psalmis
724 1483 982 1538 canitur:
1024 1501 1042 1534 ι
1082 1481 1390 1538 Benedicite
1443 1482 1730 1537 Dominum
1768 1484 1931 1537 Deum
1975 1485 2042 1538 de

453 1576 696 1631 fontibus
715 1575 878 1629 Israel
902 1573 1074 1646 (Psal.
1093 1574 1284 1644 vau).
1310 1595 1326 1625 ›
1346 1575 1412 1629 Et
1431 1575 1632 1643 posuit,
1650 1577 1846 1646 inquit,
1861 1577 2044 1630 deser-

456 1678 570 1721 tum
595 1668 649 1721 in
690 1675 942 1736 stagnum
981 1681 1269 1736 aquarum,
1304 1675 1359 1720 et
1407 1675 1605 1720 terram
1644 1667 1842 1721 inviam
1873 1669 1926 1720 in
1962 1667 2042 1722 ri-

450 1773 549 1814 vos
569 1774 858 1828 aquarum.
891 1758 965 1812 De
994 1757 1192 1827 quibus
1223 1758 1378 1826 aquis
1401 1765 1456 1811 et
1479 1755 1732 1813 Salvator
1763 1759 1816 1829 in
1865 1759 2046 1837 Evan—_

2145 659 2302 721 plura
2329 670 2341 706 :
2371 671 2390 704 ‹
2423 653 2490 708 Et
2508 669 2614 708 non
2645 662 2730 709 est
2757 655 2850 724 qui
2874 654 3082 709 habitet
3102 655 3157 710 in
3184 655 3284 712 eis.
3321 675 3339 707 ι

2221 763 2240 796 α
2271 745 2390 802 Filii
2424 763 2638 819 quoque
2667 749 2977 819 Mempheos
2997 759 3050 806 et
3076 750 3400 822 Thaphneos
3421 761 3742 824 constupra-

2149 855 2170 887 ‹
2213 845 2408 919 verunt
2448 846 2498 893 te
2520 854 2690 908 usque
2713 840 2781 894 ad
2814 839 3092 896 verticem.
3126 839 3402 910 Numquid
3450 857 3557 896 non
3588 843 3739 898 istud

2123 950 2168 983 ·‹
2206 931 2411 987 factum
2452 941 2536 988 est
2562 933 2683 999 tibi,
2725 934 2853 1004 quia
2888 933 3223 1004 dereliquisti
3251 935 3540 990 Dominum
3562 935 3736 990 Deum

2151 1042 2168 1074 ι
2204 1033 2357 1079 tuum
2383 1040 2450 1080 eo
2477 1035 2720 1095 tempore
2751 1041 2858 1096 quo
2887 1025 3120 1080 ducebat
3148 1033 3202 1081 te
3225 1038 3328 1096 per,
3350 1025 3531 1080 viam?
3567 1045 3587 1077 ι
3617 1025 3736 1082 Hoc

2143 1115 2287 1184 quod
2329 1131 2429 1171 nos
2469 1116 2705 1172 diximus
2735 1135 2754 1167 ι
2783 1131 2850 1172 eo
2887 1125 3128 1185 tempore
3157 1131 3263 1186 quo
3292 1117 3522 1172 ducebat
3558 1126 3611 1172 te
3634 1133 3738 1189 per

2144 1205 2310 1270 viam,
2347 1225 2364 1257 ι
2384 1205 2437 1260 in
2469 1205 2821 1277 Septuaginta
2851 1223 2958 1262 non
2984 1207 3234 1263 habetur.
3262 1207 3408 1264 Duas
3435 1216 3612 1264 autem
3640 1225 3737 1264 ur-

2143 1294 2240 1350 bes
2263 1295 2528 1350 maxima‘s
2546 1295 2786 1367 Egypti,
2803 1297 3072 1367 Memphin
3095 1306 3151 1353 et
3173 1297 3437 1368 Taphnim
3466 1300 3736 1364 nominat,

2144 1399 2438 1457 earumque
2484 1387 2615 1441 dicit
2660 1386 2799 1442 ﬁlios
2845 1397 3226 1459 constuprasse
3267 1390 3435 1446 Israel
3463 1407 3632 1462 usque
3664 1394 3735 1447 ad

2143 1477 2443 1542 verticem;
2485 1477 2578 1532 illo
2602 1492 2768 1533 sensu
2791 1493 2898 1548 quo
2927 1478 3092 1534 Isaias
3133 1480 3315 1550 posuit
3349 1497 3364 1534 :
3403 1499 3421 1531 ε
3457 1481 3503 1535 Α
3545 1481 3734 1552 planta

2143 1566 2298 1636 pedis
2323 1581 2496 1636 usque
2523 1567 2590 1629 ad
2621 1568 2881 1623 verticem
2903 1583 3012 1623 non
3033 1578 3118 1624 est
3149 1570 3205 1625 in
3230 1585 3297 1626 eo
3333 1571 3541 1626 sanitas
3589 1570 3730 1642 (lu.

2146 1673 2162 1710 ι
2188 1656 2230 1729 ).
2279 1676 2298 1708 ›
2335 1656 2507 1716 Tanta
2534 1666 2717 1712 autem
2742 1656 2845 1712 fuit
2875 1657 3040 1713 libido
3061 1658 3465 1730 Egyptiorum,
3490 1663 3582 1731 qui
3605 1671 3740 1718 sunt

2145 1750 2358 1819 magnis
2392 1752 2668 1817 carnibus,
2709 1761 2769 1806 ut
2804 1752 2936 1806 nulli
2987 1765 3278 1823 parcerent
3321 1757 3591 1824 membro,
3634 1758 3734 1815 sed

450 1852 592 1922 gelio
618 1852 850 1922 mystico
871 1864 1122 1904 sermone
1142 1851 1394 1904 dicebat:
1427 1868 1445 1901 ι
1475 1850 1578 1916 ριιι
1602 1851 1799 1905 biberit
1819 1850 1885 1904 de
1900 1836 2074 1918 aqua"
2119 1837 2327 1896 lomnia
2369 1852 2808 1913 constuprareul.
2861 1844 3022 1900 Juxta
3080 1847 3316 1902 litteram
3374 1850 3613 1905 refertur
3635 1853 3733 1907 ad

453 1958 618 2012 quam
667 1943 807 1996 dabo
855 1943 928 2007 ei,
976 1956 1083 1996 non
1131 1941 1278 1994 sitiet,
1317 1941 1368 1994 in
1387 1949 1680 2007 ωιθιοηυηις
1732 1941 1826 1995 sed
1873 1955 2032 2009 aqua,
2067 1924 2115 1983 Β
2143 1933 2283 1990 idola
2303 1934 2876 2008 {Egyptiorumﬂuxta
2898 1939 3306 2010 intelligentiam
3328 1943 3735 2013 spiritalem,ad

450 2049 616 2104 quam
653 2047 752 2104 ego
772 2033 969 2088 dedero
995 2033 1064 2098 ei,
1089 2033 1182 2086 ﬁet
1213 2034 1266 2086 in
1290 2047 1354 2086 eo
1385 2032 1503 2087 fons
1532 2047 1686 2102 aqua:
1711 2031 1953 2087 salientis
1981 2033 2036 2085 in
2055 2027 2074 2030 ”’

449 2125 619 2179 vitam
648 2132 908 2178 aeternam
950 2122 1131 2195 (Joan.
1175 2124 1294 2194 vu).
1336 2143 1354 2175 ι
1386 2123 1452 2177 Ει
1479 2123 1674 2177 iterum
1702 2141 1715 2176 :
1759 2142 1778 2174 ‹
1812 2122 1869 2178 Si
1909 2122 2035 2194 quis
2067 2152 2074 2156 ο

449 2217 584 2282 sitit,
625 2217 809 2270 veniat
849 2215 917 2270 ad
950 2231 1036 2270 me
1073 2224 1129 2270 et
1152 2215 1325 2270 bibat.
1367 2234 1384 2265 ι
1420 2215 1523 2282 Qui
1554 2214 1754 2270 biberit
1779 2216 1844 2270 de
1873 2231 1905 2269 a
1927 2229 2038 2284 qua

437 2323 610 2378 quam
625 2323 726 2379 ego
751 2308 890 2364 dabo
913 2307 985 2372 ei,
1007 2306 1228 2361 ﬁumina
1251 2307 1317 2361 de
1333 2317 1524 2362 ventre
1548 2307 1664 2376 ejus
1691 2306 1859 2362 ﬂuent
1881 2321 2035 2373 aquae

447 2400 601 2454 vivae.
658 2418 676 2450 ι
725 2398 840 2454 Hoc
877 2409 1096 2463 autem,
1145 2398 1322 2468 inquit
1378 2398 1711 2469 evangelista
1740 2438 1756 2463 ,
1821 2397 2037 2452 dicebat

448 2493 515 2546 de
545 2490 751 2561 Spiritu
781 2501 974 2546 sancto
1013 2507 1172 2561 quem
1214 2492 1500 2546 credentes
1547 2491 1600 2544 in
1639 2505 1704 2545 eo
1759 2490 2034 2559 accepturi

447 2592 624 2640 erant.
661 2603 680 2634 ι
709 2582 978 2654 (Hieron).
997 2583 1189 2638 Portas
1219 2592 1400 2639 autem
1429 2581 1690 2638 ccelorum
1720 2580 1840 2635 illas
1874 2588 2037 2635 vocat

448 2678 515 2732 de
549 2676 743 2745 quibus
763 2684 819 2730 et
841 2677 893 2730 in
917 2691 1051 2730 xxtu
1072 2676 1280 2744 psalmo
1315 2675 1575 2744 scriptum
1604 2681 1687 2729 est
1716 2689 1728 2724 :
1762 2692 1780 2722 ε
1811 2671 2030 2737 Levate,

443 2776 635 2837 portat,
659 2768 835 2838 capita
852 2777 1052 2833 vestra,
1076 2779 1130 2821 et
1153 2765 1398 2821 introibit
1417 2779 1513 2819 rex
1526 2764 1728 2834 gloriaz.
1744 2784 1762 2816 ι
1796 2763 1900 2818 Pro
1924 2778 2032 2832 quo

448 2860 801 2931 Septuaginta
831 2859 1261 2917 transtulerunt:
1301 2877 1319 2908 ‹
1355 2857 1557 2912 Levate
1582 2866 1788 2927 portas,
1824 2857 2032 2926 princi-

442 2963 559 3018 pes,
583 2960 794 3005 vestras
824 2968 836 3002 :
870 2969 887 3000 ι
924 2950 989 3003 de
1035 2949 1233 3019 quibus
1262 2948 1472 3018 plenius
1507 2962 1605 3002 suo
1637 2947 1848 3002 dicetur
1884 2945 2028 3001 loco.

448 3040 707 3108 Quodque
735 3040 931 3108 Aquila
976 3049 1032 3095 et
1068 3039 1426 3109 Symmachus
1456 3037 1628 3104 cwlos,
1673 3037 2030 3108 Septuaginta

443 3145 574 3185 vero
612 3141 669 3185 et
697 3129 998 3185 Theodotio
1056 3129 1238 3185 cretum
1270 3129 1606 3198 interpretati
1645 3136 1788 3193 sunt,
1824 3127 2030 3180 nullum

441 3233 689 3280 moveat.
713 3224 1042 3279 Hebraicum
1069 3223 1215 3278 enim
1247 3230 1430 3283 εγω.
1453 3221 1760 3276 communis
1801 3228 1885 3274 est
1929 3236 2030 3274 uu-

2145 2028 2440 2098 magistros
2456 2030 2696 2098 perversi
2717 2031 3002 2101 dogmatis,
3033 2033 3125 2102 qui
3154 2033 3410 2089 Ecclesiae
3441 2036 3734 2104 puritatem

2142 2133 2240 2172 sua
2270 2117 2514 2187 polluuut
2567 2121 2923 2190 turpitudine.
2973 2121 3102 2178 Hzec
3140 2131 3322 2178 autem
3363 2125 3566 2180 idcirco
3607 2143 3736 2181 eve-

2141 2207 2294 2261 nient
2322 2207 2420 2273 illi,
2453 2209 2579 2277 quia
2618 2210 2906 2280 dereliquit
2932 2211 3221 2268 Dominum
3253 2213 3424 2268 Deum
3455 2231 3643 2281 suum;
3675 2225 3738 2271 et

2141 2295 2234 2350 illo
2265 2297 2499 2352 maxime
2535 2308 2776 2370 tempore
2801 2316 2909 2372 quo
2935 2302 3110 2372 ipsum
3139 2304 3421 2360 ductorem
3449 2295 3602 2377 sequi
3633 2308 3734 2362 de-

2139 2389 2275 2444 buit.
2302 2389 2464 2445 Juxta
2495 2393 2851 2464 tropologiam
2877 2409 3009 2450 vero
3032 2411 3200 2467 usque
3223 2397 3291 2452 ad
3317 2398 3576 2453 verticem
3605 2415 3736 2454 con-

2139 2486 2373 2555 stuprari
2401 2494 2484 2541 est
2503 2496 2627 2560 post
2665 2489 2822 2544 malae
2865 2493 3200 2562 operationis
3237 2509 3396 2549 usum
3421 2496 3582 2551 etiam
3609 2494 3732 2565 jam

2138 2578 2192 2633 in
2225 2579 2336 2649 ipsa
2394 2580 2518 2635 ﬁdei
2557 2581 2890 2639 sublimitate
2930 2586 3224 2657 corrumpi.
3276 2587 3412 2642 Cum
3460 2589 3603 2643 enim
3635 2605 3735 2643 ne~

2137 2668 2381 2738 quissimi
2429 2671 2652 2741 spiritus
2707 2673 3130 2745 uniuscujusque
3176 2676 3412 2731 animam
3455 2677 3508 2732 in
3544 2679 3734 2747 pravis

2136 2762 2391 2831 operibus
2417 2763 2714 2830 involvunt,
2741 2765 2836 2820 sed
2867 2765 3233 2836 integritatem
3262 2767 3388 2822 ﬁdei
3411 2769 3602 2825 vitiare
3619 2786 3733 2825 non

2135 2862 2384 2924 possunt,
2412 2856 2567 2926 quasi
2585 2857 2762 2912 adhuc
2782 2857 3040 2913 inferiora
3061 2859 3305 2915 membra
3340 2861 3604 2932 polluunt,
3628 2863 3730 2918 sed

2135 2943 2204 2996 ad
2231 2944 2492 2999 verticem
2515 2960 2621 3001 non
2651 2947 2984 3019 pertingunt.
3019 2948 3276 3020 Quisquis
3317 2961 3498 3007 autem
3529 2953 3582 3007 in
3618 2952 3730 3008 ﬁde

2135 3037 2524 3105 corrumpitur,
2569 3038 2682 3109 jam
2714 3056 2888 3111 usque
2926 3042 2994 3096 ad
3021 3044 3285 3100 verticem
3316 3055 3721 3114 constupratur.

2137 3125 2400 3198 Malignus
2445 3129 2590 3182 enim
2632 3129 2862 3199 spiritus
2895 3133 3048 3202 quasi
3079 3134 3148 3188 ab
3174 3133 3526 3191 inferioribus
3549 3151 3723 3190 mem-

2136 3218 2250 3273 bris
2274 3233 2446 3288 usque
2469 3219 2537 3274 ad
2568 3235 2776 3276 summa
2801 3225 3078 3295 pertingit,
3109 3227 3328 3295 quando
3370 3227 3599 3283 activam
3637 3229 3728 3282 vi-

442 3279 600 3371 meri.
641 3315 708 3370 Et
740 3324 852 3369 tam
881 3313 993 3368 cali
1043 3327 1209 3383 quam
1252 3279 1442 3368 elysium
1470 3313 1661 3367 eodem
1692 3309 2030 3380 appellantur
2055 3279 2102 3346 Ο
2140 3318 2251 3364 tam
2308 3279 2578 3380 polluens,
2627 3279 2832 3370 castam
2869 3279 3250 3374 celsitudinem

438 3409 679 3476 nomine,
704 3417 766 3463 ut
803 3407 1024 3473 Thebaa,
1063 3406 1313 3473 Athenae,
1346 3405 1576 3461 Salonae.

516 3563 534 3594 ι
588 3540 859 3610 Numquid
910 3555 1101 3596 servus
1153 3547 1237 3594 est
1274 3537 1443 3594 Israel
1477 3543 1571 3592 aut
1598 3535 1966 3592 vernaculus?
2005 3554 2024 3588 ι

435 3633 577 3688 Puto
597 3647 666 3688 ex
687 3633 790 3687 hoc
812 3631 930 3686 loco
944 3630 999 3685 in
1023 3630 1330 3701 superbiam
1353 3629 1524 3686 elatos
1537 3628 1805 3684 Salvatori
1827 3629 2032 3683 dixisse

436 3721 650 3777 Iudaeos
679 3738 692 3773 :
733 3739 750 3769 ι
786 3723 984 3777 Semen
1010 3723 1290 3777 Abraham
1317 3737 1526 3786 sumus,
1557 3731 1614 3777 et
1632 3722 1835 3778 nemini
1859 3721 2032 3777 servi-

435 3815 613 3868 vimus
645 3825 883 3880 unquam
911 3825 924 3873 ;
963 3807 1234 3878 quomodo
1261 3816 1319 3861 tu
1348 3806 1484 3861 dicis
1523 3823 1535 3858 :
1570 3813 1753 3860 Lmen
1787 3813 1974 3860 eritis?
2006 3822 2024 3854 ι

439 3905 626 3976 (Joan.
673 3902 792 3975 νιιι)
838 3902 1144 3958 nescientes
1169 3899 1312 3970 quod
1351 3898 1527 3955 omnis
1561 3898 1651 3968 qui
1681 3896 1814 3952 facit
1840 3910 2033 3966 pecca-

440 4007 551 4053 tum
585 4012 776 4053 servus
817 3995 1026 4067 peccati
1055 3995 1147 4061 sit,
1181 4002 1236 4049 et
1261 3993 1461 4049 serviat
1494 3991 1873 4060 unusquisque
1900 3988 2030 4043 illia

435 4105 546 4159 quo
570 4089 820 4144 vincitur.
855 4087 977 4141 Nati
1003 4102 1132 4158 ergo
1159 4087 1225 4141 de
1262 4086 1441 4140 amico
1473 4082 1569 4138 Dei
1617 4081 1916 4147 Abraham,
1947 4081 2030 4134 vi-

437 4182 516 4235 tio
547 4195 644 4235 suo
684 4179 810 4232 facti
849 4186 973 4232 sunt
999 4178 1156 4246 quasi
1182 4177 1280 4231 ﬁlii
1308 4177 1501 4241 Cham,
1543 4174 1628 4229 cui
1667 4163 1873 4228 dictum
1900 4180 2026 4227 est:

444 4289 462 4320 ‹
500 4266 816 4322 Maledictus
864 4264 1124 4319 Chanaan
1168 4279 1358 4319 servus
1382 4264 1487 4318 erit
1531 4262 1794 4317 fratribus
1831 4262 1965 4317 suis.
2003 4279 2022 4312 ι

516 4420 534 4452 ς
572 4400 752 4466 Quare
778 4412 910 4468 ergo
954 4404 1038 4450 est
1087 4394 1261 4450 factus
1297 4395 1350 4449 in
1380 4393 1652 4465 praedam?
1689 4392 1865 4464 Super
1903 4407 2027 4448 eum

447 4511 464 4542 ι
499 4488 780 4558 rugierunt
806 4486 1011 4550 leones,
1035 4492 1090 4539 et
1121 4485 1586 4540 dederuntvocem
1609 4499 1761 4538 suam
1792 4500 1805 4537 :
1835 4498 2029 4553 posue-

444 4603 461 4633 ι
498 4589 625 4636 runt
651 4589 854 4637 terram
879 4581 996 4652 ejus
1024 4580 1080 4635 in
1111 4580 1476 4645 solitudinem,
1519 4588 1574 4635 et
1605 4579 1851 4634 civitates
1883 4577 2027 4632 illius

444 4694 460 4724 ι
497 4681 704 4728 exustae
739 4679 884 4737 sunt,
915 4680 970 4726 et
993 4686 1102 4726 non
1127 4680 1210 4753 est
1231 4671 1324 4743 qui
1361 4671 1571 4727 habitet
1590 4670 1644 4724 in
1661 4670 1760 4725 eis.
1796 4688 1814 4719 ι
1850 4669 2022 4722 luter-

438 4773 597 4838 rogat
618 4780 802 4822 sermo
831 4763 1067 4829 divinus,
1097 4771 1156 4817 ut
1178 4763 1292 4833 ipse
1315 4761 1657 4835 respondeat.
1690 4762 1896 4816 Leones
1927 4775 2025 4813 au-

436 4864 544 4910 tem
573 4862 731 4912 vocat
769 4853 1044 4924 principes
1086 4850 1398 4923 Babylonis,
1429 4853 1520 4922 qui
1547 4861 1748 4907 terram
1777 4849 1892 4918 ejus
1926 4869 2022 4925 po-

437 4956 664 5001 suerunt
690 4947 744 4999 in
769 4945 1132 5007 solitudinem,
1154 4951 1210 4998 et
1229 4943 1478 4997 civitates
1507 4943 1646 4997 illius
1662 4944 1910 5000 incendio
1931 4947 2023 5001 de—

435 5039 705 5093 leverunt.
736 5037 833 5093 Vel
880 5047 1027 5092 certe
1056 5035 1210 5106 juxta
1241 5039 1501 5112 ἀναγωγὴν
1547 5038 1729 5092 leones
1753 5039 2018 5111 intelliga-

435 5143 558 5180 mus
579 5127 919 5182 adversarias
940 5136 1254 5197 potestates,
1297 5139 1390 5182 aut
1420 5129 1794 5184 luereticorum
1819 5132 2019 5200 princi-

434 5231 552 5286 pes,
576 5215 666 5284 qui
699 5224 898 5271 tcrram
928 5217 1183 5272 Ecclesia:
1204 5218 1531 5283 desolantes,
1553 5234 1741 5274 omnes
1758 5220 1906 5274 illius
1927 5238 2018 5276 ur-

433 5309 532 5363 bes
563 5308 816 5363 hazretico
850 5308 1098 5364 incendio
1126 5317 1500 5373 vastaverunt,
1532 5319 1584 5364 et
1629 5309 1721 5364 illo
1771 5311 1892 5382 igne
1949 5313 2016 5368 de

383 5445 387 5450 .
431 5415 543 5470 quo
563 5399 822 5470 scriptum
850 5407 934 5453 est
967 5417 980 5452 :
1015 5418 1033 5450 ‹
1067 5401 1268 5455 Omnes
1295 5399 1686 5466 adulterantes,
1719 5403 1873 5471 quasi
1921 5403 2017 5458 cli-

432 5489 608 5545 banus
634 5489 796 5546 corda
841 5505 1027 5546 eorum
1059 5490 1206 5562 (Ose.
1237 5492 1358 5561 vn).
1399 5511 1418 5544 ›
1453 5490 1529 5545 Illi
1555 5492 1700 5546 enim
1725 5509 1846 5548 vere
1886 5497 2016 5550 dant

432 5584 619 5637 vo'ccm
644 5599 817 5638 suam.
847 5583 910 5638 Et
935 5585 988 5639 in
1015 5585 1116 5639 hoc
1144 5583 1334 5641 eodem
1361 5569 1623 5653 propheta
1649 5585 1750 5640 sub
1784 5588 2016 5655 perdicis

430 5691 660 5746 persona
691 5676 922 5731 clamant
949 5696 960 5730 :
999 5697 1017 5728 ι
1057 5678 1123 5730 Et
1158 5686 1490 5746 congregant
1523 5692 1642 5745 qua:
1663 5693 1769 5731 non
1792 5694 2016 5748 pepere-

435 5774 582 5830 runt,
599 5765 908 5837 faciuntque
926 5765 1260 5821 divitiasnon
1277 5781 1397 5819 cum
1420 5763 1626 5832 judicio
1651 5769 1782 5838 (Jcr.
1803 5772 1958 5840 xvu).
1991 5792 2007 5822 ι

432 5857 722 5928 Propterea
759 5867 936 5913 autem
970 5857 1134 5911 urbes
1156 5857 1298 5912 illius
1327 5866 1550 5914 vastatas
1571 5862 1836 5932 et:tlclctte
1863 5877 2010 5933 sunt,

2134 3403 2327 3459 morbo
2352 3405 2676 3474 corruperit.

2211 3509 2232 3544 σ
2282 3492 2348 3546 Et
2390 3509 2534 3548 nunc
2581 3495 2710 3566 quid
2756 3497 2852 3552 tibi
2899 3498 2982 3555 vis
3022 3501 3078 3556 in
3109 3501 3196 3558 via
3222 3501 3721 3576 Egypti,utbibas

2139 3601 2158 3633 ι
2196 3597 2392 3652 aquam
2423 3582 2594 3639 Seor?
2620 3585 2689 3639 Et
2716 3587 2845 3656 quid
2893 3589 2988 3645 tibi
3020 3600 3076 3647 et
3109 3593 3211 3648 viae
3242 3595 3610 3667 Assyriorum,
3661 3603 3718 3647 ut

2141 3691 2159 3722 ε
2195 3673 2350 3728 bibas
2379 3689 2576 3743 aquam
2605 3673 2864 3733 ﬂuminis.
2904 3698 2924 3731 ι
2957 3679 3230 3751 (Ηὲενοη.)
3258 3683 3364 3732 Pro
3391 3687 3574 3740 1mm
3618 3697 3716 3738 nos

2133 3764 2398 3818 turbidam
2442 3767 2779 3827 interpretati
2802 3775 3010 3830 smnus,
3049 3765 3194 3834 quod
3227 3767 3453 3823 verbum
3495 3769 3717 3826 Hebrai-

2134 3863 2256 3902 cum
2284 3849 2571 3918 signiﬁcat,
2591 3866 2691 3921 pro
2708 3868 2816 3922 quo
2829 3858 3137 3912 communis
3163 3858 3332 3915 editio
3370 3861 3711 3918 habetGeou.

2133 3938 2270 4006 Quia
2296 3955 2426 4010 ergo
2452 3957 2614 4012 supra
2643 3944 2782 4000 ﬁlios
2805 3945 3070 4017 Memphis
3099 3958 3153 4005 et
3181 3951 3420 4022 Taphuis
3440 3929 3741 4024 posuerat;

2131 4031 2224 4100 qui
2264 4042 2754 4112 constupraveruut
2786 4037 2950 4094 Israel
2972 4056 3144 4112 usque
3167 4044 3233 4098 ad
3263 4045 3543 4111 verticem,
3575 4063 3716 4104 nunc

2133 4111 2474 4178 manifestius
2513 4125 2686 4194 ipsam
2715 4126 3010 4200 Egyptum
3042 4111 3286 4189 nominat
3314 4154 3327 4189 :
3359 4137 3598 4209 nullique
3623 4141 3714 4193 du-

2133 4215 2279 4269 bium
2320 4218 2451 4287 quin
2491 4216 2642 4274 Nilus
2687 4235 2856 4290 aquas
2917 4225 3160 4282 turbidas
3208 4227 3428 4295 habeat,
3472 4242 3527 4286 et
3574 4233 3713 4301 quod

2132 4305 2352 4362 ﬂuvium
2407 4309 2754 4380 Assyriorum
2805 4313 3118 4384 Euphraten
3159 4318 3450 4390 signiﬁcet,
3503 4323 3714 4379 dicente

2135 4399 2434 4469 Scriptura,
2469 4403 2613 4471 quod
2647 4406 3085 4474 repromissionis
3122 4417 3267 4466 terra
3307 4413 3438 4468 sita
3475 4423 3712 4470 torrente

2131 4491 2351 4562 {Egypti
2379 4511 2550 4565 usque
2586 4497 2657 4553 'ad
2696 4497 2895 4554 ﬂumen
2928 4517 3182 4573 magnum
3216 4504 3552 4576 Euphraten.
3608 4508 3710 4575 Qui

2134 4593 2316 4638 autem
2345 4584 2621 4642 Christum
2647 4590 2987 4660 reliquerint,
3020 4592 3219 4650 fontem
3248 4595 3393 4661 vitae,
3424 4606 3478 4652 et
3507 4600 3715 4653 lucreti-

2133 4689 2321 4730 corum
2353 4677 2456 4733 sibi
2500 4677 2735 4734 foderint
2778 4681 2950 4749 lacus,
2983 4684 3076 4752 qui
3125 4700 3294 4755 aquas
3341 4687 3708 4742 doctrinarum

2131 4770 2412 4827 continere
2448 4788 2554 4828 non
2583 4784 2825 4843 possunt,
2861 4793 3086 4833 necesse
3115 4787 3199 4834 est
3224 4787 3285 4834 ut
3306 4778 3551 4836 leonibus
3582 4782 3712 4836 sub-

2128 4855 2366 4926 jaceant,
2390 4860 2482 4930 qui
2498 4863 2742 4932 redigant
2767 4873 2967 4920 terram
2992 4881 3178 4922 eorum
3198 4868 3252 4922 in
3276 4869 3715 4948 solitudinem,et

2129 4948 2414 5003 universas
2449 4949 2720 5007 Ecclesias
2749 4954 3056 5023 destruant,
3082 4965 3138 5011 et
3160 4959 3423 5036 usquead
3449 4961 3709 5016 verticem

2130 5038 2455 5108 polluantur,
2481 5052 2535 5095 et
2570 5043 2761 5098 bibant
2803 5061 2971 5116 aquas
2996 5048 3259 5116 turbidas,
3288 5057 3346 5105 et
3364 5047 3568 5107 ﬂuenta
3603 5051 3710 5105 As-

2127 5129 2260 5199 syrii
2286 5128 2521 5186 ﬂuminis
2553 5141 2608 5187 et
2640 5133 2944 5204 Aquilonis,
2996 5139 3139 5194 unde
3167 5139 3532 5196 exardescunt
3566 5142 3707 5196 mala

2125 5235 2288 5288 super
2313 5230 2535 5276 terram.

2200 5332 2219 5365 ε
2254 5311 2458 5385 Arguet
2489 5325 2540 5369 te
2565 5315 2768 5372 malitia
2797 5325 2887 5373 tua
2909 5317 3046 5390 (sive
3075 5321 3288 5377 erudiet
3305 5330 3358 5378 te
3381 5322 3707 5393 praevarica-

2128 5427 2146 5459 ‹
2181 5408 2256 5464 ιίο
2282 5407 2413 5478 tua),
2439 5417 2494 5464 et
2527 5409 2738 5466 aversio
2770 5419 2861 5465 tua
2890 5413 3192 5482 increpabit
3214 5422 3285 5470 te.
3313 5414 3465 5470 Scito
3485 5425 3540 5470 et
3560 5413 3701 5478 vide,

2127 5517 2146 5548 ι
2181 5500 2306 5568 quia
2333 5501 2530 5556 malum
2561 5510 2616 5557 et
2639 5518 2886 5559 amarum
2917 5514 3002 5560 est
3023 5506 3306 5576 reliquisse
3336 5517 3386 5563 te
3415 5507 3700 5563 Dominum

2126 5613 2144 5643 ‹
2178 5594 2344 5650 Deum
2372 5605 2540 5660 tuum,
2573 5607 2630 5653 et
2664 5613 2771 5653 non
2795 5614 2914 5654 esse
2953 5600 3202 5656 timorem
3232 5601 3339 5656 mei
3363 5601 3504 5670 apud
3531 5608 3603 5673 te,
3626 5597 3705 5652 di—

2124 5706 2141 5734 ι
2175 5686 2250 5740 cit
2277 5687 2533 5742 Dominus
2573 5689 2714 5743 Deus
2764 5690 3120 5744 exercituum.
3167 5709 3186 5741 ι
3220 5689 3523 5744 Notandum
3557 5687 3702 5760 quod

2117 5785 2172 5829 et
2212 5777 2434 5840 malitia,
2490 5778 2602 5831 sive
2651 5779 3047 5846 praevaricatio,
3097 5787 3384 5849 postquam
3421 5777 3702 5834 satiaverit

2117 5869 2580 5936 praevaricantem,
2612 5878 2666 5925 et
2693 5871 2862 5926 instar
2882 5870 3220 5926 coturnicum
3263 5883 3434 5940 usque
3465 5869 3532 5924 ad
3564 5883 3672 5924 uau
