4008 6340
376 374 514 431 ν-ΗἹ

1331 374 1693 432 EXPOSITIO
1734 374 1964 432 SUPER
2000 375 2367 435 JEREMIAM.
2409 412 2477 427 ~
2511 383 2639 438 LIB.
2682 385 2745 439 II.

3562 394 3664 451 818

371 521 374 524 ~
405 504 555 545 seam
581 489 806 552 venerit,
834 489 1045 546 erudiat
1067 497 1312 560 agentem
1336 490 1709 559 paenitentiam
1734 509 1747 543 :
1773 488 1861 544 cui
1885 489 1983 544 im-
2012 496 2060 555 Α
2085 492 2324 562 loquitur
2371 495 2554 563 Israel,
2609 501 2752 568 quod
2787 501 3086 572 conjugalia
3130 504 3333 559 hedera
3369 506 3592 577 ruperit,
3614 513 3670 562 et

403 587 629 652 peratur
654 589 712 634 ut
730 579 910 635 videat
935 579 1065 649 quid
1092 579 1388 649 reliquerit,
1421 579 1550 649 quid
1575 588 1792 635 secutus
1813 580 1908 644 sit,
1932 587 1987 634 et

401 673 674 744 quomodo
716 688 977 745 spernens
1027 672 1170 729 bona
1198 681 1253 729 et
1299 673 1495 740 dulcia,
1543 674 1683 729 mala
1715 682 1770 730 et
1799 689 1984 728 amara

401 762 647 834 elegerit.
679 762 792 818 Hoc
815 769 996 818 autem
1029 770 1199 818 totum
1231 761 1432 818 factum
1472 771 1556 818 est
1593 763 1719 832 quia
1766 762 1987 833 reliquit

402 851 686 910 Dominum
733 851 902 906 Deum
951 867 1132 916 suum,
1169 859 1226 907 et
1250 851 1412 907 timor
1439 850 1582 906 illius
1607 867 1716 906 non
1737 859 1819 905 est
1843 847 1985 922 apud

401 958 545 996 cum.
609 963 628 994 ι
680 941 1010 1013 Principium
1065 943 1209 998 enim
1265 943 1540 1012 sapientiae
1566 943 1729 997 timor
1767 940 1981 996 Domini

401 1031 581 1104 (Prov.
611 1033 708 1105 Ix),
759 1053 779 1086 ι
813 1048 976 1104 quem
1004 1033 1132 1104 quia
1151 1049 1259 1090 non
1282 1033 1492 1100 habuit,
1523 1031 1665 1089 malo
1694 1040 1751 1088 et
1777 1031 1978 1087 amari-

400 1123 571 1177 tudini
599 1123 850 1178 traditur.
1179 1169 1181 1174 .

473 1233 492 1266 ι
527 1216 569 1269 Α
604 1216 799 1271 saeculo
832 1216 1144 1288 confregisti
1176 1217 1366 1289 jugum
1396 1233 1576 1273 meum
1605 1218 1734 1289 (sive
1768 1215 1972 1288 tuum),

401 1327 419 1358 ι
449 1308 640 1377 rupisti
678 1310 886 1365 vincula
926 1326 1045 1366 mea
1077 1313 1204 1382 (sive
1231 1314 1344 1374 tua)
1377 1320 1430 1366 et
1451 1313 1632 1368 dixisti
1670 1329 1684 1366 :
1718 1310 1836 1368 Non
1861 1327 1974 1367 ser-

399 1417 417 1449 ι
443 1399 606 1454 viam.
640 1399 696 1454 In
719 1402 866 1456 omni
899 1403 1043 1456 enim
1068 1402 1203 1457 colle
1228 1402 1440 1458 sublimi
1470 1414 1526 1458 et
1551 1403 1649 1458 sub
1662 1403 1808 1460 omni
1832 1402 1976 1472 ligno

397 1513 417 1543 ι
443 1491 696 1549 frondoso
719 1503 775 1548 tu
798 1496 1231 1564 prosternebaris
1247 1496 1505 1551 meretrix
1522 1495 1646 1568 (sive
1679 1495 1752 1551 ibi
1780 1493 1975 1550 dilfun-

385 1599 417 1632 4
451 1583 668 1640 debaris
713 1584 769 1639 in
800 1583 1199 1658 fornicatione).
1247 1605 1266 1638 ι
1319 1585 1486 1654 Quasi
1517 1587 1586 1642 ad
1627 1585 1976 1642 meretricem

2091 584 2288 640 dixerit
2320 603 2332 639 :
2364 605 2382 639 ι
2417 585 2534 642 Non
2573 590 2826 658 serviam,
2873 611 2891 644 ι
2953 594 3271 650 subauditur
3328 597 3545 652 domino
3584 597 3670 653 vel

2090 678 2312 742 marito;
2349 680 2446 734 sed
2474 680 2529 734 in
2557 683 2702 736 omni
2731 683 2867 740 colle
2889 685 3102 740 sublimi
3139 695 3195 741 et
3219 687 3319 742 sub
3347 690 3490 744 omni
3521 689 3666 761 ligno

2075 767 2344 824 frondoso
2383 780 2652 841 prostrata
2694 773 2857 830 fuerit
2897 777 3232 832 idololatriae.
3263 779 3490 834 Ammna
3516 781 3663 836 enim

2087 877 2301 933 semper
2323 873 2378 920 et
2412 866 2622 922 excelsa
2651 868 2768 924 loca
2801 871 2956 926 idolis
2978 872 3313 928 dedicantur.
3353 874 3539 930 Potest
3559 875 3663 930 hoc

2085 963 2141 1012 et
2169 957 2236 1014 ad
2260 973 2381 1012 eum
2407 959 2513 1014 dici
2543 961 2633 1029 qui
2677 963 2743 1017 ab
2787 962 2942 1019 initio
2964 963 3304 1019 Christianus
3324 972 3380 1020 et
3399 965 3569 1020 sacris
3598 980 3664 1020 ex

2063 1057 2238 1118 parte
2259 1049 2453 1105 litteris
2487 1051 2754 1118 eruditus,
2780 1061 2962 1124 postea
2991 1054 3258 1109 desiderio
3287 1055 3562 1110 saecularis
3581 1055 3666 1109 lit-

2082 1145 2356 1204 teraturae,
2383 1155 2504 1209 quae
2531 1141 2868 1212 significatur
2894 1143 2949 1198 in
2974 1143 3205 1199 collibus
3254 1152 3310 1198 et
3357 1143 3411 1198 in
3449 1158 3664 1200 amtena

2079 1230 2408 1302 eloquentia,
2439 1249 2560 1303 quae
2604 1234 2656 1287 in
2684 1233 2954 1291 frondosis
2991 1245 3326 1291 monstratur
3355 1237 3661 1304 arboribus,

2076 1332 2386 1392 prosternat
2411 1337 2469 1378 se
2492 1325 2843 1389 daemonibus,
2872 1326 2964 1395 qui
2987 1328 3086 1382 sub
3105 1329 3390 1384 occasione
3411 1327 3670 1383 eruditio-

2076 1417 2162 1471 nis
2181 1424 2234 1470 et
2263 1415 2506 1470 sublimis
2539 1415 2776 1476 scientiae
2801 1415 3044 1486 polluunt
3069 1418 3402 1473 credentium
3431 1419 3663 1486 animas,

2077 1518 2132 1565 et
2155 1507 2458 1582 divaricare
2482 1506 2688 1563 faciunt
2709 1507 2876 1578 pedes
2898 1523 3024 1564 suos
3048 1510 3194 1564 omni
3230 1509 3553 1566 transeunti.

396 1754 3646 1795 Μ

1563 1897 1858 1978 LIBER
1916 1895 2481 1979 SECUNDUS.

461 2187 590 2242 Post
637 2185 1059 2258 increpationem
1110 2201 1217 2257 qua
1258 2188 1522 2245 Dominus
1549 2190 1748 2247 ludatis
1777 2207 1974 2264 expro-
2002 2201 2050 2261 Β
2078 2194 2266 2266 Itaque
2297 2192 2617 2257 Jerusalem,
2640 2198 2700 2246 ut
2721 2190 2977 2255 diximus,
3007 2191 3296 2263 plangitur,
3321 2199 3376 2247 et
3405 2205 3657 2250 sermone

389 2279 566 2334 bravit
587 2281 729 2349 quod
755 2288 1104 2336 mutaverunt
1133 2278 1537 2350 gloriam’suam
1571 2285 1880 2354 in‘idolum,
1915 2296 1970 2344 et

386 2374 772 2445 dereliquerint
817 2374 1020 2432 fontem
1072 2391 1224 2446 aqua:
1268 2361 1422 2443 vivae,
1460 2377 1725 2434 fodientes
1752 2380 1855 2435 sibi
1886 2381 1968 2435 ci-

387 2473 600 2520 sternas
624 2465 930 2534 dissipatas,
962 2481 1081 2536 quae
1111 2466 1387 2522 continere
1411 2483 1521 2523 non
1549 2469 1729 2524 valent
1755 2485 1924 2540 aquas
1952 2491 1964 2527 :

386 2555 581 2610 iterum
610 2557 711 2612 sub
736 2556 840 2611 alio
865 2556 1111 2627 exemplo
1134 2566 1392 2626 provocat
1426 2559 1494 2614 ad
1519 2561 1835 2616 memoriam
1859 2562 1962 2630 sui,

384 2656 651 2718 quatenus
702 2650 1053 2705 recordentur
1102 2649 1334 2720 qualiter
1383 2651 1439 2705 in
1497 2653 1740 2722 patribus
1785 2654 1962 2719 electi,

384 2738 608 2809 plantati
639 2748 765 2795 sunt
789 2741 858 2796 ab
879 2755 944 2795 eo
965 2756 1115 2795 more
1135 2741 1306 2797 vinea:
1329 2742 1382 2797 in
1409 2751 1551 2798 terra
1583 2748 1963 2816 repromissio-

383 2832 490 2896 nis,
520 2831 660 2886 sicut
703 2830 990 2887 Psalmista
1037 2840 1265 2888 testatur
1313 2833 1535 2890 dicens:
1586 2854 1606 2887 ‹
1644 2836 1869 2892 Vineam
1900 2852 1968 2893 ex

382 2923 618 2996 ,Ευρῑο
654 2925 996 2992 transtulisti,
1018 2926 1228 2994 ejecisti
1249 2934 1434 2997 gentes
1462 2935 1518 2982 et
1536 2927 1790 2998 plantasti
1819 2944 1962 2996 eam,

381 3016 523 3072 viam
563 3015 735 3073 fecisti
780 3019 835 3072 in
879 3026 1169 3088 conspectu
1215 3017 1351 3089 ejus,
1383 3026 1434 3073 et
1466 3019 1720 3088 plantasti
1753 3021 1965 3077 radices

383 3107 518 3177 ejus,
573 3117 627 3164 et
649 3110 853 3180 repleta
896 3118 978 3166 est
1024 3119 1190 3176 terra,
1231 3131 1249 3163 ι
1282 3119 1386 3167 etc.
1432 3108 1606 3183 (Psal.
1636 3112 1848 3186 uxrx.)
1891 3115 1965 3170 De

382 3213 488 3267 quo
517 3200 680 3254 etiam
703 3217 846 3256 nunc
871 3216 970 3271 per
998 3200 1287 3257 Jeremiam
1318 3202 1516 3258 dicitur
1543 3223 1555 3258 :

456 3310 474 3343 ι
505 3292 621 3364 Εεσ
647 3303 826 3348 autem
846 3293 1080 3364 plantavi
1106 3302 1158 3349 te
1181 3295 1394 3350 vineam
1426 3296 1675 3362 electam,
1698 3311 1858 3351 omne
1880 3311 1964 3352 se-

385 3397 404 3430 ι
433 3395 558 3436 men
586 3396 795 3448 verum,
822 3382 1092 3452 quomodo
1116 3399 1377 3440 conversa
1404 3400 1464 3440 es
1485 3385 1616 3440 mihi
1654 3387 1707 3441 in
1734 3401 1960 3456 pravum

386 3491 404 3522 ι
432 3473 590 3525 vinea
613 3472 807 3528 aliena.
849 3493 867 3525 ι
889 3472 1238 3544 Septuaginta
1268 3493 1282 3528 :
1321 3493 1340 3526 ι
1372 3476 1483 3547 Ego
1513 3485 1693 3531 autem
1718 3476 1959 3547 plantavi

2071 2287 2388 2358 prOpbetico
2410 2287 2554 2341 illius
2581 2285 2735 2339 ruina
2759 2292 3028 2339 cantatur.
3073 2283 3244 2337 Porro
3291 2283 3547 2339 Ecclesim
3595 2291 3653 2340 et

2070 2377 2267 2448 populo
2295 2377 2562 2448 quondam
2583 2377 2845 2446 gentium,
2896 2375 3041 2429 aliud
3072 2389 3289 2429 carmen
3317 2383 3400 2430 est
3423 2375 3652 2442 editum,

2071 2467 2138 2523 de
2163 2483 2271 2538 quo
2303 2468 2354 2521 in
2385 2467 2613 2522 Psalmis
2656 2465 2880 2535 legimus
2913 2465 3180 2521 :Cantate
3207 2465 3436 2520 Domino
3475 2465 3654 2520 omnis

2071 2565 2238 2623 terra,
2277 2558 2596 2613 annuntiate
2622 2555 2765 2611 diem
2786 2571 2852 2611 ex
2878 2555 2964 2610 die
2994 2563 3228 2610 salutare
3257 2555 3393 2626 ejus.
3429 2555 3654 2610 Annuu-

2071 2649 2202 2704 tiate
2233 2649 2285 2704 in
2312 2647 2561 2720 gentibus
2581 2648 2808 2718 gloriam
2830 2645 2968 2715 ejus,
2985 2647 3039 2702 in
3062 2649 3314 2703 omnibus
3329 2648 3538 2718 populis
3559 2648 3658 2702 mi-

2068 2738 2259 2794 rabilia
2284 2740 2421 2811 ejus.
2449 2739 2518 2796 Et
2542 2754 2759 2795 rursum
2794 2757 2807 2793 :
2839 2739 3066 2794 Caritate
3107 2740 3335 2794 Domino
3380 2741 3650 2796 canticum

2068 2844 2285 2895 novum,
2319 2831 2444 2900 quia
2474 2830 2746 2886 mirabilia
2772 2816 2921 2886 fecit.
2949 2829 3218 2903 (Ηὶενοη.)
3251 2831 3358 2886 Sed
3386 2839 3440 2886 et
3469 2831 3523 2885 in
3549 2833 3654 2886 hoc

2067 2910 2456 2977 consideranda
2479 2922 2764 2978 clementia
2792 2922 3083 2986 Creatoris,
3111 2925 3256 2993 quod
3281 2924 3372 2993 qui
3397 2925 3450 2978 in
3469 2924 3652 2980 Evan-

2066 3015 2207 3086 gelio
2235 3015 2371 3070 dixit
2403 3031 2416 3070 :
2447 3036 2466 3068 ι
2495 3016 2607 3084 Ego
2637 3032 2756 3072 sum
2783 3017 2911 3071 vitis
2949 3031 3100 3082 vera,
3137 3036 3155 3067 ι
3191 3017 3488 3087 disciplinis
3515 3016 3648 3088 [At.,

2065 3104 2366 3179 discipulis]
2397 3121 2612 3178 quoque
2636 3107 2748 3162 suis
2770 3108 2980 3163 dederit
3004 3116 3057 3162 et
3083 3108 3325 3163 credenti
3359 3108 3411 3162 in
3455 3123 3514 3162 se
3552 3123 3650 3177 po-

2064 3197 2208 3266 pulo,
2256 3206 2315 3252 ut
2355 3199 2479 3255 vitis
2525 3199 2697 3255 electa
2735 3200 2820 3255 vel
2868 3215 2997 3254 vera
3027 3200 3118 3266 sit,
3164 3200 3209 3255 si
3239 3199 3472 3256 voluerit
3499 3200 3554 3254 in
3581 3215 3646 3255 eo

2066 3289 2208 3359 quod
2230 3289 2469 3359 plantata
2506 3300 2605 3355 est,
2632 3305 2973 3360 permanere.

2138 3399 2156 3432 ι
2196 3379 2253 3436 Si
2298 3381 2498 3438 laveris
2525 3391 2576 3437 te
2615 3383 2779 3448 nitro,
2807 3391 2862 3438 et
2901 3383 3346 3453 multiplicaveris
3393 3384 3488 3439 tibi
3519 3384 3641 3438 her-

2070 3492 2086 3521 ι
2124 3473 2248 3527 bam
2276 3474 2490 3538 borith,
2537 3474 2802 3528 maculata
2851 3489 2911 3529 es
2936 3473 2989 3528 in
3021 3474 3304 3543 iniquitate
3329 3484 3418 3528 tua
3455 3489 3640 3529 coram

382 3568 433 3613 te
465 3559 672 3614 vineam
699 3562 1035 3631 frugiferam,
1070 3580 1286 3620 omnem
1312 3581 1519 3632 veram,
1543 3570 1812 3637 quomodo
1831 3584 1960 3624 con-
1987 3554 2032 3616 C
2071 3581 2088 3613 ι
2123 3577 2233 3629 me,
2265 3564 2393 3618 dicit
2421 3565 2676 3619 Dominus
2699 3564 2861 3621 Deus.
2896 3585 2916 3618 ι
2943 3565 3050 3619 Pro
3072 3548 3240 3620 herba
3270 3574 3454 3630 niam,
3485 3582 3647 3635 quam
3692 3602 3709 3620 ι

380 3665 538 3705 versa
573 3665 632 3705 es
661 3651 716 3704 in
745 3654 1158 3707 amaritudinem
1197 3657 1325 3713 vitis
1360 3658 1584 3714 alienae?
1638 3681 1654 3711 ι
1693 3659 1966 3732 (Ηίενοη.)

383 3741 488 3797 Pro
509 3742 665 3796 vinea
687 3741 881 3807 electa,
908 3742 1021 3798 sive
1042 3741 1316 3813 frugifera,
1346 3744 1402 3798 in
1431 3733 1658 3800 Hebraeo
1683 3753 1836 3830 p112?
1862 3753 1964 3802 lia-

383 3833 562 3900 betur,
597 3849 716 3903 quae
745 3851 794 3888 Ill
819 3833 969 3888 Isaiae
989 3835 1202 3890 cantico
1231 3835 1450 3904 ponitur
1479 3835 1614 3907 (lsa.
1643 3835 1718 3907 v).
1749 3837 1842 3892 Est
1871 3852 1936 3892 au

385 3933 490 3978 tem
526 3941 694 3996 genus
718 3925 843 3981 vitis
865 3925 1099 3995 optimae,
1127 3941 1232 3996 quo
1260 3927 1475 3982 surculo
1510 3937 1563 3982 et
1590 3927 1754 3984 Israel
1782 3929 1966 3984 Domi-

383 4030 484 4068 nus
511 4015 780 4085 plautasse
809 4030 867 4071 se
913 4017 1064 4083 dicit,
1114 4025 1169 4072 et
1216 4018 1442 4074 miratur
1470 4021 1738 4090 quomodo
1779 4036 1964 4077 semen

382 4120 569 4160 verum
597 4106 871 4176 electaque
896 4107 1052 4164 vinea
1067 4123 1328 4164 conversa
1357 4109 1427 4164 sit
1451 4110 1505 4164 in
1523 4110 1962 4178 amaritudinem,

383 4205 437 4250 et
467 4195 585 4251 ideo
615 4197 754 4252 facta
778 4199 850 4252 sit
872 4198 1024 4254 vinea
1065 4199 1257 4254 aliena.
1291 4198 1588 4271 Nullusque
1615 4216 1838 4257 securus
1870 4203 1963 4268 sit,

382 4287 424 4342 si
459 4294 514 4342 et
541 4288 797 4356 plantatio
839 4289 1050 4344 Domini
1077 4297 1132 4344 et
1159 4306 1342 4347 semen
1377 4307 1566 4347 verum
1597 4303 1653 4348 et
1677 4293 1831 4348 vinea
1865 4292 1965 4349 So.

382 4378 509 4433 rech
540 4380 592 4433 in
623 4388 832 4434 tantum
862 4396 959 4436 suo
986 4383 1119 4436 vitio
1144 4392 1524 4454 commutatur,
1554 4394 1612 4440 ut
1635 4402 1736 4456 per
1767 4387 1966 4443 amari-

384 4470 626 4524 tudinem
657 4472 874 4526 recedat
899 4489 928 4526 a
953 4473 1204 4539 Domino,
1235 4483 1292 4528 et
1319 4473 1414 4531 ﬁat
1431 4476 1558 4530 vitis
1579 4476 1772 4531 aliena.
1795 4478 1966 4549 (Mau-

381 4561 526 4632 nus.)
555 4561 632 4617 De
654 4578 761 4632 qua
787 4565 932 4618 enim
960 4565 1117 4619 vinea
1141 4581 1304 4636 supra
1332 4576 1628 4622 memorata
1651 4569 1704 4623 in
1727 4569 1861 4625 Isaia
1891 4572 1968 4627 ita

383 4653 645 4722 scriptum
673 4661 757 4709 est
797 4672 810 4708 :
865 4673 884 4706 ι
935 4654 1178 4713 Cantabo
1202 4657 1397 4712 dilecto
1430 4673 1552 4714 meo
1577 4660 1844 4716 canticum
1869 4678 1967 4731 pa-

384 4743 572 4800 truelis
624 4746 730 4800 mei
785 4746 956 4802 vinea:
995 4762 1125 4802 suae.
1172 4749 1342 4804 Vinea
1382 4749 1527 4805 facta
1561 4759 1644 4807 est
1690 4752 1882 4807 dilecta
1912 4754 1968 4810 in

382 4851 550 4892 cornu
572 4835 626 4892 in
665 4836 786 4893 loco
812 4837 966 4892 uberi
996 4837 1130 4910 (lsa.
1167 4837 1240 4912 v).
1280 4857 1298 4890 ›
1331 4839 1526 4895 Cantat
1554 4841 1816 4911 propheta
1844 4857 1965 4897 car-

2071 3669 2170 3709 nos
2189 3663 2248 3708 ut
2271 3655 2325 3707 in
2357 3653 2623 3710 Hebraico
2641 3657 2814 3724 posita
2844 3665 2949 3720 est,
2973 3656 3256 3717 vertimus.
3293 3655 3644 3722 Septuaginta

2038 3745 2466 3793 ~transtulerunt
2498 3747 2646 3805 πόαν,
2693 3754 2756 3795 ιιι
2785 3744 3157 3812 signiﬁcarent
3209 3743 3432 3798 herbam
3489 3742 3650 3800 fullo-

2068 3843 2218 3893 num,
2267 3843 2387 3898 quae
2407 3826 2561 3895 juxta
2591 3829 2754 3884 ritum
2807 3833 3096 3900 provinciae
3145 3831 3450 3898 Palestinae,
3484 3833 3538 3888 in
3569 3834 3650 3889 vi-

2072 3919 2314 3974 rentibus
2339 3927 2394 3974 et
2437 3919 2704 3976 bumectis
2732 3923 2976 3976 nascitur
3007 3923 3155 3986 locis,
3194 3933 3249 3978 et
3283 3924 3348 3978 ad
3388 3924 3651 3980 lavandas

2069 4013 2257 4069 sordes
2282 4013 2524 4068 eamdem
2550 4013 2659 4068 vim
2701 4012 2866 4069 liabet
2895 4030 3056 4084 quam
3102 4024 3156 4069 et
3182 4015 3404 4070 nitrum.
3438 4015 3653 4070 Nitrum

2067 4113 2246 4170 autem
2291 4113 2538 4160 nostrum
2585 4113 2640 4160 et
2683 4106 2852 4162 herba
2896 4105 3136 4171 fullonis,
3174 4107 3491 4177 poenitentia
3544 4117 3648 4162 est.

2068 4194 2486 4250 Ecclesiasticus
2513 4209 2728 4264 quoque
2757 4209 2960 4259 sermo,
2987 4195 3079 4264 qui
3108 4195 3285 4264 arguit
3322 4203 3377 4250 et
3408 4196 3655 4265 increpat

2065 4297 2121 4340 et
2165 4285 2856 4365 corripit’delinquentem,
2914 4287 3271 4342 mordacioris
3309 4288 3438 4342 nitri
3489 4289 3653 4343 habet

2068 4378 2495 4434 similitudinem.
2527 4377 2629 4445 Qui
2651 4393 2780 4434 vero
2807 4378 2910 4434 levi
2938 4388 3287 4448 peccatorum
3328 4378 3488 4435 sorde
3533 4395 3652 4434 ma-

2066 4468 2273 4524 culatus
2299 4476 2404 4536 est,
2429 4468 2720 4525 levioribus
2756 4479 3019 4541 purgatur
3055 4470 3295 4544 monitis.
3324 4469 3493 4525 Porro
3524 4484 3652 4540 pec-

2065 4568 2186 4614 cata
2212 4561 2414 4630 gravia,
2444 4575 2565 4629 quae
2604 4561 2670 4614 ad
2698 4569 2928 4615 mortem
2956 4562 3200 4626 trahunt,
3229 4574 3333 4616 nec
3359 4563 3520 4624 nitro,
3548 4576 3652 4616 nec

2066 4649 2234 4703 herba
2263 4649 2444 4702 boritb
2471 4633 2610 4702 dilui
2639 4657 2883 4717 possunt,
2908 4649 3003 4703 sed
3032 4649 3372 4717 gravioribus
3401 4656 3645 4701 tormen-

2071 4738 2138 4792 tis
2168 4737 2427 4807 indigent.
2444 4737 2874 4808 Uuiuscujusque
2900 4739 3046 4792 enim
3075 4753 3212 4808 opus
3233 4737 3394 4806 quale
3415 4736 3487 4792 sit
3506 4736 3651 4807 ignis

2069 4826 2336 4898 probabit,
2365 4827 2493 4883 etin
2520 4829 2644 4897 igne
2668 4827 3014 4882 revelabitur.
3036 4827 3377 4895 Pulchreque
3399 4826 3606 4881 addidit
3630 4847 3647 4882 :

382 4941 504 4982 men
530 4926 875 4986 lamentabile
895 4929 1092 5000 populo
1117 4929 1300 4997 Israel,
1339 4931 1482 5001 quod
1509 4933 1814 5002 composui;
1847 4934 1956 5001 me,
1992 4912 2044 4973 D
2075 4937 2094 4970 ι
2128 4917 2395 4974 Maculata
2428 4932 2488 4974 es
2513 4918 2568 4973 in
2596 4918 2879 4989 iniquitate
2911 4927 3003 4974 tua
3031 4919 3086 4973 in
3115 4925 3409 4988 conSpectu
3439 4931 3584 4984 meo,
3623 4937 3643 4970 ι

381 5019 449 5075 de
501 5036 608 5091 quo
644 5021 902 5092 scriptum
930 5023 1093 5079 estin
1127 5021 1418 5093 Evangelia
1449 5023 1598 5096 (Luc.
1630 5025 1745 5096 xxx)
1777 5041 1790 5078 :
1822 5025 1957 5082 Cum

383 5120 561 5168 autem
587 5114 812 5170 vidisset
852 5129 997 5179 eam,
1047 5115 1192 5170 haud
1235 5115 1454 5170 dubium
1477 5118 1608 5185 quin
1636 5114 1956 5183 Jerusalem,

389 5221 407 5253 ι
453 5201 598 5258 flevit
619 5219 781 5276 super
800 5219 943 5271 eam,
975 5212 1032 5260 et
1060 5203 1235 5258 dixit:
1262 5202 1320 5260 Si
1342 5205 1514 5260 scires
1540 5212 1596 5258 et
1635 5213 1690 5258 tu
1736 5220 1856 5274 quae
1890 5206 1959 5262 ad

385 5307 571 5362 pacem
593 5295 712 5362 tibi,
737 5297 989 5366 quoniam
1009 5295 1230 5350 venient
1268 5297 1384 5352 dies
1433 5312 1595 5368 super
1641 5306 1714 5365 te,
1758 5306 1813 5353 et
1849 5298 1960 5354 cir-

333 5437 360 5452 ,,
386 5387 711 5443 cumdabunt
731 5390 825 5444 tibi
863 5389 1064 5446 inimici
1095 5392 1171 5447 tui
1215 5391 1564 5457 munitiones,
1604 5399 1659 5446 et
1685 5391 1964 5447 vallabunt

354 5485 460 5541 te,
515 5486 570 5533 et
634 5488 977 5549 prosternent
1024 5491 1096 5549 te,
1139 5492 1196 5538 et
1221 5482 1358 5538 lilios
1382 5489 1524 5538 tuos.
1565 5501 1584 5534 ι
1640 5481 1707 5536 Et
1747 5497 1960 5538 rursum

378 5564 606 5638 (Matth.
661 5568 815 5638 χχιιι)
849 5587 862 5621 :
901 5588 919 5620 ι
955 5569 1176 5636 Quoties
1240 5570 1384 5626 volui
1448 5585 1778 5643 congregare
1824 5570 1962 5626 filios

379 5665 506 5711 tuor
529 5656 666 5712 sicut
687 5655 882 5728 gallina
917 5670 1207 5731 congregat
1237 5661 1411 5731 pullos
1451 5661 1552 5717 sub
1581 5661 1693 5717 alas
1734 5675 1880 5728 suas,
1908 5668 1964 5718 et

382 5748 783 5828 ’noluisti..Ecce
795 5751 1094 5810 dimittetur
1105 5753 1258 5812 vobis
1275 5756 1468 5813 domus
1477 5763 1663 5814 vestra
1673 5753 1910 5813 deserta.
1934 5773 1954 5808 ι

2071 5011 2215 5082 quod
2241 5011 2405 5065 etiam
2433 5011 2478 5065 si
2508 5010 2814 5083 hominibus
2836 5010 3034 5065 munda
3055 5009 3308 5074 videaris,
3333 5009 3464 5063 mibi
3492 5024 3650 5062 mun-

2068 5103 2135 5159 da
2156 5118 2263 5158 non
2285 5103 2359 5158 sis
2377 5144 2392 5168 ,
2421 5102 2514 5173 qui
2538 5101 2664 5158 novi
2692 5101 3054 5158 conscientias
3094 5099 3446 5170 singulorum.
3493 5097 3648 5155 Unde

2068 5203 2123 5251 et
2142 5196 2198 5250 in
2227 5195 2332 5250 alio
2347 5194 2466 5250 loco
2492 5194 2720 5250 dicitur:
2752 5210 2770 5244 ι
2803 5192 2918 5247 Non
2937 5189 3326 5263 justificabitur
3346 5189 3402 5245 in
3419 5203 3648 5262 conspe-

2067 5295 2156 5342 ctu
2183 5293 2274 5339 tuo
2308 5285 2487 5340 omnis
2516 5283 2704 5339 vivens
2741 5280 2914 5354 (Psal.
2954 5280 3140 5352 chn).
3179 5299 3198 5332 ι

2108 5397 2160 5452 τι
2189 5376 2468 5445 Quomodo
2489 5375 2626 5431 dicis
2651 5393 2665 5430 :
2709 5373 2828 5430 Non
2857 5388 2976 5430 sum
3003 5372 3230 5444 polluta,
3280 5379 3404 5442 post
3433 5371 3645 5427 Baalim

2073 5489 2092 5524 ι
2128 5487 2235 5526 non
2258 5471 2385 5526 abii.
2413 5470 2690 5551 Vide‘vias
2723 5478 2846 5524 tuas
2881 5469 2936 5524 in
2973 5467 3232 5523 convalle.
3277 5487 3296 5518 ι
3337 5464 3464 5520 Sive
3489 5462 3644 5527 valle,

2067 5580 2186 5636 quae
2211 5563 2475 5620 llebraice
2506 5563 2702 5618 dicitur
2721 5572 2830 5624 κλει
2853 5570 2906 5616 et
2936 5576 2968 5614 a
3000 5559 3351 5630 Septuaginta
3378 5557 3647 5624 interpre-

2065 5668 2229 5724 tatur,
2257 5657 2610 5732 πολυάνδριον,
2641 5655 2785 5726 quod
2811 5666 3060 5709 sermone
3101 5658 3289 5706 nostro
3314 5648 3420 5705 dici
3441 5653 3642 5716 potest,

2063 5749 2359 5823 sepulcrum
2378 5748 2748 5807 multitudinis.
2772 5745 3019 5814 Frustra.
3047 5743 3244 5815 inquit,
3265 5759 3370 5800 non
3401 5743 3484 5798 vis
3512 5754 3645 5795 con-
