  <div class='ocr_page' id='page_1' title='image "/cluster/home/n/w/nwhite01/storage/ocr_20150623/111/hvd.32044009716333/417.png"; bbox 0 0 4008 6340; ppageno 0'>
   <div class='ocr_carea' id='block_1_1' title="bbox 403 332 505 391">
    <p class='ocr_par' dir='ltr' id='par_1_1' title="bbox 403 332 505 391">
     <span class='ocr_line' id='line_1_1' title="bbox 403 332 505 391; baseline -0.02 0"><span class='ocrx_word' id='word_1_1' title='bbox 403 332 505 391; x_wconf 74' lang='grc'><strong>819</strong></span> 
     </span>
    </p>
   </div>
   <div class='ocr_carea' id='block_1_2' title="bbox 1039 324 3008 395">
    <p class='ocr_par' dir='ltr' id='par_1_2' title="bbox 1039 324 3008 395">
     <span class='ocr_line' id='line_1_2' title="bbox 1039 324 3008 395; baseline -0.004 -9"><span class='ocrx_word' id='word_1_2' title='bbox 1039 332 1100 387; x_wconf 92' lang='grc' dir='ltr'><strong>Β.</strong></span> <span class='ocrx_word' id='word_1_3' title='bbox 1142 329 1395 395; x_wconf 76' lang='lat' dir='ltr'><strong>BABANI</strong></span> <span class='ocrx_word' id='word_1_4' title='bbox 1427 329 1649 388; x_wconf 79' lang='lat' dir='ltr'><strong>MAURI</strong></span> <span class='ocrx_word' id='word_1_5' title='bbox 1683 327 2002 386; x_wconf 81' lang='lat' dir='ltr'><strong>ARCHIEP.</strong></span> <span class='ocrx_word' id='word_1_6' title='bbox 2038 325 2349 385; x_wconf 85' lang='lat' dir='ltr'><strong>MOGUNT.</strong></span> <span class='ocrx_word' id='word_1_7' title='bbox 2386 324 2668 384; x_wconf 77' lang='lat' dir='ltr'><strong>OPERUM</strong></span> <span class='ocrx_word' id='word_1_8' title='bbox 2702 324 2882 383; x_wconf 77' lang='lat' dir='ltr'><strong>PARS</strong></span> <span class='ocrx_word' id='word_1_9' title='bbox 2920 325 3008 381; x_wconf 94' lang='lat' dir='ltr'><strong>lll.</strong></span> 
     </span>
    </p>
   </div>
   <div class='ocr_carea' id='block_1_3' title="bbox 3547 323 3665 385">
    <p class='ocr_par' dir='ltr' id='par_1_3' title="bbox 3547 323 3665 385">
     <span class='ocr_line' id='line_1_3' title="bbox 3547 323 3665 385; baseline -0.034 0"><span class='ocrx_word' id='word_1_10' title='bbox 3547 323 3665 385; x_wconf 70' lang='lat'><strong>820</strong></span> 
     </span>
    </p>
   </div>
   <div class='ocr_carea' id='block_1_4' title="bbox 401 424 3666 514">
    <p class='ocr_par' dir='ltr' id='par_1_4' title="bbox 401 424 3666 514">
     <span class='ocr_line' id='line_1_4' title="bbox 401 424 3666 514; baseline -0.003 -15"><span class='ocrx_word' id='word_1_11' title='bbox 401 444 541 499; x_wconf 82' lang='lat' dir='ltr'><strong>titeri</strong></span> <span class='ocrx_word' id='word_1_12' title='bbox 562 443 765 501; x_wconf 89' lang='lat' dir='ltr'><strong>scelera</strong></span> <span class='ocrx_word' id='word_1_13' title='bbox 784 443 1158 514; x_wconf 86' lang='lat' dir='ltr'><strong>tua,etjaetas</strong></span> <span class='ocrx_word' id='word_1_14' title='bbox 1181 444 1655 514; x_wconf 83' lang='lat' dir='ltr'><strong>munditiam,quae</strong></span> <span class='ocrx_word' id='word_1_15' title='bbox 1670 442 1983 499; x_wconf 71' lang='lat' dir='ltr'><strong>idololatria:</strong></span> <span class='ocrx_word' id='word_1_16' title='bbox 2008 444 2062 511; x_wconf 79' lang='grc' dir='ltr'><strong>Α</strong></span> <span class='ocrx_word' id='word_1_17' title='bbox 2087 439 2177 510; x_wconf 90' lang='lat' dir='ltr'><strong>qui</strong></span> <span class='ocrx_word' id='word_1_18' title='bbox 2202 437 2472 494; x_wconf 88' lang='lat' dir='ltr'><strong>voluerint</strong></span> <span class='ocrx_word' id='word_1_19' title='bbox 2505 452 2627 493; x_wconf 87' lang='lat' dir='ltr'><strong>eam</strong></span> <span class='ocrx_word' id='word_1_20' title='bbox 2668 438 2931 500; x_wconf 89' lang='lat' dir='ltr'><strong>invenire,</strong></span> <span class='ocrx_word' id='word_1_21' title='bbox 2964 436 3017 489; x_wconf 91' lang='lat' dir='ltr'><strong>in</strong></span> <span class='ocrx_word' id='word_1_22' title='bbox 3044 436 3392 507; x_wconf 84' lang='lat' dir='ltr'><strong>turpitudinis</strong></span> <span class='ocrx_word' id='word_1_23' title='bbox 3436 424 3666 492; x_wconf 50' lang='lat' dir='ltr'><strong>humili-4</strong></span> 
     </span>
    </p>
   </div>
   <div class='ocr_carea' id='block_1_5' title="bbox 402 532 1978 607">
    <p class='ocr_par' dir='ltr' id='par_1_5' title="bbox 402 532 1978 607">
     <span class='ocr_line' id='line_1_5' title="bbox 402 532 1978 607; baseline -0.001 -19"><span class='ocrx_word' id='word_1_24' title='bbox 402 535 604 607; x_wconf 87' lang='lat' dir='ltr'><strong>polluta</strong></span> <span class='ocrx_word' id='word_1_25' title='bbox 639 550 698 590; x_wconf 91' lang='lat' dir='ltr'><strong>es</strong></span> <span class='ocrx_word' id='word_1_26' title='bbox 728 534 998 599; x_wconf 84' lang='lat' dir='ltr'><strong>sordibus,</strong></span> <span class='ocrx_word' id='word_1_27' title='bbox 1029 543 1085 589; x_wconf 92' lang='lat' dir='ltr'><strong>et</strong></span> <span class='ocrx_word' id='word_1_28' title='bbox 1106 535 1443 605; x_wconf 86' lang='lat' dir='ltr'><strong>impudenter</strong></span> <span class='ocrx_word' id='word_1_29' title='bbox 1470 549 1636 605; x_wconf 82' lang='lat' dir='ltr'><strong>negas</strong></span> <span class='ocrx_word' id='word_1_30' title='bbox 1670 540 1722 589; x_wconf 88' lang='lat' dir='ltr'><strong>te</strong></span> <span class='ocrx_word' id='word_1_31' title='bbox 1744 532 1978 589; x_wconf 89' lang='lat' dir='ltr'><strong>coluisse</strong></span> 
     </span>
    </p>
   </div>
   <div class='ocr_carea' id='block_1_6' title="bbox 406 624 1974 694">
    <p class='ocr_par' dir='ltr' id='par_1_6' title="bbox 406 624 1974 694">
     <span class='ocr_line' id='line_1_6' title="bbox 406 624 1974 694; baseline -0.001 -14"><span class='ocrx_word' id='word_1_32' title='bbox 406 626 606 682; x_wconf 89' lang='lat' dir='ltr'><strong>idolum</strong></span> <span class='ocrx_word' id='word_1_33' title='bbox 647 624 873 680; x_wconf 86' lang='lat' dir='ltr'><strong>Baalim.</strong></span> <span class='ocrx_word' id='word_1_34' title='bbox 902 624 1131 694; x_wconf 81' lang='lat' dir='ltr'><strong>Respice</strong></span> <span class='ocrx_word' id='word_1_35' title='bbox 1165 625 1461 680; x_wconf 84' lang='lat' dir='ltr'><strong>convallem</strong></span> <span class='ocrx_word' id='word_1_36' title='bbox 1510 624 1740 683; x_wconf 89' lang='lat' dir='ltr'><strong>ﬁliorum</strong></span> <span class='ocrx_word' id='word_1_37' title='bbox 1764 625 1974 691; x_wconf 88' lang='lat' dir='ltr'><strong>Eunon,</strong></span> 
     </span>
    </p>
   </div>
   <div class='ocr_carea' id='block_1_7' title="bbox 401 716 2013 789">
    <p class='ocr_par' dir='ltr' id='par_1_7' title="bbox 401 716 2013 789">
     <span class='ocr_line' id='line_1_7' title="bbox 401 716 2013 789; baseline -0.001 -17"><span class='ocrx_word' id='word_1_38' title='bbox 401 734 521 789; x_wconf 65' lang='lat' dir='ltr'><strong>qua:</strong></span> <span class='ocrx_word' id='word_1_39' title='bbox 551 717 695 773; x_wconf 90' lang='lat' dir='ltr'><strong>Siloe</strong></span> <span class='ocrx_word' id='word_1_40' title='bbox 724 716 961 770; x_wconf 90' lang='lat' dir='ltr'><strong>fontibus</strong></span> <span class='ocrx_word' id='word_1_41' title='bbox 989 717 1264 787; x_wconf 81' lang='lat' dir='ltr'><strong>irrigatur,</strong></span> <span class='ocrx_word' id='word_1_42' title='bbox 1292 726 1348 771; x_wconf 92' lang='lat' dir='ltr'><strong>et</strong></span> <span class='ocrx_word' id='word_1_43' title='bbox 1375 716 1447 771; x_wconf 90' lang='lat' dir='ltr'><strong>ibi</strong></span> <span class='ocrx_word' id='word_1_44' title='bbox 1489 717 1668 772; x_wconf 90' lang='lat' dir='ltr'><strong>cernis</strong></span> <span class='ocrx_word' id='word_1_45' title='bbox 1695 716 1977 771; x_wconf 84' lang='lat' dir='ltr'><strong>delubrum</strong></span> <span class='ocrx_word' id='word_1_46' title='bbox 2006 764 2013 771; x_wconf 89' lang='lat'><strong>.</strong></span> 
     </span>
    </p>
   </div>
   <div class='ocr_carea' id='block_1_8' title="bbox 399 805 1978 878">
    <p class='ocr_par' dir='ltr' id='par_1_8' title="bbox 399 805 1978 878">
     <span class='ocr_line' id='line_1_8' title="bbox 399 805 1978 878; baseline 0 -17"><span class='ocrx_word' id='word_1_47' title='bbox 399 806 547 869; x_wconf 85' lang='lat' dir='ltr'><strong>Baal,</strong></span> <span class='ocrx_word' id='word_1_48' title='bbox 600 821 761 877; x_wconf 85' lang='lat' dir='ltr'><strong>quem</strong></span> <span class='ocrx_word' id='word_1_49' title='bbox 811 805 997 861; x_wconf 89' lang='lat' dir='ltr'><strong>relicto</strong></span> <span class='ocrx_word' id='word_1_50' title='bbox 1024 808 1251 862; x_wconf 87' lang='lat' dir='ltr'><strong>Domino</strong></span> <span class='ocrx_word' id='word_1_51' title='bbox 1280 816 1536 863; x_wconf 86' lang='lat' dir='ltr'><strong>venerata</strong></span> <span class='ocrx_word' id='word_1_52' title='bbox 1584 823 1664 863; x_wconf 92' lang='lat' dir='ltr'><strong>es.</strong></span> <span class='ocrx_word' id='word_1_53' title='bbox 1715 807 1978 878; x_wconf 84' lang='lat' dir='ltr'><strong>Quodque</strong></span> 
     </span>
    </p>
   </div>
   <div class='ocr_carea' id='block_1_9' title="bbox 401 897 1978 972">
    <p class='ocr_par' dir='ltr' id='par_1_9' title="bbox 401 897 1978 972">
     <span class='ocr_line' id='line_1_9' title="bbox 401 897 1978 972; baseline 0.002 -20"><span class='ocrx_word' id='word_1_54' title='bbox 401 899 635 963; x_wconf 89' lang='lat' dir='ltr'><strong>additur,</strong></span> <span class='ocrx_word' id='word_1_55' title='bbox 669 915 689 948; x_wconf 86' lang='grc'><em>‹</em></span> <span class='ocrx_word' id='word_1_56' title='bbox 736 897 872 953; x_wconf 88' lang='lat' dir='ltr'><strong>scito</strong></span> <span class='ocrx_word' id='word_1_57' title='bbox 899 897 1027 969; x_wconf 90' lang='lat' dir='ltr'><strong>quid</strong></span> <span class='ocrx_word' id='word_1_58' title='bbox 1053 897 1272 966; x_wconf 79' lang='lat' dir='ltr'><strong>feceris,</strong></span> <span class='ocrx_word' id='word_1_59' title='bbox 1306 920 1324 952; x_wconf 72' lang='grc' dir='ltr'><strong><em>ι</em></strong></span> <span class='ocrx_word' id='word_1_60' title='bbox 1356 899 1570 955; x_wconf 84' lang='lat' dir='ltr'><strong>clausos</strong></span> <span class='ocrx_word' id='word_1_61' title='bbox 1594 901 1778 956; x_wconf 91' lang='lat' dir='ltr'><strong>oculos</strong></span> <span class='ocrx_word' id='word_1_62' title='bbox 1804 901 1978 972; x_wconf 90' lang='lat' dir='ltr'><strong>aperit</strong></span> 
     </span>
    </p>
   </div>
   <div class='ocr_carea' id='block_1_10' title="bbox 402 989 1975 1063">
    <p class='ocr_par' dir='ltr' id='par_1_10' title="bbox 402 989 1975 1063">
     <span class='ocr_line' id='line_1_10' title="bbox 402 989 1975 1063; baseline 0.001 -16"><span class='ocrx_word' id='word_1_63' title='bbox 402 989 741 1060; x_wconf 88' lang='lat' dir='ltr'><strong>denegantis,</strong></span> <span class='ocrx_word' id='word_1_64' title='bbox 772 997 831 1043; x_wconf 90' lang='lat' dir='ltr'><strong>ut</strong></span> <span class='ocrx_word' id='word_1_65' title='bbox 852 998 1041 1045; x_wconf 79' lang='lat' dir='ltr'><strong>cernat</strong></span> <span class='ocrx_word' id='word_1_66' title='bbox 1060 993 1203 1061; x_wconf 92' lang='lat' dir='ltr'><strong>quod</strong></span> <span class='ocrx_word' id='word_1_67' title='bbox 1228 993 1500 1047; x_wconf 90' lang='lat' dir='ltr'><strong>erubescit</strong></span> <span class='ocrx_word' id='word_1_68' title='bbox 1523 995 1786 1063; x_wconf 86' lang='lat' dir='ltr'><strong>aspicere.</strong></span> <span class='ocrx_word' id='word_1_69' title='bbox 1812 993 1975 1050; x_wconf 75' lang='lat' dir='ltr'><strong>Juxta</strong></span> 
     </span>
    </p>
   </div>
   <div class='ocr_carea' id='block_1_11' title="bbox 404 1080 1975 1155">
    <p class='ocr_par' dir='ltr' id='par_1_11' title="bbox 404 1080 1975 1155">
     <span class='ocr_line' id='line_1_11' title="bbox 404 1080 1975 1155; baseline 0.004 -21"><span class='ocrx_word' id='word_1_70' title='bbox 404 1080 755 1151; x_wconf 88' lang='lat' dir='ltr'><strong>tropologiam</strong></span> <span class='ocrx_word' id='word_1_71' title='bbox 787 1081 1175 1152; x_wconf 87' lang='lat' dir='ltr'><strong>impudentiam</strong></span> <span class='ocrx_word' id='word_1_72' title='bbox 1206 1080 1401 1140; x_wconf 76' lang='lat' dir='ltr'><strong>frontis</strong></span> <span class='ocrx_word' id='word_1_73' title='bbox 1429 1098 1637 1147; x_wconf 88' lang='lat' dir='ltr'><strong>eorum.</strong></span> <span class='ocrx_word' id='word_1_74' title='bbox 1668 1086 1759 1155; x_wconf 89' lang='lat' dir='ltr'><strong>qui</strong></span> <span class='ocrx_word' id='word_1_75' title='bbox 1789 1086 1975 1141; x_wconf 88' lang='lat' dir='ltr'><strong>nolunt</strong></span> 
     </span>
    </p>
   </div>
   <div class='ocr_carea' id='block_1_12' title="bbox 401 1173 1975 1248">
    <p class='ocr_par' dir='ltr' id='par_1_12' title="bbox 401 1173 1975 1248">
     <span class='ocr_line' id='line_1_12' title="bbox 401 1173 1975 1248; baseline 0.004 -20"><span class='ocrx_word' id='word_1_76' title='bbox 401 1189 497 1228; x_wconf 87' lang='lat' dir='ltr'><strong>sua</strong></span> <span class='ocrx_word' id='word_1_77' title='bbox 521 1174 650 1228; x_wconf 90' lang='lat' dir='ltr'><strong>vitia</strong></span> <span class='ocrx_word' id='word_1_78' title='bbox 683 1173 929 1230; x_wconf 79' lang='lat' dir='ltr'><strong>confiteri</strong></span> <span class='ocrx_word' id='word_1_79' title='bbox 960 1174 1215 1245; x_wconf 86' lang='lat' dir='ltr'><strong>cperibus</strong></span> <span class='ocrx_word' id='word_1_80' title='bbox 1243 1191 1554 1248; x_wconf 84' lang='lat' dir='ltr'><strong>arguamus.</strong></span> <span class='ocrx_word' id='word_1_81' title='bbox 1594 1177 1975 1246; x_wconf 89' lang='lat' dir='ltr'><strong>Hujuscemodi</strong></span> 
     </span>
    </p>
   </div>
   <div class='ocr_carea' id='block_1_13' title="bbox 398 1252 1974 1340">
    <p class='ocr_par' dir='ltr' id='par_1_13' title="bbox 398 1252 1974 1340">
     <span class='ocr_line' id='line_1_13' title="bbox 398 1252 1974 1340; baseline 0.003 -21"><span class='ocrx_word' id='word_1_82' title='bbox 398 1262 542 1319; x_wconf 88' lang='lat' dir='ltr'><strong>enim</strong></span> <span class='ocrx_word' id='word_1_83' title='bbox 570 1264 818 1321; x_wconf 89' lang='lat' dir='ltr'><strong>homines</strong></span> <span class='ocrx_word' id='word_1_84' title='bbox 846 1252 956 1319; x_wconf 87' lang='lat' dir='ltr'><strong>non</strong></span> <span class='ocrx_word' id='word_1_85' title='bbox 990 1264 1268 1319; x_wconf 87' lang='lat' dir='ltr'><strong>ambulant</strong></span> <span class='ocrx_word' id='word_1_86' title='bbox 1296 1266 1350 1320; x_wconf 91' lang='lat' dir='ltr'><strong>in</strong></span> <span class='ocrx_word' id='word_1_87' title='bbox 1397 1278 1547 1322; x_wconf 90' lang='lat' dir='ltr'><strong>arcta</strong></span> <span class='ocrx_word' id='word_1_88' title='bbox 1576 1275 1631 1321; x_wconf 90' lang='lat' dir='ltr'><strong>et</strong></span> <span class='ocrx_word' id='word_1_89' title='bbox 1667 1268 1720 1322; x_wconf 91' lang='lat' dir='ltr'><strong>in</strong></span> <span class='ocrx_word' id='word_1_90' title='bbox 1751 1280 1974 1340; x_wconf 86' lang='lat' dir='ltr'><strong>angusta</strong></span> 
     </span>
    </p>
   </div>
   <div class='ocr_carea' id='block_1_14' title="bbox 399 1354 1978 1431">
    <p class='ocr_par' dir='ltr' id='par_1_14' title="bbox 399 1354 1978 1431">
     <span class='ocr_line' id='line_1_14' title="bbox 399 1354 1978 1431; baseline 0.006 -23"><span class='ocrx_word' id='word_1_91' title='bbox 399 1354 505 1420; x_wconf 88' lang='lat' dir='ltr'><strong>via,</strong></span> <span class='ocrx_word' id='word_1_92' title='bbox 530 1372 649 1427; x_wconf 86' lang='lat' dir='ltr'><strong>quae</strong></span> <span class='ocrx_word' id='word_1_93' title='bbox 675 1357 821 1413; x_wconf 89' lang='lat' dir='ltr'><strong>ducit</strong></span> <span class='ocrx_word' id='word_1_94' title='bbox 853 1357 921 1412; x_wconf 89' lang='lat' dir='ltr'><strong>ad</strong></span> <span class='ocrx_word' id='word_1_95' title='bbox 959 1357 1150 1423; x_wconf 89' lang='lat' dir='ltr'><strong>vitam,</strong></span> <span class='ocrx_word' id='word_1_96' title='bbox 1175 1356 1358 1413; x_wconf 82' lang='lat' dir='ltr'><strong>sed.in</strong></span> <span class='ocrx_word' id='word_1_97' title='bbox 1386 1358 1493 1415; x_wconf 88' lang='lat' dir='ltr'><strong>lata</strong></span> <span class='ocrx_word' id='word_1_98' title='bbox 1517 1365 1572 1414; x_wconf 92' lang='lat' dir='ltr'><strong>et</strong></span> <span class='ocrx_word' id='word_1_99' title='bbox 1590 1360 1847 1430; x_wconf 88' lang='lat' dir='ltr'><strong>spatiosa,</strong></span> <span class='ocrx_word' id='word_1_100' title='bbox 1880 1376 1978 1431; x_wconf 91' lang='lat' dir='ltr'><strong>per</strong></span> 
     </span>
    </p>
   </div>
   <div class='ocr_carea' id='block_1_15' title="bbox 390 1437 1975 1519">
    <p class='ocr_par' dir='ltr' id='par_1_15' title="bbox 390 1437 1975 1519">
     <span class='ocr_line' id='line_1_15' title="bbox 390 1437 1975 1519; baseline 0.006 -21"><span class='ocrx_word' id='word_1_101' title='bbox 390 1437 557 1514; x_wconf 76' lang='lat' dir='ltr'><strong>quam</strong></span> <span class='ocrx_word' id='word_1_102' title='bbox 604 1446 980 1519; x_wconf 90' lang='lat' dir='ltr'><strong>ingrediuntur</strong></span> <span class='ocrx_word' id='word_1_103' title='bbox 1022 1447 1259 1518; x_wconf 87' lang='lat' dir='ltr'><strong>plurimi,</strong></span> <span class='ocrx_word' id='word_1_104' title='bbox 1295 1465 1414 1518; x_wconf 79' lang='lat' dir='ltr'><strong>quae</strong></span> <span class='ocrx_word' id='word_1_105' title='bbox 1460 1449 1606 1505; x_wconf 90' lang='lat' dir='ltr'><strong>ducit</strong></span> <span class='ocrx_word' id='word_1_106' title='bbox 1634 1452 1700 1504; x_wconf 91' lang='lat' dir='ltr'><strong>ad</strong></span> <span class='ocrx_word' id='word_1_107' title='bbox 1746 1460 1975 1507; x_wconf 90' lang='lat' dir='ltr'><strong>mortem</strong></span> 
     </span>
    </p>
   </div>
   <div class='ocr_carea' id='block_1_16' title="bbox 398 1521 1975 1618">
    <p class='ocr_par' dir='ltr' id='par_1_16' title="bbox 398 1521 1975 1618">
     <span class='ocr_line' id='line_1_16' title="bbox 398 1521 1975 1618; baseline 0.007 -30"><span class='ocrx_word' id='word_1_108' title='bbox 398 1534 612 1606; x_wconf 66' lang='lat' dir='ltr'><strong>(Matth.</strong></span> <span class='ocrx_word' id='word_1_109' title='bbox 644 1536 760 1610; x_wconf 89' lang='lat' dir='ltr'><strong>vn).</strong></span> <span class='ocrx_word' id='word_1_110' title='bbox 788 1538 944 1594; x_wconf 87' lang='lat' dir='ltr'><strong>Unde</strong></span> <span class='ocrx_word' id='word_1_111' title='bbox 971 1548 1025 1593; x_wconf 89' lang='lat' dir='ltr'><strong>et</strong></span> <span class='ocrx_word' id='word_1_112' title='bbox 1074 1521 1442 1610; x_wconf 77' lang='lat' dir='ltr'><strong>signiﬁcanter</strong></span> <span class='ocrx_word' id='word_1_113' title='bbox 1490 1541 1824 1618; x_wconf 75' lang='grc' dir='ltr'><strong>πολυάνδριον</strong></span> <span class='ocrx_word' id='word_1_114' title='bbox 1873 1558 1975 1599; x_wconf 91' lang='lat' dir='ltr'><strong>no-</strong></span> 
     </span>
    </p>
   </div>
   <div class='ocr_carea' id='block_1_17' title="bbox 397 1628 1978 1701">
    <p class='ocr_par' dir='ltr' id='par_1_17' title="bbox 397 1628 1978 1701">
     <span class='ocr_line' id='line_1_17' title="bbox 397 1628 1978 1701; baseline 0.006 -21"><span class='ocrx_word' id='word_1_115' title='bbox 397 1628 601 1683; x_wconf 88' lang='lat' dir='ltr'><strong>minata</strong></span> <span class='ocrx_word' id='word_1_116' title='bbox 632 1639 736 1695; x_wconf 92' lang='lat' dir='ltr'><strong>est,</strong></span> <span class='ocrx_word' id='word_1_117' title='bbox 771 1628 1054 1700; x_wconf 84' lang='lat' dir='ltr'><strong>sivejuxta</strong></span> <span class='ocrx_word' id='word_1_118' title='bbox 1085 1630 1370 1686; x_wconf 86' lang='lat' dir='ltr'><strong>historiam</strong></span> <span class='ocrx_word' id='word_1_119' title='bbox 1401 1634 1541 1701; x_wconf 91' lang='lat' dir='ltr'><strong>quod</strong></span> <span class='ocrx_word' id='word_1_120' title='bbox 1583 1634 1656 1688; x_wconf 91' lang='lat' dir='ltr'><strong>ibi</strong></span> <span class='ocrx_word' id='word_1_121' title='bbox 1693 1634 1978 1690; x_wconf 84' lang='lat' dir='ltr'><strong>interfecta</strong></span> 
     </span>
    </p>
   </div>
   <div class='ocr_carea' id='block_1_18' title="bbox 397 1719 1842 1793">
    <p class='ocr_par' dir='ltr' id='par_1_18' title="bbox 397 1719 1842 1793">
     <span class='ocr_line' id='line_1_18' title="bbox 397 1719 1842 1793; baseline 0.003 -19"><span class='ocrx_word' id='word_1_122' title='bbox 397 1726 453 1774; x_wconf 88' lang='lat' dir='ltr'><strong>et</strong></span> <span class='ocrx_word' id='word_1_123' title='bbox 470 1719 679 1788; x_wconf 85' lang='lat' dir='ltr'><strong>perdita</strong></span> <span class='ocrx_word' id='word_1_124' title='bbox 708 1720 781 1774; x_wconf 87' lang='lat' dir='ltr'><strong>sit</strong></span> <span class='ocrx_word' id='word_1_125' title='bbox 806 1719 1125 1775; x_wconf 70' lang='lat' dir='ltr'><strong>idololatriae</strong></span> <span class='ocrx_word' id='word_1_126' title='bbox 1155 1722 1300 1777; x_wconf 85' lang='lat' dir='ltr'><strong>malo</strong></span> <span class='ocrx_word' id='word_1_127' title='bbox 1326 1723 1509 1793; x_wconf 82' lang='lat' dir='ltr'><strong>populi</strong></span> <span class='ocrx_word' id='word_1_128' title='bbox 1532 1724 1842 1780; x_wconf 81' lang='lat' dir='ltr'><strong>multitudo.</strong></span> 
     </span>
    </p>
   </div>
   <div class='ocr_carea' id='block_1_19' title="bbox 2080 527 3666 601">
    <p class='ocr_par' dir='ltr' id='par_1_19' title="bbox 2080 527 3666 601">
     <span class='ocr_line' id='line_1_19' title="bbox 2080 527 3666 601; baseline -0.001 -16"><span class='ocrx_word' id='word_1_129' title='bbox 2080 539 2188 586; x_wconf 88' lang='lat' dir='ltr'><strong>tate</strong></span> <span class='ocrx_word' id='word_1_130' title='bbox 2217 532 2502 601; x_wconf 90' lang='lat' dir='ltr'><strong>reperient,</strong></span> <span class='ocrx_word' id='word_1_131' title='bbox 2533 540 2593 585; x_wconf 91' lang='lat' dir='ltr'><strong>ut</strong></span> <span class='ocrx_word' id='word_1_132' title='bbox 2619 545 2896 601; x_wconf 86' lang='lat' dir='ltr'><strong>nunquam</strong></span> <span class='ocrx_word' id='word_1_133' title='bbox 2931 530 3104 601; x_wconf 90' lang='lat' dir='ltr'><strong>possit</strong></span> <span class='ocrx_word' id='word_1_134' title='bbox 3147 527 3438 601; x_wconf 82' lang='lat' dir='ltr'><strong>voluptatis</strong></span> <span class='ocrx_word' id='word_1_135' title='bbox 3472 544 3666 584; x_wconf 88' lang='lat' dir='ltr'><strong>amore</strong></span> 
     </span>
    </p>
   </div>
   <div class='ocr_carea' id='block_1_20' title="bbox 2076 618 3668 695">
    <p class='ocr_par' dir='ltr' id='par_1_20' title="bbox 2076 618 3668 695">
     <span class='ocr_line' id='line_1_20' title="bbox 2076 618 3668 695; baseline 0 -18"><span class='ocrx_word' id='word_1_136' title='bbox 2076 622 2282 677; x_wconf 90' lang='lat' dir='ltr'><strong>satiari.</strong></span> <span class='ocrx_word' id='word_1_137' title='bbox 2324 618 2526 695; x_wconf 85' lang='lat' dir='ltr'><strong>(Greg.)</strong></span> <span class='ocrx_word' id='word_1_138' title='bbox 2566 620 2777 695; x_wconf 81' lang='lat' dir='ltr'><strong>Onager</strong></span> <span class='ocrx_word' id='word_1_139' title='bbox 2810 622 2954 676; x_wconf 90' lang='lat' dir='ltr'><strong>enim</strong></span> <span class='ocrx_word' id='word_1_140' title='bbox 3000 622 3228 693; x_wconf 84' lang='lat' dir='ltr'><strong>agrestis</strong></span> <span class='ocrx_word' id='word_1_141' title='bbox 3254 633 3338 676; x_wconf 91' lang='lat' dir='ltr'><strong>est</strong></span> <span class='ocrx_word' id='word_1_142' title='bbox 3376 620 3581 689; x_wconf 85' lang='lat' dir='ltr'><strong>asinus,</strong></span> <span class='ocrx_word' id='word_1_143' title='bbox 3606 630 3668 677; x_wconf 90' lang='lat' dir='ltr'><strong>et</strong></span> 
     </span>
    </p>
   </div>
   <div class='ocr_carea' id='block_1_21' title="bbox 2077 711 3662 785">
    <p class='ocr_par' dir='ltr' id='par_1_21' title="bbox 2077 711 3662 785">
     <span class='ocr_line' id='line_1_21' title="bbox 2077 711 3662 785; baseline -0.001 -17"><span class='ocrx_word' id='word_1_144' title='bbox 2077 720 2228 768; x_wconf 85' lang='lat' dir='ltr'><strong>recte</strong></span> <span class='ocrx_word' id='word_1_145' title='bbox 2266 712 2319 765; x_wconf 91' lang='lat' dir='ltr'><strong>in</strong></span> <span class='ocrx_word' id='word_1_146' title='bbox 2362 713 2463 767; x_wconf 92' lang='lat' dir='ltr'><strong>hoc</strong></span> <span class='ocrx_word' id='word_1_147' title='bbox 2516 711 2653 767; x_wconf 90' lang='lat' dir='ltr'><strong>libro</strong></span> <span class='ocrx_word' id='word_1_148' title='bbox 2699 712 2918 785; x_wconf 89' lang='lat' dir='ltr'><strong>onagris</strong></span> <span class='ocrx_word' id='word_1_149' title='bbox 2960 720 3347 784; x_wconf 82' lang='lat' dir='ltr'><strong>comparantur</strong></span> <span class='ocrx_word' id='word_1_150' title='bbox 3396 711 3662 778; x_wconf 64' lang='lat' dir='ltr'><strong>haeretici,</strong></span> 
     </span>
    </p>
   </div>
   <div class='ocr_carea' id='block_1_22' title="bbox 2076 801 3667 873">
    <p class='ocr_par' dir='ltr' id='par_1_22' title="bbox 2076 801 3667 873">
     <span class='ocr_line' id='line_1_22' title="bbox 2076 801 3667 873; baseline 0.003 -18"><span class='ocrx_word' id='word_1_151' title='bbox 2076 802 2168 873; x_wconf 88' lang='lat' dir='ltr'><strong>qui</strong></span> <span class='ocrx_word' id='word_1_152' title='bbox 2197 802 2249 856; x_wconf 93' lang='lat' dir='ltr'><strong>in</strong></span> <span class='ocrx_word' id='word_1_153' title='bbox 2279 802 2391 856; x_wconf 85' lang='lat' dir='ltr'><strong>suis</strong></span> <span class='ocrx_word' id='word_1_154' title='bbox 2419 801 2782 872; x_wconf 80' lang='lat' dir='ltr'><strong>voluptatibus</strong></span> <span class='ocrx_word' id='word_1_155' title='bbox 2819 802 3024 856; x_wconf 87' lang='lat' dir='ltr'><strong>dimissi</strong></span> <span class='ocrx_word' id='word_1_156' title='bbox 3053 818 3082 856; x_wconf 91' lang='lat' dir='ltr'><strong>a</strong></span> <span class='ocrx_word' id='word_1_157' title='bbox 3119 801 3347 857; x_wconf 88' lang='lat' dir='ltr'><strong>vinculis</strong></span> <span class='ocrx_word' id='word_1_158' title='bbox 3375 812 3501 857; x_wconf 91' lang='lat' dir='ltr'><strong>sunt</strong></span> <span class='ocrx_word' id='word_1_159' title='bbox 3536 803 3667 860; x_wconf 90' lang='lat' dir='ltr'><strong>ﬁdei</strong></span> 
     </span>
    </p>
   </div>
   <div class='ocr_carea' id='block_1_23' title="bbox 2077 891 3663 964">
    <p class='ocr_par' dir='ltr' id='par_1_23' title="bbox 2077 891 3663 964">
     <span class='ocr_line' id='line_1_23' title="bbox 2077 891 3663 964; baseline 0.001 -18"><span class='ocrx_word' id='word_1_160' title='bbox 2077 899 2132 946; x_wconf 91' lang='lat' dir='ltr'><strong>et</strong></span> <span class='ocrx_word' id='word_1_161' title='bbox 2167 892 2391 947; x_wconf 86' lang='lat' dir='ltr'><strong>rationis</strong></span> <span class='ocrx_word' id='word_1_162' title='bbox 2424 893 2605 949; x_wconf 87' lang='lat' dir='ltr'><strong>alieni.</strong></span> <span class='ocrx_word' id='word_1_163' title='bbox 2643 891 2855 964; x_wconf 82' lang='lat' dir='ltr'><strong>Onager</strong></span> <span class='ocrx_word' id='word_1_164' title='bbox 2902 894 3098 963; x_wconf 89' lang='lat' dir='ltr'><strong>quippe</strong></span> <span class='ocrx_word' id='word_1_165' title='bbox 3128 894 3181 947; x_wconf 91' lang='lat' dir='ltr'><strong>in</strong></span> <span class='ocrx_word' id='word_1_166' title='bbox 3230 894 3528 949; x_wconf 86' lang='lat' dir='ltr'><strong>solitudine</strong></span> <span class='ocrx_word' id='word_1_167' title='bbox 3567 911 3663 949; x_wconf 87' lang='lat' dir='ltr'><strong>as-</strong></span> 
     </span>
    </p>
   </div>
   <div class='ocr_carea' id='block_1_24' title="bbox 2078 985 3665 1060">
    <p class='ocr_par' dir='ltr' id='par_1_24' title="bbox 2078 985 3665 1060">
     <span class='ocr_line' id='line_1_24' title="bbox 2078 985 3665 1060; baseline 0.004 -23"><span class='ocrx_word' id='word_1_168' title='bbox 2078 992 2262 1039; x_wconf 89' lang='lat' dir='ltr'><strong>suetus</strong></span> <span class='ocrx_word' id='word_1_169' title='bbox 2291 992 2405 1051; x_wconf 82' lang='lat' dir='ltr'><strong>est,</strong></span> <span class='ocrx_word' id='word_1_170' title='bbox 2438 985 2564 1056; x_wconf 89' lang='lat' dir='ltr'><strong>quia</strong></span> <span class='ocrx_word' id='word_1_171' title='bbox 2604 986 2729 1042; x_wconf 90' lang='lat' dir='ltr'><strong>dum</strong></span> <span class='ocrx_word' id='word_1_172' title='bbox 2763 994 2981 1050; x_wconf 78' lang='lat' dir='ltr'><strong>terram,</strong></span> <span class='ocrx_word' id='word_1_173' title='bbox 3024 986 3204 1041; x_wconf 87' lang='lat' dir='ltr'><strong>cordis</strong></span> <span class='ocrx_word' id='word_1_174' title='bbox 3242 988 3324 1042; x_wconf 90' lang='lat' dir='ltr'><strong>sui</strong></span> <span class='ocrx_word' id='word_1_175' title='bbox 3365 988 3665 1060; x_wconf 74' lang='lat' dir='ltr'><strong>disciplima</strong></span> 
     </span>
    </p>
   </div>
   <div class='ocr_carea' id='block_1_25' title="bbox 2076 1076 3663 1149">
    <p class='ocr_par' dir='ltr' id='par_1_25' title="bbox 2076 1076 3663 1149">
     <span class='ocr_line' id='line_1_25' title="bbox 2076 1076 3663 1149; baseline 0.002 -19"><span class='ocrx_word' id='word_1_176' title='bbox 2076 1076 2278 1132; x_wconf 89' lang='lat' dir='ltr'><strong>virtute</strong></span> <span class='ocrx_word' id='word_1_177' title='bbox 2311 1093 2415 1131; x_wconf 91' lang='lat' dir='ltr'><strong>non</strong></span> <span class='ocrx_word' id='word_1_178' title='bbox 2446 1077 2664 1143; x_wconf 75' lang='lat' dir='ltr'><strong>excolit,</strong></span> <span class='ocrx_word' id='word_1_179' title='bbox 2694 1078 2767 1132; x_wconf 85' lang='lat' dir='ltr'><strong>ibi</strong></span> <span class='ocrx_word' id='word_1_180' title='bbox 2793 1077 3000 1149; x_wconf 86' lang='lat' dir='ltr'><strong>habitat</strong></span> <span class='ocrx_word' id='word_1_181' title='bbox 3026 1077 3118 1132; x_wconf 93' lang='lat' dir='ltr'><strong>ubi</strong></span> <span class='ocrx_word' id='word_1_182' title='bbox 3169 1078 3380 1134; x_wconf 86' lang='lat' dir='ltr'><strong>fructus</strong></span> <span class='ocrx_word' id='word_1_183' title='bbox 3420 1096 3524 1135; x_wconf 92' lang='lat' dir='ltr'><strong>non</strong></span> <span class='ocrx_word' id='word_1_184' title='bbox 3557 1089 3663 1135; x_wconf 90' lang='lat' dir='ltr'><strong>est.</strong></span> 
     </span>
    </p>
   </div>
   <div class='ocr_carea' id='block_1_26' title="bbox 2078 1167 3667 1235">
    <p class='ocr_par' dir='ltr' id='par_1_26' title="bbox 2078 1167 3667 1235">
     <span class='ocr_line' id='line_1_26' title="bbox 2078 1167 3667 1235; baseline 0.002 -13"><span class='ocrx_word' id='word_1_185' title='bbox 2078 1168 2178 1235; x_wconf 85' lang='lat' dir='ltr'><strong>Qui</strong></span> <span class='ocrx_word' id='word_1_186' title='bbox 2227 1168 2280 1222; x_wconf 91' lang='lat' dir='ltr'><strong>in</strong></span> <span class='ocrx_word' id='word_1_187' title='bbox 2326 1168 2595 1224; x_wconf 83' lang='lat' dir='ltr'><strong>desiderio</strong></span> <span class='ocrx_word' id='word_1_188' title='bbox 2646 1167 2838 1222; x_wconf 68' lang='lat' dir='ltr'><strong>anima:</strong></span> <span class='ocrx_word' id='word_1_189' title='bbox 2886 1183 2998 1223; x_wconf 74' lang='lat' dir='ltr'><strong>sua:</strong></span> <span class='ocrx_word' id='word_1_190' title='bbox 3050 1176 3274 1225; x_wconf 82' lang='lat' dir='ltr'><strong>ventum</strong></span> <span class='ocrx_word' id='word_1_191' title='bbox 3326 1170 3526 1225; x_wconf 84' lang='lat' dir='ltr'><strong>amoris</strong></span> <span class='ocrx_word' id='word_1_192' title='bbox 3577 1169 3667 1225; x_wconf 87' lang='lat' dir='ltr'><strong>sui</strong></span> 
     </span>
    </p>
   </div>
   <div class='ocr_carea' id='block_1_27' title="bbox 2078 1259 3669 1329">
    <p class='ocr_par' dir='ltr' id='par_1_27' title="bbox 2078 1259 3669 1329">
     <span class='ocr_line' id='line_1_27' title="bbox 2078 1259 3669 1329; baseline 0.002 -16"><span class='ocrx_word' id='word_1_193' title='bbox 2078 1259 2334 1327; x_wconf 83' lang='lat' dir='ltr'><strong>attrahit,</strong></span> <span class='ocrx_word' id='word_1_194' title='bbox 2387 1260 2513 1327; x_wconf 85' lang='lat' dir='ltr'><strong>quia</strong></span> <span class='ocrx_word' id='word_1_195' title='bbox 2583 1276 2702 1329; x_wconf 70' lang='lat' dir='ltr'><strong>qua:</strong></span> <span class='ocrx_word' id='word_1_196' title='bbox 2752 1275 2821 1314; x_wconf 78' lang='lat' dir='ltr'><strong>ex</strong></span> <span class='ocrx_word' id='word_1_197' title='bbox 2869 1259 3141 1314; x_wconf 84' lang='lat' dir='ltr'><strong>desiderio</strong></span> <span class='ocrx_word' id='word_1_198' title='bbox 3189 1259 3427 1315; x_wconf 73' lang='lat' dir='ltr'><strong>scientia:</strong></span> <span class='ocrx_word' id='word_1_199' title='bbox 3482 1271 3669 1316; x_wconf 80' lang='lat' dir='ltr'><strong>mente</strong></span> 
     </span>
    </p>
   </div>
   <div class='ocr_carea' id='block_1_28' title="bbox 2078 1350 3666 1423">
    <p class='ocr_par' dir='ltr' id='par_1_28' title="bbox 2078 1350 3666 1423">
     <span class='ocr_line' id='line_1_28' title="bbox 2078 1350 3666 1423; baseline 0.001 -17"><span class='ocrx_word' id='word_1_200' title='bbox 2078 1352 2311 1423; x_wconf 85' lang='lat' dir='ltr'><strong>concipit</strong></span> <span class='ocrx_word' id='word_1_201' title='bbox 2360 1351 2549 1407; x_wconf 86' lang='lat' dir='ltr'><strong>intlare</strong></span> <span class='ocrx_word' id='word_1_202' title='bbox 2588 1350 2918 1421; x_wconf 77' lang='lat' dir='ltr'><strong>praevaient,</strong></span> <span class='ocrx_word' id='word_1_203' title='bbox 2971 1367 3076 1406; x_wconf 83' lang='lat' dir='ltr'><strong>non</strong></span> <span class='ocrx_word' id='word_1_204' title='bbox 3120 1351 3412 1408; x_wconf 74' lang='lat' dir='ltr'><strong>aediﬁcare.</strong></span> <span class='ocrx_word' id='word_1_205' title='bbox 3466 1352 3666 1408; x_wconf 86' lang='lat' dir='ltr'><strong>Contra</strong></span> 
     </span>
    </p>
   </div>
   <div class='ocr_carea' id='block_1_29' title="bbox 2077 1441 3673 1515">
    <p class='ocr_par' dir='ltr' id='par_1_29' title="bbox 2077 1441 3673 1515">
     <span class='ocr_line' id='line_1_29' title="bbox 2077 1441 3673 1515; baseline 0.001 -18"><span class='ocrx_word' id='word_1_206' title='bbox 2077 1460 2213 1515; x_wconf 86' lang='lat' dir='ltr'><strong>quos</strong></span> <span class='ocrx_word' id='word_1_207' title='bbox 2252 1445 2448 1500; x_wconf 87' lang='lat' dir='ltr'><strong>dicitur</strong></span> <span class='ocrx_word' id='word_1_208' title='bbox 2481 1462 2492 1498; x_wconf 94' lang='lat'><strong>:</strong></span> <span class='ocrx_word' id='word_1_209' title='bbox 2529 1465 2547 1496; x_wconf 85' lang='grc'><strong>‹</strong></span> <span class='ocrx_word' id='word_1_210' title='bbox 2594 1443 2831 1498; x_wconf 86' lang='lat' dir='ltr'><strong>Scientia</strong></span> <span class='ocrx_word' id='word_1_211' title='bbox 2859 1441 3034 1509; x_wconf 79' lang='lat' dir='ltr'><strong>inflat,</strong></span> <span class='ocrx_word' id='word_1_212' title='bbox 3067 1444 3308 1500; x_wconf 87' lang='lat' dir='ltr'><strong>eharitas</strong></span> <span class='ocrx_word' id='word_1_213' title='bbox 3345 1459 3476 1500; x_wconf 92' lang='lat' dir='ltr'><strong>vero</strong></span> <span class='ocrx_word' id='word_1_214' title='bbox 3502 1443 3673 1500; x_wconf 58' lang='lat' dir='ltr'><strong>aedifi—</strong></span> 
     </span>
    </p>
   </div>
   <div class='ocr_carea' id='block_1_30' title="bbox 2079 1536 3540 1611">
    <p class='ocr_par' dir='ltr' id='par_1_30' title="bbox 2079 1536 3540 1611">
     <span class='ocr_line' id='line_1_30' title="bbox 2079 1536 3540 1611; baseline -0.003 -20"><span class='ocrx_word' id='word_1_215' title='bbox 2079 1546 2169 1591; x_wconf 89' lang='lat' dir='ltr'><strong>cat</strong></span> <span class='ocrx_word' id='word_1_216' title='bbox 2200 1536 2252 1611; x_wconf 85' lang='grc' dir='ltr'><strong>(Ι</strong></span> <span class='ocrx_word' id='word_1_217' title='bbox 2275 1536 2396 1591; x_wconf 87' lang='lat' dir='ltr'><strong>Cor.</strong></span> <span class='ocrx_word' id='word_1_218' title='bbox 2438 1537 2579 1607; x_wconf 82' lang='lat' dir='ltr'><strong>vni).</strong></span> <span class='ocrx_word' id='word_1_219' title='bbox 2614 1558 2632 1589; x_wconf 83' lang='grc'><strong>›</strong></span> <span class='ocrx_word' id='word_1_220' title='bbox 3534 1539 3540 1544; x_wconf 86' lang='grc'><strong>”</strong></span> 
     </span>
    </p>
   </div>
   <div class='ocr_carea' id='block_1_31' title="bbox 2154 1628 3670 1699">
    <p class='ocr_par' dir='ltr' id='par_1_31' title="bbox 2154 1628 3670 1699">
     <span class='ocr_line' id='line_1_31' title="bbox 2154 1628 3670 1699; baseline 0.004 -20"><span class='ocrx_word' id='word_1_221' title='bbox 2154 1647 2172 1679; x_wconf 86' lang='grc'><em>‹</em></span> <span class='ocrx_word' id='word_1_222' title='bbox 2205 1628 2436 1684; x_wconf 88' lang='lat' dir='ltr'><strong>Prohibe</strong></span> <span class='ocrx_word' id='word_1_223' title='bbox 2463 1630 2653 1699; x_wconf 88' lang='lat' dir='ltr'><strong>pedem</strong></span> <span class='ocrx_word' id='word_1_224' title='bbox 2683 1637 2833 1683; x_wconf 91' lang='lat' dir='ltr'><strong>tuum</strong></span> <span class='ocrx_word' id='word_1_225' title='bbox 2868 1645 2898 1683; x_wconf 90' lang='lat' dir='ltr'><strong>a</strong></span> <span class='ocrx_word' id='word_1_226' title='bbox 2926 1628 3189 1694; x_wconf 86' lang='lat' dir='ltr'><strong>nuditate,</strong></span> <span class='ocrx_word' id='word_1_227' title='bbox 3222 1637 3278 1684; x_wconf 88' lang='lat' dir='ltr'><strong>et</strong></span> <span class='ocrx_word' id='word_1_228' title='bbox 3304 1637 3491 1699; x_wconf 82' lang='lat' dir='ltr'><strong>guttur</strong></span> <span class='ocrx_word' id='word_1_229' title='bbox 3510 1637 3670 1685; x_wconf 88' lang='lat' dir='ltr'><strong>tuum</strong></span> 
     </span>
    </p>
   </div>
   <div class='ocr_carea' id='block_1_32' title="bbox 2086 1719 3732 1792">
    <p class='ocr_par' dir='ltr' id='par_1_32' title="bbox 2086 1719 3732 1792">
     <span class='ocr_line' id='line_1_32' title="bbox 2086 1719 3732 1792; baseline 0.001 -17"><span class='ocrx_word' id='word_1_230' title='bbox 2086 1724 2172 1777; x_wconf 76' lang='lat' dir='ltr'><strong>t&#39;a</strong></span> <span class='ocrx_word' id='word_1_231' title='bbox 2202 1721 2313 1775; x_wconf 85' lang='lat' dir='ltr'><strong>siti.</strong></span> <span class='ocrx_word' id='word_1_232' title='bbox 2342 1719 2409 1774; x_wconf 87' lang='lat' dir='ltr'><strong>Et</strong></span> <span class='ocrx_word' id='word_1_233' title='bbox 2452 1720 2657 1785; x_wconf 83' lang='lat' dir='ltr'><strong>dixisti,</strong></span> <span class='ocrx_word' id='word_1_234' title='bbox 2696 1721 3012 1791; x_wconf 86' lang='lat' dir='ltr'><strong>Desperavi,</strong></span> <span class='ocrx_word' id='word_1_235' title='bbox 3053 1736 3395 1792; x_wconf 87' lang='lat' dir='ltr'><strong>nequaquam</strong></span> <span class='ocrx_word' id='word_1_236' title='bbox 3443 1721 3663 1777; x_wconf 81' lang='lat' dir='ltr'><strong>faciam.</strong></span> <span class='ocrx_word' id='word_1_237' title='bbox 3728 1756 3732 1757; x_wconf 49' lang='grc' dir='ltr'>ί</span> 
     </span>
    </p>
   </div>
   <div class='ocr_carea' id='block_1_33' title="bbox 474 1808 3691 1887">
    <p class='ocr_par' dir='ltr' id='par_1_33' title="bbox 474 1808 3691 1887">
     <span class='ocr_line' id='line_1_33' title="bbox 474 1808 3691 1887; baseline 0.008 -27"><span class='ocrx_word' id='word_1_238' title='bbox 474 1827 494 1860; x_wconf 74' lang='grc' dir='ltr'>ι</span> <span class='ocrx_word' id='word_1_239' title='bbox 529 1808 734 1865; x_wconf 85' lang='lat' dir='ltr'><strong>Cursor</strong></span> <span class='ocrx_word' id='word_1_240' title='bbox 756 1809 889 1865; x_wconf 83' lang='lat' dir='ltr'><strong>levis</strong></span> <span class='ocrx_word' id='word_1_241' title='bbox 915 1812 1194 1881; x_wconf 88' lang='lat' dir='ltr'><strong>explicans</strong></span> <span class='ocrx_word' id='word_1_242' title='bbox 1221 1813 1339 1868; x_wconf 82' lang='lat' dir='ltr'><strong>vias</strong></span> <span class='ocrx_word' id='word_1_243' title='bbox 1376 1829 1503 1870; x_wconf 90' lang='lat' dir='ltr'><strong>suas</strong></span> <span class='ocrx_word' id='word_1_244' title='bbox 1523 1855 1538 1880; x_wconf 96' lang='lat'><strong>,</strong></span> <span class='ocrx_word' id='word_1_245' title='bbox 1567 1830 1769 1887; x_wconf 88' lang='lat' dir='ltr'><strong>onager</strong></span> <span class='ocrx_word' id='word_1_246' title='bbox 1797 1833 1983 1874; x_wconf 89' lang='lat' dir='ltr'><strong>assue-</strong></span> <span class='ocrx_word' id='word_1_247' title='bbox 2011 1810 2056 1870; x_wconf 88' lang='lat' dir='ltr'><strong>B</strong></span> <span class='ocrx_word' id='word_1_248' title='bbox 2090 1829 2108 1861; x_wconf 71' lang='grc' dir='ltr'><strong>ε</strong></span> <span class='ocrx_word' id='word_1_249' title='bbox 2146 1810 2404 1864; x_wconf 63' lang='lat' dir='ltr'><strong>AtlantaVi</strong></span> <span class='ocrx_word' id='word_1_250' title='bbox 2436 1811 2633 1879; x_wconf 69' lang='grc' dir='ltr'><strong>ψιίρρθ</strong></span> <span class='ocrx_word' id='word_1_251' title='bbox 2684 1811 2913 1877; x_wconf 62' lang='lat' dir='ltr'><strong>alienos.</strong></span> <span class='ocrx_word' id='word_1_252' title='bbox 2937 1819 2992 1866; x_wconf 76' lang='grc' dir='ltr'><strong>θῑ</strong></span> <span class='ocrx_word' id='word_1_253' title='bbox 3019 1821 3140 1882; x_wconf 75' lang='grc' dir='ltr'><strong>Ροεί</strong></span> <span class='ocrx_word' id='word_1_254' title='bbox 3167 1827 3261 1867; x_wconf 69' lang='lat' dir='ltr'><strong>eos</strong></span> <span class='ocrx_word' id='word_1_255' title='bbox 3302 1813 3610 1868; x_wconf 67' lang='grc' dir='ltr'><strong>³η¹¹η¹¹³δ⁰ο</strong></span> <span class='ocrx_word' id='word_1_256' title='bbox 3640 1832 3691 1865; x_wconf 81' lang='grc'><strong>³“</strong></span> 
     </span>
    </p>
   </div>
   <div class='ocr_carea' id='block_1_34' title="bbox 404 1903 1980 1971">
    <p class='ocr_par' dir='ltr' id='par_1_34' title="bbox 404 1903 1980 1971">
     <span class='ocr_line' id='line_1_34' title="bbox 404 1903 1980 1971; baseline 0.008 -17"><span class='ocrx_word' id='word_1_257' title='bbox 404 1921 423 1954; x_wconf 78' lang='grc' dir='ltr'>ι</span> <span class='ocrx_word' id='word_1_258' title='bbox 469 1910 557 1957; x_wconf 93' lang='lat' dir='ltr'><strong>tus</strong></span> <span class='ocrx_word' id='word_1_259' title='bbox 600 1903 921 1971; x_wconf 87' lang='lat' dir='ltr'><strong>solitudine,</strong></span> <span class='ocrx_word' id='word_1_260' title='bbox 962 1905 1017 1959; x_wconf 94' lang='lat' dir='ltr'><strong>in</strong></span> <span class='ocrx_word' id='word_1_261' title='bbox 1054 1906 1322 1962; x_wconf 86' lang='lat' dir='ltr'><strong>desiderio</strong></span> <span class='ocrx_word' id='word_1_262' title='bbox 1350 1908 1544 1963; x_wconf 84' lang='lat' dir='ltr'><strong>animae</strong></span> <span class='ocrx_word' id='word_1_263' title='bbox 1586 1925 1703 1966; x_wconf 66' lang='lat' dir='ltr'><strong>sure</strong></span> <span class='ocrx_word' id='word_1_264' title='bbox 1757 1912 1980 1967; x_wconf 84' lang='lat' dir='ltr'><strong>attraxit</strong></span> 
     </span>
    </p>
   </div>
   <div class='ocr_carea' id='block_1_35' title="bbox 403 1996 1979 2060">
    <p class='ocr_par' dir='ltr' id='par_1_35' title="bbox 403 1996 1979 2060">
     <span class='ocr_line' id='line_1_35' title="bbox 403 1996 1979 2060; baseline 0.007 -13"><span class='ocrx_word' id='word_1_265' title='bbox 403 2010 424 2046; x_wconf 77' lang='grc' dir='ltr'>ι</span> <span class='ocrx_word' id='word_1_266' title='bbox 471 2001 693 2049; x_wconf 92' lang='lat' dir='ltr'><strong>ventum</strong></span> <span class='ocrx_word' id='word_1_267' title='bbox 723 1996 924 2050; x_wconf 90' lang='lat' dir='ltr'><strong>amoris</strong></span> <span class='ocrx_word' id='word_1_268' title='bbox 958 1997 1060 2051; x_wconf 90' lang='lat' dir='ltr'><strong>sui.</strong></span> <span class='ocrx_word' id='word_1_269' title='bbox 1110 1998 1299 2053; x_wconf 88' lang='lat' dir='ltr'><strong>Nullus</strong></span> <span class='ocrx_word' id='word_1_270' title='bbox 1322 2008 1531 2055; x_wconf 81' lang='lat' dir='ltr'><strong>avertet</strong></span> <span class='ocrx_word' id='word_1_271' title='bbox 1576 2016 1694 2055; x_wconf 91' lang='lat' dir='ltr'><strong>eam</strong></span> <span class='ocrx_word' id='word_1_272' title='bbox 1735 2020 1748 2056; x_wconf 88' lang='lat'><strong>:</strong></span> <span class='ocrx_word' id='word_1_273' title='bbox 1789 2019 1979 2060; x_wconf 86' lang='lat' dir='ltr'><strong>omnes</strong></span> 
     </span>
    </p>
   </div>
   <div class='ocr_carea' id='block_1_36' title="bbox 403 2086 1978 2165">
    <p class='ocr_par' dir='ltr' id='par_1_36' title="bbox 403 2086 1978 2165">
     <span class='ocr_line' id='line_1_36' title="bbox 403 2086 1978 2165; baseline 0.008 -26"><span class='ocrx_word' id='word_1_274' title='bbox 403 2105 423 2139; x_wconf 70' lang='grc' dir='ltr'><strong>ε</strong></span> <span class='ocrx_word' id='word_1_275' title='bbox 467 2086 559 2156; x_wconf 92' lang='lat' dir='ltr'><strong>qui</strong></span> <span class='ocrx_word' id='word_1_276' title='bbox 589 2099 838 2158; x_wconf 65' lang='lat' dir='ltr'><strong>quierunt</strong></span> <span class='ocrx_word' id='word_1_277' title='bbox 868 2105 986 2144; x_wconf 89' lang='lat' dir='ltr'><strong>eam</strong></span> <span class='ocrx_word' id='word_1_278' title='bbox 1016 2105 1121 2144; x_wconf 91' lang='lat' dir='ltr'><strong>non</strong></span> <span class='ocrx_word' id='word_1_279' title='bbox 1151 2091 1423 2158; x_wconf 88' lang='lat' dir='ltr'><strong>deﬁcient,</strong></span> <span class='ocrx_word' id='word_1_280' title='bbox 1458 2093 1511 2147; x_wconf 91' lang='lat' dir='ltr'><strong>in</strong></span> <span class='ocrx_word' id='word_1_281' title='bbox 1541 2096 1833 2151; x_wconf 84' lang='lat' dir='ltr'><strong>menstruis</strong></span> <span class='ocrx_word' id='word_1_282' title='bbox 1863 2095 1978 2165; x_wconf 91' lang='lat' dir='ltr'><strong>ejus</strong></span> 
     </span>
    </p>
   </div>
   <div class='ocr_carea' id='block_1_37' title="bbox 401 2178 1977 2260">
    <p class='ocr_par' dir='ltr' id='par_1_37' title="bbox 401 2178 1977 2260">
     <span class='ocr_line' id='line_1_37' title="bbox 401 2178 1977 2260; baseline 0.011 -29"><span class='ocrx_word' id='word_1_283' title='bbox 401 2196 422 2231; x_wconf 70' lang='grc' dir='ltr'><strong>ε</strong></span> <span class='ocrx_word' id='word_1_284' title='bbox 468 2178 743 2235; x_wconf 83' lang='lat' dir='ltr'><strong>invenient</strong></span> <span class='ocrx_word' id='word_1_285' title='bbox 788 2195 931 2237; x_wconf 85' lang='lat' dir='ltr'><strong>eam.</strong></span> <span class='ocrx_word' id='word_1_286' title='bbox 976 2200 995 2234; x_wconf 75' lang='grc' dir='ltr'><strong><em>ι</em></strong></span> <span class='ocrx_word' id='word_1_287' title='bbox 1037 2182 1388 2256; x_wconf 84' lang='lat' dir='ltr'><strong>Septuaginta</strong></span> <span class='ocrx_word' id='word_1_288' title='bbox 1425 2205 1439 2240; x_wconf 92' lang='lat'><strong>:</strong></span> <span class='ocrx_word' id='word_1_289' title='bbox 1495 2207 1515 2241; x_wconf 74' lang='grc' dir='ltr'>ι</span> <span class='ocrx_word' id='word_1_290' title='bbox 1565 2187 1647 2243; x_wconf 81' lang='lat' dir='ltr'><strong>Ad</strong></span> <span class='ocrx_word' id='word_1_291' title='bbox 1693 2202 1977 2260; x_wconf 79' lang='lat' dir='ltr'><strong>vesperam</strong></span> 
     </span>
    </p>
   </div>
   <div class='ocr_carea' id='block_1_38' title="bbox 400 2269 1976 2352">
    <p class='ocr_par' dir='ltr' id='par_1_38' title="bbox 400 2269 1976 2352">
     <span class='ocr_line' id='line_1_38' title="bbox 400 2269 1976 2352; baseline 0.01 -29"><span class='ocrx_word' id='word_1_292' title='bbox 400 2286 421 2323; x_wconf 73' lang='grc' dir='ltr'>ι</span> <span class='ocrx_word' id='word_1_293' title='bbox 462 2282 569 2326; x_wconf 83' lang='lat' dir='ltr'><strong>vox</strong></span> <span class='ocrx_word' id='word_1_294' title='bbox 611 2269 728 2339; x_wconf 69' lang='lat' dir='ltr'><strong>eius</strong></span> <span class='ocrx_word' id='word_1_295' title='bbox 757 2271 1000 2338; x_wconf 80' lang='lat' dir='ltr'><strong>ululavit,</strong></span> <span class='ocrx_word' id='word_1_296' title='bbox 1033 2275 1150 2331; x_wconf 83' lang='lat' dir='ltr'><strong>vias</strong></span> <span class='ocrx_word' id='word_1_297' title='bbox 1176 2291 1304 2332; x_wconf 80' lang='lat' dir='ltr'><strong>suas</strong></span> <span class='ocrx_word' id='word_1_298' title='bbox 1329 2277 1577 2335; x_wconf 81' lang='lat' dir='ltr'><strong>dilatavit</strong></span> <span class='ocrx_word' id='word_1_299' title='bbox 1604 2295 1767 2349; x_wconf 81' lang='lat' dir='ltr'><strong>super</strong></span> <span class='ocrx_word' id='word_1_300' title='bbox 1804 2296 1976 2352; x_wconf 85' lang='lat' dir='ltr'><strong>aquas</strong></span> 
     </span>
    </p>
   </div>
   <div class='ocr_carea' id='block_1_39' title="bbox 398 2361 1976 2442">
    <p class='ocr_par' dir='ltr' id='par_1_39' title="bbox 398 2361 1976 2442">
     <span class='ocr_line' id='line_1_39' title="bbox 398 2361 1976 2442; baseline 0.008 -27"><span class='ocrx_word' id='word_1_301' title='bbox 398 2379 419 2415; x_wconf 81' lang='grc'><em>‹</em></span> <span class='ocrx_word' id='word_1_302' title='bbox 463 2361 788 2429; x_wconf 86' lang='lat' dir='ltr'><strong>solitudinis,</strong></span> <span class='ocrx_word' id='word_1_303' title='bbox 829 2365 882 2419; x_wconf 92' lang='lat' dir='ltr'><strong>in</strong></span> <span class='ocrx_word' id='word_1_304' title='bbox 915 2365 1183 2421; x_wconf 91' lang='lat' dir='ltr'><strong>desiderio</strong></span> <span class='ocrx_word' id='word_1_305' title='bbox 1213 2369 1408 2423; x_wconf 67' lang='lat' dir='ltr'><strong>animae</strong></span> <span class='ocrx_word' id='word_1_306' title='bbox 1437 2385 1548 2427; x_wconf 71' lang='lat' dir='ltr'><strong>sua:</strong></span> <span class='ocrx_word' id='word_1_307' title='bbox 1577 2371 1769 2440; x_wconf 79' lang='lat' dir='ltr'><strong>spiritu</strong></span> <span class='ocrx_word' id='word_1_308' title='bbox 1794 2380 1976 2442; x_wconf 78' lang='lat' dir='ltr'><strong>porta-</strong></span> 
     </span>
    </p>
   </div>
   <div class='ocr_carea' id='block_1_40' title="bbox 397 2457 1971 2535">
    <p class='ocr_par' dir='ltr' id='par_1_40' title="bbox 397 2457 1971 2535">
     <span class='ocr_line' id='line_1_40' title="bbox 397 2457 1971 2535; baseline 0.011 -27"><span class='ocrx_word' id='word_1_309' title='bbox 397 2473 416 2508; x_wconf 77' lang='grc' dir='ltr'>σ</span> <span class='ocrx_word' id='word_1_310' title='bbox 457 2457 636 2513; x_wconf 82' lang='lat' dir='ltr'><strong>batur.</strong></span> <span class='ocrx_word' id='word_1_311' title='bbox 694 2458 916 2516; x_wconf 87' lang='lat' dir='ltr'><strong>Tradita</strong></span> <span class='ocrx_word' id='word_1_312' title='bbox 944 2470 1056 2526; x_wconf 89' lang='lat' dir='ltr'><strong>est,</strong></span> <span class='ocrx_word' id='word_1_313' title='bbox 1084 2463 1207 2533; x_wconf 86' lang='lat' dir='ltr'><strong>quis</strong></span> <span class='ocrx_word' id='word_1_314' title='bbox 1237 2473 1516 2520; x_wconf 85' lang='lat' dir='ltr'><strong>convertet</strong></span> <span class='ocrx_word' id='word_1_315' title='bbox 1561 2481 1681 2521; x_wconf 87' lang='lat' dir='ltr'><strong>eam</strong></span> <span class='ocrx_word' id='word_1_316' title='bbox 1704 2468 1726 2521; x_wconf 71' lang='grc' dir='ltr'><em>ἳ</em></span> <span class='ocrx_word' id='word_1_317' title='bbox 1753 2469 1971 2535; x_wconf 84' lang='lat' dir='ltr'><strong>Omnes,</strong></span> 
     </span>
    </p>
   </div>
   <div class='ocr_carea' id='block_1_41' title="bbox 397 2551 1975 2622">
    <p class='ocr_par' dir='ltr' id='par_1_41' title="bbox 397 2551 1975 2622">
     <span class='ocr_line' id='line_1_41' title="bbox 397 2551 1975 2622; baseline 0.01 -19"><span class='ocrx_word' id='word_1_318' title='bbox 397 2569 417 2603; x_wconf 78' lang='grc' dir='ltr'>ι</span> <span class='ocrx_word' id='word_1_319' title='bbox 456 2551 550 2621; x_wconf 90' lang='lat' dir='ltr'><strong>qui</strong></span> <span class='ocrx_word' id='word_1_320' title='bbox 577 2562 825 2622; x_wconf 66' lang='lat' dir='ltr'><strong>quaerunt</strong></span> <span class='ocrx_word' id='word_1_321' title='bbox 854 2554 1000 2609; x_wconf 86' lang='lat' dir='ltr'><strong>illam</strong></span> <span class='ocrx_word' id='word_1_322' title='bbox 1038 2572 1146 2611; x_wconf 90' lang='lat' dir='ltr'><strong>non</strong></span> <span class='ocrx_word' id='word_1_323' title='bbox 1177 2558 1540 2615; x_wconf 87' lang='lat' dir='ltr'><strong>laborabunt:</strong></span> <span class='ocrx_word' id='word_1_324' title='bbox 1570 2570 1626 2617; x_wconf 89' lang='lat' dir='ltr'><strong>et</strong></span> <span class='ocrx_word' id='word_1_325' title='bbox 1669 2562 1721 2617; x_wconf 90' lang='lat' dir='ltr'><strong>in</strong></span> <span class='ocrx_word' id='word_1_326' title='bbox 1752 2563 1975 2619; x_wconf 88' lang='lat' dir='ltr'><strong>humili-</strong></span> 
     </span>
    </p>
   </div>
   <div class='ocr_carea' id='block_1_42' title="bbox 396 2643 1975 2715">
    <p class='ocr_par' dir='ltr' id='par_1_42' title="bbox 396 2643 1975 2715">
     <span class='ocr_line' id='line_1_42' title="bbox 396 2643 1975 2715; baseline 0.013 -23"><span class='ocrx_word' id='word_1_327' title='bbox 396 2660 416 2691; x_wconf 85' lang='grc'><em>‹</em></span> <span class='ocrx_word' id='word_1_328' title='bbox 461 2648 574 2697; x_wconf 89' lang='lat' dir='ltr'><strong>tate</strong></span> <span class='ocrx_word' id='word_1_329' title='bbox 611 2643 755 2700; x_wconf 92' lang='lat' dir='ltr'><strong>illius</strong></span> <span class='ocrx_word' id='word_1_330' title='bbox 799 2646 1075 2715; x_wconf 89' lang='lat' dir='ltr'><strong>reperient</strong></span> <span class='ocrx_word' id='word_1_331' title='bbox 1104 2664 1246 2704; x_wconf 89' lang='lat' dir='ltr'><strong>eam.</strong></span> <span class='ocrx_word' id='word_1_332' title='bbox 1294 2669 1314 2701; x_wconf 76' lang='grc' dir='ltr'><strong><em>ι</em></strong></span> <span class='ocrx_word' id='word_1_333' title='bbox 1359 2650 1581 2707; x_wconf 77' lang='lat' dir='ltr'><strong>Multum</strong></span> <span class='ocrx_word' id='word_1_334' title='bbox 1621 2654 1676 2709; x_wconf 88' lang='lat' dir='ltr'><strong>in</strong></span> <span class='ocrx_word' id='word_1_335' title='bbox 1713 2656 1815 2711; x_wconf 92' lang='lat' dir='ltr'><strong>hoc</strong></span> <span class='ocrx_word' id='word_1_336' title='bbox 1856 2656 1975 2713; x_wconf 85' lang='lat' dir='ltr'><strong>loco</strong></span> 
     </span>
    </p>
   </div>
   <div class='ocr_carea' id='block_1_43' title="bbox 393 2730 1971 2816">
    <p class='ocr_par' dir='ltr' id='par_1_43' title="bbox 393 2730 1971 2816">
     <span class='ocr_line' id='line_1_43' title="bbox 393 2730 1971 2816; baseline 0.011 -31"><span class='ocrx_word' id='word_1_337' title='bbox 393 2730 743 2805; x_wconf 86' lang='lat' dir='ltr'><strong>Septuaginta</strong></span> <span class='ocrx_word' id='word_1_338' title='bbox 790 2738 954 2793; x_wconf 87' lang='lat' dir='ltr'><strong>editio</strong></span> <span class='ocrx_word' id='word_1_339' title='bbox 980 2740 1049 2793; x_wconf 91' lang='lat' dir='ltr'><strong>ab</strong></span> <span class='ocrx_word' id='word_1_340' title='bbox 1082 2739 1350 2796; x_wconf 82' lang='lat' dir='ltr'><strong>Hebraica</strong></span> <span class='ocrx_word' id='word_1_341' title='bbox 1399 2745 1630 2800; x_wconf 83' lang='lat' dir='ltr'><strong>veritate</strong></span> <span class='ocrx_word' id='word_1_342' title='bbox 1679 2746 1971 2816; x_wconf 78' lang='lat' dir='ltr'><strong>discordat,</strong></span> 
     </span>
    </p>
   </div>
   <div class='ocr_carea' id='block_1_44' title="bbox 390 2829 1974 2907">
    <p class='ocr_par' dir='ltr' id='par_1_44' title="bbox 390 2829 1974 2907">
     <span class='ocr_line' id='line_1_44' title="bbox 390 2829 1974 2907; baseline 0.01 -29"><span class='ocrx_word' id='word_1_343' title='bbox 390 2831 573 2879; x_wconf 87' lang='lat' dir='ltr'><strong>tamen</strong></span> <span class='ocrx_word' id='word_1_344' title='bbox 627 2836 860 2898; x_wconf 88' lang='lat' dir='ltr'><strong>utraque</strong></span> <span class='ocrx_word' id='word_1_345' title='bbox 911 2829 1076 2885; x_wconf 88' lang='lat' dir='ltr'><strong>habet</strong></span> <span class='ocrx_word' id='word_1_346' title='bbox 1127 2846 1347 2886; x_wconf 80' lang='lat' dir='ltr'><strong>sensum</strong></span> <span class='ocrx_word' id='word_1_347' title='bbox 1402 2849 1580 2889; x_wconf 84' lang='lat' dir='ltr'><strong>suum.</strong></span> <span class='ocrx_word' id='word_1_348' title='bbox 1638 2836 1775 2904; x_wconf 83' lang='lat' dir='ltr'><strong>Quia</strong></span> <span class='ocrx_word' id='word_1_349' title='bbox 1810 2853 1974 2907; x_wconf 81' lang='lat' dir='ltr'><strong>supra</strong></span> 
     </span>
    </p>
   </div>
   <div class='ocr_carea' id='block_1_45' title="bbox 388 2914 1977 2997">
    <p class='ocr_par' dir='ltr' id='par_1_45' title="bbox 388 2914 1977 2997">
     <span class='ocr_line' id='line_1_45' title="bbox 388 2914 1977 2997; baseline 0.01 -29"><span class='ocrx_word' id='word_1_350' title='bbox 388 2914 562 2970; x_wconf 81' lang='lat' dir='ltr'><strong>dixit:</strong></span> <span class='ocrx_word' id='word_1_351' title='bbox 593 2931 701 2973; x_wconf 89' lang='lat' dir='ltr'><strong>non</strong></span> <span class='ocrx_word' id='word_1_352' title='bbox 750 2933 870 2973; x_wconf 89' lang='lat' dir='ltr'><strong>sum</strong></span> <span class='ocrx_word' id='word_1_353' title='bbox 906 2920 1143 2991; x_wconf 90' lang='lat' dir='ltr'><strong>polluta,</strong></span> <span class='ocrx_word' id='word_1_354' title='bbox 1170 2930 1225 2977; x_wconf 87' lang='lat' dir='ltr'><strong>et</strong></span> <span class='ocrx_word' id='word_1_355' title='bbox 1251 2924 1408 2992; x_wconf 86' lang='lat' dir='ltr'><strong>quasi</strong></span> <span class='ocrx_word' id='word_1_356' title='bbox 1434 2925 1501 2980; x_wconf 88' lang='lat' dir='ltr'><strong>ad</strong></span> <span class='ocrx_word' id='word_1_357' title='bbox 1530 2925 1829 2990; x_wconf 88' lang='lat' dir='ltr'><strong>mulierem,</strong></span> <span class='ocrx_word' id='word_1_358' title='bbox 1854 2942 1977 2997; x_wconf 72' lang='lat' dir='ltr'><strong>quae</strong></span> 
     </span>
    </p>
   </div>
   <div class='ocr_carea' id='block_1_46' title="bbox 389 3006 1977 3084">
    <p class='ocr_par' dir='ltr' id='par_1_46' title="bbox 389 3006 1977 3084">
     <span class='ocr_line' id='line_1_46' title="bbox 389 3006 1977 3084; baseline 0.01 -24"><span class='ocrx_word' id='word_1_359' title='bbox 389 3006 620 3075; x_wconf 88' lang='lat' dir='ltr'><strong>turpiter</strong></span> <span class='ocrx_word' id='word_1_360' title='bbox 643 3022 702 3063; x_wconf 87' lang='lat' dir='ltr'><strong>se</strong></span> <span class='ocrx_word' id='word_1_361' title='bbox 729 3020 970 3079; x_wconf 85' lang='lat' dir='ltr'><strong>gesserat</strong></span> <span class='ocrx_word' id='word_1_362' title='bbox 998 3013 1338 3084; x_wconf 78' lang='lat' dir='ltr'><strong>loquebatur,</strong></span> <span class='ocrx_word' id='word_1_363' title='bbox 1364 3017 1623 3073; x_wconf 87' lang='lat' dir='ltr'><strong>describit</strong></span> <span class='ocrx_word' id='word_1_364' title='bbox 1663 3018 1977 3076; x_wconf 88' lang='lat' dir='ltr'><strong>fornicatio-</strong></span> 
     </span>
    </p>
   </div>
   <div class='ocr_carea' id='block_1_47' title="bbox 389 3097 1973 3181">
    <p class='ocr_par' dir='ltr' id='par_1_47' title="bbox 389 3097 1973 3181">
     <span class='ocr_line' id='line_1_47' title="bbox 389 3097 1973 3181; baseline 0.012 -30"><span class='ocrx_word' id='word_1_365' title='bbox 389 3110 516 3152; x_wconf 85' lang='lat' dir='ltr'><strong>nem</strong></span> <span class='ocrx_word' id='word_1_366' title='bbox 538 3097 674 3167; x_wconf 83' lang='lat' dir='ltr'><strong>ejus.</strong></span> <span class='ocrx_word' id='word_1_367' title='bbox 698 3099 999 3169; x_wconf 85' lang='lat' dir='ltr'><strong>Quomodo,</strong></span> <span class='ocrx_word' id='word_1_368' title='bbox 1024 3105 1226 3175; x_wconf 89' lang='lat' dir='ltr'><strong>inquit,</strong></span> <span class='ocrx_word' id='word_1_369' title='bbox 1251 3122 1450 3179; x_wconf 88' lang='lat' dir='ltr'><strong>caprea</strong></span> <span class='ocrx_word' id='word_1_370' title='bbox 1484 3110 1638 3177; x_wconf 88' lang='lat' dir='ltr'><strong>levis,</strong></span> <span class='ocrx_word' id='word_1_371' title='bbox 1665 3127 1827 3181; x_wconf 91' lang='lat' dir='ltr'><strong>quam</strong></span> <span class='ocrx_word' id='word_1_372' title='bbox 1871 3128 1973 3170; x_wconf 86' lang='lat' dir='ltr'><strong>nos</strong></span> 
     </span>
    </p>
   </div>
   <div class='ocr_carea' id='block_1_48' title="bbox 2083 1900 3667 1974">
    <p class='ocr_par' dir='ltr' id='par_1_48' title="bbox 2083 1900 3667 1974">
     <span class='ocr_line' id='line_1_48' title="bbox 2083 1900 3667 1974; baseline 0.001 -18"><span class='ocrx_word' id='word_1_373' title='bbox 2083 1900 2435 1973; x_wconf 78' lang='lat' dir='ltr'><strong>Septuaginta</strong></span> <span class='ocrx_word' id='word_1_374' title='bbox 2465 1917 2479 1956; x_wconf 91' lang='lat'><strong>:</strong></span> <span class='ocrx_word' id='word_1_375' title='bbox 2515 1919 2533 1951; x_wconf 86' lang='grc'><strong>‹</strong></span> <span class='ocrx_word' id='word_1_376' title='bbox 2572 1900 2840 1956; x_wconf 90' lang='lat' dir='ltr'><strong>Converte</strong></span> <span class='ocrx_word' id='word_1_377' title='bbox 2866 1902 3056 1972; x_wconf 90' lang='lat' dir='ltr'><strong>pedem</strong></span> <span class='ocrx_word' id='word_1_378' title='bbox 3095 1909 3244 1956; x_wconf 91' lang='lat' dir='ltr'><strong>tuum</strong></span> <span class='ocrx_word' id='word_1_379' title='bbox 3273 1918 3305 1956; x_wconf 89' lang='lat' dir='ltr'><strong>a</strong></span> <span class='ocrx_word' id='word_1_380' title='bbox 3334 1904 3421 1957; x_wconf 86' lang='lat' dir='ltr'><strong>via</strong></span> <span class='ocrx_word' id='word_1_381' title='bbox 3449 1919 3667 1974; x_wconf 88' lang='lat' dir='ltr'><strong>aspera,</strong></span> 
     </span>
    </p>
   </div>
   <div class='ocr_carea' id='block_1_49' title="bbox 2088 1992 3664 2067">
    <p class='ocr_par' dir='ltr' id='par_1_49' title="bbox 2088 1992 3664 2067">
     <span class='ocr_line' id='line_1_49' title="bbox 2088 1992 3664 2067; baseline 0.003 -23"><span class='ocrx_word' id='word_1_382' title='bbox 2088 2011 2105 2042; x_wconf 80' lang='grc' dir='ltr'>ι</span> <span class='ocrx_word' id='word_1_383' title='bbox 2147 1999 2202 2046; x_wconf 89' lang='lat' dir='ltr'><strong>et</strong></span> <span class='ocrx_word' id='word_1_384' title='bbox 2225 2001 2411 2063; x_wconf 83' lang='lat' dir='ltr'><strong>guttur</strong></span> <span class='ocrx_word' id='word_1_385' title='bbox 2453 2001 2601 2046; x_wconf 91' lang='lat' dir='ltr'><strong>tuum</strong></span> <span class='ocrx_word' id='word_1_386' title='bbox 2634 2008 2664 2047; x_wconf 89' lang='lat' dir='ltr'><strong>a</strong></span> <span class='ocrx_word' id='word_1_387' title='bbox 2708 1992 2818 2047; x_wconf 83' lang='lat' dir='ltr'><strong>siti.</strong></span> <span class='ocrx_word' id='word_1_388' title='bbox 2849 1992 2978 2059; x_wconf 63' lang='lat' dir='ltr'><strong>Quae</strong></span> <span class='ocrx_word' id='word_1_389' title='bbox 3003 1993 3177 2048; x_wconf 81' lang='lat' dir='ltr'><strong>dixit:</strong></span> <span class='ocrx_word' id='word_1_390' title='bbox 3210 1995 3451 2050; x_wconf 78' lang='lat' dir='ltr'><strong>Viriliter</strong></span> <span class='ocrx_word' id='word_1_391' title='bbox 3481 2012 3664 2067; x_wconf 86' lang='lat' dir='ltr'><strong>agam,</strong></span> 
     </span>
    </p>
   </div>
   <div class='ocr_carea' id='block_1_50' title="bbox 2086 2085 3661 2157">
    <p class='ocr_par' dir='ltr' id='par_1_50' title="bbox 2086 2085 3661 2157">
     <span class='ocr_line' id='line_1_50' title="bbox 2086 2085 3661 2157; baseline 0.002 -18"><span class='ocrx_word' id='word_1_392' title='bbox 2086 2106 2104 2139; x_wconf 87' lang='grc'><strong>‹</strong></span> <span class='ocrx_word' id='word_1_393' title='bbox 2138 2087 2393 2157; x_wconf 85' lang='lat' dir='ltr'><strong>quoniam</strong></span> <span class='ocrx_word' id='word_1_394' title='bbox 2435 2085 2595 2141; x_wconf 81' lang='lat' dir='ltr'><strong>dilexi</strong></span> <span class='ocrx_word' id='word_1_395' title='bbox 2657 2086 2863 2141; x_wconf 86' lang='lat' dir='ltr'><strong>alienos</strong></span> <span class='ocrx_word' id='word_1_396' title='bbox 2901 2096 2960 2142; x_wconf 92' lang='lat' dir='ltr'><strong>et</strong></span> <span class='ocrx_word' id='word_1_397' title='bbox 3004 2097 3127 2157; x_wconf 85' lang='lat' dir='ltr'><strong>post</strong></span> <span class='ocrx_word' id='word_1_398' title='bbox 3173 2103 3268 2143; x_wconf 92' lang='lat' dir='ltr'><strong>eos</strong></span> <span class='ocrx_word' id='word_1_399' title='bbox 3315 2088 3606 2143; x_wconf 85' lang='lat' dir='ltr'><strong>ambulavi.</strong></span> <span class='ocrx_word' id='word_1_400' title='bbox 3640 2109 3661 2142; x_wconf 76' lang='grc' dir='ltr'><strong><em>ι</em></strong></span> 
     </span>
    </p>
   </div>
   <div class='ocr_carea' id='block_1_51' title="bbox 2080 2177 3663 2253">
    <p class='ocr_par' dir='ltr' id='par_1_51' title="bbox 2080 2177 3663 2253">
     <span class='ocr_line' id='line_1_51' title="bbox 2080 2177 3663 2253; baseline 0.003 -20"><span class='ocrx_word' id='word_1_401' title='bbox 2080 2178 2351 2253; x_wconf 71' lang='grc' dir='ltr'><strong>(Ηὶενοη.)</strong></span> <span class='ocrx_word' id='word_1_402' title='bbox 2377 2178 2587 2239; x_wconf 77' lang='lat' dir='ltr'><strong>Pascha</strong></span> <span class='ocrx_word' id='word_1_403' title='bbox 2613 2177 2831 2245; x_wconf 78' lang='lat' dir='ltr'><strong>facturi,</strong></span> <span class='ocrx_word' id='word_1_404' title='bbox 2854 2179 3226 2239; x_wconf 71' lang='lat' dir='ltr'><strong>calceamenta</strong></span> <span class='ocrx_word' id='word_1_405' title='bbox 3250 2181 3449 2241; x_wconf 83' lang='lat' dir='ltr'><strong>habere</strong></span> <span class='ocrx_word' id='word_1_406' title='bbox 3469 2180 3663 2251; x_wconf 86' lang='lat' dir='ltr'><strong>juben-</strong></span> 
     </span>
    </p>
   </div>
   <div class='ocr_carea' id='block_1_52' title="bbox 2079 2268 3663 2343">
    <p class='ocr_par' dir='ltr' id='par_1_52' title="bbox 2079 2268 3663 2343">
     <span class='ocr_line' id='line_1_52' title="bbox 2079 2268 3663 2343; baseline 0.003 -16"><span class='ocrx_word' id='word_1_407' title='bbox 2079 2282 2167 2327; x_wconf 85' lang='lat' dir='ltr'><strong>tur</strong></span> <span class='ocrx_word' id='word_1_408' title='bbox 2213 2270 2268 2331; x_wconf 86' lang='lat' dir='ltr'><strong>in</strong></span> <span class='ocrx_word' id='word_1_409' title='bbox 2310 2270 2535 2340; x_wconf 81' lang='lat' dir='ltr'><strong>pedibus</strong></span> <span class='ocrx_word' id='word_1_410' title='bbox 2573 2268 2771 2342; x_wconf 77' lang='lat' dir='ltr'><strong>(Exod.</strong></span> <span class='ocrx_word' id='word_1_411' title='bbox 2822 2269 2945 2342; x_wconf 79' lang='lat' dir='ltr'><strong>xu).</strong></span> <span class='ocrx_word' id='word_1_412' title='bbox 2976 2271 3354 2343; x_wconf 75' lang='lat' dir='ltr'><strong>EtApostolus</strong></span> <span class='ocrx_word' id='word_1_413' title='bbox 3392 2273 3663 2335; x_wconf 74' lang='lat' dir='ltr'><strong>calceatus</strong></span> 
     </span>
    </p>
   </div>
   <div class='ocr_carea' id='block_1_53' title="bbox 2075 2360 3653 2432">
    <p class='ocr_par' dir='ltr' id='par_1_53' title="bbox 2075 2360 3653 2432">
     <span class='ocr_line' id='line_1_53' title="bbox 2075 2360 3653 2432; baseline 0.004 -18"><span class='ocrx_word' id='word_1_414' title='bbox 2075 2360 2332 2429; x_wconf 68' lang='lat' dir='ltr'><strong>praedicat</strong></span> <span class='ocrx_word' id='word_1_415' title='bbox 2371 2360 2536 2430; x_wconf 86' lang='lat' dir='ltr'><strong>pedes</strong></span> <span class='ocrx_word' id='word_1_416' title='bbox 2576 2364 2765 2416; x_wconf 83' lang='lat' dir='ltr'><strong>eorum</strong></span> <span class='ocrx_word' id='word_1_417' title='bbox 2800 2360 2893 2430; x_wconf 82' lang='lat' dir='ltr'><strong>qui</strong></span> <span class='ocrx_word' id='word_1_418' title='bbox 2934 2361 3227 2432; x_wconf 69' lang='lat' dir='ltr'><strong>Evangelia</strong></span> <span class='ocrx_word' id='word_1_419' title='bbox 3267 2372 3653 2432; x_wconf 65' lang='lat' dir='ltr'><strong>praeparantur</strong></span> 
     </span>
    </p>
   </div>
   <div class='ocr_carea' id='block_1_54' title="bbox 2078 2451 3662 2526">
    <p class='ocr_par' dir='ltr' id='par_1_54' title="bbox 2078 2451 3662 2526">
     <span class='ocr_line' id='line_1_54' title="bbox 2078 2451 3662 2526; baseline 0.003 -19"><span class='ocrx_word' id='word_1_420' title='bbox 2078 2468 2147 2509; x_wconf 85' lang='lat' dir='ltr'><strong>ne</strong></span> <span class='ocrx_word' id='word_1_421' title='bbox 2180 2453 2307 2508; x_wconf 87' lang='lat' dir='ltr'><strong>dum</strong></span> <span class='ocrx_word' id='word_1_422' title='bbox 2347 2467 2444 2522; x_wconf 91' lang='lat' dir='ltr'><strong>per</strong></span> <span class='ocrx_word' id='word_1_423' title='bbox 2482 2452 2668 2509; x_wconf 63' lang='lat' dir='ltr'><strong>saeculi</strong></span> <span class='ocrx_word' id='word_1_424' title='bbox 2722 2451 2881 2520; x_wconf 83' lang='lat' dir='ltr'><strong>hujus</strong></span> <span class='ocrx_word' id='word_1_425' title='bbox 2932 2452 3276 2517; x_wconf 81' lang='lat' dir='ltr'><strong>solitudinem</strong></span> <span class='ocrx_word' id='word_1_426' title='bbox 3316 2456 3662 2526; x_wconf 50' lang='lat' dir='ltr'><strong>gradiuntur,</strong></span> 
     </span>
    </p>
   </div>
   <div class='ocr_carea' id='block_1_55' title="bbox 2077 2544 3662 2617">
    <p class='ocr_par' dir='ltr' id='par_1_55' title="bbox 2077 2544 3662 2617">
     <span class='ocr_line' id='line_1_55' title="bbox 2077 2544 3662 2617; baseline 0 -14"><span class='ocrx_word' id='word_1_427' title='bbox 2077 2546 2362 2603; x_wconf 83' lang='lat' dir='ltr'><strong>venenatis</strong></span> <span class='ocrx_word' id='word_1_428' title='bbox 2390 2553 2615 2615; x_wconf 87' lang='lat' dir='ltr'><strong>pateant</strong></span> <span class='ocrx_word' id='word_1_429' title='bbox 2646 2544 3029 2609; x_wconf 85' lang='lat' dir='ltr'><strong>animantibus,</strong></span> <span class='ocrx_word' id='word_1_430' title='bbox 3067 2561 3187 2616; x_wconf 75' lang='lat' dir='ltr'><strong>qua:</strong></span> <span class='ocrx_word' id='word_1_431' title='bbox 3209 2546 3408 2607; x_wconf 82' lang='lat' dir='ltr'><strong>debent</strong></span> <span class='ocrx_word' id='word_1_432' title='bbox 3434 2561 3662 2617; x_wconf 85' lang='lat' dir='ltr'><strong>evange-</strong></span> 
     </span>
    </p>
   </div>
   <div class='ocr_carea' id='block_1_56' title="bbox 2078 2636 3661 2717">
    <p class='ocr_par' dir='ltr' id='par_1_56' title="bbox 2078 2636 3661 2717">
     <span class='ocr_line' id='line_1_56' title="bbox 2078 2636 3661 2717; baseline 0.004 -27"><span class='ocrx_word' id='word_1_433' title='bbox 2078 2636 2182 2693; x_wconf 92' lang='lat' dir='ltr'><strong>lico</strong></span> <span class='ocrx_word' id='word_1_434' title='bbox 2234 2637 2370 2707; x_wconf 89' lang='lat' dir='ltr'><strong>pede</strong></span> <span class='ocrx_word' id='word_1_435' title='bbox 2424 2636 2624 2699; x_wconf 84' lang='lat' dir='ltr'><strong>calcari</strong></span> <span class='ocrx_word' id='word_1_436' title='bbox 2660 2645 2717 2692; x_wconf 88' lang='lat' dir='ltr'><strong>et</strong></span> <span class='ocrx_word' id='word_1_437' title='bbox 2758 2637 2988 2693; x_wconf 89' lang='lat' dir='ltr'><strong>conteri.</strong></span> <span class='ocrx_word' id='word_1_438' title='bbox 3017 2636 3216 2697; x_wconf 80' lang='lat' dir='ltr'><strong>Guttur</strong></span> <span class='ocrx_word' id='word_1_439' title='bbox 3248 2639 3597 2717; x_wconf 71' lang='lat' dir='ltr'><strong>prohibemus</strong></span> <span class='ocrx_word' id='word_1_440' title='bbox 3626 2654 3661 2697; x_wconf 82' lang='lat' dir='ltr'><strong>a</strong></span> 
     </span>
    </p>
   </div>
   <div class='ocr_carea' id='block_1_57' title="bbox 2078 2730 3662 2805">
    <p class='ocr_par' dir='ltr' id='par_1_57' title="bbox 2078 2730 3662 2805">
     <span class='ocr_line' id='line_1_57' title="bbox 2078 2730 3662 2805; baseline 0.002 -17"><span class='ocrx_word' id='word_1_441' title='bbox 2078 2732 2187 2795; x_wconf 88' lang='lat' dir='ltr'><strong>siti.</strong></span> <span class='ocrx_word' id='word_1_442' title='bbox 2225 2731 2443 2802; x_wconf 85' lang='lat' dir='ltr'><strong>quando</strong></span> <span class='ocrx_word' id='word_1_443' title='bbox 2469 2730 2772 2789; x_wconf 82' lang='lat' dir='ltr'><strong>Salvatoris</strong></span> <span class='ocrx_word' id='word_1_444' title='bbox 2811 2742 3082 2804; x_wconf 59' lang='lat' dir='ltr'><strong>praecepta</strong></span> <span class='ocrx_word' id='word_1_445' title='bbox 3130 2734 3456 2805; x_wconf 76' lang='lat' dir='ltr'><strong>suscipimus</strong></span> <span class='ocrx_word' id='word_1_446' title='bbox 3481 2735 3662 2793; x_wconf 80' lang='lat' dir='ltr'><strong>dicen-</strong></span> 
     </span>
    </p>
   </div>
   <div class='ocr_carea' id='block_1_58' title="bbox 2078 2822 3655 2897">
    <p class='ocr_par' dir='ltr' id='par_1_58' title="bbox 2078 2822 3655 2897">
     <span class='ocr_line' id='line_1_58' title="bbox 2078 2822 3655 2897; baseline -0.002 -14"><span class='ocrx_word' id='word_1_447' title='bbox 2078 2824 2148 2883; x_wconf 83' lang='lat' dir='ltr'><strong>tis</strong></span> <span class='ocrx_word' id='word_1_448' title='bbox 2175 2822 2357 2897; x_wconf 68' lang='lat' dir='ltr'><strong>(loco.</strong></span> <span class='ocrx_word' id='word_1_449' title='bbox 2388 2824 2488 2895; x_wconf 89' lang='lat' dir='ltr'><strong>vn)</strong></span> <span class='ocrx_word' id='word_1_450' title='bbox 2522 2842 2536 2879; x_wconf 89' lang='lat'><strong>:</strong></span> <span class='ocrx_word' id='word_1_451' title='bbox 2569 2842 2589 2877; x_wconf 72' lang='grc' dir='ltr'><strong><em>ι</em></strong></span> <span class='ocrx_word' id='word_1_452' title='bbox 2619 2824 2723 2893; x_wconf 85' lang='lat' dir='ltr'><strong>Qui</strong></span> <span class='ocrx_word' id='word_1_453' title='bbox 2760 2825 2879 2882; x_wconf 88' lang='lat' dir='ltr'><strong>sitit</strong></span> <span class='ocrx_word' id='word_1_454' title='bbox 2916 2827 3103 2885; x_wconf 79' lang='lat' dir='ltr'><strong>veniat</strong></span> <span class='ocrx_word' id='word_1_455' title='bbox 3132 2827 3204 2883; x_wconf 84' lang='lat' dir='ltr'><strong>ad</strong></span> <span class='ocrx_word' id='word_1_456' title='bbox 3235 2843 3324 2883; x_wconf 89' lang='lat' dir='ltr'><strong>me</strong></span> <span class='ocrx_word' id='word_1_457' title='bbox 3348 2837 3406 2885; x_wconf 88' lang='lat' dir='ltr'><strong>et</strong></span> <span class='ocrx_word' id='word_1_458' title='bbox 3426 2828 3594 2892; x_wconf 83' lang='lat' dir='ltr'><strong>bibat,</strong></span> <span class='ocrx_word' id='word_1_459' title='bbox 3634 2846 3655 2880; x_wconf 72' lang='grc' dir='ltr'><strong><em>ι</em></strong></span> 
     </span>
    </p>
   </div>
   <div class='ocr_carea' id='block_1_59' title="bbox 2077 2916 3661 2990">
    <p class='ocr_par' dir='ltr' id='par_1_59' title="bbox 2077 2916 3661 2990">
     <span class='ocr_line' id='line_1_59' title="bbox 2077 2916 3661 2990; baseline 0.004 -19"><span class='ocrx_word' id='word_1_460' title='bbox 2077 2930 2197 2986; x_wconf 72' lang='lat' dir='ltr'><strong>quin</strong></span> <span class='ocrx_word' id='word_1_461' title='bbox 2218 2916 2598 2987; x_wconf 80' lang='lat' dir='ltr'><strong>desperatione</strong></span> <span class='ocrx_word' id='word_1_462' title='bbox 2620 2916 2883 2975; x_wconf 81' lang='lat' dir='ltr'><strong>malorum</strong></span> <span class='ocrx_word' id='word_1_463' title='bbox 2902 2918 3125 2990; x_wconf 75' lang='lat' dir='ltr'><strong>negavit</strong></span> <span class='ocrx_word' id='word_1_464' title='bbox 3151 2933 3210 2976; x_wconf 86' lang='lat' dir='ltr'><strong>se</strong></span> <span class='ocrx_word' id='word_1_465' title='bbox 3231 2917 3496 2977; x_wconf 80' lang='lat' dir='ltr'><strong>facturam</strong></span> <span class='ocrx_word' id='word_1_466' title='bbox 3514 2919 3661 2989; x_wconf 85' lang='lat' dir='ltr'><strong>quod</strong></span> 
     </span>
    </p>
   </div>
   <div class='ocr_carea' id='block_1_60' title="bbox 2078 3009 3656 3081">
    <p class='ocr_par' dir='ltr' id='par_1_60' title="bbox 2078 3009 3656 3081">
     <span class='ocr_line' id='line_1_60' title="bbox 2078 3009 3656 3081; baseline 0 -14"><span class='ocrx_word' id='word_1_467' title='bbox 2078 3009 2338 3067; x_wconf 87' lang='lat' dir='ltr'><strong>Dominus</strong></span> <span class='ocrx_word' id='word_1_468' title='bbox 2384 3009 2691 3078; x_wconf 83' lang='lat' dir='ltr'><strong>imperavit,</strong></span> <span class='ocrx_word' id='word_1_469' title='bbox 2738 3026 3070 3081; x_wconf 82' lang='lat' dir='ltr'><strong>causamque</strong></span> <span class='ocrx_word' id='word_1_470' title='bbox 3132 3011 3386 3081; x_wconf 80' lang='lat' dir='ltr'><strong>exposuit</strong></span> <span class='ocrx_word' id='word_1_471' title='bbox 3430 3011 3656 3075; x_wconf 84' lang='lat' dir='ltr'><strong>dicens;</strong></span> 
     </span>
    </p>
   </div>
   <div class='ocr_carea' id='block_1_61' title="bbox 2083 3100 3656 3175">
    <p class='ocr_par' dir='ltr' id='par_1_61' title="bbox 2083 3100 3656 3175">
     <span class='ocr_line' id='line_1_61' title="bbox 2083 3100 3656 3175; baseline 0.004 -22"><span class='ocrx_word' id='word_1_472' title='bbox 2083 3119 2102 3153; x_wconf 75' lang='grc' dir='ltr'>ι</span> <span class='ocrx_word' id='word_1_473' title='bbox 2138 3100 2402 3159; x_wconf 82' lang='lat' dir='ltr'><strong>Adamavi</strong></span> <span class='ocrx_word' id='word_1_474' title='bbox 2421 3102 2650 3168; x_wconf 88' lang='lat' dir='ltr'><strong>alienos,</strong></span> <span class='ocrx_word' id='word_1_475' title='bbox 2681 3111 2737 3161; x_wconf 84' lang='lat' dir='ltr'><strong>et</strong></span> <span class='ocrx_word' id='word_1_476' title='bbox 2770 3103 2892 3159; x_wconf 87' lang='lat' dir='ltr'><strong>illos</strong></span> <span class='ocrx_word' id='word_1_477' title='bbox 2922 3119 3172 3173; x_wconf 64' lang='lat' dir='ltr'><strong>seqnar,»</strong></span> <span class='ocrx_word' id='word_1_478' title='bbox 3198 3104 3495 3175; x_wconf 81' lang='lat' dir='ltr'><strong>impudenti</strong></span> <span class='ocrx_word' id='word_1_479' title='bbox 3524 3120 3656 3160; x_wconf 88' lang='lat' dir='ltr'><strong>con-</strong></span> 
     </span>
    </p>
   </div>
   <div class='ocr_carea' id='block_1_62' title="bbox 388 3189 3657 3279">
    <p class='ocr_par' dir='ltr' id='par_1_62' title="bbox 388 3189 3657 3279">
     <span class='ocr_line' id='line_1_62' title="bbox 388 3189 3657 3279; baseline 0.005 -43"><span class='ocrx_word' id='word_1_480' title='bbox 388 3206 587 3262; x_wconf 65' lang='grc' dir='ltr'><strong>εθηετθ</strong></span> <span class='ocrx_word' id='word_1_481' title='bbox 610 3197 882 3250; x_wconf 72' lang='lat' dir='ltr'><strong>communi</strong></span> <span class='ocrx_word' id='word_1_482' title='bbox 902 3201 1451 3270; x_wconf 58' lang='lat' dir='ltr'><strong>wmremdiximus,</strong></span> <span class='ocrx_word' id='word_1_483' title='bbox 1475 3205 1975 3279; x_wconf 57' lang='lat' dir='ltr'><strong>signiﬁcantiusque</strong></span> <span class='ocrx_word' id='word_1_484' title='bbox 2002 3200 2046 3262; x_wconf 76' lang='grc' dir='ltr'><strong>ί]</strong></span> <span class='ocrx_word' id='word_1_485' title='bbox 2077 3189 2311 3246; x_wconf 85' lang='lat' dir='ltr'><strong>fessione</strong></span> <span class='ocrx_word' id='word_1_486' title='bbox 2348 3200 2544 3261; x_wconf 88' lang='lat' dir='ltr'><strong>putans</strong></span> <span class='ocrx_word' id='word_1_487' title='bbox 2587 3208 2649 3251; x_wconf 86' lang='lat' dir='ltr'><strong>se</strong></span> <span class='ocrx_word' id='word_1_488' title='bbox 2701 3193 2932 3249; x_wconf 86' lang='lat' dir='ltr'><strong>crimina</strong></span> <span class='ocrx_word' id='word_1_489' title='bbox 2983 3194 3244 3255; x_wconf 81' lang='lat' dir='ltr'><strong>devitarc.</strong></span> <span class='ocrx_word' id='word_1_490' title='bbox 3296 3194 3466 3252; x_wconf 83' lang='lat' dir='ltr'><strong>Porro</strong></span> <span class='ocrx_word' id='word_1_491' title='bbox 3502 3194 3657 3265; x_wconf 79' lang='lat' dir='ltr'><strong>juxta</strong></span> 
     </span>
    </p>
   </div>
   <div class='ocr_carea' id='block_1_63' title="bbox 388 3281 1974 3374">
    <p class='ocr_par' dir='ltr' id='par_1_63' title="bbox 388 3281 1974 3374">
     <span class='ocr_line' id='line_1_63' title="bbox 388 3281 1974 3374; baseline 0.014 -41"><span class='ocrx_word' id='word_1_492' title='bbox 388 3281 579 3374; x_wconf 83' lang='lat' dir='ltr'><strong>Aquila</strong></span> <span class='ocrx_word' id='word_1_493' title='bbox 590 3324 605 3349; x_wconf 94' lang='lat'><strong>,</strong></span> <span class='ocrx_word' id='word_1_494' title='bbox 624 3283 981 3356; x_wconf 87' lang='lat' dir='ltr'><strong>Symmachus</strong></span> <span class='ocrx_word' id='word_1_495' title='bbox 999 3299 1053 3345; x_wconf 90' lang='lat' dir='ltr'><strong>et</strong></span> <span class='ocrx_word' id='word_1_496' title='bbox 1064 3289 1363 3348; x_wconf 86' lang='lat' dir='ltr'><strong>Theodotio</strong></span> <span class='ocrx_word' id='word_1_497' title='bbox 1376 3304 1588 3349; x_wconf 88' lang='lat' dir='ltr'><strong>vertere</strong></span> <span class='ocrx_word' id='word_1_498' title='bbox 1608 3294 1803 3371; x_wconf 77' lang='grc' dir='ltr'><strong>δρομὰς</strong></span> <span class='ocrx_word' id='word_1_499' title='bbox 1816 3302 1974 3374; x_wconf 71' lang='grc' dir='ltr'><strong>κούφη</strong></span> 
     </span>
    </p>
   </div>
   <div class='ocr_carea' id='block_1_64' title="bbox 388 3371 1977 3454">
    <p class='ocr_par' dir='ltr' id='par_1_64' title="bbox 388 3371 1977 3454">
     <span class='ocr_line' id='line_1_64' title="bbox 388 3371 1977 3454; baseline 0.014 -30"><span class='ocrx_word' id='word_1_500' title='bbox 388 3371 624 3441; x_wconf 86' lang='lat' dir='ltr'><strong>explicat</strong></span> <span class='ocrx_word' id='word_1_501' title='bbox 649 3375 766 3432; x_wconf 87' lang='lat' dir='ltr'><strong>vias</strong></span> <span class='ocrx_word' id='word_1_502' title='bbox 793 3392 919 3433; x_wconf 89' lang='lat' dir='ltr'><strong>suas</strong></span> <span class='ocrx_word' id='word_1_503' title='bbox 937 3419 951 3445; x_wconf 96' lang='lat'><strong>,</strong></span> <span class='ocrx_word' id='word_1_504' title='bbox 976 3387 1031 3435; x_wconf 90' lang='lat' dir='ltr'><strong>et</strong></span> <span class='ocrx_word' id='word_1_505' title='bbox 1052 3383 1207 3437; x_wconf 88' lang='lat' dir='ltr'><strong>velox</strong></span> <span class='ocrx_word' id='word_1_506' title='bbox 1247 3381 1419 3438; x_wconf 81' lang='lat' dir='ltr'><strong>fertur</strong></span> <span class='ocrx_word' id='word_1_507' title='bbox 1444 3384 1509 3438; x_wconf 89' lang='lat' dir='ltr'><strong>ad</strong></span> <span class='ocrx_word' id='word_1_508' title='bbox 1539 3388 1888 3454; x_wconf 67' lang='lat' dir='ltr'><strong>prauambula,</strong></span> <span class='ocrx_word' id='word_1_509' title='bbox 1917 3371 1977 3446; x_wconf 83' lang='lat' dir='ltr'><strong>et</strong></span> 
     </span>
    </p>
   </div>
   <div class='ocr_carea' id='block_1_65' title="bbox 389 3462 1976 3540">
    <p class='ocr_par' dir='ltr' id='par_1_65' title="bbox 389 3462 1976 3540">
     <span class='ocr_line' id='line_1_65' title="bbox 389 3462 1976 3540; baseline 0.013 -24"><span class='ocrx_word' id='word_1_510' title='bbox 389 3462 532 3538; x_wconf 84' lang='lat' dir='ltr'><strong>sicut</strong></span> <span class='ocrx_word' id='word_1_511' title='bbox 549 3479 753 3536; x_wconf 86' lang='lat' dir='ltr'><strong>onager</strong></span> <span class='ocrx_word' id='word_1_512' title='bbox 780 3480 1028 3526; x_wconf 86' lang='lat' dir='ltr'><strong>assuetus</strong></span> <span class='ocrx_word' id='word_1_513' title='bbox 1063 3472 1117 3526; x_wconf 92' lang='lat' dir='ltr'><strong>in</strong></span> <span class='ocrx_word' id='word_1_514' title='bbox 1143 3473 1434 3530; x_wconf 84' lang='lat' dir='ltr'><strong>solitudine</strong></span> <span class='ocrx_word' id='word_1_515' title='bbox 1456 3515 1470 3540; x_wconf 93' lang='lat'><strong>,</strong></span> <span class='ocrx_word' id='word_1_516' title='bbox 1494 3477 1661 3532; x_wconf 86' lang='lat' dir='ltr'><strong>trahit</strong></span> <span class='ocrx_word' id='word_1_517' title='bbox 1686 3478 1741 3533; x_wconf 94' lang='lat' dir='ltr'><strong>in</strong></span> <span class='ocrx_word' id='word_1_518' title='bbox 1763 3480 1976 3537; x_wconf 86' lang='lat' dir='ltr'><strong>deside-</strong></span> 
     </span>
    </p>
   </div>
   <div class='ocr_carea' id='block_1_66' title="bbox 387 3554 1971 3641">
    <p class='ocr_par' dir='ltr' id='par_1_66' title="bbox 387 3554 1971 3641">
     <span class='ocr_line' id='line_1_66' title="bbox 387 3554 1971 3641; baseline 0.014 -33"><span class='ocrx_word' id='word_1_519' title='bbox 387 3554 471 3609; x_wconf 92' lang='lat' dir='ltr'><strong>rio</strong></span> <span class='ocrx_word' id='word_1_520' title='bbox 515 3558 708 3613; x_wconf 72' lang='lat' dir='ltr'><strong>animae</strong></span> <span class='ocrx_word' id='word_1_521' title='bbox 756 3574 867 3617; x_wconf 63' lang='lat' dir='ltr'><strong>sum</strong></span> <span class='ocrx_word' id='word_1_522' title='bbox 913 3572 1169 3631; x_wconf 88' lang='lat' dir='ltr'><strong>ventum,</strong></span> <span class='ocrx_word' id='word_1_523' title='bbox 1200 3566 1287 3621; x_wconf 90' lang='lat' dir='ltr'><strong>vel</strong></span> <span class='ocrx_word' id='word_1_524' title='bbox 1324 3568 1575 3638; x_wconf 84' lang='lat' dir='ltr'><strong>spiritum</strong></span> <span class='ocrx_word' id='word_1_525' title='bbox 1620 3573 1824 3629; x_wconf 90' lang='lat' dir='ltr'><strong>amoris</strong></span> <span class='ocrx_word' id='word_1_526' title='bbox 1866 3575 1971 3641; x_wconf 90' lang='lat' dir='ltr'><strong>sui,</strong></span> 
     </span>
    </p>
   </div>
   <div class='ocr_carea' id='block_1_67' title="bbox 385 3651 1975 3737">
    <p class='ocr_par' dir='ltr' id='par_1_67' title="bbox 385 3651 1975 3737">
     <span class='ocr_line' id='line_1_67' title="bbox 385 3651 1975 3737; baseline 0.013 -36"><span class='ocrx_word' id='word_1_527' title='bbox 385 3662 494 3702; x_wconf 91' lang='lat' dir='ltr'><strong>uno</strong></span> <span class='ocrx_word' id='word_1_528' title='bbox 532 3651 677 3705; x_wconf 88' lang='lat' dir='ltr'><strong>enim</strong></span> <span class='ocrx_word' id='word_1_529' title='bbox 714 3657 855 3721; x_wconf 82' lang='lat' dir='ltr'><strong>apud</strong></span> <span class='ocrx_word' id='word_1_530' title='bbox 895 3656 1150 3713; x_wconf 61' lang='lat' dir='ltr'><strong>Hebraeos</strong></span> <span class='ocrx_word' id='word_1_531' title='bbox 1178 3662 1398 3717; x_wconf 87' lang='lat' dir='ltr'><strong>nomine</strong></span> <span class='ocrx_word' id='word_1_532' title='bbox 1424 3668 1525 3724; x_wconf 65' lang='grc' dir='ltr'>πη</span> <span class='ocrx_word' id='word_1_533' title='bbox 1562 3671 1617 3718; x_wconf 88' lang='lat' dir='ltr'><strong>et</strong></span> <span class='ocrx_word' id='word_1_534' title='bbox 1661 3676 1852 3721; x_wconf 88' lang='lat' dir='ltr'><strong>ventus</strong></span> <span class='ocrx_word' id='word_1_535' title='bbox 1882 3681 1975 3737; x_wconf 89' lang='lat' dir='ltr'><strong>ap-</strong></span> 
     </span>
    </p>
   </div>
   <div class='ocr_carea' id='block_1_68' title="bbox 305 3739 1975 3812">
    <p class='ocr_par' dir='ltr' id='par_1_68' title="bbox 305 3739 1975 3812">
     <span class='ocr_line' id='line_1_68' title="bbox 305 3739 1975 3812; baseline 0.011 -22"><span class='ocrx_word' id='word_1_536' title='bbox 305 3786 308 3790; x_wconf 90' lang='lat'><strong>.</strong></span> <span class='ocrx_word' id='word_1_537' title='bbox 383 3739 618 3811; x_wconf 88' lang='lat' dir='ltr'><strong>pellatur</strong></span> <span class='ocrx_word' id='word_1_538' title='bbox 636 3751 692 3797; x_wconf 91' lang='lat' dir='ltr'><strong>et</strong></span> <span class='ocrx_word' id='word_1_539' title='bbox 720 3744 960 3812; x_wconf 87' lang='lat' dir='ltr'><strong>spiritus,</strong></span> <span class='ocrx_word' id='word_1_540' title='bbox 994 3745 1072 3801; x_wconf 85' lang='lat' dir='ltr'><strong>sic</strong></span> <span class='ocrx_word' id='word_1_541' title='bbox 1092 3754 1149 3801; x_wconf 88' lang='lat' dir='ltr'><strong>et</strong></span> <span class='ocrx_word' id='word_1_542' title='bbox 1170 3748 1334 3804; x_wconf 84' lang='lat' dir='ltr'><strong>lsrael</strong></span> <span class='ocrx_word' id='word_1_543' title='bbox 1363 3756 1475 3806; x_wconf 87' lang='lat' dir='ltr'><strong>sive</strong></span> <span class='ocrx_word' id='word_1_544' title='bbox 1496 3756 1832 3807; x_wconf 79' lang='lat' dir='ltr'><strong>Hierusalem</strong></span> <span class='ocrx_word' id='word_1_545' title='bbox 1858 3764 1975 3808; x_wconf 72' lang='lat' dir='ltr'><strong>toto</strong></span> 
     </span>
    </p>
   </div>
   <div class='ocr_carea' id='block_1_69' title="bbox 385 3832 1971 3912">
    <p class='ocr_par' dir='ltr' id='par_1_69' title="bbox 385 3832 1971 3912">
     <span class='ocr_line' id='line_1_69' title="bbox 385 3832 1971 3912; baseline 0.01 -25"><span class='ocrx_word' id='word_1_546' title='bbox 385 3832 589 3902; x_wconf 84' lang='lat' dir='ltr'><strong>impetu</strong></span> <span class='ocrx_word' id='word_1_547' title='bbox 641 3836 710 3889; x_wconf 92' lang='lat' dir='ltr'><strong>ad</strong></span> <span class='ocrx_word' id='word_1_548' title='bbox 741 3837 1067 3893; x_wconf 88' lang='lat' dir='ltr'><strong>desiderium</strong></span> <span class='ocrx_word' id='word_1_549' title='bbox 1119 3840 1358 3897; x_wconf 87' lang='lat' dir='ltr'><strong>libidinis</strong></span> <span class='ocrx_word' id='word_1_550' title='bbox 1414 3843 1711 3912; x_wconf 87' lang='lat' dir='ltr'><strong>ferebatur,</strong></span> <span class='ocrx_word' id='word_1_551' title='bbox 1734 3855 1791 3902; x_wconf 88' lang='lat' dir='ltr'><strong>et</strong></span> <span class='ocrx_word' id='word_1_552' title='bbox 1823 3847 1971 3902; x_wconf 89' lang='lat' dir='ltr'><strong>omni</strong></span> 
     </span>
    </p>
   </div>
   <div class='ocr_carea' id='block_1_70' title="bbox 384 3925 1971 4008">
    <p class='ocr_par' dir='ltr' id='par_1_70' title="bbox 384 3925 1971 4008">
     <span class='ocr_line' id='line_1_70' title="bbox 384 3925 1971 4008; baseline 0.01 -29"><span class='ocrx_word' id='word_1_553' title='bbox 384 3925 651 3981; x_wconf 87' lang='lat' dir='ltr'><strong>idolorum</strong></span> <span class='ocrx_word' id='word_1_554' title='bbox 676 3941 862 3984; x_wconf 86' lang='lat' dir='ltr'><strong>amore</strong></span> <span class='ocrx_word' id='word_1_555' title='bbox 909 3929 1171 3999; x_wconf 80' lang='lat' dir='ltr'><strong>fervebat,</strong></span> <span class='ocrx_word' id='word_1_556' title='bbox 1206 3934 1491 4006; x_wconf 88' lang='lat' dir='ltr'><strong>nullusque</strong></span> <span class='ocrx_word' id='word_1_557' title='bbox 1538 3946 1622 3992; x_wconf 91' lang='lat' dir='ltr'><strong>est</strong></span> <span class='ocrx_word' id='word_1_558' title='bbox 1650 3938 1742 4008; x_wconf 91' lang='lat' dir='ltr'><strong>qui</strong></span> <span class='ocrx_word' id='word_1_559' title='bbox 1768 3938 1819 3993; x_wconf 91' lang='lat' dir='ltr'><strong>vi</strong></span> <span class='ocrx_word' id='word_1_560' title='bbox 1850 3954 1971 3994; x_wconf 89' lang='lat' dir='ltr'><strong>eam</strong></span> 
     </span>
    </p>
   </div>
   <div class='ocr_carea' id='block_1_71' title="bbox 383 4020 1972 4098">
    <p class='ocr_par' dir='ltr' id='par_1_71' title="bbox 383 4020 1972 4098">
     <span class='ocr_line' id='line_1_71' title="bbox 383 4020 1972 4098; baseline 0.009 -26"><span class='ocrx_word' id='word_1_561' title='bbox 383 4020 556 4086; x_wconf 83' lang='lat' dir='ltr'><strong>possit</strong></span> <span class='ocrx_word' id='word_1_562' title='bbox 595 4020 710 4076; x_wconf 90' lang='lat' dir='ltr'><strong>suis</strong></span> <span class='ocrx_word' id='word_1_563' title='bbox 748 4023 969 4079; x_wconf 90' lang='lat' dir='ltr'><strong>monitis</strong></span> <span class='ocrx_word' id='word_1_564' title='bbox 1010 4025 1079 4081; x_wconf 89' lang='lat' dir='ltr'><strong>ab</strong></span> <span class='ocrx_word' id='word_1_565' title='bbox 1113 4026 1217 4082; x_wconf 91' lang='lat' dir='ltr'><strong>hoc</strong></span> <span class='ocrx_word' id='word_1_566' title='bbox 1254 4027 1457 4098; x_wconf 88' lang='lat' dir='ltr'><strong>impetu</strong></span> <span class='ocrx_word' id='word_1_567' title='bbox 1520 4039 1766 4086; x_wconf 85' lang='lat' dir='ltr'><strong>avertere</strong></span> <span class='ocrx_word' id='word_1_568' title='bbox 1789 4071 1803 4097; x_wconf 94' lang='lat'><strong>,</strong></span> <span class='ocrx_word' id='word_1_569' title='bbox 1863 4044 1972 4086; x_wconf 90' lang='lat' dir='ltr'><strong>non</strong></span> 
     </span>
    </p>
   </div>
   <div class='ocr_carea' id='block_1_72' title="bbox 389 4111 1973 4193">
    <p class='ocr_par' dir='ltr' id='par_1_72' title="bbox 389 4111 1973 4193">
     <span class='ocr_line' id='line_1_72' title="bbox 389 4111 1973 4193; baseline 0.009 -30"><span class='ocrx_word' id='word_1_570' title='bbox 389 4122 497 4177; x_wconf 89' lang='lat' dir='ltr'><strong>quo</strong></span> <span class='ocrx_word' id='word_1_571' title='bbox 518 4111 925 4193; x_wconf 76' lang='lat' dir='ltr'><strong>impossibilitas</strong></span> <span class='ocrx_word' id='word_1_572' title='bbox 946 4117 1049 4170; x_wconf 90' lang='lat' dir='ltr'><strong>hoc</strong></span> <span class='ocrx_word' id='word_1_573' title='bbox 1074 4117 1265 4173; x_wconf 80' lang='lat' dir='ltr'><strong>fecerit</strong></span> <span class='ocrx_word' id='word_1_574' title='bbox 1290 4121 1698 4190; x_wconf 87' lang='lat' dir='ltr'><strong>prophetarum,</strong></span> <span class='ocrx_word' id='word_1_575' title='bbox 1734 4122 1829 4177; x_wconf 91' lang='lat' dir='ltr'><strong>sed</strong></span> <span class='ocrx_word' id='word_1_576' title='bbox 1857 4138 1973 4178; x_wconf 88' lang='lat' dir='ltr'><strong>ma-</strong></span> 
     </span>
    </p>
   </div>
   <div class='ocr_carea' id='block_1_73' title="bbox 386 4200 1967 4284">
    <p class='ocr_par' dir='ltr' id='par_1_73' title="bbox 386 4200 1967 4284">
     <span class='ocr_line' id='line_1_73' title="bbox 386 4200 1967 4284; baseline 0.011 -29"><span class='ocrx_word' id='word_1_577' title='bbox 386 4200 500 4256; x_wconf 89' lang='lat' dir='ltr'><strong>litia</strong></span> <span class='ocrx_word' id='word_1_578' title='bbox 550 4218 803 4272; x_wconf 87' lang='lat' dir='ltr'><strong>perversa</strong></span> <span class='ocrx_word' id='word_1_579' title='bbox 857 4207 1146 4275; x_wconf 85' lang='lat' dir='ltr'><strong>cupientis.</strong></span> <span class='ocrx_word' id='word_1_580' title='bbox 1204 4228 1221 4259; x_wconf 75' lang='grc' dir='ltr'>ι</span> <span class='ocrx_word' id='word_1_581' title='bbox 1281 4211 1600 4284; x_wconf 89' lang='lat' dir='ltr'><strong>Quicunque</strong></span> <span class='ocrx_word' id='word_1_582' title='bbox 1648 4229 1805 4281; x_wconf 87' lang='lat' dir='ltr'><strong>eam,</strong></span> <span class='ocrx_word' id='word_1_583' title='bbox 1855 4217 1967 4283; x_wconf 89' lang='lat' dir='ltr'><strong>ait,</strong></span> 
     </span>
    </p>
   </div>
   <div class='ocr_carea' id='block_1_74' title="bbox 386 4294 1970 4370">
    <p class='ocr_par' dir='ltr' id='par_1_74' title="bbox 386 4294 1970 4370">
     <span class='ocr_line' id='line_1_74' title="bbox 386 4294 1970 4370; baseline 0.013 -26"><span class='ocrx_word' id='word_1_584' title='bbox 386 4294 701 4362; x_wconf 66' lang='lat' dir='ltr'><strong>quaesierint</strong></span> <span class='ocrx_word' id='word_1_585' title='bbox 725 4311 829 4349; x_wconf 89' lang='lat' dir='ltr'><strong>non</strong></span> <span class='ocrx_word' id='word_1_586' title='bbox 854 4313 1181 4368; x_wconf 84' lang='lat' dir='ltr'><strong>magnopere</strong></span> <span class='ocrx_word' id='word_1_587' title='bbox 1226 4300 1573 4370; x_wconf 84' lang='lat' dir='ltr'><strong>laborabunt,</strong></span> <span class='ocrx_word' id='word_1_588' title='bbox 1601 4305 1655 4361; x_wconf 90' lang='lat' dir='ltr'><strong>in</strong></span> <span class='ocrx_word' id='word_1_589' title='bbox 1676 4310 1970 4366; x_wconf 87' lang='lat' dir='ltr'><strong>menstruis</strong></span> 
     </span>
    </p>
   </div>
   <div class='ocr_carea' id='block_1_75' title="bbox 385 4384 1970 4471">
    <p class='ocr_par' dir='ltr' id='par_1_75' title="bbox 385 4384 1970 4471">
     <span class='ocr_line' id='line_1_75' title="bbox 385 4384 1970 4471; baseline 0.012 -33"><span class='ocrx_word' id='word_1_590' title='bbox 385 4391 443 4438; x_wconf 84' lang='lat' dir='ltr'><strong>et</strong></span> <span class='ocrx_word' id='word_1_591' title='bbox 492 4384 544 4437; x_wconf 92' lang='lat' dir='ltr'><strong>in</strong></span> <span class='ocrx_word' id='word_1_592' title='bbox 595 4384 936 4443; x_wconf 89' lang='lat' dir='ltr'><strong>immunditia</strong></span> <span class='ocrx_word' id='word_1_593' title='bbox 984 4389 1101 4460; x_wconf 82' lang='lat' dir='ltr'><strong>ejus</strong></span> <span class='ocrx_word' id='word_1_594' title='bbox 1149 4391 1428 4449; x_wconf 88' lang='lat' dir='ltr'><strong>invenient</strong></span> <span class='ocrx_word' id='word_1_595' title='bbox 1471 4411 1609 4451; x_wconf 88' lang='lat' dir='ltr'><strong>eam.</strong></span> <span class='ocrx_word' id='word_1_596' title='bbox 1661 4417 1679 4451; x_wconf 74' lang='grc' dir='ltr'><strong><em>ι</em></strong></span> <span class='ocrx_word' id='word_1_597' title='bbox 1723 4398 1829 4455; x_wconf 89' lang='lat' dir='ltr'><strong>Pro</strong></span> <span class='ocrx_word' id='word_1_598' title='bbox 1863 4416 1970 4471; x_wconf 90' lang='lat' dir='ltr'><strong>quo</strong></span> 
     </span>
    </p>
   </div>
   <div class='ocr_carea' id='block_1_76' title="bbox 383 4472 1966 4561">
    <p class='ocr_par' dir='ltr' id='par_1_76' title="bbox 383 4472 1966 4561">
     <span class='ocr_line' id='line_1_76' title="bbox 383 4472 1966 4561; baseline 0.014 -35"><span class='ocrx_word' id='word_1_599' title='bbox 383 4472 579 4541; x_wconf 77' lang='lat' dir='ltr'><strong>Aquila</strong></span> <span class='ocrx_word' id='word_1_600' title='bbox 630 4479 910 4547; x_wconf 76' lang='grc' dir='ltr'><strong>νεομηνὶαν,</strong></span> <span class='ocrx_word' id='word_1_601' title='bbox 958 4480 1061 4536; x_wconf 83' lang='lat' dir='ltr'><strong>hoc</strong></span> <span class='ocrx_word' id='word_1_602' title='bbox 1115 4490 1217 4547; x_wconf 91' lang='lat' dir='ltr'><strong>est,</strong></span> <span class='ocrx_word' id='word_1_603' title='bbox 1267 4481 1559 4554; x_wconf 80' lang='lat' dir='ltr'><strong>Kalendas,</strong></span> <span class='ocrx_word' id='word_1_604' title='bbox 1608 4488 1966 4561; x_wconf 84' lang='lat' dir='ltr'><strong>Symmachus</strong></span> 
     </span>
    </p>
   </div>
   <div class='ocr_carea' id='block_1_77' title="bbox 2081 3281 3655 3355">
    <p class='ocr_par' dir='ltr' id='par_1_77' title="bbox 2081 3281 3655 3355">
     <span class='ocr_line' id='line_1_77' title="bbox 2081 3281 3655 3355; baseline 0.008 -19"><span class='ocrx_word' id='word_1_605' title='bbox 2081 3281 2435 3353; x_wconf 79' lang='lat' dir='ltr'><strong>Septuaginta</strong></span> <span class='ocrx_word' id='word_1_606' title='bbox 2466 3284 2550 3345; x_wconf 81' lang='lat' dir='ltr'><strong>via</strong></span> <span class='ocrx_word' id='word_1_607' title='bbox 2577 3293 2927 3355; x_wconf 81' lang='lat' dir='ltr'><strong>peccatorum</strong></span> <span class='ocrx_word' id='word_1_608' title='bbox 2965 3299 3160 3354; x_wconf 71' lang='lat' dir='ltr'><strong>aspera</strong></span> <span class='ocrx_word' id='word_1_609' title='bbox 3184 3292 3293 3352; x_wconf 79' lang='lat' dir='ltr'><strong>est.</strong></span> <span class='ocrx_word' id='word_1_610' title='bbox 3331 3300 3455 3355; x_wconf 76' lang='lat' dir='ltr'><strong>quas</strong></span> <span class='ocrx_word' id='word_1_611' title='bbox 3484 3300 3517 3347; x_wconf 83' lang='lat' dir='ltr'><strong>a</strong></span> <span class='ocrx_word' id='word_1_612' title='bbox 3546 3285 3655 3341; x_wconf 86' lang='lat' dir='ltr'><strong>Do-</strong></span> 
     </span>
    </p>
   </div>
   <div class='ocr_carea' id='block_1_78' title="bbox 2078 3374 3660 3447">
    <p class='ocr_par' dir='ltr' id='par_1_78' title="bbox 2078 3374 3660 3447">
     <span class='ocr_line' id='line_1_78' title="bbox 2078 3374 3660 3447; baseline 0.001 -16"><span class='ocrx_word' id='word_1_613' title='bbox 2078 3375 2227 3431; x_wconf 82' lang='lat' dir='ltr'><strong>mino</strong></span> <span class='ocrx_word' id='word_1_614' title='bbox 2264 3376 2597 3433; x_wconf 81' lang='lat' dir='ltr'><strong>convertitur</strong></span> <span class='ocrx_word' id='word_1_615' title='bbox 2638 3376 2693 3432; x_wconf 91' lang='lat' dir='ltr'><strong>in</strong></span> <span class='ocrx_word' id='word_1_616' title='bbox 2728 3376 2874 3434; x_wconf 74' lang='lat' dir='ltr'><strong>viam</strong></span> <span class='ocrx_word' id='word_1_617' title='bbox 2914 3376 3152 3446; x_wconf 83' lang='lat' dir='ltr'><strong>planam.</strong></span> <span class='ocrx_word' id='word_1_618' title='bbox 3200 3374 3518 3447; x_wconf 74' lang='lat' dir='ltr'><strong>Quicunque</strong></span> <span class='ocrx_word' id='word_1_619' title='bbox 3549 3377 3660 3433; x_wconf 66' lang='lat' dir='ltr'><strong>h8-</strong></span> 
     </span>
    </p>
   </div>
   <div class='ocr_carea' id='block_1_79' title="bbox 2079 3468 3655 3541">
    <p class='ocr_par' dir='ltr' id='par_1_79' title="bbox 2079 3468 3655 3541">
     <span class='ocr_line' id='line_1_79' title="bbox 2079 3468 3655 3541; baseline 0.001 -19"><span class='ocrx_word' id='word_1_620' title='bbox 2079 3468 2275 3524; x_wconf 88' lang='lat' dir='ltr'><strong>reticos</strong></span> <span class='ocrx_word' id='word_1_621' title='bbox 2323 3469 2593 3538; x_wconf 88' lang='lat' dir='ltr'><strong>sequitur,</strong></span> <span class='ocrx_word' id='word_1_622' title='bbox 2626 3469 2836 3541; x_wconf 75' lang='lat' dir='ltr'><strong>horum</strong></span> <span class='ocrx_word' id='word_1_623' title='bbox 2884 3486 3138 3527; x_wconf 64' lang='lat' dir='ltr'><strong>versuum</strong></span> <span class='ocrx_word' id='word_1_624' title='bbox 3188 3479 3409 3527; x_wconf 81' lang='lat' dir='ltr'><strong>notetur</strong></span> <span class='ocrx_word' id='word_1_625' title='bbox 3459 3469 3655 3541; x_wconf 78' lang='lat' dir='ltr'><strong>elogio.</strong></span> 
     </span>
    </p>
   </div>
   <div class='ocr_carea' id='block_1_80' title="bbox 2077 3559 3655 3634">
    <p class='ocr_par' dir='ltr' id='par_1_80' title="bbox 2077 3559 3655 3634">
     <span class='ocr_line' id='line_1_80' title="bbox 2077 3559 3655 3634; baseline -0.001 -18"><span class='ocrx_word' id='word_1_626' title='bbox 2077 3559 2231 3628; x_wconf 86' lang='lat' dir='ltr'><strong>Quod</strong></span> <span class='ocrx_word' id='word_1_627' title='bbox 2256 3560 2451 3617; x_wconf 86' lang='lat' dir='ltr'><strong>dixerit</strong></span> <span class='ocrx_word' id='word_1_628' title='bbox 2474 3562 2763 3633; x_wconf 69' lang='lat' dir='ltr'><strong>desperavi,</strong></span> <span class='ocrx_word' id='word_1_629' title='bbox 2790 3563 2908 3620; x_wconf 78' lang='lat' dir='ltr'><strong>sive</strong></span> <span class='ocrx_word' id='word_1_630' title='bbox 2932 3563 2988 3618; x_wconf 90' lang='lat' dir='ltr'><strong>in</strong></span> <span class='ocrx_word' id='word_1_631' title='bbox 3016 3562 3161 3619; x_wconf 85' lang='lat' dir='ltr'><strong>malo</strong></span> <span class='ocrx_word' id='word_1_632' title='bbox 3185 3564 3468 3634; x_wconf 79' lang='lat' dir='ltr'><strong>proposito</strong></span> <span class='ocrx_word' id='word_1_633' title='bbox 3498 3575 3655 3632; x_wconf 80' lang='lat' dir='ltr'><strong>agam</strong></span> 
     </span>
    </p>
   </div>
   <div class='ocr_carea' id='block_1_81' title="bbox 2074 3652 3656 3719">
    <p class='ocr_par' dir='ltr' id='par_1_81' title="bbox 2074 3652 3656 3719">
     <span class='ocr_line' id='line_1_81' title="bbox 2074 3652 3656 3719; baseline -0.001 -10"><span class='ocrx_word' id='word_1_634' title='bbox 2074 3654 2327 3719; x_wconf 85' lang='lat' dir='ltr'><strong>viriliter,</strong></span> <span class='ocrx_word' id='word_1_635' title='bbox 2363 3661 2418 3709; x_wconf 89' lang='lat' dir='ltr'><strong>et</strong></span> <span class='ocrx_word' id='word_1_636' title='bbox 2446 3655 2499 3709; x_wconf 92' lang='lat' dir='ltr'><strong>in</strong></span> <span class='ocrx_word' id='word_1_637' title='bbox 2543 3669 2662 3711; x_wconf 84' lang='lat' dir='ltr'><strong>meo</strong></span> <span class='ocrx_word' id='word_1_638' title='bbox 2687 3654 3036 3712; x_wconf 62' lang='lat' dir='ltr'><strong>confortatus</strong></span> <span class='ocrx_word' id='word_1_639' title='bbox 3060 3667 3271 3709; x_wconf 69' lang='lat' dir='ltr'><strong>amre.</strong></span> <span class='ocrx_word' id='word_1_640' title='bbox 3301 3652 3533 3711; x_wconf 83' lang='lat' dir='ltr'><strong>Necesse</strong></span> <span class='ocrx_word' id='word_1_641' title='bbox 3559 3671 3656 3709; x_wconf 84' lang='lat' dir='ltr'><strong>au-</strong></span> 
     </span>
    </p>
   </div>
   <div class='ocr_carea' id='block_1_82' title="bbox 2073 3744 3649 3814">
    <p class='ocr_par' dir='ltr' id='par_1_82' title="bbox 2073 3744 3649 3814">
     <span class='ocr_line' id='line_1_82' title="bbox 2073 3744 3649 3814; baseline 0.004 -14"><span class='ocrx_word' id='word_1_642' title='bbox 2073 3758 2185 3801; x_wconf 85' lang='lat' dir='ltr'><strong>tem</strong></span> <span class='ocrx_word' id='word_1_643' title='bbox 2212 3754 2296 3800; x_wconf 88' lang='lat' dir='ltr'><strong>cst</strong></span> <span class='ocrx_word' id='word_1_644' title='bbox 2319 3752 2379 3799; x_wconf 90' lang='lat' dir='ltr'><strong>ut</strong></span> <span class='ocrx_word' id='word_1_645' title='bbox 2411 3744 2503 3814; x_wconf 89' lang='lat' dir='ltr'><strong>qui</strong></span> <span class='ocrx_word' id='word_1_646' title='bbox 2550 3744 2781 3803; x_wconf 83' lang='lat' dir='ltr'><strong>alienam</strong></span> <span class='ocrx_word' id='word_1_647' title='bbox 2820 3747 3187 3806; x_wconf 84' lang='lat' dir='ltr'><strong>ecclesiastica</strong></span> <span class='ocrx_word' id='word_1_648' title='bbox 3223 3750 3526 3806; x_wconf 75' lang='lat' dir='ltr'><strong>doctrinam</strong></span> <span class='ocrx_word' id='word_1_649' title='bbox 3559 3765 3649 3806; x_wconf 85' lang='lat' dir='ltr'><strong>se-</strong></span> 
     </span>
    </p>
   </div>
   <div class='ocr_carea' id='block_1_83' title="bbox 2074 3838 3649 3916">
    <p class='ocr_par' dir='ltr' id='par_1_83' title="bbox 2074 3838 3649 3916">
     <span class='ocr_line' id='line_1_83' title="bbox 2074 3838 3649 3916; baseline 0.004 -24"><span class='ocrx_word' id='word_1_650' title='bbox 2074 3838 2279 3908; x_wconf 90' lang='lat' dir='ltr'><strong>quitur,</strong></span> <span class='ocrx_word' id='word_1_651' title='bbox 2307 3838 2513 3895; x_wconf 85' lang='lat' dir='ltr'><strong>alienos</strong></span> <span class='ocrx_word' id='word_1_652' title='bbox 2553 3839 2761 3911; x_wconf 82' lang='lat' dir='ltr'><strong>diligat,</strong></span> <span class='ocrx_word' id='word_1_653' title='bbox 2790 3849 2845 3900; x_wconf 85' lang='lat' dir='ltr'><strong>et</strong></span> <span class='ocrx_word' id='word_1_654' title='bbox 2886 3856 3075 3897; x_wconf 81' lang='lat' dir='ltr'><strong>comm</strong></span> <span class='ocrx_word' id='word_1_655' title='bbox 3113 3852 3373 3914; x_wconf 87' lang='lat' dir='ltr'><strong>sequatur</strong></span> <span class='ocrx_word' id='word_1_656' title='bbox 3406 3845 3649 3916; x_wconf 80' lang='lat' dir='ltr'><strong>vestigia,</strong></span> 
     </span>
    </p>
   </div>
   <div class='ocr_carea' id='block_1_84' title="bbox 2073 3930 3653 4009">
    <p class='ocr_par' dir='ltr' id='par_1_84' title="bbox 2073 3930 3653 4009">
     <span class='ocr_line' id='line_1_84' title="bbox 2073 3930 3653 4009; baseline 0.006 -24"><span class='ocrx_word' id='word_1_657' title='bbox 2073 3931 2157 3985; x_wconf 86' lang='lat' dir='ltr'><strong>vel</strong></span> <span class='ocrx_word' id='word_1_658' title='bbox 2181 3930 2455 3987; x_wconf 71' lang='lat' dir='ltr'><strong>daemones</strong></span> <span class='ocrx_word' id='word_1_659' title='bbox 2490 3932 2578 3988; x_wconf 87' lang='lat' dir='ltr'><strong>vel</strong></span> <span class='ocrx_word' id='word_1_660' title='bbox 2621 3932 2998 3993; x_wconf 65' lang='lat' dir='ltr'><strong>hereticorum</strong></span> <span class='ocrx_word' id='word_1_661' title='bbox 3023 3936 3318 4009; x_wconf 80' lang='lat' dir='ltr'><strong>principes,</strong></span> <span class='ocrx_word' id='word_1_662' title='bbox 3346 3939 3440 4008; x_wconf 82' lang='lat' dir='ltr'><strong>qui</strong></span> <span class='ocrx_word' id='word_1_663' title='bbox 3484 3953 3516 3998; x_wconf 70' lang='grc' dir='ltr'><strong>ι</strong></span> <span class='ocrx_word' id='word_1_664' title='bbox 3544 3938 3653 3994; x_wconf 83' lang='lat' dir='ltr'><strong>Deo</strong></span> 
     </span>
    </p>
   </div>
   <div class='ocr_carea' id='block_1_85' title="bbox 2073 4024 3194 4080">
    <p class='ocr_par' dir='ltr' id='par_1_85' title="bbox 2073 4024 3194 4080">
     <span class='ocr_line' id='line_1_85' title="bbox 2073 4024 3194 4080; baseline 0.003 -1"><span class='ocrx_word' id='word_1_665' title='bbox 2073 4024 2233 4080; x_wconf 78' lang='lat' dir='ltr'><strong>alieni</strong></span> <span class='ocrx_word' id='word_1_666' title='bbox 2262 4032 2408 4079; x_wconf 90' lang='lat' dir='ltr'><strong>sunt.</strong></span> <span class='ocrx_word' id='word_1_667' title='bbox 3186 4038 3194 4045; x_wconf 85' lang='lat'>&#39;</span> 
     </span>
    </p>
   </div>
   <div class='ocr_carea' id='block_1_86' title="bbox 2145 4116 3645 4195">
    <p class='ocr_par' dir='ltr' id='par_1_86' title="bbox 2145 4116 3645 4195">
     <span class='ocr_line' id='line_1_86' title="bbox 2145 4116 3645 4195; baseline 0.008 -26"><span class='ocrx_word' id='word_1_668' title='bbox 2145 4135 2163 4168; x_wconf 78' lang='grc' dir='ltr'>ι</span> <span class='ocrx_word' id='word_1_669' title='bbox 2200 4116 2482 4184; x_wconf 89' lang='lat' dir='ltr'><strong>Quomodo</strong></span> <span class='ocrx_word' id='word_1_670' title='bbox 2508 4116 2856 4175; x_wconf 83' lang='lat' dir='ltr'><strong>confunditur</strong></span> <span class='ocrx_word' id='word_1_671' title='bbox 2896 4120 3002 4190; x_wconf 80' lang='lat' dir='ltr'><strong>fur,</strong></span> <span class='ocrx_word' id='word_1_672' title='bbox 3032 4124 3249 4194; x_wconf 80' lang='lat' dir='ltr'><strong>quando</strong></span> <span class='ocrx_word' id='word_1_673' title='bbox 3292 4123 3645 4195; x_wconf 88' lang='lat' dir='ltr'><strong>deprehendi-</strong></span> 
     </span>
    </p>
   </div>
   <div class='ocr_carea' id='block_1_87' title="bbox 2077 4209 3648 4287">
    <p class='ocr_par' dir='ltr' id='par_1_87' title="bbox 2077 4209 3648 4287">
     <span class='ocr_line' id='line_1_87' title="bbox 2077 4209 3648 4287; baseline 0.005 -24"><span class='ocrx_word' id='word_1_674' title='bbox 2077 4227 2096 4263; x_wconf 72' lang='grc' dir='ltr'>ι</span> <span class='ocrx_word' id='word_1_675' title='bbox 2135 4217 2242 4275; x_wconf 85' lang='lat' dir='ltr'><strong>tur,</strong></span> <span class='ocrx_word' id='word_1_676' title='bbox 2276 4209 2357 4264; x_wconf 86' lang='lat' dir='ltr'><strong>sic</strong></span> <span class='ocrx_word' id='word_1_677' title='bbox 2399 4209 2610 4265; x_wconf 83' lang='lat' dir='ltr'><strong>confusi</strong></span> <span class='ocrx_word' id='word_1_678' title='bbox 2663 4220 2790 4266; x_wconf 82' lang='lat' dir='ltr'><strong>sunt</strong></span> <span class='ocrx_word' id='word_1_679' title='bbox 2827 4213 3224 4281; x_wconf 80' lang='lat' dir='ltr'><strong>domuslsrael,</strong></span> <span class='ocrx_word' id='word_1_680' title='bbox 3262 4215 3366 4285; x_wconf 85' lang='lat' dir='ltr'><strong>ipsi</strong></span> <span class='ocrx_word' id='word_1_681' title='bbox 3393 4225 3449 4271; x_wconf 88' lang='lat' dir='ltr'><strong>et</strong></span> <span class='ocrx_word' id='word_1_682' title='bbox 3497 4230 3648 4287; x_wconf 83' lang='lat' dir='ltr'><strong>reges</strong></span> 
     </span>
    </p>
   </div>
   <div class='ocr_carea' id='block_1_88' title="bbox 2026 4300 3646 4377">
    <p class='ocr_par' dir='ltr' id='par_1_88' title="bbox 2026 4300 3646 4377">
     <span class='ocr_line' id='line_1_88' title="bbox 2026 4300 3646 4377; baseline 0.005 -25"><span class='ocrx_word' id='word_1_683' title='bbox 2026 4312 2033 4319; x_wconf 75' lang='grc'><strong>’</strong></span> <span class='ocrx_word' id='word_1_684' title='bbox 2076 4320 2094 4352; x_wconf 69' lang='grc' dir='ltr'>ι</span> <span class='ocrx_word' id='word_1_685' title='bbox 2128 4313 2335 4365; x_wconf 87' lang='lat' dir='ltr'><strong>eorum,</strong></span> <span class='ocrx_word' id='word_1_686' title='bbox 2377 4300 2674 4371; x_wconf 78' lang='lat' dir='ltr'><strong>principes,</strong></span> <span class='ocrx_word' id='word_1_687' title='bbox 2703 4309 2760 4356; x_wconf 89' lang='lat' dir='ltr'><strong>et</strong></span> <span class='ocrx_word' id='word_1_688' title='bbox 2799 4304 3137 4371; x_wconf 84' lang='lat' dir='ltr'><strong>sacerdotes,</strong></span> <span class='ocrx_word' id='word_1_689' title='bbox 3179 4314 3237 4360; x_wconf 83' lang='lat' dir='ltr'><strong>et</strong></span> <span class='ocrx_word' id='word_1_690' title='bbox 3261 4307 3536 4377; x_wconf 65' lang='lat' dir='ltr'><strong>prophetae</strong></span> <span class='ocrx_word' id='word_1_691' title='bbox 3557 4321 3646 4361; x_wconf 88' lang='lat' dir='ltr'><strong>eo-</strong></span> 
     </span>
    </p>
   </div>
   <div class='ocr_carea' id='block_1_89' title="bbox 2076 4386 3636 4466">
    <p class='ocr_par' dir='ltr' id='par_1_89' title="bbox 2076 4386 3636 4466">
     <span class='ocr_line' id='line_1_89' title="bbox 2076 4386 3636 4466; baseline 0.006 -27"><span class='ocrx_word' id='word_1_692' title='bbox 2076 4408 2095 4439; x_wconf 77' lang='grc' dir='ltr'>ι</span> <span class='ocrx_word' id='word_1_693' title='bbox 2136 4404 2255 4443; x_wconf 88' lang='lat' dir='ltr'><strong>rum</strong></span> <span class='ocrx_word' id='word_1_694' title='bbox 2286 4386 2530 4445; x_wconf 82' lang='lat' dir='ltr'><strong>dicentes</strong></span> <span class='ocrx_word' id='word_1_695' title='bbox 2571 4390 2754 4461; x_wconf 78' lang='lat' dir='ltr'><strong>ligno:</strong></span> <span class='ocrx_word' id='word_1_696' title='bbox 2785 4391 2947 4448; x_wconf 86' lang='lat' dir='ltr'><strong>Pater</strong></span> <span class='ocrx_word' id='word_1_697' title='bbox 2975 4408 3127 4450; x_wconf 88' lang='lat' dir='ltr'><strong>meus</strong></span> <span class='ocrx_word' id='word_1_698' title='bbox 3161 4409 3223 4451; x_wconf 85' lang='lat' dir='ltr'><strong>es</strong></span> <span class='ocrx_word' id='word_1_699' title='bbox 3249 4402 3337 4461; x_wconf 84' lang='lat' dir='ltr'><strong>tu;</strong></span> <span class='ocrx_word' id='word_1_700' title='bbox 3362 4404 3420 4451; x_wconf 84' lang='lat' dir='ltr'><strong>et</strong></span> <span class='ocrx_word' id='word_1_701' title='bbox 3444 4396 3636 4466; x_wconf 87' lang='lat' dir='ltr'><strong>lapidi:</strong></span> 
     </span>
    </p>
   </div>
   <div class='ocr_carea' id='block_1_90' title="bbox 2078 4477 3641 4556">
    <p class='ocr_par' dir='ltr' id='par_1_90' title="bbox 2078 4477 3641 4556">
     <span class='ocr_line' id='line_1_90' title="bbox 2078 4477 3641 4556; baseline 0.008 -26"><span class='ocrx_word' id='word_1_702' title='bbox 2078 4497 2097 4530; x_wconf 71' lang='grc' dir='ltr'>ι</span> <span class='ocrx_word' id='word_1_703' title='bbox 2135 4477 2215 4532; x_wconf 93' lang='lat' dir='ltr'><strong>Tu</strong></span> <span class='ocrx_word' id='word_1_704' title='bbox 2247 4493 2334 4534; x_wconf 90' lang='lat' dir='ltr'><strong>me</strong></span> <span class='ocrx_word' id='word_1_705' title='bbox 2356 4479 2609 4549; x_wconf 89' lang='lat' dir='ltr'><strong>genuisti.</strong></span> <span class='ocrx_word' id='word_1_706' title='bbox 2641 4498 2665 4532; x_wconf 67' lang='grc' dir='ltr'><strong>ι</strong></span> <span class='ocrx_word' id='word_1_707' title='bbox 2714 4480 2975 4549; x_wconf 83' lang='lat' dir='ltr'><strong>Quamvis</strong></span> <span class='ocrx_word' id='word_1_708' title='bbox 3006 4484 3081 4538; x_wconf 89' lang='lat' dir='ltr'><strong>sit</strong></span> <span class='ocrx_word' id='word_1_709' title='bbox 3110 4485 3393 4556; x_wconf 87' lang='lat' dir='ltr'><strong>impudens</strong></span> <span class='ocrx_word' id='word_1_710' title='bbox 3432 4495 3488 4541; x_wconf 85' lang='lat' dir='ltr'><strong>et</strong></span> <span class='ocrx_word' id='word_1_711' title='bbox 3520 4501 3641 4556; x_wconf 89' lang='lat' dir='ltr'><strong>pro-</strong></span> 
     </span>
    </p>
   </div>
   <div class='ocr_carea' id='block_1_91' title="bbox 318 4566 3645 4641">
    <p class='ocr_par' dir='ltr' id='par_1_91' title="bbox 318 4566 3645 4641">
     <span class='ocr_line' id='line_1_91' title="bbox 318 4566 3645 4641; baseline 0.007 -24"><span class='ocrx_word' id='word_1_712' title='bbox 318 4638 323 4641; x_wconf 14' lang='lat'><strong><em>»</em></strong></span> <span class='ocrx_word' id='word_1_713' title='bbox 383 4579 633 4632; x_wconf 74' lang='lat' dir='ltr'><strong>mensem,</strong></span> <span class='ocrx_word' id='word_1_714' title='bbox 661 4566 1011 4640; x_wconf 88' lang='lat' dir='ltr'><strong>Septuaginta</strong></span> <span class='ocrx_word' id='word_1_715' title='bbox 1033 4578 1087 4628; x_wconf 91' lang='lat' dir='ltr'><strong>et</strong></span> <span class='ocrx_word' id='word_1_716' title='bbox 1108 4572 1406 4631; x_wconf 81' lang='lat' dir='ltr'><strong>Theodotio</strong></span> <span class='ocrx_word' id='word_1_717' title='bbox 1427 4577 1771 4634; x_wconf 67' lang='lat' dir='ltr'><strong>humilitatem</strong></span> <span class='ocrx_word' id='word_1_718' title='bbox 1797 4581 1965 4638; x_wconf 82' lang='lat' dir='ltr'><strong>inter-</strong></span> <span class='ocrx_word' id='word_1_719' title='bbox 1994 4573 2046 4635; x_wconf 88' lang='lat' dir='ltr'><strong>D</strong></span> <span class='ocrx_word' id='word_1_720' title='bbox 2072 4585 2173 4626; x_wconf 67' lang='lat' dir='ltr'><strong>03K</strong></span> <span class='ocrx_word' id='word_1_721' title='bbox 2198 4571 2380 4627; x_wconf 70' lang='grc' dir='ltr'><strong>νιιιίιιε</strong></span> <span class='ocrx_word' id='word_1_722' title='bbox 2408 4572 2723 4635; x_wconf 63' lang='lat' dir='ltr'><strong>iurantium,</strong></span> <span class='ocrx_word' id='word_1_723' title='bbox 2765 4582 2948 4629; x_wconf 65' lang='lat' dir='ltr'><strong>tamen</strong></span> <span class='ocrx_word' id='word_1_724' title='bbox 2974 4577 3247 4632; x_wconf 69' lang='lat' dir='ltr'><strong>erubescit</strong></span> <span class='ocrx_word' id='word_1_725' title='bbox 3276 4590 3398 4635; x_wconf 64' lang='lat' dir='ltr'><strong>eum</strong></span> <span class='ocrx_word' id='word_1_726' title='bbox 3420 4578 3477 4632; x_wconf 73' lang='lat' dir='ltr'><strong>in</strong></span> <span class='ocrx_word' id='word_1_727' title='bbox 3506 4577 3645 4633; x_wconf 66' lang='lat' dir='ltr'><strong>form</strong></span> 
     </span>
    </p>
   </div>
   <div class='ocr_carea' id='block_1_92' title="bbox 308 4654 1961 4738">
    <p class='ocr_par' dir='ltr' id='par_1_92' title="bbox 308 4654 1961 4738">
     <span class='ocr_line' id='line_1_92' title="bbox 308 4654 1961 4738; baseline 0.011 -27"><span class='ocrx_word' id='word_1_728' title='bbox 308 4654 315 4729; x_wconf 62' lang='grc' dir='ltr'><strong><em>ί</em></strong></span> <span class='ocrx_word' id='word_1_729' title='bbox 382 4658 580 4730; x_wconf 88' lang='lat' dir='ltr'><strong>pretati</strong></span> <span class='ocrx_word' id='word_1_730' title='bbox 606 4668 748 4715; x_wconf 92' lang='lat' dir='ltr'><strong>sunt.</strong></span> <span class='ocrx_word' id='word_1_731' title='bbox 775 4659 943 4717; x_wconf 85' lang='lat' dir='ltr'><strong>Porro</strong></span> <span class='ocrx_word' id='word_1_732' title='bbox 962 4661 1117 4733; x_wconf 86' lang='lat' dir='ltr'><strong>juxta</strong></span> <span class='ocrx_word' id='word_1_733' title='bbox 1142 4664 1489 4738; x_wconf 81' lang='lat' dir='ltr'><strong>Septuaginta</strong></span> <span class='ocrx_word' id='word_1_734' title='bbox 1521 4670 1610 4725; x_wconf 90' lang='lat' dir='ltr'><strong>hic</strong></span> <span class='ocrx_word' id='word_1_735' title='bbox 1635 4687 1825 4727; x_wconf 88' lang='lat' dir='ltr'><strong>sensus</strong></span> <span class='ocrx_word' id='word_1_736' title='bbox 1860 4682 1961 4729; x_wconf 91' lang='lat' dir='ltr'><strong>est.</strong></span> 
     </span>
    </p>
   </div>
   <div class='ocr_carea' id='block_1_93' title="bbox 382 4747 1965 4834">
    <p class='ocr_par' dir='ltr' id='par_1_93' title="bbox 382 4747 1965 4834">
     <span class='ocr_line' id='line_1_93' title="bbox 382 4747 1965 4834; baseline 0.009 -29"><span class='ocrx_word' id='word_1_737' title='bbox 382 4747 637 4807; x_wconf 76' lang='lat' dir='ltr'><strong>Meretrix</strong></span> <span class='ocrx_word' id='word_1_738' title='bbox 667 4750 1004 4809; x_wconf 79' lang='lat' dir='ltr'><strong>Hierusalem</strong></span> <span class='ocrx_word' id='word_1_739' title='bbox 1022 4795 1035 4819; x_wconf 95' lang='lat'><strong>,</strong></span> <span class='ocrx_word' id='word_1_740' title='bbox 1052 4754 1208 4824; x_wconf 87' lang='lat' dir='ltr'><strong>juxta</strong></span> <span class='ocrx_word' id='word_1_741' title='bbox 1241 4756 1384 4812; x_wconf 90' lang='lat' dir='ltr'><strong>illam</strong></span> <span class='ocrx_word' id='word_1_742' title='bbox 1416 4760 1697 4816; x_wconf 85' lang='lat' dir='ltr'><strong>mulierem</strong></span> <span class='ocrx_word' id='word_1_743' title='bbox 1724 4804 1738 4827; x_wconf 94' lang='lat'><strong>,</strong></span> <span class='ocrx_word' id='word_1_744' title='bbox 1762 4778 1881 4834; x_wconf 75' lang='lat' dir='ltr'><strong>quce</strong></span> <span class='ocrx_word' id='word_1_745' title='bbox 1910 4765 1965 4820; x_wconf 92' lang='lat' dir='ltr'><strong>in</strong></span> 
     </span>
    </p>
   </div>
   <div class='ocr_carea' id='block_1_94' title="bbox 381 4836 1964 4923">
    <p class='ocr_par' dir='ltr' id='par_1_94' title="bbox 381 4836 1964 4923">
     <span class='ocr_line' id='line_1_94' title="bbox 381 4836 1964 4923; baseline 0.009 -28"><span class='ocrx_word' id='word_1_746' title='bbox 381 4836 694 4897; x_wconf 87' lang='lat' dir='ltr'><strong>Proverbiis</strong></span> <span class='ocrx_word' id='word_1_747' title='bbox 731 4844 1056 4900; x_wconf 88' lang='lat' dir='ltr'><strong>describitur</strong></span> <span class='ocrx_word' id='word_1_748' title='bbox 1105 4844 1284 4918; x_wconf 88' lang='lat' dir='ltr'><strong>(Prov.</strong></span> <span class='ocrx_word' id='word_1_749' title='bbox 1321 4865 1351 4902; x_wconf 90' lang='lat' dir='ltr'><strong>v</strong></span> <span class='ocrx_word' id='word_1_750' title='bbox 1375 4858 1424 4903; x_wconf 81' lang='lat' dir='ltr'><strong>et</strong></span> <span class='ocrx_word' id='word_1_751' title='bbox 1448 4850 1544 4921; x_wconf 78' lang='lat' dir='ltr'><strong>vi),</strong></span> <span class='ocrx_word' id='word_1_752' title='bbox 1587 4851 1651 4907; x_wconf 89' lang='lat' dir='ltr'><strong>ad</strong></span> <span class='ocrx_word' id='word_1_753' title='bbox 1682 4868 1964 4923; x_wconf 89' lang='lat' dir='ltr'><strong>vesperam</strong></span> 
     </span>
    </p>
   </div>
   <div class='ocr_carea' id='block_1_95' title="bbox 381 4932 1967 5014">
    <p class='ocr_par' dir='ltr' id='par_1_95' title="bbox 381 4932 1967 5014">
     <span class='ocr_line' id='line_1_95' title="bbox 381 4932 1967 5014; baseline 0.008 -26"><span class='ocrx_word' id='word_1_754' title='bbox 381 4932 605 4988; x_wconf 87' lang='lat' dir='ltr'><strong>ululavit</strong></span> <span class='ocrx_word' id='word_1_755' title='bbox 626 4949 759 4990; x_wconf 90' lang='lat' dir='ltr'><strong>voce</strong></span> <span class='ocrx_word' id='word_1_756' title='bbox 780 4950 895 5002; x_wconf 86' lang='lat' dir='ltr'><strong>sua,</strong></span> <span class='ocrx_word' id='word_1_757' title='bbox 921 4944 975 4990; x_wconf 91' lang='lat' dir='ltr'><strong>et</strong></span> <span class='ocrx_word' id='word_1_758' title='bbox 1002 4938 1281 4995; x_wconf 84' lang='lat' dir='ltr'><strong>amatores</strong></span> <span class='ocrx_word' id='word_1_759' title='bbox 1306 4940 1375 4995; x_wconf 88' lang='lat' dir='ltr'><strong>ad</strong></span> <span class='ocrx_word' id='word_1_760' title='bbox 1405 4940 1682 4997; x_wconf 87' lang='lat' dir='ltr'><strong>libidinem</strong></span> <span class='ocrx_word' id='word_1_761' title='bbox 1706 4958 1967 5014; x_wconf 87' lang='lat' dir='ltr'><strong>provoca-</strong></span> 
     </span>
    </p>
   </div>
   <div class='ocr_carea' id='block_1_96' title="bbox 380 5022 1966 5098">
    <p class='ocr_par' dir='ltr' id='par_1_96' title="bbox 380 5022 1966 5098">
     <span class='ocr_line' id='line_1_96' title="bbox 380 5022 1966 5098; baseline 0.007 -21"><span class='ocrx_word' id='word_1_762' title='bbox 380 5022 493 5078; x_wconf 91' lang='lat' dir='ltr'><strong>bat.</strong></span> <span class='ocrx_word' id='word_1_763' title='bbox 524 5023 816 5094; x_wconf 84' lang='lat' dir='ltr'><strong>Aperiebat</strong></span> <span class='ocrx_word' id='word_1_764' title='bbox 843 5027 958 5081; x_wconf 89' lang='lat' dir='ltr'><strong>vias</strong></span> <span class='ocrx_word' id='word_1_765' title='bbox 982 5030 1331 5098; x_wconf 87' lang='lat' dir='ltr'><strong>turpitudinis</strong></span> <span class='ocrx_word' id='word_1_766' title='bbox 1357 5046 1489 5097; x_wconf 64' lang='lat' dir='ltr'><strong>suae,</strong></span> <span class='ocrx_word' id='word_1_767' title='bbox 1533 5040 1587 5087; x_wconf 89' lang='lat' dir='ltr'><strong>et</strong></span> <span class='ocrx_word' id='word_1_768' title='bbox 1632 5032 1966 5088; x_wconf 82' lang='lat' dir='ltr'><strong>divaricabat</strong></span> 
     </span>
    </p>
   </div>
   <div class='ocr_carea' id='block_1_97' title="bbox 380 5114 1965 5186">
    <p class='ocr_par' dir='ltr' id='par_1_97' title="bbox 380 5114 1965 5186">
     <span class='ocr_line' id='line_1_97' title="bbox 380 5114 1965 5186; baseline 0.007 -17"><span class='ocrx_word' id='word_1_769' title='bbox 380 5114 549 5186; x_wconf 88' lang='lat' dir='ltr'><strong>pedes</strong></span> <span class='ocrx_word' id='word_1_770' title='bbox 586 5116 734 5171; x_wconf 91' lang='lat' dir='ltr'><strong>omni</strong></span> <span class='ocrx_word' id='word_1_771' title='bbox 762 5120 1083 5175; x_wconf 87' lang='lat' dir='ltr'><strong>transeunti.</strong></span> <span class='ocrx_word' id='word_1_772' title='bbox 1112 5120 1245 5178; x_wconf 85' lang='lat' dir='ltr'><strong>Erat</strong></span> <span class='ocrx_word' id='word_1_773' title='bbox 1285 5133 1466 5179; x_wconf 85' lang='lat' dir='ltr'><strong>autem</strong></span> <span class='ocrx_word' id='word_1_774' title='bbox 1495 5123 1647 5179; x_wconf 91' lang='lat' dir='ltr'><strong>locus</strong></span> <span class='ocrx_word' id='word_1_775' title='bbox 1678 5126 1965 5180; x_wconf 74' lang='lat' dir='ltr'><strong>ammnita-</strong></span> 
     </span>
    </p>
   </div>
   <div class='ocr_carea' id='block_1_98' title="bbox 381 5205 1963 5286">
    <p class='ocr_par' dir='ltr' id='par_1_98' title="bbox 381 5205 1963 5286">
     <span class='ocr_line' id='line_1_98' title="bbox 381 5205 1963 5286; baseline 0.007 -24"><span class='ocrx_word' id='word_1_776' title='bbox 381 5214 496 5263; x_wconf 89' lang='lat' dir='ltr'><strong>tem</strong></span> <span class='ocrx_word' id='word_1_777' title='bbox 522 5205 727 5265; x_wconf 88' lang='lat' dir='ltr'><strong>habens</strong></span> <span class='ocrx_word' id='word_1_778' title='bbox 756 5224 1015 5280; x_wconf 86' lang='lat' dir='ltr'><strong>aquarum</strong></span> <span class='ocrx_word' id='word_1_779' title='bbox 1038 5212 1342 5281; x_wconf 84' lang='lat' dir='ltr'><strong>ﬂuentium,</strong></span> <span class='ocrx_word' id='word_1_780' title='bbox 1372 5217 1465 5286; x_wconf 91' lang='lat' dir='ltr'><strong>qui</strong></span> <span class='ocrx_word' id='word_1_781' title='bbox 1487 5217 1854 5273; x_wconf 86' lang='lat' dir='ltr'><strong>delectabilior</strong></span> <span class='ocrx_word' id='word_1_782' title='bbox 1880 5217 1963 5285; x_wconf 90' lang='lat' dir='ltr'><strong>ﬁt,</strong></span> 
     </span>
    </p>
   </div>
   <div class='ocr_carea' id='block_1_99' title="bbox 382 5300 1966 5374">
    <p class='ocr_par' dir='ltr' id='par_1_99' title="bbox 382 5300 1966 5374">
     <span class='ocr_line' id='line_1_99' title="bbox 382 5300 1966 5374; baseline 0.009 -21"><span class='ocrx_word' id='word_1_783' title='bbox 382 5300 600 5370; x_wconf 86' lang='lat' dir='ltr'><strong>quando</strong></span> <span class='ocrx_word' id='word_1_784' title='bbox 638 5302 692 5357; x_wconf 92' lang='lat' dir='ltr'><strong>in</strong></span> <span class='ocrx_word' id='word_1_785' title='bbox 742 5303 972 5361; x_wconf 84' lang='lat' dir='ltr'><strong>circuitu</strong></span> <span class='ocrx_word' id='word_1_786' title='bbox 1022 5309 1254 5363; x_wconf 88' lang='lat' dir='ltr'><strong>solitudo</strong></span> <span class='ocrx_word' id='word_1_787' title='bbox 1298 5315 1412 5374; x_wconf 91' lang='lat' dir='ltr'><strong>est,</strong></span> <span class='ocrx_word' id='word_1_788' title='bbox 1466 5319 1525 5365; x_wconf 91' lang='lat' dir='ltr'><strong>ut</strong></span> <span class='ocrx_word' id='word_1_789' title='bbox 1560 5311 1738 5368; x_wconf 89' lang='lat' dir='ltr'><strong>nullus</strong></span> <span class='ocrx_word' id='word_1_790' title='bbox 1788 5312 1966 5368; x_wconf 89' lang='lat' dir='ltr'><strong>videat</strong></span> 
     </span>
    </p>
   </div>
   <div class='ocr_carea' id='block_1_100' title="bbox 382 5387 1964 5473">
    <p class='ocr_par' dir='ltr' id='par_1_100' title="bbox 382 5387 1964 5473">
     <span class='ocr_line' id='line_1_100' title="bbox 382 5387 1964 5473; baseline 0.013 -32"><span class='ocrx_word' id='word_1_791' title='bbox 382 5387 762 5448; x_wconf 81' lang='lat' dir='ltr'><strong>foruicantem.</strong></span> <span class='ocrx_word' id='word_1_792' title='bbox 818 5412 839 5446; x_wconf 82' lang='grc'><strong>‹</strong></span> <span class='ocrx_word' id='word_1_793' title='bbox 889 5393 949 5451; x_wconf 83' lang='grc' dir='ltr'><strong>1η</strong></span> <span class='ocrx_word' id='word_1_794' title='bbox 1004 5396 1300 5465; x_wconf 88' lang='lat' dir='ltr'><strong>desiderio,</strong></span> <span class='ocrx_word' id='word_1_795' title='bbox 1341 5400 1546 5472; x_wconf 87' lang='lat' dir='ltr'><strong>inquit,</strong></span> <span class='ocrx_word' id='word_1_796' title='bbox 1591 5400 1785 5459; x_wconf 64' lang='lat' dir='ltr'><strong>animas</strong></span> <span class='ocrx_word' id='word_1_797' title='bbox 1830 5416 1964 5473; x_wconf 68' lang='lat' dir='ltr'><strong>suae,</strong></span> 
     </span>
    </p>
   </div>
   <div class='ocr_carea' id='block_1_101' title="bbox 378 5489 1963 5561">
    <p class='ocr_par' dir='ltr' id='par_1_101' title="bbox 378 5489 1963 5561">
     <span class='ocr_line' id='line_1_101' title="bbox 378 5489 1963 5561; baseline 0.009 -24"><span class='ocrx_word' id='word_1_798' title='bbox 378 5489 989 5560; x_wconf 59' lang='grc' dir='ltr'><strong>πνευματοφθρεῖτοβίνθ</strong></span> <span class='ocrx_word' id='word_1_799' title='bbox 1012 5504 1268 5560; x_wconf 85' lang='lat' dir='ltr'><strong>perverso</strong></span> <span class='ocrx_word' id='word_1_800' title='bbox 1295 5490 1493 5561; x_wconf 75' lang='lat' dir='ltr'><strong>spiritu</strong></span> <span class='ocrx_word' id='word_1_801' title='bbox 1508 5492 1822 5558; x_wconf 88' lang='lat' dir='ltr'><strong>ducebatur,</strong></span> <span class='ocrx_word' id='word_1_802' title='bbox 1847 5495 1963 5553; x_wconf 89' lang='lat' dir='ltr'><strong>sive</strong></span> 
     </span>
    </p>
   </div>
   <div class='ocr_carea' id='block_1_102' title="bbox 382 5578 1963 5658">
    <p class='ocr_par' dir='ltr' id='par_1_102' title="bbox 382 5578 1963 5658">
     <span class='ocr_line' id='line_1_102' title="bbox 382 5578 1963 5658; baseline 0.008 -27"><span class='ocrx_word' id='word_1_803' title='bbox 382 5578 631 5633; x_wconf 89' lang='lat' dir='ltr'><strong>trahebat</strong></span> <span class='ocrx_word' id='word_1_804' title='bbox 658 5581 860 5637; x_wconf 91' lang='lat' dir='ltr'><strong>amoris</strong></span> <span class='ocrx_word' id='word_1_805' title='bbox 878 5580 1240 5650; x_wconf 87' lang='lat' dir='ltr'><strong>refrigerium,</strong></span> <span class='ocrx_word' id='word_1_806' title='bbox 1264 5582 1349 5637; x_wconf 89' lang='lat' dir='ltr'><strong>vel</strong></span> <span class='ocrx_word' id='word_1_807' title='bbox 1369 5592 1515 5639; x_wconf 89' lang='lat' dir='ltr'><strong>certe</strong></span> <span class='ocrx_word' id='word_1_808' title='bbox 1542 5585 1768 5642; x_wconf 89' lang='lat' dir='ltr'><strong>canebat</strong></span> <span class='ocrx_word' id='word_1_809' title='bbox 1790 5587 1963 5658; x_wconf 89' lang='lat' dir='ltr'><strong>turpi-</strong></span> 
     </span>
    </p>
   </div>
   <div class='ocr_carea' id='block_1_103' title="bbox 382 5668 1963 5745">
    <p class='ocr_par' dir='ltr' id='par_1_103' title="bbox 382 5668 1963 5745">
     <span class='ocr_line' id='line_1_103' title="bbox 382 5668 1963 5745; baseline 0.006 -22"><span class='ocrx_word' id='word_1_810' title='bbox 382 5668 586 5723; x_wconf 89' lang='lat' dir='ltr'><strong>tudinis</strong></span> <span class='ocrx_word' id='word_1_811' title='bbox 610 5685 720 5725; x_wconf 83' lang='lat' dir='ltr'><strong>su:e</strong></span> <span class='ocrx_word' id='word_1_812' title='bbox 749 5669 1011 5726; x_wconf 89' lang='lat' dir='ltr'><strong>carmina.</strong></span> <span class='ocrx_word' id='word_1_813' title='bbox 1046 5668 1264 5725; x_wconf 88' lang='lat' dir='ltr'><strong>Tradita</strong></span> <span class='ocrx_word' id='word_1_814' title='bbox 1305 5681 1411 5738; x_wconf 85' lang='lat' dir='ltr'><strong>est,</strong></span> <span class='ocrx_word' id='word_1_815' title='bbox 1445 5675 1636 5745; x_wconf 88' lang='lat' dir='ltr'><strong>inquit,</strong></span> <span class='ocrx_word' id='word_1_816' title='bbox 1664 5677 1814 5733; x_wconf 89' lang='lat' dir='ltr'><strong>vitiis</strong></span> <span class='ocrx_word' id='word_1_817' title='bbox 1847 5678 1963 5734; x_wconf 87' lang='lat' dir='ltr'><strong>suis</strong></span> 
     </span>
    </p>
   </div>
   <div class='ocr_carea' id='block_1_104' title="bbox 381 5761 1953 5840">
    <p class='ocr_par' dir='ltr' id='par_1_104' title="bbox 381 5761 1953 5840">
     <span class='ocr_line' id='line_1_104' title="bbox 381 5761 1953 5840; baseline 0.003 -21"><span class='ocrx_word' id='word_1_818' title='bbox 381 5768 436 5819; x_wconf 78' lang='lat' dir='ltr'><strong>et</strong></span> <span class='ocrx_word' id='word_1_819' title='bbox 463 5761 694 5828; x_wconf 88' lang='lat' dir='ltr'><strong>libidini,</strong></span> <span class='ocrx_word' id='word_1_820' title='bbox 725 5761 902 5816; x_wconf 89' lang='lat' dir='ltr'><strong>nullus</strong></span> <span class='ocrx_word' id='word_1_821' title='bbox 928 5775 1050 5818; x_wconf 85' lang='lat' dir='ltr'><strong>eam</strong></span> <span class='ocrx_word' id='word_1_822' title='bbox 1093 5772 1410 5820; x_wconf 86' lang='lat' dir='ltr'><strong>convertere</strong></span> <span class='ocrx_word' id='word_1_823' title='bbox 1456 5767 1676 5839; x_wconf 84' lang='lat' dir='ltr'><strong>poterit.</strong></span> <span class='ocrx_word' id='word_1_824' title='bbox 1724 5767 1953 5840; x_wconf 84' lang='lat' dir='ltr'><strong>Omnes,</strong></span> 
     </span>
    </p>
   </div>
   <div class='ocr_carea' id='block_1_105' title="bbox 2072 4663 3642 4739">
    <p class='ocr_par' dir='ltr' id='par_1_105' title="bbox 2072 4663 3642 4739">
     <span class='ocr_line' id='line_1_105' title="bbox 2072 4663 3642 4739; baseline 0.003 -21"><span class='ocrx_word' id='word_1_825' title='bbox 2072 4663 2236 4718; x_wconf 66' lang='lat' dir='ltr'><strong>fuerit</strong></span> <span class='ocrx_word' id='word_1_826' title='bbox 2280 4663 2669 4733; x_wconf 77' lang='lat' dir='ltr'><strong>deprehensus.</strong></span> <span class='ocrx_word' id='word_1_827' title='bbox 2723 4664 2790 4719; x_wconf 83' lang='lat' dir='ltr'><strong>Et</strong></span> <span class='ocrx_word' id='word_1_828' title='bbox 2836 4665 3002 4721; x_wconf 83' lang='lat' dir='ltr'><strong>lsrael</strong></span> <span class='ocrx_word' id='word_1_829' title='bbox 3039 4683 3172 4739; x_wconf 81' lang='lat' dir='ltr'><strong>ergo</strong></span> <span class='ocrx_word' id='word_1_830' title='bbox 3221 4669 3407 4724; x_wconf 79' lang='lat' dir='ltr'><strong>dicens</strong></span> <span class='ocrx_word' id='word_1_831' title='bbox 3460 4669 3642 4739; x_wconf 82' lang='lat' dir='ltr'><strong>ligno,</strong></span> 
     </span>
    </p>
   </div>
   <div class='ocr_carea' id='block_1_106' title="bbox 2078 4753 3644 4831">
    <p class='ocr_par' dir='ltr' id='par_1_106' title="bbox 2078 4753 3644 4831">
     <span class='ocr_line' id='line_1_106' title="bbox 2078 4753 3644 4831; baseline 0.005 -24"><span class='ocrx_word' id='word_1_832' title='bbox 2078 4772 2098 4807; x_wconf 76' lang='grc' dir='ltr'>ι</span> <span class='ocrx_word' id='word_1_833' title='bbox 2130 4753 2292 4810; x_wconf 87' lang='lat' dir='ltr'><strong>Pater</strong></span> <span class='ocrx_word' id='word_1_834' title='bbox 2312 4770 2467 4810; x_wconf 88' lang='lat' dir='ltr'><strong>meus</strong></span> <span class='ocrx_word' id='word_1_835' title='bbox 2496 4769 2557 4811; x_wconf 81' lang='lat' dir='ltr'><strong>es</strong></span> <span class='ocrx_word' id='word_1_836' title='bbox 2583 4762 2673 4820; x_wconf 87' lang='lat' dir='ltr'><strong>tu;</strong></span> <span class='ocrx_word' id='word_1_837' title='bbox 2712 4763 2769 4811; x_wconf 87' lang='lat' dir='ltr'><strong>et</strong></span> <span class='ocrx_word' id='word_1_838' title='bbox 2793 4755 2989 4827; x_wconf 82' lang='lat' dir='ltr'><strong>lapidi:</strong></span> <span class='ocrx_word' id='word_1_839' title='bbox 3020 4759 3101 4814; x_wconf 87' lang='lat' dir='ltr'><strong>&#39;l‘u</strong></span> <span class='ocrx_word' id='word_1_840' title='bbox 3127 4775 3217 4815; x_wconf 88' lang='lat' dir='ltr'><strong>me</strong></span> <span class='ocrx_word' id='word_1_841' title='bbox 3237 4762 3506 4831; x_wconf 79' lang='lat' dir='ltr'><strong>genuisti;</strong></span> <span class='ocrx_word' id='word_1_842' title='bbox 3532 4781 3552 4814; x_wconf 77' lang='grc' dir='ltr'>ι</span> <span class='ocrx_word' id='word_1_843' title='bbox 3587 4770 3644 4815; x_wconf 88' lang='lat' dir='ltr'><strong>ut</strong></span> 
     </span>
    </p>
   </div>
   <div class='ocr_carea' id='block_1_107' title="bbox 2071 4849 3647 4919">
    <p class='ocr_par' dir='ltr' id='par_1_107' title="bbox 2071 4849 3647 4919">
     <span class='ocr_line' id='line_1_107' title="bbox 2071 4849 3647 4919; baseline 0.006 -17"><span class='ocrx_word' id='word_1_844' title='bbox 2071 4860 2165 4902; x_wconf 86' lang='lat' dir='ltr'><strong>eos</strong></span> <span class='ocrx_word' id='word_1_845' title='bbox 2191 4855 2411 4902; x_wconf 75' lang='lat' dir='ltr'><strong>vocaret</strong></span> <span class='ocrx_word' id='word_1_846' title='bbox 2453 4856 2707 4917; x_wconf 86' lang='lat' dir='ltr'><strong>parentes</strong></span> <span class='ocrx_word' id='word_1_847' title='bbox 2733 4862 2870 4917; x_wconf 87' lang='lat' dir='ltr'><strong>quos</strong></span> <span class='ocrx_word' id='word_1_848' title='bbox 2908 4849 3024 4919; x_wconf 87' lang='lat' dir='ltr'><strong>ipse</strong></span> <span class='ocrx_word' id='word_1_849' title='bbox 3060 4850 3354 4908; x_wconf 81' lang='lat' dir='ltr'><strong>fabricatos</strong></span> <span class='ocrx_word' id='word_1_850' title='bbox 3390 4860 3494 4919; x_wconf 87' lang='lat' dir='ltr'><strong>est,</strong></span> <span class='ocrx_word' id='word_1_851' title='bbox 3517 4868 3647 4911; x_wconf 78' lang='lat' dir='ltr'><strong>con-</strong></span> 
     </span>
    </p>
   </div>
   <div class='ocr_carea' id='block_1_108' title="bbox 2072 4939 3643 5015">
    <p class='ocr_par' dir='ltr' id='par_1_108' title="bbox 2072 4939 3643 5015">
     <span class='ocr_line' id='line_1_108' title="bbox 2072 4939 3643 5015; baseline 0.003 -21"><span class='ocrx_word' id='word_1_852' title='bbox 2072 4939 2316 4996; x_wconf 83' lang='lat' dir='ltr'><strong>funditur</strong></span> <span class='ocrx_word' id='word_1_853' title='bbox 2342 4954 2464 4994; x_wconf 91' lang='lat' dir='ltr'><strong>cum</strong></span> <span class='ocrx_word' id='word_1_854' title='bbox 2491 4941 2547 4994; x_wconf 86' lang='lat' dir='ltr'><strong>in</strong></span> <span class='ocrx_word' id='word_1_855' title='bbox 2583 4956 2680 4997; x_wconf 88' lang='lat' dir='ltr'><strong>sua</strong></span> <span class='ocrx_word' id='word_1_856' title='bbox 2721 4941 3018 4998; x_wconf 83' lang='lat' dir='ltr'><strong>idololatria</strong></span> <span class='ocrx_word' id='word_1_857' title='bbox 3059 4943 3220 5001; x_wconf 81' lang='lat' dir='ltr'><strong>fuerit</strong></span> <span class='ocrx_word' id='word_1_858' title='bbox 3257 4945 3643 5015; x_wconf 82' lang='lat' dir='ltr'><strong>deprehensus.</strong></span> 
     </span>
    </p>
   </div>
   <div class='ocr_carea' id='block_1_109' title="bbox 2070 5031 3638 5108">
    <p class='ocr_par' dir='ltr' id='par_1_109' title="bbox 2070 5031 3638 5108">
     <span class='ocr_line' id='line_1_109' title="bbox 2070 5031 3638 5108; baseline 0.01 -23"><span class='ocrx_word' id='word_1_859' title='bbox 2070 5031 2137 5086; x_wconf 82' lang='lat' dir='ltr'><strong>Et</strong></span> <span class='ocrx_word' id='word_1_860' title='bbox 2162 5046 2229 5087; x_wconf 88' lang='lat' dir='ltr'><strong>ne</strong></span> <span class='ocrx_word' id='word_1_861' title='bbox 2253 5042 2505 5104; x_wconf 86' lang='lat' dir='ltr'><strong>putemus</strong></span> <span class='ocrx_word' id='word_1_862' title='bbox 2532 5051 2654 5095; x_wconf 88' lang='lat' dir='ltr'><strong>eum</strong></span> <span class='ocrx_word' id='word_1_863' title='bbox 2697 5038 2800 5093; x_wconf 81' lang='lat' dir='ltr'><strong>hoc</strong></span> <span class='ocrx_word' id='word_1_864' title='bbox 2825 5038 2894 5092; x_wconf 89' lang='lat' dir='ltr'><strong>de</strong></span> <span class='ocrx_word' id='word_1_865' title='bbox 2940 5037 3095 5107; x_wconf 84' lang='lat' dir='ltr'><strong>plebe</strong></span> <span class='ocrx_word' id='word_1_866' title='bbox 3122 5036 3303 5093; x_wconf 77' lang='lat' dir='ltr'><strong>dicere</strong></span> <span class='ocrx_word' id='word_1_867' title='bbox 3333 5055 3346 5090; x_wconf 88' lang='lat'><strong>:</strong></span> <span class='ocrx_word' id='word_1_868' title='bbox 3371 5051 3528 5108; x_wconf 83' lang='lat' dir='ltr'><strong>reges</strong></span> <span class='ocrx_word' id='word_1_869' title='bbox 3552 5052 3638 5107; x_wconf 86' lang='lat' dir='ltr'><strong>po.</strong></span> 
     </span>
    </p>
   </div>
   <div class='ocr_carea' id='block_1_110' title="bbox 2067 5122 3646 5196">
    <p class='ocr_par' dir='ltr' id='par_1_110' title="bbox 2067 5122 3646 5196">
     <span class='ocr_line' id='line_1_110' title="bbox 2067 5122 3646 5196; baseline 0.003 -20"><span class='ocrx_word' id='word_1_870' title='bbox 2067 5122 2168 5188; x_wconf 89' lang='lat' dir='ltr'><strong>nit,</strong></span> <span class='ocrx_word' id='word_1_871' title='bbox 2211 5132 2267 5178; x_wconf 85' lang='lat' dir='ltr'><strong>et</strong></span> <span class='ocrx_word' id='word_1_872' title='bbox 2316 5123 2611 5196; x_wconf 89' lang='lat' dir='ltr'><strong>principes,</strong></span> <span class='ocrx_word' id='word_1_873' title='bbox 2650 5135 2707 5182; x_wconf 88' lang='lat' dir='ltr'><strong>et</strong></span> <span class='ocrx_word' id='word_1_874' title='bbox 2748 5127 3078 5193; x_wconf 82' lang='lat' dir='ltr'><strong>sacerdotes,</strong></span> <span class='ocrx_word' id='word_1_875' title='bbox 3113 5135 3171 5180; x_wconf 76' lang='lat' dir='ltr'><strong>et</strong></span> <span class='ocrx_word' id='word_1_876' title='bbox 3223 5124 3514 5196; x_wconf 73' lang='lat' dir='ltr'><strong>prophetas</strong></span> <span class='ocrx_word' id='word_1_877' title='bbox 3555 5138 3646 5180; x_wconf 80' lang='lat' dir='ltr'><strong>eo-</strong></span> 
     </span>
    </p>
   </div>
   <div class='ocr_carea' id='block_1_111' title="bbox 2070 5216 3647 5287">
    <p class='ocr_par' dir='ltr' id='par_1_111' title="bbox 2070 5216 3647 5287">
     <span class='ocr_line' id='line_1_111' title="bbox 2070 5216 3647 5287; baseline 0.003 -18"><span class='ocrx_word' id='word_1_878' title='bbox 2070 5230 2209 5270; x_wconf 85' lang='lat' dir='ltr'><strong>rum.</strong></span> <span class='ocrx_word' id='word_1_879' title='bbox 2256 5216 2484 5273; x_wconf 88' lang='lat' dir='ltr'><strong>Utamur</strong></span> <span class='ocrx_word' id='word_1_880' title='bbox 2516 5220 2621 5275; x_wconf 88' lang='lat' dir='ltr'><strong>hoc</strong></span> <span class='ocrx_word' id='word_1_881' title='bbox 2658 5220 2991 5284; x_wconf 84' lang='lat' dir='ltr'><strong>testimonio,</strong></span> <span class='ocrx_word' id='word_1_882' title='bbox 3027 5218 3073 5272; x_wconf 85' lang='lat' dir='ltr'><strong>si</strong></span> <span class='ocrx_word' id='word_1_883' title='bbox 3121 5217 3339 5287; x_wconf 69' lang='lat' dir='ltr'><strong>quando</strong></span> <span class='ocrx_word' id='word_1_884' title='bbox 3375 5217 3647 5287; x_wconf 79' lang='lat' dir='ltr'><strong>principes</strong></span> 
     </span>
    </p>
   </div>
   <div class='ocr_carea' id='block_1_112' title="bbox 2070 5308 3646 5381">
    <p class='ocr_par' dir='ltr' id='par_1_112' title="bbox 2070 5308 3646 5381">
     <span class='ocr_line' id='line_1_112' title="bbox 2070 5308 3646 5381; baseline 0.001 -18"><span class='ocrx_word' id='word_1_885' title='bbox 2070 5308 2239 5363; x_wconf 87' lang='lat' dir='ltr'><strong>nostri</strong></span> <span class='ocrx_word' id='word_1_886' title='bbox 2267 5318 2324 5365; x_wconf 90' lang='lat' dir='ltr'><strong>et</strong></span> <span class='ocrx_word' id='word_1_887' title='bbox 2350 5310 2408 5366; x_wconf 81' lang='lat' dir='ltr'><strong>hi</strong></span> <span class='ocrx_word' id='word_1_888' title='bbox 2444 5311 2538 5380; x_wconf 91' lang='lat' dir='ltr'><strong>qui</strong></span> <span class='ocrx_word' id='word_1_889' title='bbox 2572 5312 2628 5366; x_wconf 87' lang='lat' dir='ltr'><strong>in</strong></span> <span class='ocrx_word' id='word_1_890' title='bbox 2670 5310 2907 5367; x_wconf 81' lang='lat' dir='ltr'><strong>Ecclesia</strong></span> <span class='ocrx_word' id='word_1_891' title='bbox 2941 5318 3202 5381; x_wconf 60' lang='lat' dir='ltr'><strong>putarunt</strong></span> <span class='ocrx_word' id='word_1_892' title='bbox 3226 5310 3390 5368; x_wconf 67' lang='lat' dir='ltr'><strong>diem</strong></span> <span class='ocrx_word' id='word_1_893' title='bbox 3427 5308 3485 5364; x_wconf 88' lang='lat' dir='ltr'><strong>in</strong></span> <span class='ocrx_word' id='word_1_894' title='bbox 3516 5321 3646 5379; x_wconf 83' lang='lat' dir='ltr'><strong>pce-</strong></span> 
     </span>
    </p>
   </div>
   <div class='ocr_carea' id='block_1_113' title="bbox 2071 5388 3171 5473">
    <p class='ocr_par' dir='ltr' id='par_1_113' title="bbox 2071 5388 3171 5473">
     <span class='ocr_line' id='line_1_113' title="bbox 2071 5388 3171 5473; baseline 0.002 -20"><span class='ocrx_word' id='word_1_895' title='bbox 2071 5400 2209 5454; x_wconf 89' lang='lat' dir='ltr'><strong>catis</strong></span> <span class='ocrx_word' id='word_1_896' title='bbox 2231 5401 2478 5471; x_wconf 88' lang='lat' dir='ltr'><strong>turpibus</strong></span> <span class='ocrx_word' id='word_1_897' title='bbox 2507 5400 2711 5457; x_wconf 87' lang='lat' dir='ltr'><strong>fuerint</strong></span> <span class='ocrx_word' id='word_1_898' title='bbox 2738 5401 3080 5473; x_wconf 89' lang='lat' dir='ltr'><strong>deprehensi.</strong></span> <span class='ocrx_word' id='word_1_899' title='bbox 3168 5388 3171 5395; x_wconf 37' lang='grc'><em>⁴</em></span> 
     </span>
    </p>
   </div>
   <div class='ocr_carea' id='block_1_114' title="bbox 2147 5491 3645 5564">
    <p class='ocr_par' dir='ltr' id='par_1_114' title="bbox 2147 5491 3645 5564">
     <span class='ocr_line' id='line_1_114' title="bbox 2147 5491 3645 5564; baseline 0.001 -23"><span class='ocrx_word' id='word_1_900' title='bbox 2147 5508 2167 5541; x_wconf 76' lang='grc' dir='ltr'>ι</span> <span class='ocrx_word' id='word_1_901' title='bbox 2201 5491 2490 5546; x_wconf 82' lang='lat' dir='ltr'><strong>Vertertmt</strong></span> <span class='ocrx_word' id='word_1_902' title='bbox 2539 5491 2607 5547; x_wconf 78' lang='lat' dir='ltr'><strong>ad</strong></span> <span class='ocrx_word' id='word_1_903' title='bbox 2658 5507 2745 5547; x_wconf 88' lang='lat' dir='ltr'><strong>me</strong></span> <span class='ocrx_word' id='word_1_904' title='bbox 2796 5499 3009 5564; x_wconf 84' lang='lat' dir='ltr'><strong>tergum</strong></span> <span class='ocrx_word' id='word_1_905' title='bbox 3064 5500 3121 5548; x_wconf 79' lang='lat' dir='ltr'><strong>et</strong></span> <span class='ocrx_word' id='word_1_906' title='bbox 3197 5506 3306 5548; x_wconf 78' lang='lat' dir='ltr'><strong>non</strong></span> <span class='ocrx_word' id='word_1_907' title='bbox 3368 5491 3584 5548; x_wconf 71' lang='lat' dir='ltr'><strong>laciean.</strong></span> <span class='ocrx_word' id='word_1_908' title='bbox 3621 5506 3645 5542; x_wconf 74' lang='grc' dir='ltr'>ι</span> 
     </span>
    </p>
   </div>
   <div class='ocr_carea' id='block_1_115' title="bbox 2070 5580 3648 5656">
    <p class='ocr_par' dir='ltr' id='par_1_115' title="bbox 2070 5580 3648 5656">
     <span class='ocr_line' id='line_1_115' title="bbox 2070 5580 3648 5656; baseline 0.003 -21"><span class='ocrx_word' id='word_1_909' title='bbox 2070 5580 2297 5649; x_wconf 85' lang='lat' dir='ltr'><strong>Quando</strong></span> <span class='ocrx_word' id='word_1_910' title='bbox 2321 5583 2466 5637; x_wconf 87' lang='lat' dir='ltr'><strong>enim</strong></span> <span class='ocrx_word' id='word_1_911' title='bbox 2493 5583 2754 5656; x_wconf 79' lang='lat' dir='ltr'><strong>magister</strong></span> <span class='ocrx_word' id='word_1_912' title='bbox 2772 5584 3037 5653; x_wconf 64' lang='lat' dir='ltr'><strong>praecipit,</strong></span> <span class='ocrx_word' id='word_1_913' title='bbox 3061 5584 3362 5640; x_wconf 81' lang='lat' dir='ltr'><strong>obedientis</strong></span> <span class='ocrx_word' id='word_1_914' title='bbox 3389 5581 3648 5641; x_wconf 83' lang='lat' dir='ltr'><strong>indicium</strong></span> 
     </span>
    </p>
   </div>
   <div class='ocr_carea' id='block_1_116' title="bbox 2070 5674 3648 5746">
    <p class='ocr_par' dir='ltr' id='par_1_116' title="bbox 2070 5674 3648 5746">
     <span class='ocr_line' id='line_1_116' title="bbox 2070 5674 3648 5746; baseline 0.001 -17"><span class='ocrx_word' id='word_1_915' title='bbox 2070 5684 2173 5740; x_wconf 86' lang='lat' dir='ltr'><strong>est,</strong></span> <span class='ocrx_word' id='word_1_916' title='bbox 2200 5674 2246 5729; x_wconf 88' lang='lat' dir='ltr'><strong>si</strong></span> <span class='ocrx_word' id='word_1_917' title='bbox 2273 5675 2510 5733; x_wconf 87' lang='lat' dir='ltr'><strong>demisso</strong></span> <span class='ocrx_word' id='word_1_918' title='bbox 2532 5683 2723 5732; x_wconf 83' lang='lat' dir='ltr'><strong>contra</strong></span> <span class='ocrx_word' id='word_1_919' title='bbox 2754 5675 2940 5730; x_wconf 84' lang='lat' dir='ltr'><strong>audiat</strong></span> <span class='ocrx_word' id='word_1_920' title='bbox 2971 5675 3177 5746; x_wconf 87' lang='lat' dir='ltr'><strong>capite;</strong></span> <span class='ocrx_word' id='word_1_921' title='bbox 3205 5674 3292 5730; x_wconf 82' lang='lat' dir='ltr'><strong>sin</strong></span> <span class='ocrx_word' id='word_1_922' title='bbox 3322 5683 3502 5731; x_wconf 85' lang='lat' dir='ltr'><strong>autem</strong></span> <span class='ocrx_word' id='word_1_923' title='bbox 3521 5688 3648 5730; x_wconf 86' lang='lat' dir='ltr'><strong>ver-</strong></span> 
     </span>
    </p>
   </div>
   <div class='ocr_carea' id='block_1_117' title="bbox 2071 5767 3652 5847">
    <p class='ocr_par' dir='ltr' id='par_1_117' title="bbox 2071 5767 3652 5847">
     <span class='ocr_line' id='line_1_117' title="bbox 2071 5767 3652 5847; baseline 0.004 -20"><span class='ocrx_word' id='word_1_924' title='bbox 2071 5777 2148 5827; x_wconf 84' lang='lat' dir='ltr'><strong>tat</strong></span> <span class='ocrx_word' id='word_1_925' title='bbox 2168 5776 2405 5847; x_wconf 79' lang='lat' dir='ltr'><strong>tergum,</strong></span> <span class='ocrx_word' id='word_1_926' title='bbox 2424 5769 2641 5847; x_wconf 83' lang='lat' dir='ltr'><strong>signum</strong></span> <span class='ocrx_word' id='word_1_927' title='bbox 2662 5767 2752 5828; x_wconf 80' lang='lat' dir='ltr'><strong>est</strong></span> <span class='ocrx_word' id='word_1_928' title='bbox 2773 5767 3171 5833; x_wconf 84' lang='lat' dir='ltr'><strong>contemnentis</strong></span> <span class='ocrx_word' id='word_1_929' title='bbox 3190 5783 3209 5833; x_wconf 69' lang='grc' dir='ltr'>ξ</span> <span class='ocrx_word' id='word_1_930' title='bbox 3232 5775 3292 5828; x_wconf 78' lang='lat' dir='ltr'><strong>ut</strong></span> <span class='ocrx_word' id='word_1_931' title='bbox 3315 5768 3372 5828; x_wconf 78' lang='lat' dir='ltr'><strong>in</strong></span> <span class='ocrx_word' id='word_1_932' title='bbox 3397 5767 3504 5833; x_wconf 76' lang='lat' dir='ltr'><strong>alia</strong></span> <span class='ocrx_word' id='word_1_933' title='bbox 3527 5767 3652 5833; x_wconf 73' lang='lat' dir='ltr'><strong>loco</strong></span> 
     </span>
    </p>
   </div>
  </div>
