4008 6340
351 381 486 438 821·
1268 367 1634 428 EXPOSITIO
1673 360 1898 422 SUPER
1933 355 2302 415 JEREMIAM.
2343 385 2417 398 —
2453 354 2584 412 LIB.
2622 353 2690 410 Il.
3505 353 3612 411 832

353 505 616 570 scriptum
657 501 778 554 est;
815 511 834 546 ι
863 492 932 548 Ει
980 496 1258 549 verterunt
1285 489 1358 546 ad
1405 503 1494 546 me
1534 484 1808 558 scapulam
1827 487 1931 537 're-
1957 481 2011 542 Α
2036 477 2132 532 sed
2168 483 2349 570 vester
2381 473 2606 570 gladius
2619 469 2918 570 devoravit,
2943 483 3104 570 quem
3141 469 3476 570 sustinuistis
3511 485 3613 542 pro

354 563 636 649 cedentem
685 583 870 660 (lacu.
917 582 1040 658 vn).
1075 601 1093 630 ι
1157 580 1259 648 Qui
1305 578 1597 652 projiciunt
1649 588 1930 632 sermones
2037 569 2273 642 peccatis
2310 567 2534 660 vestris.
2569 564 2742 660 l’orro
2771 563 3122 660 Septuaginta
3151 580 3261 620 non
3296 565 3497 660 habent
3532 582 3618 660 ve-

353 683 450 740 Dei
473 658 788 744 retrorsum,
821 673 924 748 ipsi
949 678 1168 731 vertunt
1187 680 1374 744 contra
1396 686 1521 726 eum
1541 677 1756 741 tergum
1773 679 1932 722 suum
2033 671 2174 726 ater;
2219 662 2314 716 sed
2362 658 2682 730 simpliciter
2730 658 3072 728 interpretati
3114 666 3262 724 sunt,
3291 675 3312 711 ι
3339 659 3620 748 devoravit

355 783 412 834 et
445 789 552 831 non
588 771 802 828 faciem.
831 767 888 822 lu
940 773 1169 829 tantum,
1218 763 1391 836 inquit
1435 763 1603 825 Deus,
1637 773 1759 814 mea
1805 771 1936 812 con-

355 874 625 938 tempsere
647 866 939 936 praecepta,
967 837 1118 912 utne
1155 855 1344 910 audire
1379 853 1597 926 quidem
1626 849 1933 921 voluerunt,

358 960 451 1016 sed
483 969 748 1017 tumorem
771 951 937 1008 animi
965 958 1118 1022 gestu
1145 949 1386 1017 corporis
1414 945 1724 1002 iudicarint.

433 1069 453 1102 ι
485 1050 552 1104 Et
591 1049 644 1102 in
694 1053 936 1114 tempore
981 1040 1288 1097 atllictionis
1337 1057 1449 1095 suae
1497 1039 1714 1094 dicent:
1763 1033 1938 1114 surge

366 1160 384 1192 ι
414 1147 469 1194 et
496 1138 664 1192 libera
707 1151 826 1192 nos.
859 1153 879 1188 ι
917 1131 1018 1202 Qui
1047 1147 1144 1203 per
1176 1129 1442 1188 beneﬁcia
1481 1145 1587 1185 non
1625 1133 1932 1193 senserunt,

355 1247 455 1306 per
481 1211 746 1300 tormenta
770 1227 1004 1284 sentient
1031 1227 1224 1282 Deum.

433 1341 453 1374 ι
487 1323 588 1378 Ubi
616 1329 741 1392 sunt
767 1320 840 1375 dii
877 1319 952 1374 tui
981 1334 1118 1390 quos
1148 1316 1323 1372 fecisti
1352 1313 1492 1372 tibi?
1515 1319 1742 1384 surgant
1783 1317 1839 1366 et
1880 1309 1940 1366 li-

364 1434 383 1468 ί
418 1415 608 1469 herent
652 1421 705 1468 te
743 1411 798 1468 in
827 1418 1068 1478 tempore
1115 1407 1420 1462 atllictionis
1445 1415 1568 1462 tum.
1599 1424 1620 1458 ι
1651 1403 1939 1474 lmpudens

359 1501 649 1576 postulatio
693 1510 931 1572 tempore
977 1497 1318 1554 necessitatis
1347 1505 1402 1578 et
1433 1495 1718 1568 angustiae,
1763 1495 1830 1550 ab
1874 1507 1941 1548 eo

361 1610 606 1667 qumrere
633 1592 911 1658 auxilium,
941 1606 1102 1662 quem
1132 1590 1186 1644 in
1209 1602 1342 1660 pace
1363 1587 1808 1660 contempserint.
1837 1584 1942 1642 Le-

361 1687 698 1756 gendumque
727 1683 1054 1753 increpantis
1083 1680 1278 1736 affectu
1307 1694 1321 1733 :
1352 1699 1370 1732 ι
1403 1678 1657 1734 Literent
1684 1685 1735 1732 te
1761 1675 1834 1732 dii
1864 1674 1941 1729 tui

362 1793 500 1848 qtios
537 1776 710 1830 fecisti
741 1775 858 1842 tibi,
899 1794 916 1826 ι
954 1781 1011 1828 ιιι
1054 1789 1176 1828 cum
1209 1773 1350 1826 Deus
1399 1771 1470 1844 sit
1515 1778 1731 1824 creator
1763 1766 1941 1822 homi-

2035 753 2245 827 gladius
2271 752 2561 826 prophetas
2583 758 2853 813 vestrosu
2872 757 2932 804 ut
2952 749 3270 806 ostendatur
3297 751 3381 806 vel
3404 745 3617 809 hostilis

2038 847 2269 920 gladius,
2298 846 2382 902 vel
2409 845 2620 916 gladius
2663 860 2837 912 meus,
2867 859 2969 914 per
2995 859 3157 918 quem
3189 853 3368 902 vestra
3393 857 3618 920 peccata

2037 938 2272 994 confodi.

2115 1049 2134 1083 ι
2163 1030 2330 1104 Quasi
2365 1029 2448 1084 leo
2486 1035 2746 1094 vastator,
2775 1027 3055 1100 generatio
3085 1035 3291 1084 vestra.
3328 1047 3348 1081 ι
3393 1027 3621 1098 Septua-

2041 1123 2228 1196 ginta:
2261 1142 2278 1174 ‹
2313 1121 2478 1192 Quasi
2507 1121 2591 1176 leo
2638 1127 2876 1176 vastator
2903 1127 2960 1178 et
2994 1135 3101 1176 non
3138 1119 3413 1178 timuistis.
3443 1139 3465 1174 ι
3487 1118 3621 1176 Gla-

2041 1217 2185 1282 dius,
2211 1217 2406 1287 inquit,
2443 1215 2533 1286 qui
2578 1214 2857 1270 devoravit
2897 1215 3189 1286 prophetas
3216 1223 3448 1281 vestros,
3477 1215 3628 1272 haud

2042 1309 2264 1365 dubium
2288 1308 2418 1377 quin
2449 1307 2578 1361 Baal
2605 1314 2660 1361 et
2693 1305 2955 1362 idolorum
2985 1305 3185 1363 ariolos
3211 1306 3504 1377 significet,
3542 1307 3626 1390 in-

2041 1407 2158 1457 ttar
2185 1399 2356 1454 leonis
2385 1397 2636 1452 universa
2667 1396 2920 1462 vastabit,
2943 1404 2997 1452 et
3036 1404 3216 1454 tamen
3252 1403 3431 1452 vestra
3460 1411 3613 1466 gene.
3692 1391 3697 1396 ’

2043 1493 2202 1557 ratio,
2227 1508 2346 1564 quae
2394 1505 2688 1562 paucorum
2729 1489 3106 1546 interfectione
3147 1489 3411 1546 debuerat
3443 1503 3630 1544 emen-

2045 1583 2194 1650 dari,
2245 1581 2422 1638 omnis
2453 1581 2818 1651 perseveravit
2859 1581 2911 1636 in
2937 1581 3161 1638 scelere.
3194 1579 3356 1636 Juxta
3401 1579 3630 1651 Septua-

2045 1672 2194 1744 ginta
2221 1657 2366 1728 'vero
2393 1671 2480 1728 hic
2519 1686 2715 1726 sensus
2742 1677 2846 1726 est.
2889 1669 2981 1726 Sic
3019 1671 3226 1744 gladius
3265 1670 3514 1738 Domini,
3537 1670 3628 1740 qui

2047 1765 2480 1822 adversariorum
2516 1764 2752 1835 gladium
2777 1764 3195 1832 demonstravit,
3239 1764 3516 1820 devoravit
3543 1773 3630 1820 at-

363 1883 513 1930 num,
554 1867 716 1920 homo
761 1863 951 1919 fecerit
992 1865 1180 1930 Deum,
1226 1861 1418 1934 probet
1467 1860 1764 1914 necessitas
1811 1857 1942 1928 quid
1967 1860 2018 1921 B
2044 1875 2148 1930 que
2183 1859 2440 1914 laceravit
2479 1859 2970 1930 pseudoprophetas
3023 1868 3265 1925 vestros,
3314 1861 3469 1930 quasi
3511 1858 3628 1926 leo,

362 1959 573 2030 possint
601 1973 737 2028 quos
777 1973 1000 2012 securus
1031 1965 1156 2010 ante
1179 1953 1413 2010 coluisti.
1459 1953 1534 2008 De
1575 1953 1678 2008 hoc
1705 1952 1760 2006 in
1803 1950 1942 2006 lsaia
2045 1953 2136 2024 qui
2167 1952 2511 2008 avidissimus
2545 1961 2814 2024 repertam
2836 1953 3074 2022 praedam
3104 1951 3328 2018 lacerat,
3359 1961 3416 2010 et
3451 1961 3633 2013 tamen

331 2041 624 2122 'scriptum
653 2057 735 2105 est
763 2068 778 2103 :
811 2069 828 2100 ι
858 2048 960 2105 Ubi
1000 2055 1125 2104 sunt
1162 2047 1235 2102 dii
1267 2047 1342 2102 tui
1384 2061 1521 2118 quos
1567 2045 1776 2101 feceras
1815 2045 1944 2100 tibi?
2046 2061 2146 2102 nec
2174 2046 2564 2118 prophetarum
2603 2054 2907 2110 vestrorum
2954 2046 3219 2119 supplicio
3260 2045 3512 2118 potuistis
3561 2045 3633 2102 ad

367 2150 591 2215 surgant
625 2150 680 2196 et
714 2140 917 2198 salvmn
962 2147 1014 2194 te
1063 2137 1267 2194 faciant
1306 2139 1357 2192 in
1402 2146 1642 2208 tempore
1679 2135 1945 2191 malorum

366 2243 604 2290 tuorum.
637 2253 658 2287 ι
687 2234 829 2306 Ergo
875 2231 1087 2304 preprie
1128 2230 1370 2300 loquitur
1413 2228 1478 2284 ad
1523 2226 1759 2292 Judzeos,
1801 2227 1948 2298 quod

366 2341 462 2381 eos
490 2340 882 2398 synagogarum
931 2339 1152 2380 suarum
1182 2323 1336 2378 turba
1371 2331 1614 2406 tempore
1649 2320 1949 2381 obsidionis

333 2488 340 2494 ς
366 2417 600 2480 liberare
623 2434 726 2474 non
759 2419 997 2477 valeant.

445 2529 463 2561 ι
495 2511 802 2569 Secundum
851 2526 1137 2566 numerum
1193 2510 1474 2566 civitatum
1529 2517 1744 2566 tuarum
1793 2517 1952 2568 erant

374 2619 392 2652 ι
427 2599 501 2654 dii
543 2599 641 2668 tui,
669 2598 828 2656 Juda.
869 2620 888 2654 ι
919 2599 1188 2674 (Ηὶθνοη.)
1228 2601 1324 2656 Vel
1352 2599 1568 2658 eosdem
1597 2599 1680 2655 vel
1711 2599 1952 2672 singulos

371 2699 536 2764 atque
581 2692 822 2752 diversos
867 2693 1090 2766 singula:
1125 2694 1375 2750 civitates
1412 2692 1663 2748 colebant
1698 2691 1847 2757 deos,
1897 2700 1957 2748 ut

371 2799 472 2840 nec
505 2783 558 2838 in
591 2783 869 2858 impietate
911 2786 1228 2842 viderentur
1251 2786 1452 2840 habere
1483 2799 1830 2852 consensum,
1857 2783 1958 2840 sed

371 2892 618 2950 pugnans
647 2887 834 2932 contra
861 2893 920 2934 se
964 2877 1296 2953 superstitio,
1333 2877 1612 2934 diversum
1638 2887 1960 2948 sequeretur

373 2982 634 3024 errorem.
687 2967 949 3040 Quodque
1010 2969 1274 3039 sequitur,
1329 2987 1348 3025 ι
1379 2977 1436 3023 et
1475 2968 1629 3040 juxta
1675 2981 1960 3022 numerum

373 3059 582 3114 viarum
621 3057 957 3118 Hierusalem
990 3047 1340 3117 immolabant
1384 3058 1534 3126 Baal,
1568 3075 1599 3116 a
1641 3057 1786 3114 LXX
1814 3057 1962 3116 addi-

373 3157 488 3205 tum
517 3159 617 3206 est.

2048 2137 2272 2194 meliora
2309 2137 2573 2192 converti.

2125 2249 2146 2281 ι
2181 2230 2366 2286 Videte
2395 2229 2621 2289 verbum
2649 2230 2884 2304 Domini.
2910 2230 3181 2304 Numquid
3205 2231 3441 2290 solitudo
3459 2231 3638 2288 factus

2057 2341 2076 2376 α
2113 2337 2232 2380 sum
2261 2320 2470 2386 lsraeli,
2509 2329 2602 2375 aut
2639 2330 2784 2376 terra
2814 2322 3088 2380 serotina?
3115 2322 3296 2390 Quare
3335 2337 3466 2395 ergo
3501 2321 3640 2378 dixit

2057 2433 2078 2473 ι
2115 2415 2346 2488 populus
2371 2429 2524 2470 meus
2543 2432 2560 2486 :_
2581 2413 2946 2481 Recessimus,
2975 2429 3082 2472 non
3109 2415 3385 2472 veniemus
3405 2414 3547 2470 ultra
3569 2411 3638 2468 ad

2059 2525 2078 2560 ι
2113 2516 2184 2562 te.
2218 2527 2237 2560 ι
2275 2505 2438 2562 LXX:
2475 2525 2493 2557 ‹
2527 2505 2725 2569 Audite
2776 2507 3024 2564 verbnm-
3053 2506 3310 2562 Βοιιιίιιὶ.⁷
3341 2505 3469 2562 Haec
3509 2504 3643 2561 dicit

2059 2617 2079 2652 ‹
2120 2598 2397 2656 Dominus.
2450 2596 2722 2668 Numquid
2763 2596 2998 2654 solitudo
3043 2596 3221 2655 factus
3263 2573 3384 2654 sum
3431 2597 3639 2664 lsraeli,

2063 2709 2082 2743 ι
2119 2699 2216 2746 aut
2239 2700 2384 2747 terra
2407 2690 2564 2761 plena
2597 2691 2856 2755 sentiam,
2883 2690 3009 2759 quia
3041 2690 3424 2761 dixitpopulus
3451 2705 3638 2746 meus:

2065 2800 2083 2834 ι
2117 2781 2237 2836 Νοιι
2264 2781 2586 2845 serviemus,
2611 2796 2712 2836 nec
2731 2781 3010 2840 veniemus
3029 2781 3098 2836 ad
3119 2781 3204 2836 te?
3231 2801 3249 2834 ι
3269 2780 3339 2837 Et
3367 2779 3542 2836 Moses
3563 2780 3641 2835 vi-

2059 2873 2220 2928 debat
2249 2886 2435 2928 vocem
2467 2872 2560 2928 Dei
2590 2870 2792 2942 (Exod.
2824 2871 3041 2940 xxxiii),
3074 2880 3130 2928 et
3154 2871 3391 2930 Joannes
3417 2879 3636 2942 aposto-

2059 2963 2146 3019 lus
2156 2965 2381 3020 verbum
2397 2964 2490 3020 Dei
2507 2963 2706 3020 vidisse
2718 2973 3106 3022 etattrectasse
3117 2979 3176 3022 se
3192 2965 3324 3022 dicit
3337 2965 3390 3036 (Ι
3403 2964 3565 3024 Joan.
3583 2964 3646 3036 ι).

2063 3061 2290 3116 Miratur
2324 3070 2505 3117 autem
2553 3063 2823 3131 quomodo
2862 3061 3092 3132 populus
3137 3061 3302 3118 Israel
3348 3061 3519 3119 Deum
3558 3060 3649 3114 lia-

2062 3155 2265 3220 buerit,
2296 3153 2451 3225 quasi
2487 3153 2853 3220 solitudinem,
2881 3169 3006 3214 cum
3038 3153 3198 3218 idola,
3231 3152 3387 3224 quasi
3418 3151 3650 3208 celebri-

451 3261 470 3294 ι
501 3242 639 3311 Quid
678 3242 840 3299 vultis
879 3243 1084 3318 judicio
1126 3260 1339 3302 mecum
1379 3245 1741 3304 contendere?
1772 3261 1960 3302 omnes
1985 3225 2032 3290 Ο
2066 3254 2229 3302 tatem
2260 3245 2476 3304 urbium
2519 3245 2590 3302 sit
2629 3253 2866 3302 secutus.
2921 3243 3090 3302 Terra
3133 3243 3370 3302 serotina
3409 3251 3494 3298 est
3531 3257 3649 3312 quae

381 3353 400 3386 ‹
437 3335 804 3412 dereliquistis
841 3354 960 3404 me,
1003 3339 1134 3397 dicit
1171 3340 1453 3394 Dominus.
1489 3359 1507 3394 ι
1543 3338 1722 3396 Prona
1768 3349 1852 3398 est
1889 3339 1959 3396 ad

377 3426 782 3484 excusationem
829 3427 911 3482 sui
959 3427 1194 3491 humana
1220 3429 1572 3498 perversitas,
1614 3439 1672 3489 ut
1698 3429 1962 3500 quidquid

379 3515 574 3570 merito
611 3516 922 3586 sustinent,
978 3519 1178 3588 injuste
1227 3521 1499 3576 sustinere
1535 3521 1842 3588 vidcantur,
1907 3529 1964 3577 et

381 3608 656 3678 propriam
682 3608 893 3680 culpam
922 3609 1163 3666 referant
1191 3613 1257 3668 ad
1294 3611 1556 3682 judicium
1589 3613 1705 3668 Dei.
1736 3613 1964 3669 Frustra

349 3699 354 3706 '
384 3693 566 3766 igitur,
598 3698 693 3760 ait,
725 3700 1019 3758 obtenditis
1043 3701 1432 3774 querimonias,
1461 3712 1517 3760 et
1555 3705 1800 3782 iniquum
1827 3721 1966 3764 cau-

385 3783 860 3857 saminijudiccm,
893 3802 1012 3842 cum
1055 3787 1350 3860 impietatis
1387 3802 1578 3848 vestra:
1613 3796 1687 3848 sit
1708 3796 1852 3862 quod
1871 3811 1968 3867 pa-

345 3959 353 3964 .
387 3877 580 3934 limini.
607 3875 868 3955 Quodque
909 3879 1175 3950 sequitur,
1211 3899 1228 3930 ε
1263 3889 1318 3936 et
1347 3895 1536 3948 omnes
1572 3881 1756 3952 inique
1781 3882 1970 3957 egistis
2047 3915 2059 3930 ι

386 3970 441 4026 in
471 3985 576 4038 me,
607 3991 627 4024 ι
671 3971 923 4030 similiter
946 3987 977 4028 a
1001 3971 1146 4028 LXX
1169 3972 1412 4031 additum
1437 3982 1540 4034 est.

464 4080 482 4112 c
519 4061 647 4118 Sine
688 4079 851 4120 causa
890 4065 1134 4148 percussi
1173 4065 1310 4130 ﬁlios
1345 4076 1558 4124 vestros
1585 4083 1599 4122 :
1628 4067 1969 4142 disciplinam

395 4173 413 4206 ι
447 4169 550 4208 non
577 4163 918 4226 receperunt.
955 4175 975 4210 ι
1015 4155 1122 4214 Pro
1166 4173 1276 4232 quo
1328 4157 1683 4234 Septuaginta
1715 4176 1969 4231 posuere,

396 4269 415 4303 ι
449 4267 555 4306 non
597 4251 898 4322 recepistis,
926 4270 942 4303 ι
979 4265 1276 4322 sensusque
1315 4260 1399 4306 est
1437 4252 1491 4306 in
1532 4251 1836 4307 llebraico:
1866 4251 1973 4322 Ipsi

392 4345 482 4414 qui
511 4345 751 4414 percussi
799 4353 945 4408 sunt,
992 4343 1330 4416 disciplinam
1366 4346 1609 4417 recipere
1662 4345 1971 4402 noluerunt.

393 4435 450 4491 In
483 4435 831 4508 Septuaginta
857 4451 983 4491 vero
1013 4454 1026 4490 :
1055 4437 1174 4492 Ideo
1202 4439 1448 4508 percussi
1469 4439 1611 4496 filios
1636 4448 1874 4504 vestros,
1913 4446 1976 4494 ut

397 4527 610 4582 illorum
641 4545 772 4584 nece
803 4545 892 4584 vos
921 4530 1291 4588 crudiremini.
1323 4531 1390 4586 Et
1411 4546 1477 4586 ne
1503 4532 1643 4587 terte
1667 4532 1926 4590 diceretis
1955 4549 1970 4586 :

396 4617 697 4672 Peccantes
721 4621 992 4690 corripere
1024 4621 1264 4688 noluisti,
1307 4622 1478 4692 plagis
1511 4623 1703 4679 discite
1739 4623 1974 4680 ﬁliorum

398 4720 703 4767 vestrorum
746 4714 886 4787 quod
909 4716 1208 4772 austeriere
1229 4731 1325 4772 vos
1353 4716 1618 4787 cupierim
1645 4733 1840 4774 curare
1865 4735 1979 4774 me-

402 4809 686 4864 dicamine.
729 4809 804 4866 De
833 4809 935 4866 hoc
961 4811 1013 4866 in
1038 4811 1172 4866 Isaia
1215 4813 1289 4866 ita
1325 4812 1564 4883 legitur:
1599 4831 1620 4864 ι
1649 4812 1777 4866 Sine
1809 4828 1978 4869 causa

400 4899 643 4972 percussi
679 4899 819 4956 filios
851 4907 1080 4968 vestros,
1109 4901 1448 4974 disciplinam
1483 4917 1592 4958 non
1621 4901 1919 4971 recepistis.
1953 4920 1973 4954 ι

404 4990 558 5046 Unde
581 4992 750 5048 iratus
776 4991 1012 5062 loquitur
1037 5006 1134 5063 per
1159 4992 1300 5048 Osee
1325 5012 1338 5047 ;
1362 5012 1380 5044 ι
1411 4992 1528 5049 Non
1551 4993 1786 5050 visitabo
1818 5007 1982 5062 super

405 5084 542 5138 frias
566 5093 794 5152 vestras,
824 5100 946 5140 cum
981 5083 1182 5140 fuerint
1211 5083 1516 5154 fornicatze;
1549 5093 1605 5140 et
1637 5100 1800 5156 super
1823 5099 1984 5156 spon-

405 5193 493 5232 sas
535 5187 748 5236 vestras
791 5193 914 5234 cum
963 5177 1557 5250 adultermet'iutwse.
1593 5177 1690 5248 tv).
1722 5196 1741 5229 ι
1785 5177 1854 5234 Et
1887 5191 1985 5247 per

405 5265 738 5323 Ezecliielem
766 5287 778 5324 :
823 5286 840 5319 ι
871 5268 1028 5326 Zelus
1055 5284 1207 5324 meus
1235 5269 1451 5326 recedat
1473 5283 1506 5324 a
1531 5276 1604 5334 te,
1639 5275 1696 5324 et
1731 5284 1838 5324 non
1869 5269 1981 5327 ira-

410 5374 531 5413 scar
575 5360 670 5415 tibi
717 5362 950 5434 amplius
991 5361 1208 5438 (Ezech.
1256 5361 1392 5437 1m).
1419 5383 1438 5416 ι
1476 5363 1552 5420 De
1589 5361 1786 5433 quibus
1831 5370 1889 5418 et
1928 5363 1983 5420 in

409 5448 638 5508 Psalmis
682 5453 908 5525 legimus
936 5473 948 5506 τ
981 5474 1000 5510 ι
1030 5455 1146 5512 Non
1186 5464 1270 5514 est
1297 5457 1698 5520 firmamentum
1744 5455 1798 5510 in
1825 5455 1980 5526 plaga

409 5554 617 5606 eorum,
652 5541 704 5596 in
753 5544 1027 5601 laboribus
1059 5548 1338 5605 hominum
1383 5564 1492 5607 non
1537 5555 1684 5614 sunt,
1729 5562 1831 5604 nec
1857 5561 1983 5602 cum

377 5625 382 5632 ’
412 5631 720 5688 hominibus
748 5633 1348 5712 flagellabuutur(Psal.
1387 5640 1576 5712 xxxv).
1609 5660 1628 5694 ι

489 5739 509 5771 ι
539 5719 822 5778 Devoravit
873 5725 1082 5797 gladius
1133 5738 1312 5786 vester
1357 5731 1652 5802 prophetas
1693 5740 1934 5788 vestros.
1963 5750 1982 5784 ι

333 5875 342 5884 ,
383 5807 530 5906 .Non
560 5827 728 5884 meos,
750 5813 844 5872 sed
868 5823 1078 5876 vestros
1097 5819 1406 5902 prophetas.
1429 5819 1780 5898 Nequaquam
1801 5836 1956 5880 meus
1972 5861 1990 5892 ,

2060 3335 2265 3391 imbres
2297 3349 2402 3390 non
2449 3334 2640 3405 recipit
2680 3334 3070 3400 doctrinarum,
3108 3347 3211 3389 nec
3261 3329 3537 3403 Evangelii
3567 3330 3650 3385 di-

2064 3425 2367 3498 sciplinam,
2399 3427 2668 3496 plenaque
2695 3427 2955 3492 sentiam,
2985 3424 3114 3500 quia
3157 3423 3376 3483 exculta
3401 3437 3508 3478 non
3535 3420 3652 3478 fue-

2064 3527 2170 3574 rat.
2188 3518 2422 3588 Populus
2446 3533 2575 3589 ergo
2595 3519 2869 3589 quondam
2900 3516 2997 3582 Dei
3030 3517 3088 3572 in
3119 3531 3186 3572 eo
3211 3523 3296 3572 est
3316 3511 3648 3574 sceleratior,

2064 3609 2208 3682 quod
2234 3609 2459 3665 recessit
2489 3624 2520 3662 a
2548 3609 2798 3676 Domino,
2825 3616 2881 3666 et
2907 3623 3016 3674 non
3045 3607 3160 3666 vult
3186 3606 3331 3666 ultra
3359 3603 3557 3662 reverti
3575 3603 3652 3672 ad

2065 3703 2236 3760 Deum
2284 3720 2461 3762 suum.
2509 3703 2744 3762 Grandis
2782 3704 3009 3772 oﬂ‘ensa,
3043 3704 3190 3762 nolle
3226 3703 3449 3771 placare
3487 3714 3652 3772 quem

2069 3791 2383 3846 offenderis.

2145 3899 2164 3932 ι
2204 3879 2476 3952 Numquid
2533 3881 2887 3943 obliviscetur
2939 3883 3094 3956 virgo
3155 3883 3462 3942 ornamenti
3529 3882 3615 3940 sui
3639 3923 3656 3952 ,

2078 3989 2098 4026 ι
2137 3986 2334 4042 sponsa
2363 3973 2548 4030 fasciae
2571 3976 2861 4046 pectoralis
2889 3978 3040 4034 sua?
3075 3977 3313 4050 Populus
3338 3993 3492 4034 meus
3514 3978 3657 4035 obli-

2081 4081 2100 4114 ι
2143 4072 2230 4122 tus
2258 4073 2342 4125 est
2371 4067 2481 4124 mei
2515 4068 2706 4127 diebus
2729 4069 3050 4127 innumeris.
3082 4090 3102 4125 ι
3130 4071 3237 4128 Per
3264 4073 3382 4128 haec
3402 4072 3661 4128 discimus

2075 4170 2334 4228 sponsum
2373 4171 2495 4212 esse
2529 4157 2804 4218 Christum
2831 4160 3060 4232 virginis
3085 4161 3367 4229 Ecclesia,
3396 4177 3517 4233 quae
3549 4177 3660 4220 non

2077 4246 2242 4302 habet
2285 4247 2550 4302 maculam
2604 4264 2780 4320 neque
2830 4265 3042 4319 rugam.
3081 4251 3138 4308 Si
3186 4259 3368 4308 autem
3416 4253 3533 4324 ipse
3575 4263 3664 4311 est

2077 4354 2329 4410 sponsus,
2354 4339 2525 4412 ipsius
2567 4340 2734 4398 verba
2764 4349 2891 4401 sunt
2911 4343 2979 4402 de
3013 4358 3123 4414 quo
3159 4343 3398 4417 loquitur
3415 4354 3474 4402 et
3504 4345 3666 4401 Joan-

2079 4445 2176 4484 nes
2227 4428 2470 4502 Baptista
2513 4447 2526 4484 :
2567 4449 2586 4484 ι
2616 4430 2718 4499 Qui
2768 4433 2934 4495 habet
2979 4449 3236 4505 sponsam
3298 4453 3530 4508 sponsus
3579 4447 3668 4496 est

2079 4525 2263 4598 (Joan.
2305 4527 2414 4600 ιιι).
2445 4546 2464 4581 ι
2500 4527 2890 4594 Ornamentum
2931 4545 3068 4603 ergo
3119 4547 3276 4589 suum
3323 4535 3532 4604 perdit,
3571 4535 3666 4604 qui
3729 4598 3734 4604 ,

2085 4621 2288 4682 recedit
2312 4637 2342 4675 a
2367 4621 2613 4686 Domino,
2639 4629 2696 4678 et
2724 4622 2924 4679 amittit
2949 4625 3359 4696 intelligentiam
3390 4627 3668 4687 doctrina-
3727 4607 3730 4612 l

2083 4727 2224 4776 rum,
2255 4728 2378 4782 quae
2418 4713 2754 4784 significatur
2777 4717 2830 4772 in
2867 4725 3107 4785 pectore.
3134 4695 3295 4772 Unde
3334 4725 3390 4772 et
3425 4716 3664 4774 Joannes
3733 4695 3748 4702 η
3795 4741 3802 4751 ι

2086 4803 2415 4874 evangelista
2471 4805 2740 4862 recumbit
2789 4822 2952 4878 super
3003 4818 3192 4877 pectus
3229 4808 3440 4863 Domini
3476 4807 3661 4882 (Joan.

2087 4897 2232 4962 xm).
2262 4893 2330 4948 Et
2369 4895 2742 4952 sacerdotibus
2770 4897 2912 4954 inter
2939 4907 3133 4955 caetera
3171 4907 3452 4970 separatur
3477 4909 3664 4971 peetu-

2087 4986 2298 5042 sculum
2316 4986 2660 5046 victimarum
2680 4988 2870 5062 (Num.
2900 4990 3076 5064 xvm).
3107 4991 3321 5059 Quanto
3345 5001 3526 5050 autem
3551 5009 3667 5050 ma-

2081 5077 2172 5148 jOr
2226 5088 2309 5140 est
2363 5095 2623 5138 numerus
2683 5090 2983 5154 temporum
3042 5084 3240 5152 quibus
3295 5084 3666 5141 obliviscimur

2090 5172 2281 5241 Deum,
2313 5181 2462 5228 tanto
2488 5173 2662 5244 major
2689 5189 2848 5246 paena
2870 5177 3102 5246 peccati,
3132 5177 3278 5248 quod
3304 5191 3404 5233 nec
3431 5178 3665 5252 longitu-

2093 5266 2218 5322 dine
2237 5268 2554 5322 szeculorum
2583 5270 2822 5338 potuerit
2845 5269 3109 5326 edomari.

2168 5376 2187 5410 ι
2223 5357 2361 5425 Quid
2403 5358 2594 5414 niteris
2642 5361 2840 5416 bonam
2885 5363 3170 5418 ostendere
3218 5364 3361 5419 viam
3404 5373 3550 5422 tuam
3589 5367 3661 5426 ad

2097 5465 2118 5499 ι
2153 5449 2501 5520 qumrendam
2529 5449 2910 5508 dilectionem?
2939 5453 3068 5523 Qum
3103 5455 3326 5528 insuper
3347 5465 3406 5514 et
3429 5461 3666 5520 malitias

2097 5561 2115 5594 ι
2154 5550 2275 5598 tuas
2301 5545 2530 5600 docuisti
2557 5545 2672 5602 vias
2698 5555 2832 5612 tuas,
2865 5557 2920 5604 et
2941 5549 2996 5604 in
3023 5550 3124 5605 alis
3156 5553 3278 5617 tuis,
3309 5553 3422 5609 sive
3463 5555 3515 5608 in
3547 5571 3664 5610 ma-

2098 5650 2118 5684 ι
2154 5633 2314 5688 nibus
2343 5635 2590 5691 inventus
2633 5646 2716 5692 est
2763 5641 2982 5721 sanguis
3027 5641 3331 5696 animarum
3370 5658 3667 5716 pauperum

2095 5747 2118 5783 ι
2151 5739 2206 5786 et
2241 5729 2613 5786 innocentum.
2661 5730 2778 5788 Non
2814 5733 2867 5788 in
2905 5733 3073 5790 foveis
3121 5734 3300 5790 inveni
3340 5749 3452 5800 eos,
3490 5735 3586 5789 sed
3613 5735 3670 5790 in

2099 5840 2118 5876 ι
2150 5821 2401 5882 omnibus
2442 5821 2584 5892 ἧβαι,
2623 5823 2742 5882 sive
2791 5825 2891 5881 sub
2927 5823 3076 5881 omni
3117 5809 3393 5904 quercu.)
3417 5823 3669 5900 Frustra,
