4008 6340
431 305 570 382 sas

1063 324 1122 379 Β.
1167 321 1416 378 BABANI
1457 317 1674 376 MAURI
1711 318 2025 375 ARCHPEP.
2069 315 2374 374 IlOGUNT.
2415 311 2700 370 OPERUM
2737 310 2915 367 PARS
2947 309 3064 370 111..

3616 302 3744 361 824

431 446 630 516 inquit,
660 452 712 500 te
749 454 902 511 cupis
935 441 1228 495 verborum
1270 447 1387 493 arte
1426 435 1741 499 defendere,
1777 445 1832 489 et
1870 433 2026 504 quasi
2053 436 2108 496 Α
2137 449 2157 483 ι
2193 446 2366 496 suam,
2408 437 2462 485 et
2491 428 2753 483 recedens
2775 426 2844 482 ab
2872 439 2972 490 eo,
2992 422 3413 516 duxerit_virum
3437 419 3740 516 alterum,

431 539 570 595 bona
611 533 898 591 ostendere
924 547 1090 602 opera
1140 538 1232 585 tua
1262 537 1322 583 ut
1357 527 1622 582 merearis
1653 525 2017 587 dilectionem,

432 646 553 702 qum
579 629 800 697 insuper
824 626 989 680 etiam
1020 623 1154 678 alios
1192 618 1422 676 docuisti
1451 618 1569 672 vias
1601 627 1737 680 tuas,
1767 624 1822 670 et
1843 629 2023 670 exem-

430 720 522 790 plo
579 716 728 772 fulsti
775 714 1027 768 Omnibus
1083 711 1351 767 malorum
1410 724 1656 778 operum.
1705 706 1771 760 Et
1815 705 1868 758 in
1920 703 2060 791 alis.

433 811 630 881 quippe
653 809 766 863 sive
796 807 848 860 in
887 806 1138 860 manibus
1165 806 1271 859 tuis
1295 806 1548 860 inventus
1579 809 1661 856 est
1687 796 1906 867 sanguis
1933 795 2017 850 in-

432 908 751 964 nocentum,
783 913 918 966 quos
949 896 1109 951 id-ilis
1153 895 1467 955 immolasti,
1500 893 1617 948 sive
1643 903 1870 960 quorum
1905 887 2022 942 ani-

433 1005 552 1045 mas
580 987 860 1059 perdidisti
905 985 1291 1042 sacriﬁciorum
1335 982 1708 1040 similitudine.
1749 979 2023 1049 Pauperes

431 1083 500 1138 de
523 1081 790 1142 Hebraico
818 1080 1120 1150 posuimus,
1151 1078 1242 1147 qui
1291 1077 1347 1131 in
1377 1075 1728 1145 Septuaginta
1771 1086 1878 1126 non
1920 1071 2020 1125 ha-

438 1171 652 1227 bentur.
694 1170 802 1226 llos
841 1179 1044 1236 autem,
1075 1169 1268 1239 inquit,
1316 1181 1584 1238 pauperes
1613 1173 1668 1221 et
1709 1164 2023 1244 innqcentes

434 1279 544 1320 non
593 1264 771 1319 inveni
826 1264 880 1317 in
925 1262 1094 1321 foveis
1157 1259 1492 1324 interfectos,
1543 1256 1688 1328 quod
1737 1255 1875 1310 solet
1911 1252 2024 1323 ple-

431 1371 665 1427 rumque
685 1356 927 1411 accidere
953 1347 1225 1409 latronum
1265 1353 1497 1408 insidiis.
1530 1351 1639 1406 Sed
1662 1349 1716 1402 in
1745 1346 2020 1411 omnibus,

432 1467 553 1522 quae
583 1465 744 1521 supra
769 1448 1084 1510 memoravi,
1109 1448 1223 1502 sive
1247 1447 1348 1502 sub
1370 1459 1596 1516 quercu,
1620 1457 1740 1513 quae
1764 1438 2022 1494 Hebraice

433 1543 634 1597 dicitur
681 1541 782 1595 clla
831 1541 974 1610 quod
1017 1539 1235 1608 quidem
1281 1546 1334 1592 et
1369 1537 1471 1590 ista
1519 1534 1806 1604 significat,
1848 1538 1904 1585 ut
1954 1530 2025 1584 sit

435 1633 745 1688 sensuszin
795 1632 1047 1686 omnibus
1103 1631 1244 1694 istis,
1286 1629 1400 1684 sive
1450 1626 1550 1683 sub
1611 1641 1812 1696 quercu
1863 1633 2024 1691 atque

440 1723 771 1786 therebinto,
799 1723 902 1778 sub
945 1723 1098 1791 cujus
1139 1721 1330 1775 umbra
1358 1729 1412 1775 et
1437 1718 1738 1782 frondibus,
1776 1715 1931 1787 quasi
1968 1714 2024 1769 in

434 1814 666 1868 amrenis
695 1812 828 1868 locis
851 1813 1167 1867 idololatriae
1192 1810 1490 1866 sceleribus
1511 1808 1800 1864 fruebaris.

512 1904 634 1985 (‘Et
694 1905 876 1959 dixisti
918 1905 1178 1974 :Absque
1233 1911 1455 1975 peccato
1507 1909 1561 1957 et
1608 1901 1871 1956 innocens
1926 1915 2026 1972 ego

438 2017 460 2052 ι
494 2014 638 2065 sum,
663 2006 719 2053 et
742 2008 1022 2068 propterea
1056 2004 1329 2051 avertatur
1359 1995 1510 2050 furor
1537 2004 1660 2049 tuus
1689 2009 1719 2048 a
1754 2009 1859 2048 me.
1888 1993 2027 2047 Ecce

429 2105 462 2141 ac
499 2103 599 2159 ego
642 2087 848 2158 judicio
892 2087 1216 2142 contendam
1267 2093 1467 2149 tecum,
1513 2099 1579 2139 eo
1627 2085 1770 2153 quod
1799 2082 2022 2138 dixisti:

440 2196 459 2229 ε
499 2177 614 2232 Νοιι
663 2178 902 2247 peccavi.
944 2176 1118 2244 Quam
1171 2177 1293 2231 vilis
1343 2191 1402 2231 es
1464 2175 1604 2229 facta
1655 2173 1854 2238 nimis,
1911 2173 2028 2228 sive

438 2285 460 2319 ε
497 2269 714 2338 quando
759 2267 1127 2340 contempsisti
1178 2267 1360 2333 nimis,
1411 2268 1616 2321 iterans
1670 2267 1787 2321 vias
1813 2266 1966 2320 tuas!
2001 2285 2020 2317 ι

433 2363 530 2418 His
557 2363 813 2418 utendum
843 2371 928 2416 est
956 2362 1242 2416 adversum
1270 2375 1386 2425 eos,
1417 2361 1506 2429 qui
1537 2359 1727 2414 nolunt
1767 2374 1864 2413 sua
1902 2372 2028 2428 pec-

435 2464 557 2508 cata
591 2469 940 2544 cognoscere,
987 2453 1086 2530 sed
1119 2453 1172 2507 in
1213 2462 1459 2520 tempore
1500 2450 1806 2506 aﬂlictionis
1850 2457 1907 2505 et
1938 2465 2029 2505 an-

435 2544 646 2615 gustiae,
677 2540 884 2598 'dicunt
923 2558 981 2598 se
1012 2542 1209 2612 injuste
1250 2542 1544 2607 sustinere,
1574 2556 1694 2611 quae
1734 2540 2025 2606 sustinent,

434 2635 712 2704 magisque
749 2643 1048 2703 provocant
1087 2635 1225 2688 iram
1254 2633 1372 2698 Dei,
1415 2635 1542 2690 dum
1567 2633 1798 2688 alterum
1829 2631 2029 2701 majus-

433 2734 542 2795 que
584 2733 863 2796 peccatum
915 2727 1004 2790 sit,
1034 2739 1139 2778 non
1197 2724 1381 2796 lugere
1418 2724 1562 2793 quod
1621 2722 1870 2786 fecerint,
1932 2723 2029 2778 sed

433 2831 600 2871 vanas
625 2817 1004 2872 excusationes
1031 2817 1327 2872 obtendere
1348 2824 1716 2886 peccatorum.
1745 2836 1762 2867 ι
1793 2815 2026 2884 Judicio,

435 2911 633 2980 inquit,
672 2913 995 2967 contendam
1033 2919 1232 2976 tecum,
1271 2925 1370 2980 pro
1397 2926 1463 2966 eo
1493 2911 1636 2981 quod
1666 2909 1890 2974 dixeris,
1909 2907 2028 2964 Non

436 3005 679 3074 peccavi,
725 3004 880 3075 quasi
926 3003 1101 3074 majus
1131 3004 1408 3075 quippiam
1458 3004 1530 3060 sit
1575 3005 1678 3059 hoc
1717 3014 2025 3075 peccatum,

441 3097 587 3152 aliud
609 3099 812 3154 habere
839 3100 893 3153 in
916 3101 1271 3164 conscientia,
1302 3099 1448 3153 aliud
1477 3114 1727 3154 sermone
1746 3099 2022 3168 proferre:

2129 539 2148 573 ‹
2183 519 2444 589 numquid
2503 524 2806 574 revertetur
2854 516 2947 569 ad'
2985 528 3107 569 eam
3178 512 3377 567 ultra?
3433 510 3742 581 Numquid

2129 633 2148 664 ι
2184 628 2290 667 non
2335 611 2536 682 polluta
2565 618 2620 665 et
2661 607 3026 664 contaminata
3073 606 3181 661 erit
3216 603 3411 659 mulier
3455 603 3546 658 illa
3591 604 3741 674 (sine

2129 726 2148 757 ι
2185 713 2330 760 terra
2371 703 2523 775 illa)?
2562 703 2632 757 Et
2671 711 2728 755 tu
2779 700 3045 756 fornicata
3100 713 3161 754 es
3209 712 3334 753 cum
3375 697 3741 752 amatoribus

2123 799 2306 853 multis
2334 797 2460 870 (sive
2488 794 2836 867 pastoribus).
2871 814 2889 846 ι
2921 794 3155 849 Verbum
3181 793 3482 848 enim'reim
3501 832 3516 858 ,
3538 800 3736 856 εῖν-ν,

2123 888 2265 959 quod
2293 897 2527 959 quatuor
2556 887 2751 942 litteris
2776 886 3032 941 scribitur
3063 899 3172 950 res,
3203 886 3312 949 ain,
3335 879 3450 953 jod',
3487 899 3644 938 mem
3675 893 3739 938 et

2123 991 2383 1037 amatores
2403 990 2458 1035 et
2483 990 2716 1050 pastores
2744 988 3033 1048 utrumque
3070 977 3359 1049 significat.
3394 976 3459 1030 Et
3487 977 3532 1031 si
3566 976 3738 1048 lega-

2123 1089 2246 1130 mus
2275 1074 2423 1134 reim.
2454 1079 2727 1126 amatores
2757 1078 2945 1134 sonat;
2973 1068 3019 1124 si
3047 1069 3204 1133 roim,
3229 1075 3506 1138 pastores.-

2200 1185 2220 1219 ι
2253 1167 2458 1221 Tamen
2512 1173 2785 1219 revertere
2835 1162 2901 1216 ad
2947 1177 3052 1225 me,
3108 1161 3240 1217 dicit
3286 1159 3544 1215 Dominus
3586 1159 3738 1228 (siue

2129 1275 2149 1309 ‹
2184 1254 2545 1310 revertebaris
2571 1252 2637 1307 ad
2680 1268 2788 1318 me,
2821 1252 2954 1306 dicit
2985 1249 3288 1322 Dominus).
3325 1270 3346 1303 ι
3392 1251 3448 1305 lu
3486 1249 3736 1305 Hebr-ao

2122 1350 2287 1405 etiam
2321 1355 2444 1418 post
2497 1346 2912 1401 fornicationem
2961 1344 3189 1414 suscipit
3239 1344 3618 1414 pcenitentem,
3673 1351 3735 1396 et

2124 1445 2374 1498 hortatur
2390 1448 2450 1495 ut
2474 1447 2779 1495 revertatur
2801 1439 2867 1492 ad
2881 1454 2959 1493 se.
2983 1438 3043 1491 In
3066 1437 3419 1509 Septuaginta
3446 1452 3574 1492 vero
3598 1451 3723 1491 non

2124 1540 2381 1604 provocat
2427 1531 2492 1586 ad
2521 1530 2918 1601 paenitentiam,
2979 1528 3072 1583 sed
3117 1529 3299 1599 arguit
3328 1527 3730 1598 impudentiam

2125 1626 2445 1690 meretricis,
2478 1624 2619 1693 quod
2657 1633 2778 1694 post
2811 1621 3139 1676 adulterium
3183 1621 3381 1676 reverti
3407 1620 3602 1675 audeat
3652 1618 3730 1673 ad

2126 1720 2401 1774 maritum.
2430 1717 2689 1786 Quodque
2717 1717 2810 1781 ait,
2848 1735 2865 1767 ι
2895 1723 2951 1770 et
2980 1715 3343 1770 contaminata
3371 1713 3478 1769 erit
3521 1712 3744 1766 mulier.

2051 1805 2101 1865 B
2129 1813 2239 1880 illa,
2269 1833 2287 1865 ι
2317 1827 2416 1882 pro
2444 1827 2552 1882 quo
2577 1811 2632 1865 in
2660 1809 2927 1864 Hebraico
2955 1817 3150 1862 terram
3178 1807 3430 1880 legimus,
3461 1804 3732 1874 relinquit

2127 1902 2436 1973 exemplum
2477 1909 2533 1956 et
2575 1898 2915 1955 manifestius
2963 1899 3028 1953 de
3064 1907 3210 1953 terra
3250 1897 3492 1968 loquitur
3528 1894 3726 1960 Israel,

2128 2014 2247 2070 quze
2274 1997 2530 2053 adulterae
2570 1995 2781 2050 mulieri
2827 2000 3191 2063 comparatur.
3225 1990 3456 2046 Utamur
3482 1990 3586 2044 hoc
3625 1999 3724 2047 te-

2129 2090 2382 2146 stimonio
2414 2088 2698 2142 adversum
2727 2101 2822 2141 eos
2851 2085 2942 2154 qui
2972 2083 3132 2138 ﬁdem
3163 2081 3379 2136 Domini
3406 2081 3728 2150 relinquen-

2130 2190 2230 2245 tes,
2261 2189 2315 2234 et
2353 2177 2734 2233 hiereticorum
2763 2175 3040 2230 erroribus
3078 2173 3388 2244 praepediti,
3426 2181 3549 2243 post
3576 2171 3724 2226 mul-

2129 2284 2213 2328 tas
2254 2271 2638 2327 fornicationes
2679 2277 2735 2323 et
2783 2267 3153 2338 deceptionem
3197 2265 3501 2319 animarum
3551 2264 3726 2318 simu-

2131 2363 2242 2416 lant
2273 2378 2331 2418 se
2357 2361 2556 2416 reverti
2583 2359 2650 2414 ad
2676 2358 2960 2429 pristinam
2989 2357 3298 2420 veritatem,
3330 2371 3436 2411 non
3467 2363 3528 2409 ut
3553 2355 3722 2424 depo-

2128 2465 2262 2510 nant
2309 2468 2518 2508 venena
2574 2449 2852 2521 pectoris,
2915 2449 3009 2504 sed
3056 2455 3116 2502 ut
3164 2447 3376 2502 caeteris
3423 2447 3719 2502 insinuent.

2131 2543 2334 2617 (Greg.)
2363 2545 2501 2599 Ecce
2525 2542 2594 2599 de
2612 2529 2874 2599 fornicata
2902 2550 2958 2596 et
2985 2541 3053 2596 de
3080 2540 3268 2595 relicta
3296 2539 3524 2596 muliere
3563 2555 3727 2610 argu-

2130 2648 2374 2694 mentum
2414 2637 2637 2707 justitite
2684 2637 3020 2708 proponitur,
3076 2643 3132 2690 et
3159 2637 3352 2691 tamen
3397 2636 3554 2692 nobis
3596 2646 3724 2705 post

2131 2732 2339 2802 lapsum
2380 2732 2731 2787 redeuntibus
2767 2746 2872 2785 non
2897 2730 3132 2800 justitia,
3170 2730 3264 2784 sed
3289 2731 3466 2800 pietas
3490 2729 3718 2784 exhibe-

2131 2830 2239 2877 tur.
2268 2821 2338 2878 Ut
2367 2821 2494 2876 hinc
2521 2821 2709 2891 utique
2733 2820 3064 2892 colligamus,
3092 2822 3136 2877 si
3165 2822 3321 2877 nobis
3349 2822 3716 2892 delinquenti-

2130 2915 2234 2971 bus
2260 2922 2408 2969 tanta
2452 2915 2653 2984 pietate
2703 2904 2967 2984 parcitur,
3004 2929 3036 2968 a
3081 2914 3236 2970 nobis
3289 2930 3389 2971 nec
3420 2925 3542 2985 post
3583 2916 3723 2971 deli-

2133 3018 2280 3065 ctum
2307 3009 2658 3064 redeuntibus
2703 3015 2900 3076 quanta
2929 3007 3274 3082 improbitate
3307 3017 3585 3079 peccatur,
3629 3016 3723 3064 aut

2132 3117 2252 3172 quae
2281 3099 2348 3155 ab
2378 3099 2468 3154 illo
2507 3099 2615 3154 erit
2652 3113 2816 3168 super
2851 3098 3122 3168 improbos
3148 3098 3324 3160 venia,
3355 3098 3447 3168 qui
3473 3113 3581 3154 non
3605 3112 3723 3153 ces-

437 3187 620 3244 audiat
662 3203 800 3244 nova
850 3202 917 3244 ex
966 3197 1149 3246 vetere
1185 3190 1430 3254 haeresis,
1463 3189 1602 3244 iram
1635 3189 1730 3243 Dei
1772 3204 1895 3244 esse
1943 3189 2028 3244 vel
2055 3162 2101 3226 C
2135 3203 2221 3250 sat
2259 3208 2456 3249 vocare
2502 3200 2624 3263 post
2667 3190 2903 3261 culpam.
2951 3189 3081 3258 Quae
3137 3190 3395 3244 nimirum
3441 3191 3578 3245 bene
3621 3204 3722 3259 per

437 3283 731 3337 maximam
779 3283 923 3339 nolle
966 3294 1249 3355 peccatum
1295 3284 1575 3340 humiliter
1613 3282 1882 3353 confiteri,
1933 3286 2029 3342 sed

433 3375 780 3444 impudenter
803 3375 1012 3445 jactare
1036 3375 1326 3444 justitiam.

512 3481 532 3514 ι
568 3465 634 3518 Et
664 3465 732 3518 ab
761 3465 998 3537 Egypto
1038 3467 1385 3523 confunderis
1425 3466 1564 3521 sicut
1611 3465 1833 3522 confusa
1864 3481 1923 3522 es
1959 3467 2029 3522 ab

443 3572 464 3606 ι
499 3557 688 3610 Assur.
723 3555 859 3610 Nam
904 3566 958 3612 et
988 3559 1055 3612 ab
1096 3559 1206 3613 ista
1243 3558 1567 3628 egredieris,
1605 3565 1660 3612 et
1701 3573 1896 3614 manus
1925 3567 2030 3612 tua:

445 3663 465 3697 ‹
503 3656 665 3700 erunt
699 3663 861 3714 super
908 3655 1288 3717 caput-tuum.
1331 3647 1593 3714 Quoniam
1625 3648 1884 3704 contrivit
1931 3647 2034 3702 Do-

444 3757 464 3790 r
503 3739 682 3793 minus
718 3737 1099 3792 conﬁdentiam
1147 3739 1262 3792 sive
1305 3751 1455 3808 spem
1483 3750 1652 3803 tuam,
1693 3751 1748 3792 et
1793 3741 1928 3792 nihil
1974 3743 2030 3792 in

445 3847 466 3881 ς
503 3845 565 3885 ea
593 3829 816 3884 habebis
845 3841 1185 3899 prOSperum.
1220 3847 1238 3880 ›
1269 3828 1340 3884 Ut
1365 3827 1742 3900 ngyptiorum
1771 3829 2031 3900 impetum

437 3918 792 3986 declinarent,
822 3920 1204 3991 confugiebant
1231 3921 1300 3978 ad
1337 3921 1612 3991 Assyrios,
1643 3936 1872 3991 quorum
1913 3937 2034 3976 cas-

423 4016 560 4068 ‘sum
590 4011 690 4066 fuit
733 4012 1062 4082 praesidium.
1102 4011 1286 4068 Victos
1325 4013 1469 4068 enim
1515 4028 1608 4067 eos
1656 4012 1723 4066 ab
1760 4012 2033 4082 [Egyptiis

427 4103 688 4175 legimus,
721 4120 934 4158 rursum
955 4113 1014 4158 ut
1043 4106 1178 4160 iram
1209 4106 1417 4176 Assyrii
1449 4105 1716 4176 fugerent,
1743 4104 2036 4175 'ZEgyptio-

435 4199 565 4251 rum
589 4197 854 4267 adjutorio
889 4197 1220 4261 nitebantur,
1253 4214 1388 4267 quos
1417 4199 1483 4252 ab
1519 4197 1758 4268 Assyriis
1805 4214 2030 4268 supera-

443 4299 528 4342 tos
558 4297 744 4341 narrat
789 4288 1036 4341 historia.
1086 4287 1440 4357 lncrepantur
1469 4304 1599 4359 ergo
1645 4288 1789 4358 quod
1834 4291 2034 4346 omissa

428 4389 539 4444 spe
566 4376 621 4428 in
651 4377 840 4442 Deum,
871 4377 1151 4430 hominum
1179 4379 1422 4434 nitantur
1450 4380 1669 4445 auxilio,
1703 4381 1847 4450 quod
1875 4397 2035 4438 omne

429 4464 737 4532 leontrltum
759 4475 814 4521 et
840 4467 912 4521 ita
939 4467 1258 4524 subversum
1285 4478 1390 4536 est,
1421 4479 1481 4526 ut
1502 4470 1637 4528 nihil
1664 4472 1717 4526 in
1745 4488 1810 4529 eo
1835 4473 2036 4528 utilita-

449 4557 518 4645 tis
544 4556 717 4611 valeat
753 4558 1011 4627 reperire.
1063 4560 1216 4615 Unde
1254 4561 1350 4626 ait,
1387 4581 1404 4614 ε
1432 4570 1489 4617 et
1538 4563 1604 4618 ab
1653 4564 1754 4619 ista
1794 4565 2035 4634 egredie-

445 4651 541 4716 ris,
570 4671 593 4719 )
622 4651 726 4706 hoc
754 4658 860 4716 est,
895 4652 962 4707 ab
992 4651 1247 4724 IEgypto,
1279 4656 1418 4711 sicut
1443 4672 1659 4728 egressa
1688 4673 1748 4713 es
1776 4658 1845 4714 ab
1871 4662 2037 4729 Assy-

445 4744 578 4808 riis;
615 4762 633 4794 ι
661 4752 715 4798 et
740 4759 933 4800 manus
965 4755 1072 4801 tuze
1098 4756 1257 4802 erunt
1304 4765 1466 4819 super
1499 4762 1658 4821 caput
1700 4761 1871 4818 tuum,
1903 4773 1921 4806 ι
1948 4753 2034 4808 lu-

427 4835 702 4905 'gebisque
747 4843 798 4889 te
826 4836 1026 4892 frustra
1073 4839 1142 4893 ab
1176 4837 1449 4911 Egyptiis
1477 4852 1819 4912 exspectasse
1847 4845 2035 4913 praesi-

447 4924 616 4978 dium.
648 4923 1018 4980 Recordemur
1040 4928 1300 4995 historize,
1332 4933 1545 5000 quando
1575 4933 1642 4986 ab
1671 4932 1844 4988 Amon
1869 4933 2036 4989 fratre

449 5012 872 5070 sceleratissimo
918 5030 1172 5088 corrupta
1213 5031 1268 5076 et
1319 5022 1514 5077 violata
1561 5023 1820 5089 Thamar;
1873 5040 2035 5093 supra

450 5117 702 5173 sparsum
732 5114 892 5174 caput
919 5110 1099 5164 cinere
1127 5127 1318 5167 manus
1343 5114 1599 5183 posuerit,
1628 5121 1682 5168 et
1713 5115 1785 5168 ita
1815 5130 2034 5171 reversa

376 5267 388 5281 .
452 5193 523 5247 sit
551 5193 604 5248 in
639 5194 855 5252 domum
882 5193 1034 5255 suam
1061 5201 1148 5272 (II
1175 5202 1302 5273 Reg.
1335 5205 1478 5274 xm).

1077 5315 1308 5370 CAPUT
1347 5314 1432 5369 ill.

457 5395 612 5476 Quod
637 5416 752 5454 cum
779 5402 956 5476 multis
979 5405 1306 5476 gmatoribus
1335 5406 1598 5476 fornicata
1617 5409 1702 5473 sit,
1735 5418 1782 5463 et
1805 5409 1868 5463 de
1897 5411 2034 5466 dua-

525 5467 620 5591 Sus
650 5474 935 5552 sororibus.
973 5472 1077 5530 Ubi
1110 5467 1347 5548 sequitur
1373 5478 1582 5534 verbum
1611 5467 1822 5536 Domini
1855 5493 2035 5537 contra

571 5556 784 5591 8811Υ108;
810 5554 914 5591 HI“-

571 5556 785 5609 ssyrtos,
810 5554 914 5600 etc.

531 5668 550 5700 ι
591 5651 760 5722 Vulgo
804 5655 1002 5709 dicitur
1030 5676 1047 5706 ι
1079 5656 1198 5727 (pro
1225 5675 1330 5729 quo
1357 5661 1732 5733 Septuaginta,
1777 5681 1797 5715 ‹
1827 5672 2035 5720 tantum

462 5755 484 5793 ι
516 5741 714 5800 dicitur
741 5765 760 5799 ι
795 5747 1228 5822 transtulerunt).
1273 5751 1380 5812 rSi
1408 5753 1676 5812 dimiserit
1696 5754 1782 5812 vir
1808 5770 2035 5813 uxorem

2134 3288 2299 3342 alium
2323 3287 2640 3357 prophetam
2676 3293 2800 3355 post
2845 3283 3098 3339 delictum
3141 3283 3517 3339 misericordia
3557 3295 3723 3338 voca-

2131 3381 2296 3436 tionis
2341 3379 2684 3449 exprimitur,
2717 3392 2839 3433 cum
2869 3392 3058 3433 averso
3087 3376 3295 3432 homini
3323 3376 3523 3432 dicitur
3551 3395 3567 3430 :
3602 3395 3621 3427 α
3653 3375 3720 3430 Et

2134 3480 2293 3525 erunt
2321 3469 2462 3525 oculi
2494 3470 2569 3523 tui
2617 3469 2862 3524 videntes
2910 3475 3296 3538 praeceptorem
3324 3476 3501 3534 tuum,
3531 3477 3587 3522 et
3628 3482 3724 3520 au-

2137 3576 2224 3615 res
2257 3569 2361 3614 tuze
2399 3559 2617 3615 audient
2641 3559 2864 3614 Verbum
2902 3567 3024 3629 post
3050 3567 3260 3629 tergum
3289 3559 3558 3614 monentis
3581 3555 3718 3626 (ἔδει.

2137 3649 2292 3721 xxx).
2327 3669 2345 3702 ι
2376 3649 2680 3704 Humanum
2715 3649 2915 3718 quippe
2946 3663 3114 3714 genus
3153 3645 3412 3701 Dominus
3442 3645 3499 3700 in
3524 3644 3717 3700 faciem

2133 3741 2367 3802 monuit,
2395 3737 2612 3806 quando
2639 3736 2694 3790 in
2731 3735 2985 3806 paradiso
3024 3736 3272 3791 conditor
3311 3735 3519 3791 homini
3562 3744 3722 3805 atque

2135 3827 2190 3882 in
2220 3825 2390 3881 libero
2417 3825 2644 3880 arbitrio
2668 3825 2854 3891 stanti,
2885 3826 3029 3896 quod
3051 3825 3229 3882 facere
3255 3825 3468 3894 quodve
3506 3839 3612 3880 non
3638 3824 3722 3880 fa-

2134 3932 2259 3972 cere
2289 3918 2512 3972 deberet
2541 3917 2753 3971 indixit.
2809 3916 2915 3973 Sed
2946 3918 3108 3973 homo
3131 3918 3186 3972 in
3213 3918 3310 3973 Dei
3349 3917 3542 3973 faciem
3572 3926 3721 3988 terga

2135 4010 2302 4074 dedit,
2338 4024 2459 4064 cum
2506 4009 2823 4079 superbiens
2867 4011 2985 4081 ejus
3022 4011 3176 4080 jussa
3225 4011 3552 4081 contempsit
3581 4028 3594 4065 :
3623 4023 3720 4066 nec

2136 4081 2338 4156 tamen'
2358 4101 2759 4172 superbientem
2789 4101 2931 4156 Deus
2957 4101 3212 4166 deseruit,
3244 4101 3337 4172 qui
3365 4102 3432 4156 ad
3461 4115 3721 4156 revocan-

2139 4195 2262 4249 dum
2300 4194 2574 4249 hominem
2623 4193 2798 4264 legem
2825 4193 2992 4258 dedit,
3023 4202 3078 4248 et
3116 4194 3468 4250 exhortantes
3507 4192 3721 4262 angelos

2138 4289 2306 4354 misit,
2348 4289 2402 4343 in
2431 4303 2596 4344 carne
2645 4295 2847 4344 nostrae
2893 4288 3240 4345 mortalitatis
3267 4291 3537 4360 apparuit.
3581 4290 3719 4360 Ergo

2138 4389 2261 4452 post
2298 4388 2508 4453 tergum
2554 4390 2703 4437 stans
2732 4397 2833 4436 nos
2862 4382 3160 4447 admonuit,
3188 4382 3279 4453 qui
3317 4382 3386 4435 ad
3424 4382 3722 4452 reparatio-

2140 4488 2264 4529 nem
2317 4487 2417 4528 nos
2462 4474 2650 4543 gratiae
2691 4473 2857 4528 etiam
2889 4481 3254 4544 contemptus,
3299 4474 3536 4529 vocavit.
3573 4473 3720 4541 Quod

2141 4566 2306 4636 igitur
2334 4565 2659 4636 generaliter
2705 4565 2867 4621 simul
2908 4565 3082 4636 potuit
3111 4565 3214 4620 dici
3252 4565 3318 4620 de
3345 4566 3578 4630 cunctis,
3621 4566 3719 4620 hoc

2140 4672 2365 4713 necesse
2412 4666 2495 4713 est
2549 4658 2855 4727 specialiter
2898 4657 3090 4713 sentiri
3147 4658 3215 4713 de
3268 4658 3513 4731 singulis.
3557 4658 3718 4726 Quasi

2138 4750 2284 4803 enim
2315 4763 2501 4803 coram
2540 4749 2748 4818 positus
2794 4748 2903 4803 Deo
2933 4749 3162 4819 quisque
3199 4749 3364 4804 verba
3413 4748 3720 4804 monitionis

2139 4839 2257 4909 ejus
2282 4840 2528 4910 percipit,
2558 4854 2680 4895 cum
2718 4840 3032 4910 priusquam
3061 4850 3282 4911 peccata
3312 4849 3606 4910 perpetret,
3629 4853 3720 4894 vo-

2141 4929 2361 4984 luntatis
2389 4929 2504 4998 ejus
2545 4939 2818 5000 praecepta
2852 4933 3151 5002 cognoscit.
3183 4932 3376 4989 Adhuc
3413 4933 3563 4988 enim
3597 4939 3719 4996 ante

2108 5024 2254 5090 ejus
2281 5020 2474 5076 faciem
2516 5029 2680 5088 stare,
2710 5033 2796 5078 est
2842 5025 3070 5080 necdum
3118 5041 3242 5080 eum
3290 5025 3568 5096 peccando
3599 5039 3720 5080 con-

2139 5121 2401 5169 temnere.
2453 5113 2588 5169 Cum
2617 5130 2748 5170 vero
2795 5106 3051 5173 derelicto
3094 5119 3239 5174 bono
3268 5119 3589 5174 innocentiae
3623 5118 3720 5172 ini-

2143 5205 2404 5275 quitatem
2431 5205 2636 5276 eligens
2675 5208 2897 5276 appetit,
2930 5216 3078 5279 terga
3109 5210 3224 5282 jam
3261 5211 3318 5265 in
3365 5209 3484 5278 ejus
3529 5209 3718 5265 faciem

2143 5297 2334 5352 mittit.
2365 5297 2471 5353 Sed
2500 5312 2626 5354 ecce
2655 5300 2830 5355 adhuc
2878 5307 2934 5355 et
2962 5309 3086 5370 post
3115 5309 3323 5373 tergum
3363 5299 3507 5358 Deus
3535 5303 3721 5357 subse-

2142 5403 2315 5458 quens
2359 5397 2562 5445 monet.
2592 5387 2694 5456 Qui
2735 5391 2898 5445 etiam
2929 5398 3051 5461 post
3089 5391 3300 5462 culpam
3341 5393 3408 5447 ad
3456 5407 3516 5447 se
3558 5390 3722 5447 rediri

2143 5479 2434 5550 persuasit,
2490 5479 2773 5535 adversum
2814 5489 3052 5547 revocat,
3101 5497 3225 5537 cum
3278 5483 3565 5539 commissa
3615 5495 3721 5538 non

2143 5575 2383 5643 respicit,
2423 5576 2715 5630 revertenti
2754 5576 2930 5630 sinum
2955 5577 3172 5646 pietatis
3201 5577 3473 5646 expandit.
3521 5573 3735 5631 Vocem’

2141 5678 2270 5735 ergo
2299 5672 2420 5735 post
2459 5674 2668 5735 tergum
2716 5665 2986 5722 monentis
3021 5666 3269 5722 audimus
3298 5667 3344 5722 si
3375 5669 3442 5722 ad
3483 5667 3722 5722 invitan-

2134 5765 2250 5815 tem
2286 5773 2386 5816 nos
2413 5757 2702 5818 Dominum
2729 5758 2920 5819 saltem
2963 5767 3086 5833 post
3121 5771 3346 5832 peccata
3375 5761 3720 5819 revertimur.
