  <div class='ocr_page' id='page_1' title='image "/cluster/home/n/w/nwhite01/storage/ocr_20150623/111/hvd.32044009716333/420.png"; bbox 0 0 4008 6340; ppageno 0'>
   <div class='ocr_carea' id='block_1_1' title="bbox 1301 316 2704 380">
    <p class='ocr_par' dir='ltr' id='par_1_1' title="bbox 1301 316 2704 380">
     <span class='ocr_line' id='line_1_1' title="bbox 1301 316 2704 380; baseline 0.006 -8"><span class='ocrx_word' id='word_1_1' title='bbox 1301 316 1664 376; x_wconf 79' lang='lat' dir='ltr'><strong>EXPOSI&#39;I‘IO</strong></span> <span class='ocrx_word' id='word_1_2' title='bbox 1701 317 1929 376; x_wconf 82' lang='lat' dir='ltr'><strong>SUPER</strong></span> <span class='ocrx_word' id='word_1_3' title='bbox 1962 318 2326 376; x_wconf 72' lang='lat' dir='ltr'><strong>JEREMIAM.</strong></span> <span class='ocrx_word' id='word_1_4' title='bbox 2364 351 2432 363; x_wconf 89' lang='lat'><em>—</em></span> <span class='ocrx_word' id='word_1_5' title='bbox 2471 323 2600 380; x_wconf 81' lang='lat' dir='ltr'><strong>LIB.</strong></span> <span class='ocrx_word' id='word_1_6' title='bbox 2640 324 2704 380; x_wconf 90' lang='lat' dir='ltr'><strong>ll.</strong></span> 
     </span>
    </p>
   </div>
   <div class='ocr_carea' id='block_1_2' title="bbox 355 417 3628 517">
    <p class='ocr_par' dir='ltr' id='par_1_2' title="bbox 355 417 3628 517">
     <span class='ocr_line' id='line_1_2' title="bbox 355 417 3628 517; baseline 0.006 -29"><span class='ocrx_word' id='word_1_7' title='bbox 355 432 644 488; x_wconf 81' lang='lat' dir='ltr'><strong>Debemus</strong></span> <span class='ocrx_word' id='word_1_8' title='bbox 672 430 837 501; x_wconf 88' lang='lat' dir='ltr'><strong>igitur</strong></span> <span class='ocrx_word' id='word_1_9' title='bbox 861 429 1117 501; x_wconf 75' lang='lat' dir='ltr'><strong>pietatem</strong></span> <span class='ocrx_word' id='word_1_10' title='bbox 1135 417 1380 486; x_wconf 88' lang='lat' dir='ltr'><strong>vocantis</strong></span> <span class='ocrx_word' id='word_1_11' title='bbox 1416 434 1763 499; x_wconf 75' lang='lat' dir='ltr'><strong>erubescere,</strong></span> <span class='ocrx_word' id='word_1_12' title='bbox 1793 435 1838 490; x_wconf 87' lang='lat' dir='ltr'><strong>si</strong></span> <span class='ocrx_word' id='word_1_13' title='bbox 1859 435 1947 504; x_wconf 85' lang='lat' dir='ltr'><strong>ju-</strong></span> <span class='ocrx_word' id='word_1_14' title='bbox 1971 439 2026 506; x_wconf 76' lang='grc' dir='ltr'><strong>Α</strong></span> <span class='ocrx_word' id='word_1_15' title='bbox 2049 437 2201 504; x_wconf 89' lang='lat' dir='ltr'><strong>quasi</strong></span> <span class='ocrx_word' id='word_1_16' title='bbox 2243 436 2519 490; x_wconf 88' lang='lat' dir='ltr'><strong>mulierem</strong></span> <span class='ocrx_word' id='word_1_17' title='bbox 2544 452 2824 508; x_wconf 90' lang='lat' dir='ltr'><strong>procacem</strong></span> <span class='ocrx_word' id='word_1_18' title='bbox 2857 449 2912 496; x_wconf 79' lang='lat' dir='ltr'><strong>et</strong></span> <span class='ocrx_word' id='word_1_19' title='bbox 2939 443 3125 500; x_wconf 74' lang='lat' dir='ltr'><strong>nimia:</strong></span> <span class='ocrx_word' id='word_1_20' title='bbox 3165 445 3527 517; x_wconf 66' lang='lat' dir='ltr'><strong>impudentiae,</strong></span> <span class='ocrx_word' id='word_1_21' title='bbox 3568 459 3628 508; x_wconf 90' lang='lat' dir='ltr'><strong>ut</strong></span> 
     </span>
    </p>
   </div>
   <div class='ocr_carea' id='block_1_3' title="bbox 353 521 1951 595">
    <p class='ocr_par' dir='ltr' id='par_1_3' title="bbox 353 521 1951 595">
     <span class='ocr_line' id='line_1_3' title="bbox 353 521 1951 595; baseline 0.007 -24"><span class='ocrx_word' id='word_1_22' title='bbox 353 523 588 579; x_wconf 25' lang='lat' dir='ltr'><strong>.stitiam»</strong></span> <span class='ocrx_word' id='word_1_23' title='bbox 619 521 871 578; x_wconf 90' lang='lat' dir='ltr'><strong>nolumus</strong></span> <span class='ocrx_word' id='word_1_24' title='bbox 896 521 1208 587; x_wconf 79' lang='lat' dir='ltr'><strong>formidare,</strong></span> <span class='ocrx_word' id='word_1_25' title='bbox 1248 524 1373 592; x_wconf 85' lang='lat' dir='ltr'><strong>quia</strong></span> <span class='ocrx_word' id='word_1_26' title='bbox 1403 532 1553 580; x_wconf 88' lang='lat' dir='ltr'><strong>tanto</strong></span> <span class='ocrx_word' id='word_1_27' title='bbox 1580 526 1816 595; x_wconf 82' lang='lat' dir='ltr'><strong>graviori</strong></span> <span class='ocrx_word' id='word_1_28' title='bbox 1848 528 1951 582; x_wconf 82' lang='lat' dir='ltr'><strong>im-</strong></span> 
     </span>
    </p>
   </div>
   <div class='ocr_carea' id='block_1_4' title="bbox 371 615 1952 691">
    <p class='ocr_par' dir='ltr' id='par_1_4' title="bbox 371 615 1952 691">
     <span class='ocr_line' id='line_1_4' title="bbox 371 615 1952 691; baseline 0.006 -22"><span class='ocrx_word' id='word_1_29' title='bbox 371 615 645 686; x_wconf 76' lang='lat' dir='ltr'><strong>probitate</strong></span> <span class='ocrx_word' id='word_1_30' title='bbox 672 616 1054 683; x_wconf 85' lang='lat' dir='ltr'><strong>contemnitur,</strong></span> <span class='ocrx_word' id='word_1_31' title='bbox 1083 624 1286 687; x_wconf 88' lang='lat' dir='ltr'><strong>quanto</strong></span> <span class='ocrx_word' id='word_1_32' title='bbox 1326 626 1380 673; x_wconf 92' lang='lat' dir='ltr'><strong>et</strong></span> <span class='ocrx_word' id='word_1_33' title='bbox 1407 628 1744 691; x_wconf 80' lang='lat' dir='ltr'><strong>contemptus</strong></span> <span class='ocrx_word' id='word_1_34' title='bbox 1775 622 1952 678; x_wconf 88' lang='lat' dir='ltr'><strong>adhuc</strong></span> 
     </span>
    </p>
   </div>
   <div class='ocr_carea' id='block_1_5' title="bbox 371 706 1054 777">
    <p class='ocr_par' dir='ltr' id='par_1_5' title="bbox 371 706 1054 777">
     <span class='ocr_line' id='line_1_5' title="bbox 371 706 1054 777; baseline 0 -17"><span class='ocrx_word' id='word_1_35' title='bbox 371 720 570 762; x_wconf 87' lang='lat' dir='ltr'><strong>vocare</strong></span> <span class='ocrx_word' id='word_1_36' title='bbox 587 722 692 764; x_wconf 88' lang='lat' dir='ltr'><strong>non</strong></span> <span class='ocrx_word' id='word_1_37' title='bbox 715 706 1054 777; x_wconf 74' lang='lat' dir='ltr'><strong>dedignatur.</strong></span> 
     </span>
    </p>
   </div>
   <div class='ocr_carea' id='block_1_6' title="bbox 450 795 1950 866">
    <p class='ocr_par' dir='ltr' id='par_1_6' title="bbox 450 795 1950 866">
     <span class='ocr_line' id='line_1_6' title="bbox 450 795 1950 866; baseline 0.007 -19"><span class='ocrx_word' id='word_1_38' title='bbox 450 815 469 847; x_wconf 77' lang='grc' dir='ltr'>σ</span> <span class='ocrx_word' id='word_1_39' title='bbox 505 795 648 852; x_wconf 89' lang='lat' dir='ltr'><strong>Leva</strong></span> <span class='ocrx_word' id='word_1_40' title='bbox 679 796 863 852; x_wconf 87' lang='lat' dir='ltr'><strong>oculos</strong></span> <span class='ocrx_word' id='word_1_41' title='bbox 893 804 1014 852; x_wconf 89' lang='lat' dir='ltr'><strong>tuos</strong></span> <span class='ocrx_word' id='word_1_42' title='bbox 1060 797 1113 851; x_wconf 93' lang='lat' dir='ltr'><strong>in</strong></span> <span class='ocrx_word' id='word_1_43' title='bbox 1152 797 1434 866; x_wconf 88' lang='lat' dir='ltr'><strong>directum,</strong></span> <span class='ocrx_word' id='word_1_44' title='bbox 1463 809 1519 855; x_wconf 86' lang='lat' dir='ltr'><strong>et</strong></span> <span class='ocrx_word' id='word_1_45' title='bbox 1542 801 1665 856; x_wconf 90' lang='lat' dir='ltr'><strong>vide</strong></span> <span class='ocrx_word' id='word_1_46' title='bbox 1705 801 1796 856; x_wconf 92' lang='lat' dir='ltr'><strong>ubi</strong></span> <span class='ocrx_word' id='word_1_47' title='bbox 1840 817 1950 858; x_wconf 90' lang='lat' dir='ltr'><strong>non</strong></span> 
     </span>
    </p>
   </div>
   <div class='ocr_carea' id='block_1_7' title="bbox 377 889 1948 965">
    <p class='ocr_par' dir='ltr' id='par_1_7' title="bbox 377 889 1948 965">
     <span class='ocr_line' id='line_1_7' title="bbox 377 889 1948 965; baseline 0.004 -22"><span class='ocrx_word' id='word_1_48' title='bbox 377 909 396 943; x_wconf 73' lang='grc' dir='ltr'>ι</span> <span class='ocrx_word' id='word_1_49' title='bbox 426 898 694 961; x_wconf 89' lang='lat' dir='ltr'><strong>prostrata</strong></span> <span class='ocrx_word' id='word_1_50' title='bbox 717 890 811 945; x_wconf 86' lang='lat' dir='ltr'><strong>sis.</strong></span> <span class='ocrx_word' id='word_1_51' title='bbox 841 889 898 945; x_wconf 88' lang='lat' dir='ltr'><strong>In</strong></span> <span class='ocrx_word' id='word_1_52' title='bbox 925 890 1028 945; x_wconf 90' lang='lat' dir='ltr'><strong>viis</strong></span> <span class='ocrx_word' id='word_1_53' title='bbox 1057 890 1283 946; x_wconf 87' lang='lat' dir='ltr'><strong>sedebas</strong></span> <span class='ocrx_word' id='word_1_54' title='bbox 1303 901 1626 962; x_wconf 82' lang='lat' dir='ltr'><strong>exspectans</strong></span> <span class='ocrx_word' id='word_1_55' title='bbox 1645 908 1762 959; x_wconf 90' lang='lat' dir='ltr'><strong>eos,</strong></span> <span class='ocrx_word' id='word_1_56' title='bbox 1791 895 1948 965; x_wconf 91' lang='lat' dir='ltr'><strong>quasi</strong></span> 
     </span>
    </p>
   </div>
   <div class='ocr_carea' id='block_1_8' title="bbox 377 979 1942 1049">
    <p class='ocr_par' dir='ltr' id='par_1_8' title="bbox 377 979 1942 1049">
     <span class='ocr_line' id='line_1_8' title="bbox 377 979 1942 1049; baseline 0.003 -18"><span class='ocrx_word' id='word_1_57' title='bbox 377 997 398 1031; x_wconf 77' lang='grc' dir='ltr'>ι</span> <span class='ocrx_word' id='word_1_58' title='bbox 433 979 572 1035; x_wconf 85' lang='lat' dir='ltr'><strong>latro</strong></span> <span class='ocrx_word' id='word_1_59' title='bbox 618 979 673 1033; x_wconf 93' lang='lat' dir='ltr'><strong>in</strong></span> <span class='ocrx_word' id='word_1_60' title='bbox 708 979 1018 1044; x_wconf 88' lang='lat' dir='ltr'><strong>solitudine,</strong></span> <span class='ocrx_word' id='word_1_61' title='bbox 1063 979 1179 1035; x_wconf 88' lang='lat' dir='ltr'><strong>sive</strong></span> <span class='ocrx_word' id='word_1_62' title='bbox 1205 982 1361 1049; x_wconf 90' lang='lat' dir='ltr'><strong>quasi</strong></span> <span class='ocrx_word' id='word_1_63' title='bbox 1401 984 1595 1038; x_wconf 84' lang='lat' dir='ltr'><strong>cornix</strong></span> <span class='ocrx_word' id='word_1_64' title='bbox 1651 983 1884 1040; x_wconf 89' lang='lat' dir='ltr'><strong>deserta.</strong></span> <span class='ocrx_word' id='word_1_65' title='bbox 1923 1003 1942 1036; x_wconf 74' lang='grc' dir='ltr'><strong><em>ι</em></strong></span> 
     </span>
    </p>
   </div>
   <div class='ocr_carea' id='block_1_9' title="bbox 369 1067 1966 1140">
    <p class='ocr_par' dir='ltr' id='par_1_9' title="bbox 369 1067 1966 1140">
     <span class='ocr_line' id='line_1_9' title="bbox 369 1067 1966 1140; baseline 0.009 -19"><span class='ocrx_word' id='word_1_66' title='bbox 369 1067 636 1140; x_wconf 76' lang='grc' dir='ltr'><strong>(Ηίενοη.)</strong></span> <span class='ocrx_word' id='word_1_67' title='bbox 674 1067 780 1124; x_wconf 88' lang='lat' dir='ltr'><strong>Pro</strong></span> <span class='ocrx_word' id='word_1_68' title='bbox 823 1069 1033 1126; x_wconf 82' lang='lat' dir='ltr'><strong>latrone</strong></span> <span class='ocrx_word' id='word_1_69' title='bbox 1078 1078 1133 1126; x_wconf 91' lang='lat' dir='ltr'><strong>et</strong></span> <span class='ocrx_word' id='word_1_70' title='bbox 1184 1072 1401 1128; x_wconf 89' lang='lat' dir='ltr'><strong>cornice</strong></span> <span class='ocrx_word' id='word_1_71' title='bbox 1446 1074 1501 1128; x_wconf 92' lang='lat' dir='ltr'><strong>in</strong></span> <span class='ocrx_word' id='word_1_72' title='bbox 1548 1073 1775 1131; x_wconf 85' lang='lat' dir='ltr'><strong>Hebraeo</strong></span> <span class='ocrx_word' id='word_1_73' title='bbox 1809 1085 1966 1140; x_wconf 62' lang='lat' dir='ltr'><strong>una.</strong></span> 
     </span>
    </p>
   </div>
   <div class='ocr_carea' id='block_1_10' title="bbox 359 1163 1947 1238">
    <p class='ocr_par' dir='ltr' id='par_1_10' title="bbox 359 1163 1947 1238">
     <span class='ocr_line' id='line_1_10' title="bbox 359 1163 1947 1238; baseline 0.004 -20"><span class='ocrx_word' id='word_1_74' title='bbox 359 1163 627 1232; x_wconf 84' lang='lat' dir='ltr'><strong>scriptum</strong></span> <span class='ocrx_word' id='word_1_75' title='bbox 651 1171 754 1228; x_wconf 91' lang='lat' dir='ltr'><strong>est,</strong></span> <span class='ocrx_word' id='word_1_76' title='bbox 782 1163 926 1233; x_wconf 91' lang='lat' dir='ltr'><strong>quod</strong></span> <span class='ocrx_word' id='word_1_77' title='bbox 956 1172 1132 1234; x_wconf 88' lang='lat' dir='ltr'><strong>potest</strong></span> <span class='ocrx_word' id='word_1_78' title='bbox 1161 1172 1217 1219; x_wconf 92' lang='lat' dir='ltr'><strong>et</strong></span> <span class='ocrx_word' id='word_1_79' title='bbox 1241 1165 1442 1220; x_wconf 79' lang='lat' dir='ltr'><strong>Arabas</strong></span> <span class='ocrx_word' id='word_1_80' title='bbox 1467 1166 1798 1237; x_wconf 86' lang='lat' dir='ltr'><strong>significare,</strong></span> <span class='ocrx_word' id='word_1_81' title='bbox 1827 1182 1947 1238; x_wconf 66' lang='lat' dir='ltr'><strong>qua:</strong></span> 
     </span>
    </p>
   </div>
   <div class='ocr_carea' id='block_1_11' title="bbox 345 1254 1947 1328">
    <p class='ocr_par' dir='ltr' id='par_1_11' title="bbox 345 1254 1947 1328">
     <span class='ocr_line' id='line_1_11' title="bbox 345 1254 1947 1328; baseline 0.004 -18"><span class='ocrx_word' id='word_1_82' title='bbox 345 1269 517 1325; x_wconf 87' lang='lat' dir='ltr'><strong>gens,</strong></span> <span class='ocrx_word' id='word_1_83' title='bbox 552 1254 846 1310; x_wconf 86' lang='lat' dir='ltr'><strong>latrociniis</strong></span> <span class='ocrx_word' id='word_1_84' title='bbox 872 1257 1072 1323; x_wconf 90' lang='lat' dir='ltr'><strong>dedita,</strong></span> <span class='ocrx_word' id='word_1_85' title='bbox 1110 1273 1283 1328; x_wconf 90' lang='lat' dir='ltr'><strong>usque</strong></span> <span class='ocrx_word' id='word_1_86' title='bbox 1311 1259 1470 1315; x_wconf 90' lang='lat' dir='ltr'><strong>hodie</strong></span> <span class='ocrx_word' id='word_1_87' title='bbox 1499 1260 1742 1316; x_wconf 90' lang='lat' dir='ltr'><strong>incursat</strong></span> <span class='ocrx_word' id='word_1_88' title='bbox 1763 1262 1947 1317; x_wconf 88' lang='lat' dir='ltr'><strong>termi-</strong></span> 
     </span>
    </p>
   </div>
   <div class='ocr_carea' id='block_1_12' title="bbox 366 1347 1944 1413">
    <p class='ocr_par' dir='ltr' id='par_1_12' title="bbox 366 1347 1944 1413">
     <span class='ocr_line' id='line_1_12' title="bbox 366 1347 1944 1413; baseline 0.004 -12"><span class='ocrx_word' id='word_1_89' title='bbox 366 1362 464 1402; x_wconf 89' lang='lat' dir='ltr'><strong>nos</strong></span> <span class='ocrx_word' id='word_1_90' title='bbox 508 1347 828 1413; x_wconf 74' lang='lat' dir='ltr'><strong>Palzestinae,</strong></span> <span class='ocrx_word' id='word_1_91' title='bbox 859 1356 914 1402; x_wconf 90' lang='lat' dir='ltr'><strong>et</strong></span> <span class='ocrx_word' id='word_1_92' title='bbox 940 1349 1390 1405; x_wconf 86' lang='lat' dir='ltr'><strong>descendentibus</strong></span> <span class='ocrx_word' id='word_1_93' title='bbox 1421 1352 1486 1406; x_wconf 89' lang='lat' dir='ltr'><strong>de</strong></span> <span class='ocrx_word' id='word_1_94' title='bbox 1523 1350 1859 1407; x_wconf 85' lang='lat' dir='ltr'><strong>Hierusalem</strong></span> <span class='ocrx_word' id='word_1_95' title='bbox 1888 1352 1944 1408; x_wconf 92' lang='lat' dir='ltr'><strong>in</strong></span> 
     </span>
    </p>
   </div>
   <div class='ocr_carea' id='block_1_13' title="bbox 365 1437 1946 1508">
    <p class='ocr_par' dir='ltr' id='par_1_13' title="bbox 365 1437 1946 1508">
     <span class='ocr_line' id='line_1_13' title="bbox 365 1437 1946 1508; baseline 0.003 -16"><span class='ocrx_word' id='word_1_96' title='bbox 365 1437 618 1492; x_wconf 83' lang='lat' dir='ltr'><strong>Hiericho</strong></span> <span class='ocrx_word' id='word_1_97' title='bbox 643 1439 857 1494; x_wconf 84' lang='lat' dir='ltr'><strong>obsidet</strong></span> <span class='ocrx_word' id='word_1_98' title='bbox 878 1440 1012 1494; x_wconf 86' lang='lat' dir='ltr'><strong>vias.</strong></span> <span class='ocrx_word' id='word_1_99' title='bbox 1037 1437 1202 1508; x_wconf 87' lang='lat' dir='ltr'><strong>Cujus</strong></span> <span class='ocrx_word' id='word_1_100' title='bbox 1226 1441 1300 1495; x_wconf 88' lang='lat' dir='ltr'><strong>rei</strong></span> <span class='ocrx_word' id='word_1_101' title='bbox 1323 1449 1378 1495; x_wconf 92' lang='lat' dir='ltr'><strong>et</strong></span> <span class='ocrx_word' id='word_1_102' title='bbox 1403 1440 1660 1498; x_wconf 87' lang='lat' dir='ltr'><strong>Dominus</strong></span> <span class='ocrx_word' id='word_1_103' title='bbox 1686 1442 1739 1496; x_wconf 92' lang='lat' dir='ltr'><strong>in</strong></span> <span class='ocrx_word' id='word_1_104' title='bbox 1770 1443 1946 1498; x_wconf 89' lang='lat' dir='ltr'><strong>Evan-</strong></span> 
     </span>
    </p>
   </div>
   <div class='ocr_carea' id='block_1_14' title="bbox 363 1527 1940 1603">
    <p class='ocr_par' dir='ltr' id='par_1_14' title="bbox 363 1527 1940 1603">
     <span class='ocr_line' id='line_1_14' title="bbox 363 1527 1940 1603; baseline 0.006 -23"><span class='ocrx_word' id='word_1_105' title='bbox 363 1527 504 1596; x_wconf 88' lang='lat' dir='ltr'><strong>gelio</strong></span> <span class='ocrx_word' id='word_1_106' title='bbox 541 1529 856 1585; x_wconf 78' lang='lat' dir='ltr'><strong>recordatur</strong></span> <span class='ocrx_word' id='word_1_107' title='bbox 877 1528 1028 1601; x_wconf 86' lang='lat' dir='ltr'><strong>(Luc.</strong></span> <span class='ocrx_word' id='word_1_108' title='bbox 1060 1529 1138 1600; x_wconf 70' lang='grc' dir='ltr'><strong>ι).</strong></span> <span class='ocrx_word' id='word_1_109' title='bbox 1168 1531 1331 1586; x_wconf 88' lang='lat' dir='ltr'><strong>Eleva</strong></span> <span class='ocrx_word' id='word_1_110' title='bbox 1385 1533 1551 1603; x_wconf 78' lang='lat' dir='ltr'><strong>igitur</strong></span> <span class='ocrx_word' id='word_1_111' title='bbox 1577 1533 1762 1588; x_wconf 90' lang='lat' dir='ltr'><strong>oculos</strong></span> <span class='ocrx_word' id='word_1_112' title='bbox 1799 1542 1940 1600; x_wconf 90' lang='lat' dir='ltr'><strong>tuos,</strong></span> 
     </span>
    </p>
   </div>
   <div class='ocr_carea' id='block_1_15' title="bbox 257 1616 1945 1695">
    <p class='ocr_par' dir='ltr' id='par_1_15' title="bbox 257 1616 1945 1695">
     <span class='ocr_line' id='line_1_15' title="bbox 257 1616 1945 1695; baseline 0.006 -24"><span class='ocrx_word' id='word_1_113' title='bbox 257 1616 260 1619; x_wconf 84' lang='grc'><em>’</em></span> <span class='ocrx_word' id='word_1_114' title='bbox 362 1631 398 1671; x_wconf 95' lang='lat' dir='ltr'><strong>o</strong></span> <span class='ocrx_word' id='word_1_115' title='bbox 424 1616 778 1684; x_wconf 84' lang='lat' dir='ltr'><strong>Hierusalem,</strong></span> <span class='ocrx_word' id='word_1_116' title='bbox 807 1628 863 1674; x_wconf 91' lang='lat' dir='ltr'><strong>et</strong></span> <span class='ocrx_word' id='word_1_117' title='bbox 901 1619 1006 1674; x_wconf 87' lang='lat' dir='ltr'><strong>huc</strong></span> <span class='ocrx_word' id='word_1_118' title='bbox 1043 1619 1274 1691; x_wconf 90' lang='lat' dir='ltr'><strong>illucque</strong></span> <span class='ocrx_word' id='word_1_119' title='bbox 1313 1623 1693 1695; x_wconf 81' lang='lat' dir='ltr'><strong>cireumSpice,</strong></span> <span class='ocrx_word' id='word_1_120' title='bbox 1739 1633 1794 1680; x_wconf 91' lang='lat' dir='ltr'><strong>et</strong></span> <span class='ocrx_word' id='word_1_121' title='bbox 1821 1625 1945 1681; x_wconf 91' lang='lat' dir='ltr'><strong>vide</strong></span> 
     </span>
    </p>
   </div>
   <div class='ocr_carea' id='block_1_16' title="bbox 362 1709 1940 1785">
    <p class='ocr_par' dir='ltr' id='par_1_16' title="bbox 362 1709 1940 1785">
     <span class='ocr_line' id='line_1_16' title="bbox 362 1709 1940 1785; baseline 0.008 -22"><span class='ocrx_word' id='word_1_122' title='bbox 362 1709 456 1764; x_wconf 91' lang='lat' dir='ltr'><strong>ubi</strong></span> <span class='ocrx_word' id='word_1_123' title='bbox 487 1725 596 1765; x_wconf 92' lang='lat' dir='ltr'><strong>non</strong></span> <span class='ocrx_word' id='word_1_124' title='bbox 641 1711 998 1768; x_wconf 84' lang='lat' dir='ltr'><strong>fornicatione</strong></span> <span class='ocrx_word' id='word_1_125' title='bbox 1039 1723 1312 1785; x_wconf 90' lang='lat' dir='ltr'><strong>prostrata</strong></span> <span class='ocrx_word' id='word_1_126' title='bbox 1351 1717 1447 1772; x_wconf 92' lang='lat' dir='ltr'><strong>sis.</strong></span> <span class='ocrx_word' id='word_1_127' title='bbox 1489 1718 1766 1785; x_wconf 84' lang='lat' dir='ltr'><strong>Quomodo</strong></span> <span class='ocrx_word' id='word_1_128' title='bbox 1794 1721 1940 1776; x_wconf 89' lang='lat' dir='ltr'><strong>enim</strong></span> 
     </span>
    </p>
   </div>
   <div class='ocr_carea' id='block_1_17' title="bbox 2051 526 3628 605">
    <p class='ocr_par' dir='ltr' id='par_1_17' title="bbox 2051 526 3628 605">
     <span class='ocr_line' id='line_1_17' title="bbox 2051 526 3628 605; baseline 0.011 -27"><span class='ocrx_word' id='word_1_129' title='bbox 2051 540 2160 583; x_wconf 84' lang='lat' dir='ltr'><strong>non</strong></span> <span class='ocrx_word' id='word_1_130' title='bbox 2186 526 2254 580; x_wconf 91' lang='lat' dir='ltr'><strong>ad</strong></span> <span class='ocrx_word' id='word_1_131' title='bbox 2282 541 2448 580; x_wconf 91' lang='lat' dir='ltr'><strong>unum</strong></span> <span class='ocrx_word' id='word_1_132' title='bbox 2473 538 2528 582; x_wconf 91' lang='lat' dir='ltr'><strong>et</strong></span> <span class='ocrx_word' id='word_1_133' title='bbox 2567 528 2796 584; x_wconf 89' lang='lat' dir='ltr'><strong>alterum</strong></span> <span class='ocrx_word' id='word_1_134' title='bbox 2820 534 3037 601; x_wconf 89' lang='lat' dir='ltr'><strong>procaci</strong></span> <span class='ocrx_word' id='word_1_135' title='bbox 3082 536 3230 590; x_wconf 88' lang='lat' dir='ltr'><strong>vultu</strong></span> <span class='ocrx_word' id='word_1_136' title='bbox 3271 537 3501 605; x_wconf 89' lang='lat' dir='ltr'><strong>feratur,</strong></span> <span class='ocrx_word' id='word_1_137' title='bbox 3533 540 3628 596; x_wconf 90' lang='lat' dir='ltr'><strong>sed</strong></span> 
     </span>
    </p>
   </div>
   <div class='ocr_carea' id='block_1_18' title="bbox 2047 615 3626 685">
    <p class='ocr_par' dir='ltr' id='par_1_18' title="bbox 2047 615 3626 685">
     <span class='ocr_line' id='line_1_18' title="bbox 2047 615 3626 685; baseline 0.01 -16"><span class='ocrx_word' id='word_1_138' title='bbox 2047 615 2256 669; x_wconf 90' lang='lat' dir='ltr'><strong>nullum</strong></span> <span class='ocrx_word' id='word_1_139' title='bbox 2287 617 2590 672; x_wconf 85' lang='lat' dir='ltr'><strong>erubescat.</strong></span> <span class='ocrx_word' id='word_1_140' title='bbox 2623 617 2848 674; x_wconf 87' lang='lat' dir='ltr'><strong>Utamur</strong></span> <span class='ocrx_word' id='word_1_141' title='bbox 2894 621 2998 677; x_wconf 89' lang='lat' dir='ltr'><strong>hoc</strong></span> <span class='ocrx_word' id='word_1_142' title='bbox 3049 638 3297 682; x_wconf 89' lang='lat' dir='ltr'><strong>sermone</strong></span> <span class='ocrx_word' id='word_1_143' title='bbox 3338 625 3626 685; x_wconf 86' lang='lat' dir='ltr'><strong>adversum</strong></span> 
     </span>
    </p>
   </div>
   <div class='ocr_carea' id='block_1_19' title="bbox 2048 703 3626 784">
    <p class='ocr_par' dir='ltr' id='par_1_19' title="bbox 2048 703 3626 784">
     <span class='ocr_line' id='line_1_19' title="bbox 2048 703 3626 784; baseline 0.012 -26"><span class='ocrx_word' id='word_1_144' title='bbox 2048 703 2428 762; x_wconf 63' lang='lat' dir='ltr'><strong>haereticorum</strong></span> <span class='ocrx_word' id='word_1_145' title='bbox 2478 707 2912 778; x_wconf 89' lang='lat' dir='ltr'><strong>conciliabulum,</strong></span> <span class='ocrx_word' id='word_1_146' title='bbox 2953 712 3047 784; x_wconf 92' lang='lat' dir='ltr'><strong>qui</strong></span> <span class='ocrx_word' id='word_1_147' title='bbox 3091 714 3149 770; x_wconf 91' lang='lat' dir='ltr'><strong>in</strong></span> <span class='ocrx_word' id='word_1_148' title='bbox 3187 715 3301 772; x_wconf 86' lang='lat' dir='ltr'><strong>suis</strong></span> <span class='ocrx_word' id='word_1_149' title='bbox 3347 715 3626 777; x_wconf 87' lang='lat' dir='ltr'><strong>erroribus</strong></span> 
     </span>
    </p>
   </div>
   <div class='ocr_carea' id='block_1_20' title="bbox 2049 795 2370 868">
    <p class='ocr_par' dir='ltr' id='par_1_20' title="bbox 2049 795 2370 868">
     <span class='ocr_line' id='line_1_20' title="bbox 2049 795 2370 868; baseline 0.006 -18"><span class='ocrx_word' id='word_1_150' title='bbox 2049 795 2370 868; x_wconf 76' lang='lat' dir='ltr'><strong>gloriantur.</strong></span> 
     </span>
    </p>
   </div>
   <div class='ocr_carea' id='block_1_21' title="bbox 2123 892 3624 970">
    <p class='ocr_par' dir='ltr' id='par_1_21' title="bbox 2123 892 3624 970">
     <span class='ocr_line' id='line_1_21' title="bbox 2123 892 3624 970; baseline 0.011 -26"><span class='ocrx_word' id='word_1_151' title='bbox 2123 909 2142 943; x_wconf 77' lang='lat' dir='ltr'><strong>r</strong></span> <span class='ocrx_word' id='word_1_152' title='bbox 2175 892 2318 962; x_wconf 87' lang='lat' dir='ltr'><strong>Ergo</strong></span> <span class='ocrx_word' id='word_1_153' title='bbox 2343 892 2532 949; x_wconf 89' lang='lat' dir='ltr'><strong>saltem</strong></span> <span class='ocrx_word' id='word_1_154' title='bbox 2561 896 2755 951; x_wconf 90' lang='lat' dir='ltr'><strong>amodo</strong></span> <span class='ocrx_word' id='word_1_155' title='bbox 2785 912 2922 952; x_wconf 89' lang='lat' dir='ltr'><strong>voca</strong></span> <span class='ocrx_word' id='word_1_156' title='bbox 2961 914 3071 966; x_wconf 90' lang='lat' dir='ltr'><strong>me,</strong></span> <span class='ocrx_word' id='word_1_157' title='bbox 3112 900 3274 957; x_wconf 88' lang='lat' dir='ltr'><strong>Pater</strong></span> <span class='ocrx_word' id='word_1_158' title='bbox 3307 918 3480 970; x_wconf 90' lang='lat' dir='ltr'><strong>meus,</strong></span> <span class='ocrx_word' id='word_1_159' title='bbox 3516 905 3624 960; x_wconf 81' lang='lat' dir='ltr'><strong>dux</strong></span> 
     </span>
    </p>
   </div>
   <div class='ocr_carea' id='block_1_22' title="bbox 2053 984 3626 1066">
    <p class='ocr_par' dir='ltr' id='par_1_22' title="bbox 2053 984 3626 1066">
     <span class='ocr_line' id='line_1_22' title="bbox 2053 984 3626 1066; baseline 0.011 -30"><span class='ocrx_word' id='word_1_160' title='bbox 2053 1001 2074 1034; x_wconf 74' lang='grc' dir='ltr'><strong><em>ι</em></strong></span> <span class='ocrx_word' id='word_1_161' title='bbox 2110 984 2436 1056; x_wconf 76' lang='lat' dir='ltr'><strong>virginitatis</strong></span> <span class='ocrx_word' id='word_1_162' title='bbox 2471 1001 2606 1042; x_wconf 88' lang='lat' dir='ltr'><strong>meae</strong></span> <span class='ocrx_word' id='word_1_163' title='bbox 2635 997 2689 1044; x_wconf 92' lang='lat' dir='ltr'><strong>tu</strong></span> <span class='ocrx_word' id='word_1_164' title='bbox 2719 1003 2798 1044; x_wconf 91' lang='lat' dir='ltr'><strong>es.</strong></span> <span class='ocrx_word' id='word_1_165' title='bbox 2828 989 3098 1062; x_wconf 88' lang='lat' dir='ltr'><strong>Numquid</strong></span> <span class='ocrx_word' id='word_1_166' title='bbox 3133 994 3384 1051; x_wconf 91' lang='lat' dir='ltr'><strong>irasceris</strong></span> <span class='ocrx_word' id='word_1_167' title='bbox 3422 997 3475 1051; x_wconf 94' lang='lat' dir='ltr'><strong>in</strong></span> <span class='ocrx_word' id='word_1_168' title='bbox 3503 1013 3626 1066; x_wconf 87' lang='lat' dir='ltr'><strong>per-</strong></span> 
     </span>
    </p>
   </div>
   <div class='ocr_carea' id='block_1_23' title="bbox 2053 1080 3627 1147">
    <p class='ocr_par' dir='ltr' id='par_1_23' title="bbox 2053 1080 3627 1147">
     <span class='ocr_line' id='line_1_23' title="bbox 2053 1080 3627 1147; baseline 0.01 -20"><span class='ocrx_word' id='word_1_169' title='bbox 2053 1092 2073 1126; x_wconf 88' lang='grc'><strong><em>‹</em></strong></span> <span class='ocrx_word' id='word_1_170' title='bbox 2108 1082 2346 1144; x_wconf 88' lang='lat' dir='ltr'><strong>petuum,</strong></span> <span class='ocrx_word' id='word_1_171' title='bbox 2388 1086 2481 1132; x_wconf 91' lang='lat' dir='ltr'><strong>aut</strong></span> <span class='ocrx_word' id='word_1_172' title='bbox 2517 1080 2888 1147; x_wconf 89' lang='lat' dir='ltr'><strong>perseverabis</strong></span> <span class='ocrx_word' id='word_1_173' title='bbox 2909 1081 2964 1136; x_wconf 91' lang='lat' dir='ltr'><strong>in</strong></span> <span class='ocrx_word' id='word_1_174' title='bbox 3001 1081 3201 1138; x_wconf 80' lang='lat' dir='ltr'><strong>linem?</strong></span> <span class='ocrx_word' id='word_1_175' title='bbox 3229 1104 3249 1138; x_wconf 72' lang='grc' dir='ltr'><strong><em>ι</em></strong></span> <span class='ocrx_word' id='word_1_176' title='bbox 3290 1084 3627 1144; x_wconf 87' lang='lat' dir='ltr'><strong>Erubescant</strong></span> 
     </span>
    </p>
   </div>
   <div class='ocr_carea' id='block_1_24' title="bbox 2047 1165 3626 1244">
    <p class='ocr_par' dir='ltr' id='par_1_24' title="bbox 2047 1165 3626 1244">
     <span class='ocr_line' id='line_1_24' title="bbox 2047 1165 3626 1244; baseline 0.01 -24"><span class='ocrx_word' id='word_1_177' title='bbox 2047 1165 2306 1232; x_wconf 69' lang='lat' dir='ltr'><strong>hazretici,</strong></span> <span class='ocrx_word' id='word_1_178' title='bbox 2333 1169 2424 1237; x_wconf 86' lang='lat' dir='ltr'><strong>qui</strong></span> <span class='ocrx_word' id='word_1_179' title='bbox 2464 1169 2654 1225; x_wconf 89' lang='lat' dir='ltr'><strong>nolunt</strong></span> <span class='ocrx_word' id='word_1_180' title='bbox 2698 1172 2765 1226; x_wconf 92' lang='lat' dir='ltr'><strong>ad</strong></span> <span class='ocrx_word' id='word_1_181' title='bbox 2813 1172 3036 1230; x_wconf 86' lang='lat' dir='ltr'><strong>meliora</strong></span> <span class='ocrx_word' id='word_1_182' title='bbox 3081 1178 3346 1244; x_wconf 90' lang='lat' dir='ltr'><strong>converti,</strong></span> <span class='ocrx_word' id='word_1_183' title='bbox 3396 1195 3496 1235; x_wconf 90' lang='lat' dir='ltr'><strong>nec</strong></span> <span class='ocrx_word' id='word_1_184' title='bbox 3541 1197 3626 1236; x_wconf 90' lang='lat' dir='ltr'><strong>re-</strong></span> 
     </span>
    </p>
   </div>
   <div class='ocr_carea' id='block_1_25' title="bbox 2046 1255 3624 1328">
    <p class='ocr_par' dir='ltr' id='par_1_25' title="bbox 2046 1255 3624 1328">
     <span class='ocr_line' id='line_1_25' title="bbox 2046 1255 3624 1328; baseline 0.011 -21"><span class='ocrx_word' id='word_1_185' title='bbox 2046 1255 2195 1324; x_wconf 90' lang='lat' dir='ltr'><strong>gredi</strong></span> <span class='ocrx_word' id='word_1_186' title='bbox 2219 1255 2288 1309; x_wconf 91' lang='lat' dir='ltr'><strong>ad</strong></span> <span class='ocrx_word' id='word_1_187' title='bbox 2303 1256 2517 1313; x_wconf 86' lang='lat' dir='ltr'><strong>Patrem</strong></span> <span class='ocrx_word' id='word_1_188' title='bbox 2539 1269 2836 1316; x_wconf 86' lang='lat' dir='ltr'><strong>creatorem</strong></span> <span class='ocrx_word' id='word_1_189' title='bbox 2852 1277 3028 1328; x_wconf 92' lang='lat' dir='ltr'><strong>suum,</strong></span> <span class='ocrx_word' id='word_1_190' title='bbox 3047 1265 3362 1320; x_wconf 89' lang='lat' dir='ltr'><strong>etaudiant:</strong></span> <span class='ocrx_word' id='word_1_191' title='bbox 3393 1286 3410 1317; x_wconf 84' lang='grc'><strong>‹</strong></span> <span class='ocrx_word' id='word_1_192' title='bbox 3434 1268 3624 1324; x_wconf 87' lang='lat' dir='ltr'><strong>saltem</strong></span> 
     </span>
    </p>
   </div>
   <div class='ocr_carea' id='block_1_26' title="bbox 2045 1344 3626 1424">
    <p class='ocr_par' dir='ltr' id='par_1_26' title="bbox 2045 1344 3626 1424">
     <span class='ocr_line' id='line_1_26' title="bbox 2045 1344 3626 1424; baseline 0.011 -27"><span class='ocrx_word' id='word_1_193' title='bbox 2045 1344 2238 1399; x_wconf 90' lang='lat' dir='ltr'><strong>amodo</strong></span> <span class='ocrx_word' id='word_1_194' title='bbox 2270 1359 2401 1400; x_wconf 86' lang='lat' dir='ltr'><strong>voca</strong></span> <span class='ocrx_word' id='word_1_195' title='bbox 2438 1363 2546 1413; x_wconf 90' lang='lat' dir='ltr'><strong>me,</strong></span> <span class='ocrx_word' id='word_1_196' title='bbox 2575 1348 2738 1404; x_wconf 88' lang='lat' dir='ltr'><strong>Pater</strong></span> <span class='ocrx_word' id='word_1_197' title='bbox 2776 1366 2944 1415; x_wconf 91' lang='lat' dir='ltr'><strong>meus,</strong></span> <span class='ocrx_word' id='word_1_198' title='bbox 2984 1353 3091 1408; x_wconf 83' lang='lat' dir='ltr'><strong>dux</strong></span> <span class='ocrx_word' id='word_1_199' title='bbox 3118 1355 3444 1424; x_wconf 88' lang='lat' dir='ltr'><strong>virginitatis</strong></span> <span class='ocrx_word' id='word_1_200' title='bbox 3492 1373 3626 1414; x_wconf 85' lang='lat' dir='ltr'><strong>meae</strong></span> 
     </span>
    </p>
   </div>
   <div class='ocr_carea' id='block_1_27' title="bbox 2044 1437 3625 1518">
    <p class='ocr_par' dir='ltr' id='par_1_27' title="bbox 2044 1437 3625 1518">
     <span class='ocr_line' id='line_1_27' title="bbox 2044 1437 3625 1518; baseline 0.009 -27"><span class='ocrx_word' id='word_1_201' title='bbox 2044 1451 2105 1492; x_wconf 88' lang='lat' dir='ltr'><strong>es</strong></span> <span class='ocrx_word' id='word_1_202' title='bbox 2131 1445 2207 1493; x_wconf 93' lang='lat' dir='ltr'><strong>tu.</strong></span> <span class='ocrx_word' id='word_1_203' title='bbox 2240 1457 2258 1488; x_wconf 72' lang='grc' dir='ltr'><strong><em>ι</em></strong></span> <span class='ocrx_word' id='word_1_204' title='bbox 2286 1437 2403 1508; x_wconf 86' lang='lat' dir='ltr'><strong>Ipse</strong></span> <span class='ocrx_word' id='word_1_205' title='bbox 2438 1440 2724 1510; x_wconf 91' lang='lat' dir='ltr'><strong>despondit</strong></span> <span class='ocrx_word' id='word_1_206' title='bbox 2753 1443 2988 1499; x_wconf 89' lang='lat' dir='ltr'><strong>animam</strong></span> <span class='ocrx_word' id='word_1_207' title='bbox 3018 1454 3259 1502; x_wconf 88' lang='lat' dir='ltr'><strong>nostram</strong></span> <span class='ocrx_word' id='word_1_208' title='bbox 3291 1449 3625 1518; x_wconf 80' lang='lat' dir='ltr'><strong>amplexibus</strong></span> 
     </span>
    </p>
   </div>
   <div class='ocr_carea' id='block_1_28' title="bbox 2045 1528 3626 1608">
    <p class='ocr_par' dir='ltr' id='par_1_28' title="bbox 2045 1528 3626 1608">
     <span class='ocr_line' id='line_1_28' title="bbox 2045 1528 3626 1608; baseline 0.008 -26"><span class='ocrx_word' id='word_1_209' title='bbox 2045 1528 2175 1594; x_wconf 92' lang='lat' dir='ltr'><strong>suis,</strong></span> <span class='ocrx_word' id='word_1_210' title='bbox 2198 1535 2252 1582; x_wconf 92' lang='lat' dir='ltr'><strong>et</strong></span> <span class='ocrx_word' id='word_1_211' title='bbox 2271 1529 2426 1585; x_wconf 91' lang='lat' dir='ltr'><strong>docet</strong></span> <span class='ocrx_word' id='word_1_212' title='bbox 2445 1531 2713 1598; x_wconf 92' lang='lat' dir='ltr'><strong>quomodo</strong></span> <span class='ocrx_word' id='word_1_213' title='bbox 2739 1547 2898 1589; x_wconf 88' lang='lat' dir='ltr'><strong>orare</strong></span> <span class='ocrx_word' id='word_1_214' title='bbox 2930 1535 3139 1599; x_wconf 87' lang='lat' dir='ltr'><strong>debeat,</strong></span> <span class='ocrx_word' id='word_1_215' title='bbox 3177 1545 3233 1592; x_wconf 92' lang='lat' dir='ltr'><strong>et</strong></span> <span class='ocrx_word' id='word_1_216' title='bbox 3262 1553 3423 1608; x_wconf 87' lang='lat' dir='ltr'><strong>agere</strong></span> <span class='ocrx_word' id='word_1_217' title='bbox 3449 1540 3626 1608; x_wconf 78' lang='lat' dir='ltr'><strong>pomi-</strong></span> 
     </span>
    </p>
   </div>
   <div class='ocr_carea' id='block_1_29' title="bbox 2046 1619 3625 1700">
    <p class='ocr_par' dir='ltr' id='par_1_29' title="bbox 2046 1619 3625 1700">
     <span class='ocr_line' id='line_1_29' title="bbox 2046 1619 3625 1700; baseline 0.009 -27"><span class='ocrx_word' id='word_1_218' title='bbox 2046 1619 2292 1674; x_wconf 89' lang='lat' dir='ltr'><strong>tentiam.</strong></span> <span class='ocrx_word' id='word_1_219' title='bbox 2331 1619 2543 1687; x_wconf 89' lang='lat' dir='ltr'><strong>Quanto</strong></span> <span class='ocrx_word' id='word_1_220' title='bbox 2575 1631 2756 1678; x_wconf 89' lang='lat' dir='ltr'><strong>autem</strong></span> <span class='ocrx_word' id='word_1_221' title='bbox 2801 1625 2892 1681; x_wconf 84' lang='lat' dir='ltr'><strong>ille</strong></span> <span class='ocrx_word' id='word_1_222' title='bbox 2937 1627 3270 1696; x_wconf 86' lang='lat' dir='ltr'><strong>clementior,</strong></span> <span class='ocrx_word' id='word_1_223' title='bbox 3307 1631 3398 1700; x_wconf 91' lang='lat' dir='ltr'><strong>qui</strong></span> <span class='ocrx_word' id='word_1_224' title='bbox 3435 1630 3625 1688; x_wconf 87' lang='lat' dir='ltr'><strong>salutis</strong></span> 
     </span>
    </p>
   </div>
   <div class='ocr_carea' id='block_1_30' title="bbox 2043 1711 3626 1787">
    <p class='ocr_par' dir='ltr' id='par_1_30' title="bbox 2043 1711 3626 1787">
     <span class='ocr_line' id='line_1_30' title="bbox 2043 1711 3626 1787; baseline 0.011 -22"><span class='ocrx_word' id='word_1_225' title='bbox 2043 1720 2166 1782; x_wconf 92' lang='lat' dir='ltr'><strong>post</strong></span> <span class='ocrx_word' id='word_1_226' title='bbox 2215 1711 2625 1772; x_wconf 85' lang='lat' dir='ltr'><strong>fornicationem</strong></span> <span class='ocrx_word' id='word_1_227' title='bbox 2669 1719 2906 1774; x_wconf 83' lang='lat' dir='ltr'><strong>ostendit</strong></span> <span class='ocrx_word' id='word_1_228' title='bbox 2943 1720 3116 1787; x_wconf 89' lang='lat' dir='ltr'><strong>viam,</strong></span> <span class='ocrx_word' id='word_1_229' title='bbox 3169 1732 3320 1779; x_wconf 88' lang='lat' dir='ltr'><strong>tanto</strong></span> <span class='ocrx_word' id='word_1_230' title='bbox 3374 1726 3626 1782; x_wconf 84' lang='lat' dir='ltr'><strong>miserior</strong></span> 
     </span>
    </p>
   </div>
   <div class='ocr_carea' id='block_1_31' title="bbox 337 1798 3624 1883">
    <p class='ocr_par' dir='ltr' id='par_1_31' title="bbox 337 1798 3624 1883">
     <span class='ocr_line' id='line_1_31' title="bbox 337 1798 3624 1883; baseline 0.01 -29"><span class='ocrx_word' id='word_1_231' title='bbox 337 1801 540 1861; x_wconf 36' lang='lat' dir='ltr'><strong>.solent</strong></span> <span class='ocrx_word' id='word_1_232' title='bbox 564 1802 800 1860; x_wconf 90' lang='lat' dir='ltr'><strong>latrones</strong></span> <span class='ocrx_word' id='word_1_233' title='bbox 829 1806 896 1861; x_wconf 91' lang='lat' dir='ltr'><strong>ad</strong></span> <span class='ocrx_word' id='word_1_234' title='bbox 917 1821 1218 1876; x_wconf 87' lang='lat' dir='ltr'><strong>vesperam,</strong></span> <span class='ocrx_word' id='word_1_235' title='bbox 1248 1817 1302 1865; x_wconf 89' lang='lat' dir='ltr'><strong>et</strong></span> <span class='ocrx_word' id='word_1_236' title='bbox 1324 1809 1380 1864; x_wconf 89' lang='lat' dir='ltr'><strong>in</strong></span> <span class='ocrx_word' id='word_1_237' title='bbox 1413 1809 1642 1867; x_wconf 89' lang='lat' dir='ltr'><strong>desertis</strong></span> <span class='ocrx_word' id='word_1_238' title='bbox 1666 1813 1798 1869; x_wconf 89' lang='lat' dir='ltr'><strong>locis</strong></span> <span class='ocrx_word' id='word_1_239' title='bbox 1830 1815 1941 1869; x_wconf 91' lang='lat' dir='ltr'><strong>via-</strong></span> <span class='ocrx_word' id='word_1_240' title='bbox 1969 1801 2020 1877; x_wconf 86' lang='grc' dir='ltr'><strong>Β</strong></span> <span class='ocrx_word' id='word_1_241' title='bbox 2046 1803 2320 1871; x_wconf 56' lang='lat' dir='ltr'><strong>meretrix:</strong></span> <span class='ocrx_word' id='word_1_242' title='bbox 2358 1820 2478 1874; x_wconf 58' lang='lat' dir='ltr'><strong>illm</strong></span> <span class='ocrx_word' id='word_1_243' title='bbox 2513 1820 2623 1862; x_wconf 80' lang='grc' dir='ltr'><strong>ηοῑι</strong></span> <span class='ocrx_word' id='word_1_244' title='bbox 2658 1805 2774 1862; x_wconf 72' lang='grc' dir='ltr'><strong>νυίι</strong></span> <span class='ocrx_word' id='word_1_245' title='bbox 2813 1798 2938 1880; x_wconf 65' lang='grc' dir='ltr'>Ροει</span> <span class='ocrx_word' id='word_1_246' title='bbox 2979 1809 3205 1866; x_wconf 64' lang='lat' dir='ltr'><strong>vulnera</strong></span> <span class='ocrx_word' id='word_1_247' title='bbox 3255 1813 3510 1883; x_wconf 58' lang='lat' dir='ltr'><strong>recipere</strong></span> <span class='ocrx_word' id='word_1_248' title='bbox 3537 1829 3624 1871; x_wconf 69' lang='grc'><strong>⁸³·</strong></span> 
     </span>
    </p>
   </div>
   <div class='ocr_carea' id='block_1_32' title="bbox 339 1893 1940 1973">
    <p class='ocr_par' dir='ltr' id='par_1_32' title="bbox 339 1893 1940 1973">
     <span class='ocr_line' id='line_1_32' title="bbox 339 1893 1940 1973; baseline 0.007 -22"><span class='ocrx_word' id='word_1_249' title='bbox 339 1893 570 1957; x_wconf 48' lang='grc' dir='ltr'><strong>ριοιυίῠιιε</strong></span> <span class='ocrx_word' id='word_1_250' title='bbox 618 1895 845 1952; x_wconf 86' lang='lat' dir='ltr'><strong>insidias</strong></span> <span class='ocrx_word' id='word_1_251' title='bbox 887 1900 1130 1964; x_wconf 90' lang='lat' dir='ltr'><strong>tendere,</strong></span> <span class='ocrx_word' id='word_1_252' title='bbox 1172 1900 1250 1956; x_wconf 92' lang='lat' dir='ltr'><strong>sic</strong></span> <span class='ocrx_word' id='word_1_253' title='bbox 1295 1909 1351 1956; x_wconf 92' lang='lat' dir='ltr'><strong>tu</strong></span> <span class='ocrx_word' id='word_1_254' title='bbox 1393 1902 1550 1973; x_wconf 81' lang='lat' dir='ltr'><strong>juxta</strong></span> <span class='ocrx_word' id='word_1_255' title='bbox 1590 1903 1940 1962; x_wconf 90' lang='lat' dir='ltr'><strong>fornicariam</strong></span> 
     </span>
    </p>
   </div>
   <div class='ocr_carea' id='block_1_33' title="bbox 359 1983 1941 2066">
    <p class='ocr_par' dir='ltr' id='par_1_33' title="bbox 359 1983 1941 2066">
     <span class='ocr_line' id='line_1_33' title="bbox 359 1983 1941 2066; baseline 0.009 -28"><span class='ocrx_word' id='word_1_256' title='bbox 359 1983 779 2042; x_wconf 88' lang='lat' dir='ltr'><strong>Proverbiorum</strong></span> <span class='ocrx_word' id='word_1_257' title='bbox 811 1985 990 2059; x_wconf 88' lang='lat' dir='ltr'><strong>(Prov.</strong></span> <span class='ocrx_word' id='word_1_258' title='bbox 1015 1988 1144 2060; x_wconf 67' lang='lat' dir='ltr'><strong>(vn),</strong></span> <span class='ocrx_word' id='word_1_259' title='bbox 1178 1991 1404 2047; x_wconf 87' lang='lat' dir='ltr'><strong>sedebas</strong></span> <span class='ocrx_word' id='word_1_260' title='bbox 1450 1993 1502 2047; x_wconf 93' lang='lat' dir='ltr'><strong>in</strong></span> <span class='ocrx_word' id='word_1_261' title='bbox 1531 1994 1631 2049; x_wconf 81' lang='lat' dir='ltr'><strong>viis</strong></span> <span class='ocrx_word' id='word_1_262' title='bbox 1659 1997 1725 2049; x_wconf 89' lang='lat' dir='ltr'><strong>ad</strong></span> <span class='ocrx_word' id='word_1_263' title='bbox 1755 2012 1941 2066; x_wconf 81' lang='lat' dir='ltr'><strong>veSpe-</strong></span> 
     </span>
    </p>
   </div>
   <div class='ocr_carea' id='block_1_34' title="bbox 358 2081 1940 2146">
    <p class='ocr_par' dir='ltr' id='par_1_34' title="bbox 358 2081 1940 2146">
     <span class='ocr_line' id='line_1_34' title="bbox 358 2081 1940 2146; baseline 0.006 -10"><span class='ocrx_word' id='word_1_264' title='bbox 358 2095 501 2145; x_wconf 87' lang='lat' dir='ltr'><strong>rum,</strong></span> <span class='ocrx_word' id='word_1_265' title='bbox 534 2086 593 2133; x_wconf 92' lang='lat' dir='ltr'><strong>ut</strong></span> <span class='ocrx_word' id='word_1_266' title='bbox 621 2081 910 2136; x_wconf 91' lang='lat' dir='ltr'><strong>concubitu</strong></span> <span class='ocrx_word' id='word_1_267' title='bbox 943 2090 1034 2137; x_wconf 88' lang='lat' dir='ltr'><strong>tuo</strong></span> <span class='ocrx_word' id='word_1_268' title='bbox 1064 2083 1272 2139; x_wconf 89' lang='lat' dir='ltr'><strong>animas</strong></span> <span class='ocrx_word' id='word_1_269' title='bbox 1303 2085 1638 2144; x_wconf 87' lang='lat' dir='ltr'><strong>interficeres</strong></span> <span class='ocrx_word' id='word_1_270' title='bbox 1668 2087 1940 2146; x_wconf 85' lang='lat' dir='ltr'><strong>fornican-</strong></span> 
     </span>
    </p>
   </div>
   <div class='ocr_carea' id='block_1_35' title="bbox 360 2172 1938 2248">
    <p class='ocr_par' dir='ltr' id='par_1_35' title="bbox 360 2172 1938 2248">
     <span class='ocr_line' id='line_1_35' title="bbox 360 2172 1938 2248; baseline 0.008 -22"><span class='ocrx_word' id='word_1_271' title='bbox 360 2172 514 2237; x_wconf 90' lang='lat' dir='ltr'><strong>tium,</strong></span> <span class='ocrx_word' id='word_1_272' title='bbox 550 2180 775 2242; x_wconf 90' lang='lat' dir='ltr'><strong>propter</strong></span> <span class='ocrx_word' id='word_1_273' title='bbox 823 2173 968 2243; x_wconf 92' lang='lat' dir='ltr'><strong>quod</strong></span> <span class='ocrx_word' id='word_1_274' title='bbox 1010 2175 1264 2230; x_wconf 87' lang='lat' dir='ltr'><strong>universa</strong></span> <span class='ocrx_word' id='word_1_275' title='bbox 1308 2184 1455 2232; x_wconf 86' lang='lat' dir='ltr'><strong>terra</strong></span> <span class='ocrx_word' id='word_1_276' title='bbox 1505 2179 1708 2248; x_wconf 87' lang='lat' dir='ltr'><strong>polluta</strong></span> <span class='ocrx_word' id='word_1_277' title='bbox 1758 2191 1842 2237; x_wconf 87' lang='lat' dir='ltr'><strong>est</strong></span> <span class='ocrx_word' id='word_1_278' title='bbox 1882 2183 1938 2238; x_wconf 92' lang='lat' dir='ltr'><strong>in</strong></span> 
     </span>
    </p>
   </div>
   <div class='ocr_carea' id='block_1_36' title="bbox 357 2263 1939 2343">
    <p class='ocr_par' dir='ltr' id='par_1_36' title="bbox 357 2263 1939 2343">
     <span class='ocr_line' id='line_1_36' title="bbox 357 2263 1939 2343; baseline 0.006 -25"><span class='ocrx_word' id='word_1_279' title='bbox 357 2263 805 2321; x_wconf 88' lang='lat' dir='ltr'><strong>fornicationibus</strong></span> <span class='ocrx_word' id='word_1_280' title='bbox 861 2267 968 2320; x_wconf 90' lang='lat' dir='ltr'><strong>tuis</strong></span> <span class='ocrx_word' id='word_1_281' title='bbox 1024 2265 1222 2336; x_wconf 75' lang='lat' dir='ltr'><strong>(Eccli.</strong></span> <span class='ocrx_word' id='word_1_282' title='bbox 1278 2270 1386 2338; x_wconf 77' lang='lat' dir='ltr'><strong>ix).</strong></span> <span class='ocrx_word' id='word_1_283' title='bbox 1451 2267 1939 2343; x_wconf 80' lang='lat' dir='ltr'><strong>Significanterque</strong></span> 
     </span>
    </p>
   </div>
   <div class='ocr_carea' id='block_1_37' title="bbox 349 2353 1938 2429">
    <p class='ocr_par' dir='ltr' id='par_1_37' title="bbox 349 2353 1938 2429">
     <span class='ocr_line' id='line_1_37' title="bbox 349 2353 1938 2429; baseline 0.008 -22"><span class='ocrx_word' id='word_1_284' title='bbox 349 2353 505 2422; x_wconf 78' lang='lat' dir='ltr'><strong>juxta</strong></span> <span class='ocrx_word' id='word_1_285' title='bbox 552 2357 836 2429; x_wconf 67' lang='grc' dir='ltr'><strong>ἀναγωγήν,</strong></span> <span class='ocrx_word' id='word_1_286' title='bbox 871 2356 957 2410; x_wconf 86' lang='lat' dir='ltr'><strong>his</strong></span> <span class='ocrx_word' id='word_1_287' title='bbox 986 2357 1078 2426; x_wconf 90' lang='lat' dir='ltr'><strong>qui</strong></span> <span class='ocrx_word' id='word_1_288' title='bbox 1118 2358 1405 2414; x_wconf 76' lang='lat' dir='ltr'><strong>haereticos</strong></span> <span class='ocrx_word' id='word_1_289' title='bbox 1433 2374 1647 2417; x_wconf 87' lang='lat' dir='ltr'><strong>errores</strong></span> <span class='ocrx_word' id='word_1_290' title='bbox 1687 2363 1938 2420; x_wconf 90' lang='lat' dir='ltr'><strong>deserere</strong></span> 
     </span>
    </p>
   </div>
   <div class='ocr_carea' id='block_1_38' title="bbox 355 2446 1938 2518">
    <p class='ocr_par' dir='ltr' id='par_1_38' title="bbox 355 2446 1938 2518">
     <span class='ocr_line' id='line_1_38' title="bbox 355 2446 1938 2518; baseline 0.008 -19"><span class='ocrx_word' id='word_1_291' title='bbox 355 2459 414 2500; x_wconf 88' lang='lat' dir='ltr'><strong>se</strong></span> <span class='ocrx_word' id='word_1_292' title='bbox 447 2446 771 2514; x_wconf 88' lang='lat' dir='ltr'><strong>promittunt</strong></span> <span class='ocrx_word' id='word_1_293' title='bbox 809 2447 1123 2518; x_wconf 61' lang='lat' dir='ltr'><strong>praecipitur</strong></span> <span class='ocrx_word' id='word_1_294' title='bbox 1165 2457 1224 2503; x_wconf 88' lang='lat' dir='ltr'><strong>ut</strong></span> <span class='ocrx_word' id='word_1_295' title='bbox 1268 2449 1447 2504; x_wconf 90' lang='lat' dir='ltr'><strong>levent</strong></span> <span class='ocrx_word' id='word_1_296' title='bbox 1483 2452 1668 2508; x_wconf 92' lang='lat' dir='ltr'><strong>oculos</strong></span> <span class='ocrx_word' id='word_1_297' title='bbox 1717 2454 1770 2507; x_wconf 90' lang='lat' dir='ltr'><strong>in</strong></span> <span class='ocrx_word' id='word_1_298' title='bbox 1801 2456 1938 2511; x_wconf 85' lang='lat' dir='ltr'><strong>dire-</strong></span> 
     </span>
    </p>
   </div>
   <div class='ocr_carea' id='block_1_39' title="bbox 354 2537 1935 2616">
    <p class='ocr_par' dir='ltr' id='par_1_39' title="bbox 354 2537 1935 2616">
     <span class='ocr_line' id='line_1_39' title="bbox 354 2537 1935 2616; baseline 0.008 -24"><span class='ocrx_word' id='word_1_299' title='bbox 354 2545 520 2592; x_wconf 91' lang='lat' dir='ltr'><strong>ctum.</strong></span> <span class='ocrx_word' id='word_1_300' title='bbox 559 2537 672 2594; x_wconf 85' lang='lat' dir='ltr'><strong>Nisi</strong></span> <span class='ocrx_word' id='word_1_301' title='bbox 706 2539 850 2596; x_wconf 90' lang='lat' dir='ltr'><strong>enim</strong></span> <span class='ocrx_word' id='word_1_302' title='bbox 895 2549 1044 2595; x_wconf 91' lang='lat' dir='ltr'><strong>recta</strong></span> <span class='ocrx_word' id='word_1_303' title='bbox 1072 2541 1256 2597; x_wconf 89' lang='lat' dir='ltr'><strong>videre</strong></span> <span class='ocrx_word' id='word_1_304' title='bbox 1285 2544 1570 2614; x_wconf 69' lang='lat' dir='ltr'><strong>coeperint,</strong></span> <span class='ocrx_word' id='word_1_305' title='bbox 1610 2547 1935 2616; x_wconf 85' lang='lat' dir='ltr'><strong>pravitatem</strong></span> 
     </span>
    </p>
   </div>
   <div class='ocr_carea' id='block_1_40' title="bbox 341 2628 1341 2700">
    <p class='ocr_par' dir='ltr' id='par_1_40' title="bbox 341 2628 1341 2700">
     <span class='ocr_line' id='line_1_40' title="bbox 341 2628 1341 2700; baseline 0.006 -20"><span class='ocrx_word' id='word_1_306' title='bbox 341 2628 638 2697; x_wconf 89' lang='lat' dir='ltr'><strong>.pristinam</strong></span> <span class='ocrx_word' id='word_1_307' title='bbox 673 2630 932 2684; x_wconf 76' lang='lat' dir='ltr'><strong>damnare</strong></span> <span class='ocrx_word' id='word_1_308' title='bbox 959 2646 1065 2684; x_wconf 92' lang='lat' dir='ltr'><strong>non</strong></span> <span class='ocrx_word' id='word_1_309' title='bbox 1095 2640 1341 2700; x_wconf 92' lang='lat' dir='ltr'><strong>possunt.</strong></span> 
     </span>
    </p>
   </div>
   <div class='ocr_carea' id='block_1_41' title="bbox 430 2719 1933 2793">
    <p class='ocr_par' dir='ltr' id='par_1_41' title="bbox 430 2719 1933 2793">
     <span class='ocr_line' id='line_1_41' title="bbox 430 2719 1933 2793; baseline 0.01 -22"><span class='ocrx_word' id='word_1_310' title='bbox 430 2737 450 2771; x_wconf 76' lang='grc' dir='ltr'><strong><em>ι</em></strong></span> <span class='ocrx_word' id='word_1_311' title='bbox 486 2719 554 2774; x_wconf 83' lang='lat' dir='ltr'><strong>Et</strong></span> <span class='ocrx_word' id='word_1_312' title='bbox 576 2720 812 2790; x_wconf 89' lang='lat' dir='ltr'><strong>polluisti</strong></span> <span class='ocrx_word' id='word_1_313' title='bbox 831 2719 1312 2793; x_wconf 73' lang='lat' dir='ltr'><strong>(siwinterfecisti)</strong></span> <span class='ocrx_word' id='word_1_314' title='bbox 1331 2732 1528 2779; x_wconf 87' lang='lat' dir='ltr'><strong>terram</strong></span> <span class='ocrx_word' id='word_1_315' title='bbox 1545 2725 1598 2780; x_wconf 90' lang='lat' dir='ltr'><strong>in</strong></span> <span class='ocrx_word' id='word_1_316' title='bbox 1616 2726 1933 2785; x_wconf 87' lang='lat' dir='ltr'><strong>fornicatio-</strong></span> 
     </span>
    </p>
   </div>
   <div class='ocr_carea' id='block_1_42' title="bbox 359 2811 1936 2893">
    <p class='ocr_par' dir='ltr' id='par_1_42' title="bbox 359 2811 1936 2893">
     <span class='ocr_line' id='line_1_42' title="bbox 359 2811 1936 2893; baseline 0.01 -29"><span class='ocrx_word' id='word_1_317' title='bbox 359 2829 378 2864; x_wconf 84' lang='grc'><strong>‹</strong></span> <span class='ocrx_word' id='word_1_318' title='bbox 417 2811 575 2868; x_wconf 92' lang='lat' dir='ltr'><strong>nibus</strong></span> <span class='ocrx_word' id='word_1_319' title='bbox 601 2813 727 2879; x_wconf 90' lang='lat' dir='ltr'><strong>tuis,</strong></span> <span class='ocrx_word' id='word_1_320' title='bbox 761 2822 816 2869; x_wconf 91' lang='lat' dir='ltr'><strong>et</strong></span> <span class='ocrx_word' id='word_1_321' title='bbox 859 2815 912 2869; x_wconf 92' lang='lat' dir='ltr'><strong>in</strong></span> <span class='ocrx_word' id='word_1_322' title='bbox 939 2815 1162 2872; x_wconf 91' lang='lat' dir='ltr'><strong>malitiis</strong></span> <span class='ocrx_word' id='word_1_323' title='bbox 1203 2817 1328 2874; x_wconf 92' lang='lat' dir='ltr'><strong>tuis.</strong></span> <span class='ocrx_word' id='word_1_324' title='bbox 1365 2817 1726 2886; x_wconf 87' lang='lat' dir='ltr'><strong>Quamobrem</strong></span> <span class='ocrx_word' id='word_1_325' title='bbox 1752 2825 1936 2893; x_wconf 91' lang='lat' dir='ltr'><strong>probi-</strong></span> 
     </span>
    </p>
   </div>
   <div class='ocr_carea' id='block_1_43' title="bbox 359 2903 1932 2977">
    <p class='ocr_par' dir='ltr' id='par_1_43' title="bbox 359 2903 1932 2977">
     <span class='ocr_line' id='line_1_43' title="bbox 359 2903 1932 2977; baseline 0.01 -22"><span class='ocrx_word' id='word_1_326' title='bbox 359 2921 377 2955; x_wconf 74' lang='grc' dir='ltr'>ι</span> <span class='ocrx_word' id='word_1_327' title='bbox 420 2903 544 2958; x_wconf 77' lang='lat' dir='ltr'><strong>bitas</strong></span> <span class='ocrx_word' id='word_1_328' title='bbox 572 2913 698 2959; x_wconf 91' lang='lat' dir='ltr'><strong>sunt</strong></span> <span class='ocrx_word' id='word_1_329' title='bbox 733 2905 888 2960; x_wconf 74' lang='lat' dir='ltr'><strong>stilla:</strong></span> <span class='ocrx_word' id='word_1_330' title='bbox 925 2906 1225 2977; x_wconf 89' lang='lat' dir='ltr'><strong>pluviarum</strong></span> <span class='ocrx_word' id='word_1_331' title='bbox 1248 2917 1302 2964; x_wconf 91' lang='lat' dir='ltr'><strong>et</strong></span> <span class='ocrx_word' id='word_1_332' title='bbox 1330 2912 1602 2968; x_wconf 81' lang='lat' dir='ltr'><strong>serotinus</strong></span> <span class='ocrx_word' id='word_1_333' title='bbox 1623 2913 1798 2969; x_wconf 89' lang='lat' dir='ltr'><strong>imber</strong></span> <span class='ocrx_word' id='word_1_334' title='bbox 1825 2931 1932 2970; x_wconf 92' lang='lat' dir='ltr'><strong>non</strong></span> 
     </span>
    </p>
   </div>
   <div class='ocr_carea' id='block_1_44' title="bbox 357 2993 1934 3080">
    <p class='ocr_par' dir='ltr' id='par_1_44' title="bbox 357 2993 1934 3080">
     <span class='ocr_line' id='line_1_44' title="bbox 357 2993 1934 3080; baseline 0.008 -33"><span class='ocrx_word' id='word_1_335' title='bbox 357 3013 377 3046; x_wconf 74' lang='grc' dir='ltr'>ί</span> <span class='ocrx_word' id='word_1_336' title='bbox 413 2993 514 3048; x_wconf 87' lang='lat' dir='ltr'><strong>fuit</strong></span> <span class='ocrx_word' id='word_1_337' title='bbox 558 2993 685 3066; x_wconf 81' lang='lat' dir='ltr'><strong>(sive</strong></span> <span class='ocrx_word' id='word_1_338' title='bbox 732 3005 786 3052; x_wconf 90' lang='lat' dir='ltr'><strong>et</strong></span> <span class='ocrx_word' id='word_1_339' title='bbox 823 2997 1058 3054; x_wconf 88' lang='lat' dir='ltr'><strong>habuisti</strong></span> <span class='ocrx_word' id='word_1_340' title='bbox 1086 3010 1330 3069; x_wconf 89' lang='lat' dir='ltr'><strong>pastores</strong></span> <span class='ocrx_word' id='word_1_341' title='bbox 1369 3003 1566 3058; x_wconf 90' lang='lat' dir='ltr'><strong>multos</strong></span> <span class='ocrx_word' id='word_1_342' title='bbox 1592 3003 1648 3058; x_wconf 91' lang='lat' dir='ltr'><strong>in</strong></span> <span class='ocrx_word' id='word_1_343' title='bbox 1683 3003 1934 3080; x_wconf 61' lang='lat' dir='ltr'><strong>offensio;</strong></span> 
     </span>
    </p>
   </div>
   <div class='ocr_carea' id='block_1_45' title="bbox 357 3088 1932 3169">
    <p class='ocr_par' dir='ltr' id='par_1_45' title="bbox 357 3088 1932 3169">
     <span class='ocr_line' id='line_1_45' title="bbox 357 3088 1932 3169; baseline 0.01 -30"><span class='ocrx_word' id='word_1_344' title='bbox 357 3103 377 3137; x_wconf 85' lang='grc'><strong>‹</strong></span> <span class='ocrx_word' id='word_1_345' title='bbox 415 3102 537 3141; x_wconf 84' lang='lat' dir='ltr'><strong>nem</strong></span> <span class='ocrx_word' id='word_1_346' title='bbox 563 3088 684 3159; x_wconf 92' lang='lat' dir='ltr'><strong>tui).</strong></span> <span class='ocrx_word' id='word_1_347' title='bbox 708 3108 726 3142; x_wconf 82' lang='grc'><strong>›</strong></span> <span class='ocrx_word' id='word_1_348' title='bbox 747 3089 1032 3146; x_wconf 88' lang='lat' dir='ltr'><strong>lnterfecta</strong></span> <span class='ocrx_word' id='word_1_349' title='bbox 1050 3101 1132 3148; x_wconf 88' lang='lat' dir='ltr'><strong>est</strong></span> <span class='ocrx_word' id='word_1_350' title='bbox 1160 3102 1326 3161; x_wconf 89' lang='lat' dir='ltr'><strong>terra,</strong></span> <span class='ocrx_word' id='word_1_351' title='bbox 1351 3095 1465 3150; x_wconf 87' lang='lat' dir='ltr'><strong>sive</strong></span> <span class='ocrx_word' id='word_1_352' title='bbox 1485 3096 1689 3165; x_wconf 88' lang='lat' dir='ltr'><strong>polluta</strong></span> <span class='ocrx_word' id='word_1_353' title='bbox 1713 3107 1932 3169; x_wconf 86' lang='lat' dir='ltr'><strong>propter</strong></span> 
     </span>
    </p>
   </div>
   <div class='ocr_carea' id='block_1_46' title="bbox 353 3161 2003 3253">
    <p class='ocr_par' dir='ltr' id='par_1_46' title="bbox 353 3161 2003 3253">
     <span class='ocr_line' id='line_1_46' title="bbox 353 3161 2003 3253; baseline 0.01 -23"><span class='ocrx_word' id='word_1_354' title='bbox 353 3177 778 3235; x_wconf 85' lang='lat' dir='ltr'><strong>interfectionem</strong></span> <span class='ocrx_word' id='word_1_355' title='bbox 834 3197 1044 3249; x_wconf 91' lang='lat' dir='ltr'><strong>eorum,</strong></span> <span class='ocrx_word' id='word_1_356' title='bbox 1084 3185 1176 3253; x_wconf 93' lang='lat' dir='ltr'><strong>qui</strong></span> <span class='ocrx_word' id='word_1_357' title='bbox 1223 3185 1538 3241; x_wconf 86' lang='lat' dir='ltr'><strong>idololatriae</strong></span> <span class='ocrx_word' id='word_1_358' title='bbox 1577 3187 1929 3246; x_wconf 78' lang='lat' dir='ltr'><strong>fornicatione</strong></span> <span class='ocrx_word' id='word_1_359' title='bbox 1958 3161 2003 3226; x_wconf 77' lang='lat' dir='ltr'>C</span> 
     </span>
    </p>
   </div>
   <div class='ocr_carea' id='block_1_47' title="bbox 350 3269 1931 3339">
    <p class='ocr_par' dir='ltr' id='par_1_47' title="bbox 350 3269 1931 3339">
     <span class='ocr_line' id='line_1_47' title="bbox 350 3269 1931 3339; baseline 0.008 -16"><span class='ocrx_word' id='word_1_360' title='bbox 350 3269 647 3339; x_wconf 89' lang='lat' dir='ltr'><strong>perierunt.</strong></span> <span class='ocrx_word' id='word_1_361' title='bbox 688 3271 842 3328; x_wconf 90' lang='lat' dir='ltr'><strong>Unde</strong></span> <span class='ocrx_word' id='word_1_362' title='bbox 865 3274 1044 3329; x_wconf 87' lang='lat' dir='ltr'><strong>ablata</strong></span> <span class='ocrx_word' id='word_1_363' title='bbox 1089 3283 1172 3331; x_wconf 90' lang='lat' dir='ltr'><strong>est</strong></span> <span class='ocrx_word' id='word_1_364' title='bbox 1201 3277 1443 3332; x_wconf 90' lang='lat' dir='ltr'><strong>omnium</strong></span> <span class='ocrx_word' id='word_1_365' title='bbox 1483 3295 1664 3334; x_wconf 89' lang='lat' dir='ltr'><strong>rerum</strong></span> <span class='ocrx_word' id='word_1_366' title='bbox 1708 3280 1931 3336; x_wconf 83' lang='lat' dir='ltr'><strong>benedi-</strong></span> 
     </span>
    </p>
   </div>
   <div class='ocr_carea' id='block_1_48' title="bbox 305 3362 1932 3432">
    <p class='ocr_par' dir='ltr' id='par_1_48' title="bbox 305 3362 1932 3432">
     <span class='ocr_line' id='line_1_48' title="bbox 305 3362 1932 3432; baseline 0.006 -15"><span class='ocrx_word' id='word_1_367' title='bbox 305 3362 477 3427; x_wconf 38' lang='lat' dir='ltr'><strong>.ctio,</strong></span> <span class='ocrx_word' id='word_1_368' title='bbox 508 3369 570 3417; x_wconf 92' lang='lat' dir='ltr'><strong>ut</strong></span> <span class='ocrx_word' id='word_1_369' title='bbox 615 3370 929 3432; x_wconf 89' lang='lat' dir='ltr'><strong>paterentur</strong></span> <span class='ocrx_word' id='word_1_370' title='bbox 981 3365 1279 3422; x_wconf 88' lang='lat' dir='ltr'><strong>siccitatem</strong></span> <span class='ocrx_word' id='word_1_371' title='bbox 1329 3369 1593 3423; x_wconf 88' lang='lat' dir='ltr'><strong>sermonis</strong></span> <span class='ocrx_word' id='word_1_372' title='bbox 1639 3369 1756 3425; x_wconf 92' lang='lat' dir='ltr'><strong>Dei.</strong></span> <span class='ocrx_word' id='word_1_373' title='bbox 1805 3368 1932 3426; x_wconf 88' lang='lat' dir='ltr'><strong>Sive</strong></span> 
     </span>
    </p>
   </div>
   <div class='ocr_carea' id='block_1_49' title="bbox 349 3452 1930 3534">
    <p class='ocr_par' dir='ltr' id='par_1_49' title="bbox 349 3452 1930 3534">
     <span class='ocr_line' id='line_1_49' title="bbox 349 3452 1930 3534; baseline 0.007 -26"><span class='ocrx_word' id='word_1_374' title='bbox 349 3452 541 3508; x_wconf 88' lang='lat' dir='ltr'><strong>habuit</strong></span> <span class='ocrx_word' id='word_1_375' title='bbox 582 3461 848 3524; x_wconf 89' lang='lat' dir='ltr'><strong>pastores,</strong></span> <span class='ocrx_word' id='word_1_376' title='bbox 899 3471 997 3525; x_wconf 90' lang='lat' dir='ltr'><strong>per</strong></span> <span class='ocrx_word' id='word_1_377' title='bbox 1035 3473 1169 3528; x_wconf 92' lang='lat' dir='ltr'><strong>quos</strong></span> <span class='ocrx_word' id='word_1_378' title='bbox 1189 3458 1487 3516; x_wconf 78' lang='lat' dir='ltr'><strong>offenderet</strong></span> <span class='ocrx_word' id='word_1_379' title='bbox 1529 3463 1720 3529; x_wconf 90' lang='lat' dir='ltr'><strong>Deum,</strong></span> <span class='ocrx_word' id='word_1_380' title='bbox 1754 3472 1814 3518; x_wconf 90' lang='lat' dir='ltr'><strong>ut</strong></span> <span class='ocrx_word' id='word_1_381' title='bbox 1837 3465 1930 3534; x_wconf 91' lang='lat' dir='ltr'><strong>qui</strong></span> 
     </span>
    </p>
   </div>
   <div class='ocr_carea' id='block_1_50' title="bbox 350 3543 1934 3624">
    <p class='ocr_par' dir='ltr' id='par_1_50' title="bbox 350 3543 1934 3624">
     <span class='ocr_line' id='line_1_50' title="bbox 350 3543 1934 3624; baseline 0.008 -26"><span class='ocrx_word' id='word_1_382' title='bbox 350 3543 596 3614; x_wconf 87' lang='lat' dir='ltr'><strong>magistri</strong></span> <span class='ocrx_word' id='word_1_383' title='bbox 622 3559 742 3600; x_wconf 90' lang='lat' dir='ltr'><strong>esse</strong></span> <span class='ocrx_word' id='word_1_384' title='bbox 767 3547 1088 3613; x_wconf 88' lang='lat' dir='ltr'><strong>debuerant,</strong></span> <span class='ocrx_word' id='word_1_385' title='bbox 1125 3558 1183 3604; x_wconf 90' lang='lat' dir='ltr'><strong>ut</strong></span> <span class='ocrx_word' id='word_1_386' title='bbox 1211 3549 1346 3605; x_wconf 90' lang='lat' dir='ltr'><strong>alios</strong></span> <span class='ocrx_word' id='word_1_387' title='bbox 1373 3552 1441 3607; x_wconf 81' lang='lat' dir='ltr'><strong>ab</strong></span> <span class='ocrx_word' id='word_1_388' title='bbox 1471 3567 1658 3608; x_wconf 91' lang='lat' dir='ltr'><strong>errore</strong></span> <span class='ocrx_word' id='word_1_389' title='bbox 1681 3554 1934 3624; x_wconf 84' lang='lat' dir='ltr'><strong>prohibe-</strong></span> 
     </span>
    </p>
   </div>
   <div class='ocr_carea' id='block_1_51' title="bbox 353 3638 1930 3715">
    <p class='ocr_par' dir='ltr' id='par_1_51' title="bbox 353 3638 1930 3715">
     <span class='ocr_line' id='line_1_51' title="bbox 353 3638 1930 3715; baseline 0.006 -26"><span class='ocrx_word' id='word_1_390' title='bbox 353 3643 492 3699; x_wconf 86' lang='lat' dir='ltr'><strong>rent,</strong></span> <span class='ocrx_word' id='word_1_391' title='bbox 545 3642 796 3700; x_wconf 84' lang='lat' dir='ltr'><strong>auctores</strong></span> <span class='ocrx_word' id='word_1_392' title='bbox 849 3638 1139 3707; x_wconf 86' lang='lat' dir='ltr'><strong>impietatis</strong></span> <span class='ocrx_word' id='word_1_393' title='bbox 1187 3642 1501 3697; x_wconf 79' lang='lat' dir='ltr'><strong>extiterunt.</strong></span> <span class='ocrx_word' id='word_1_394' title='bbox 1555 3641 1758 3715; x_wconf 74' lang='lat' dir='ltr'><strong>(Ci-eg.)</strong></span> <span class='ocrx_word' id='word_1_395' title='bbox 1814 3645 1930 3700; x_wconf 84' lang='lat' dir='ltr'><strong>Ali-</strong></span> 
     </span>
    </p>
   </div>
   <div class='ocr_carea' id='block_1_52' title="bbox 350 3727 1934 3802">
    <p class='ocr_par' dir='ltr' id='par_1_52' title="bbox 350 3727 1934 3802">
     <span class='ocr_line' id='line_1_52' title="bbox 350 3727 1934 3802; baseline 0.004 -22"><span class='ocrx_word' id='word_1_396' title='bbox 350 3727 568 3797; x_wconf 90' lang='lat' dir='ltr'><strong>quando</strong></span> <span class='ocrx_word' id='word_1_397' title='bbox 604 3741 841 3796; x_wconf 88' lang='lat' dir='ltr'><strong>namque</strong></span> <span class='ocrx_word' id='word_1_398' title='bbox 872 3727 929 3783; x_wconf 92' lang='lat' dir='ltr'><strong>in</strong></span> <span class='ocrx_word' id='word_1_399' title='bbox 961 3743 1119 3783; x_wconf 88' lang='lat' dir='ltr'><strong>sacro</strong></span> <span class='ocrx_word' id='word_1_400' title='bbox 1145 3728 1360 3800; x_wconf 87' lang='lat' dir='ltr'><strong>eloquio</strong></span> <span class='ocrx_word' id='word_1_401' title='bbox 1393 3731 1522 3785; x_wconf 90' lang='lat' dir='ltr'><strong>solis</strong></span> <span class='ocrx_word' id='word_1_402' title='bbox 1549 3733 1768 3786; x_wconf 91' lang='lat' dir='ltr'><strong>nomine</strong></span> <span class='ocrx_word' id='word_1_403' title='bbox 1793 3749 1934 3802; x_wconf 65' lang='lat' dir='ltr'><strong>prae-</strong></span> 
     </span>
    </p>
   </div>
   <div class='ocr_carea' id='block_1_53' title="bbox 352 3813 1930 3894">
    <p class='ocr_par' dir='ltr' id='par_1_53' title="bbox 352 3813 1930 3894">
     <span class='ocr_line' id='line_1_53' title="bbox 352 3813 1930 3894; baseline 0.002 -22"><span class='ocrx_word' id='word_1_404' title='bbox 352 3813 652 3894; x_wconf 66' lang='lat' dir='ltr'><strong>dicaturum</strong></span> <span class='ocrx_word' id='word_1_405' title='bbox 673 3816 895 3872; x_wconf 89' lang='lat' dir='ltr'><strong>claritas</strong></span> <span class='ocrx_word' id='word_1_406' title='bbox 925 3817 1258 3894; x_wconf 83' lang='lat' dir='ltr'><strong>designatur,</strong></span> <span class='ocrx_word' id='word_1_407' title='bbox 1289 3817 1429 3874; x_wconf 92' lang='lat' dir='ltr'><strong>sicut</strong></span> <span class='ocrx_word' id='word_1_408' title='bbox 1450 3834 1547 3889; x_wconf 89' lang='lat' dir='ltr'><strong>per</strong></span> <span class='ocrx_word' id='word_1_409' title='bbox 1559 3817 1822 3874; x_wconf 84' lang='lat' dir='ltr'><strong>Joannem</strong></span> <span class='ocrx_word' id='word_1_410' title='bbox 1845 3819 1930 3875; x_wconf 90' lang='lat' dir='ltr'><strong>di-</strong></span> 
     </span>
    </p>
   </div>
   <div class='ocr_carea' id='block_1_54' title="bbox 351 3889 1925 3982">
    <p class='ocr_par' dir='ltr' id='par_1_54' title="bbox 351 3889 1925 3982">
     <span class='ocr_line' id='line_1_54' title="bbox 351 3889 1925 3982; baseline 0.003 -19"><span class='ocrx_word' id='word_1_411' title='bbox 351 3889 518 3963; x_wconf 38' lang='lat' dir='ltr'><strong>citur&quot;:</strong></span> <span class='ocrx_word' id='word_1_412' title='bbox 547 3926 567 3959; x_wconf 84' lang='grc'><em>‹</em></span> <span class='ocrx_word' id='word_1_413' title='bbox 585 3907 783 3964; x_wconf 88' lang='lat' dir='ltr'><strong>Factus</strong></span> <span class='ocrx_word' id='word_1_414' title='bbox 802 3916 886 3964; x_wconf 93' lang='lat' dir='ltr'><strong>est</strong></span> <span class='ocrx_word' id='word_1_415' title='bbox 909 3889 988 3965; x_wconf 80' lang='lat' dir='ltr'><strong>sol</strong></span> <span class='ocrx_word' id='word_1_416' title='bbox 1011 3889 1070 3964; x_wconf 83' lang='lat' dir='ltr'><strong>ut</strong></span> <span class='ocrx_word' id='word_1_417' title='bbox 1087 3924 1276 3966; x_wconf 88' lang='lat' dir='ltr'><strong>saccus</strong></span> <span class='ocrx_word' id='word_1_418' title='bbox 1302 3909 1548 3966; x_wconf 90' lang='lat' dir='ltr'><strong>cilicinus</strong></span> <span class='ocrx_word' id='word_1_419' title='bbox 1571 3909 1754 3982; x_wconf 83' lang='lat' dir='ltr'><strong>(Apoc.</strong></span> <span class='ocrx_word' id='word_1_420' title='bbox 1777 3909 1876 3982; x_wconf 79' lang='lat' dir='ltr'><strong>vi).</strong></span> <span class='ocrx_word' id='word_1_421' title='bbox 1904 3931 1925 3968; x_wconf 70' lang='grc' dir='ltr'><strong><em>ι</em></strong></span> 
     </span>
    </p>
   </div>
   <div class='ocr_carea' id='block_1_55' title="bbox 349 3998 1934 4073">
    <p class='ocr_par' dir='ltr' id='par_1_55' title="bbox 349 3998 1934 4073">
     <span class='ocr_line' id='line_1_55' title="bbox 349 3998 1934 4073; baseline 0.004 -20"><span class='ocrx_word' id='word_1_422' title='bbox 349 3998 407 4053; x_wconf 87' lang='lat' dir='ltr'><strong>In</strong></span> <span class='ocrx_word' id='word_1_423' title='bbox 433 4008 675 4056; x_wconf 82' lang='lat' dir='ltr'><strong>extremo</strong></span> <span class='ocrx_word' id='word_1_424' title='bbox 701 4001 900 4072; x_wconf 89' lang='lat' dir='ltr'><strong>quippe</strong></span> <span class='ocrx_word' id='word_1_425' title='bbox 932 4015 1173 4072; x_wconf 87' lang='lat' dir='ltr'><strong>tempore</strong></span> <span class='ocrx_word' id='word_1_426' title='bbox 1219 4002 1300 4057; x_wconf 86' lang='lat' dir='ltr'><strong>sol</strong></span> <span class='ocrx_word' id='word_1_427' title='bbox 1332 4001 1489 4073; x_wconf 89' lang='lat' dir='ltr'><strong>quasi</strong></span> <span class='ocrx_word' id='word_1_428' title='bbox 1530 4017 1719 4058; x_wconf 90' lang='lat' dir='ltr'><strong>saccus</strong></span> <span class='ocrx_word' id='word_1_429' title='bbox 1763 4003 1934 4059; x_wconf 89' lang='lat' dir='ltr'><strong>cilici-</strong></span> 
     </span>
    </p>
   </div>
   <div class='ocr_carea' id='block_1_56' title="bbox 352 4095 1932 4168">
    <p class='ocr_par' dir='ltr' id='par_1_56' title="bbox 352 4095 1932 4168">
     <span class='ocr_line' id='line_1_56' title="bbox 352 4095 1932 4168; baseline 0.002 -18"><span class='ocrx_word' id='word_1_430' title='bbox 352 4110 454 4150; x_wconf 86' lang='lat' dir='ltr'><strong>nus</strong></span> <span class='ocrx_word' id='word_1_431' title='bbox 476 4095 799 4163; x_wconf 88' lang='lat' dir='ltr'><strong>ostenditur,</strong></span> <span class='ocrx_word' id='word_1_432' title='bbox 828 4097 953 4166; x_wconf 82' lang='lat' dir='ltr'><strong>quia</strong></span> <span class='ocrx_word' id='word_1_433' title='bbox 987 4095 1200 4166; x_wconf 86' lang='lat' dir='ltr'><strong>fulgens</strong></span> <span class='ocrx_word' id='word_1_434' title='bbox 1227 4097 1339 4152; x_wconf 88' lang='lat' dir='ltr'><strong>vita</strong></span> <span class='ocrx_word' id='word_1_435' title='bbox 1372 4097 1779 4168; x_wconf 72' lang='lat' dir='ltr'><strong>praedicantium</strong></span> <span class='ocrx_word' id='word_1_436' title='bbox 1805 4106 1932 4153; x_wconf 85' lang='lat' dir='ltr'><strong>ante</strong></span> 
     </span>
    </p>
   </div>
   <div class='ocr_carea' id='block_1_57' title="bbox 322 4189 1926 4260">
    <p class='ocr_par' dir='ltr' id='par_1_57' title="bbox 322 4189 1926 4260">
     <span class='ocr_line' id='line_1_57' title="bbox 322 4189 1926 4260; baseline 0.001 -18"><span class='ocrx_word' id='word_1_437' title='bbox 322 4217 327 4242; x_wconf 81' lang='grc' dir='ltr'><em>ς</em></span> <span class='ocrx_word' id='word_1_438' title='bbox 352 4189 702 4258; x_wconf 88' lang='lat' dir='ltr'><strong>reproborum</strong></span> <span class='ocrx_word' id='word_1_439' title='bbox 727 4189 914 4245; x_wconf 89' lang='lat' dir='ltr'><strong>oculos</strong></span> <span class='ocrx_word' id='word_1_440' title='bbox 957 4205 1147 4260; x_wconf 89' lang='lat' dir='ltr'><strong>aspera</strong></span> <span class='ocrx_word' id='word_1_441' title='bbox 1197 4200 1254 4244; x_wconf 86' lang='lat' dir='ltr'><strong>et</strong></span> <span class='ocrx_word' id='word_1_442' title='bbox 1282 4189 1533 4258; x_wconf 87' lang='lat' dir='ltr'><strong>despecta</strong></span> <span class='ocrx_word' id='word_1_443' title='bbox 1577 4198 1926 4245; x_wconf 88' lang='lat' dir='ltr'><strong>monstratur.</strong></span> 
     </span>
    </p>
   </div>
   <div class='ocr_carea' id='block_1_58' title="bbox 352 4279 1932 4360">
    <p class='ocr_par' dir='ltr' id='par_1_58' title="bbox 352 4279 1932 4360">
     <span class='ocr_line' id='line_1_58' title="bbox 352 4279 1932 4360; baseline 0 -26"><span class='ocrx_word' id='word_1_444' title='bbox 352 4279 453 4348; x_wconf 88' lang='lat' dir='ltr'><strong>Qui</strong></span> <span class='ocrx_word' id='word_1_445' title='bbox 479 4279 758 4335; x_wconf 87' lang='lat' dir='ltr'><strong>stellarum</strong></span> <span class='ocrx_word' id='word_1_446' title='bbox 781 4296 994 4351; x_wconf 91' lang='lat' dir='ltr'><strong>quoque</strong></span> <span class='ocrx_word' id='word_1_447' title='bbox 1015 4281 1260 4336; x_wconf 85' lang='lat' dir='ltr'><strong>claritate</strong></span> <span class='ocrx_word' id='word_1_448' title='bbox 1297 4280 1619 4360; x_wconf 86' lang='lat' dir='ltr'><strong>figurantur,</strong></span> <span class='ocrx_word' id='word_1_449' title='bbox 1645 4281 1773 4350; x_wconf 89' lang='lat' dir='ltr'><strong>quia</strong></span> <span class='ocrx_word' id='word_1_450' title='bbox 1803 4279 1932 4334; x_wconf 87' lang='lat' dir='ltr'><strong>dum</strong></span> 
     </span>
    </p>
   </div>
   <div class='ocr_carea' id='block_1_59' title="bbox 351 4372 1932 4442">
    <p class='ocr_par' dir='ltr' id='par_1_59' title="bbox 351 4372 1932 4442">
     <span class='ocr_line' id='line_1_59' title="bbox 351 4372 1932 4442; baseline 0 -16"><span class='ocrx_word' id='word_1_451' title='bbox 351 4379 500 4426; x_wconf 88' lang='lat' dir='ltr'><strong>recta</strong></span> <span class='ocrx_word' id='word_1_452' title='bbox 539 4373 912 4442; x_wconf 89' lang='lat' dir='ltr'><strong>peccatoribus</strong></span> <span class='ocrx_word' id='word_1_453' title='bbox 964 4372 1260 4442; x_wconf 86' lang='lat' dir='ltr'><strong>praedicant</strong></span> <span class='ocrx_word' id='word_1_454' title='bbox 1309 4373 1561 4428; x_wconf 89' lang='lat' dir='ltr'><strong>tenebras</strong></span> <span class='ocrx_word' id='word_1_455' title='bbox 1597 4379 1798 4427; x_wconf 63' lang='lat' dir='ltr'><strong>nostrae</strong></span> <span class='ocrx_word' id='word_1_456' title='bbox 1833 4386 1932 4426; x_wconf 88' lang='lat' dir='ltr'><strong>no-</strong></span> 
     </span>
    </p>
   </div>
   <div class='ocr_carea' id='block_1_60' title="bbox 352 4464 1926 4536">
    <p class='ocr_par' dir='ltr' id='par_1_60' title="bbox 352 4464 1926 4536">
     <span class='ocr_line' id='line_1_60' title="bbox 352 4464 1926 4536; baseline 0.001 -15"><span class='ocrx_word' id='word_1_457' title='bbox 352 4466 454 4521; x_wconf 91' lang='lat' dir='ltr'><strong>ctis</strong></span> <span class='ocrx_word' id='word_1_458' title='bbox 502 4465 796 4520; x_wconf 90' lang='lat' dir='ltr'><strong>illustrant.</strong></span> <span class='ocrx_word' id='word_1_459' title='bbox 835 4464 992 4523; x_wconf 90' lang='lat' dir='ltr'><strong>Unde</strong></span> <span class='ocrx_word' id='word_1_460' title='bbox 1035 4475 1092 4522; x_wconf 90' lang='lat' dir='ltr'><strong>et</strong></span> <span class='ocrx_word' id='word_1_461' title='bbox 1140 4467 1434 4522; x_wconf 89' lang='lat' dir='ltr'><strong>subtractis</strong></span> <span class='ocrx_word' id='word_1_462' title='bbox 1482 4467 1926 4536; x_wconf 83' lang='lat' dir='ltr'><strong>praedicatoribus</strong></span> 
     </span>
    </p>
   </div>
   <div class='ocr_carea' id='block_1_61' title="bbox 339 4556 1966 4628">
    <p class='ocr_par' dir='ltr' id='par_1_61' title="bbox 339 4556 1966 4628">
     <span class='ocr_line' id='line_1_61' title="bbox 339 4556 1966 4628; baseline 0.002 -17"><span class='ocrx_word' id='word_1_463' title='bbox 339 4572 449 4626; x_wconf 40' lang='lat' dir='ltr'><strong>\per</strong></span> <span class='ocrx_word' id='word_1_464' title='bbox 473 4556 791 4626; x_wconf 88' lang='lat' dir='ltr'><strong>prophetam</strong></span> <span class='ocrx_word' id='word_1_465' title='bbox 827 4557 1025 4612; x_wconf 87' lang='lat' dir='ltr'><strong>dicitur</strong></span> <span class='ocrx_word' id='word_1_466' title='bbox 1050 4575 1063 4611; x_wconf 88' lang='lat'><strong>:</strong></span> <span class='ocrx_word' id='word_1_467' title='bbox 1092 4577 1110 4608; x_wconf 73' lang='grc' dir='ltr'><strong>ε</strong></span> <span class='ocrx_word' id='word_1_468' title='bbox 1140 4557 1429 4612; x_wconf 87' lang='lat' dir='ltr'><strong>Prohibitae</strong></span> <span class='ocrx_word' id='word_1_469' title='bbox 1452 4567 1578 4612; x_wconf 89' lang='lat' dir='ltr'><strong>sunt</strong></span> <span class='ocrx_word' id='word_1_470' title='bbox 1621 4559 1775 4614; x_wconf 85' lang='lat' dir='ltr'><strong>stillae</strong></span> <span class='ocrx_word' id='word_1_471' title='bbox 1811 4559 1928 4628; x_wconf 90' lang='lat' dir='ltr'><strong>plu-</strong></span> <span class='ocrx_word' id='word_1_472' title='bbox 1953 4556 1966 4590; x_wconf 58' lang='grc' dir='ltr'><em>δ</em></span> 
     </span>
    </p>
   </div>
   <div class='ocr_carea' id='block_1_62' title="bbox 352 4646 1928 4720">
    <p class='ocr_par' dir='ltr' id='par_1_62' title="bbox 352 4646 1928 4720">
     <span class='ocr_line' id='line_1_62' title="bbox 352 4646 1928 4720; baseline 0.002 -20"><span class='ocrx_word' id='word_1_473' title='bbox 352 4647 582 4701; x_wconf 86' lang='lat' dir='ltr'><strong>viarum.</strong></span> <span class='ocrx_word' id='word_1_474' title='bbox 618 4665 638 4698; x_wconf 83' lang='grc'><strong>›</strong></span> <span class='ocrx_word' id='word_1_475' title='bbox 672 4646 808 4714; x_wconf 84' lang='lat' dir='ltr'><strong>Quia</strong></span> <span class='ocrx_word' id='word_1_476' title='bbox 836 4662 966 4704; x_wconf 87' lang='lat' dir='ltr'><strong>vero</strong></span> <span class='ocrx_word' id='word_1_477' title='bbox 994 4647 1073 4703; x_wconf 92' lang='lat' dir='ltr'><strong>sol</strong></span> <span class='ocrx_word' id='word_1_478' title='bbox 1106 4661 1202 4717; x_wconf 90' lang='lat' dir='ltr'><strong>per</strong></span> <span class='ocrx_word' id='word_1_479' title='bbox 1241 4647 1386 4702; x_wconf 91' lang='lat' dir='ltr'><strong>diem</strong></span> <span class='ocrx_word' id='word_1_480' title='bbox 1414 4647 1604 4720; x_wconf 88' lang='lat' dir='ltr'><strong>fulget,</strong></span> <span class='ocrx_word' id='word_1_481' title='bbox 1632 4649 1799 4703; x_wconf 86' lang='lat' dir='ltr'><strong>stellae</strong></span> <span class='ocrx_word' id='word_1_482' title='bbox 1830 4651 1928 4704; x_wconf 85' lang='lat' dir='ltr'><strong>ob-</strong></span> 
     </span>
    </p>
   </div>
   <div class='ocr_carea' id='block_1_63' title="bbox 353 4735 1930 4810">
    <p class='ocr_par' dir='ltr' id='par_1_63' title="bbox 353 4735 1930 4810">
     <span class='ocr_line' id='line_1_63' title="bbox 353 4735 1930 4810; baseline 0.003 -19"><span class='ocrx_word' id='word_1_483' title='bbox 353 4735 668 4792; x_wconf 85' lang='lat' dir='ltr'><strong>scuritatem</strong></span> <span class='ocrx_word' id='word_1_484' title='bbox 695 4737 870 4793; x_wconf 91' lang='lat' dir='ltr'><strong>noctis</strong></span> <span class='ocrx_word' id='word_1_485' title='bbox 920 4737 1201 4792; x_wconf 88' lang='lat' dir='ltr'><strong>irradiant.</strong></span> <span class='ocrx_word' id='word_1_486' title='bbox 1234 4737 1300 4791; x_wconf 88' lang='lat' dir='ltr'><strong>Et</strong></span> <span class='ocrx_word' id='word_1_487' title='bbox 1327 4737 1649 4810; x_wconf 90' lang='lat' dir='ltr'><strong>plerumque</strong></span> <span class='ocrx_word' id='word_1_488' title='bbox 1677 4739 1730 4793; x_wconf 90' lang='lat' dir='ltr'><strong>in</strong></span> <span class='ocrx_word' id='word_1_489' title='bbox 1773 4754 1930 4796; x_wconf 89' lang='lat' dir='ltr'><strong>sacro</strong></span> 
     </span>
    </p>
   </div>
   <div class='ocr_carea' id='block_1_64' title="bbox 349 4829 1929 4901">
    <p class='ocr_par' dir='ltr' id='par_1_64' title="bbox 349 4829 1929 4901">
     <span class='ocr_line' id='line_1_64' title="bbox 349 4829 1929 4901; baseline -0.001 -13"><span class='ocrx_word' id='word_1_490' title='bbox 349 4829 566 4901; x_wconf 87' lang='lat' dir='ltr'><strong>eloquio</strong></span> <span class='ocrx_word' id='word_1_491' title='bbox 593 4829 701 4884; x_wconf 91' lang='lat' dir='ltr'><strong>diei</strong></span> <span class='ocrx_word' id='word_1_492' title='bbox 748 4830 1106 4900; x_wconf 81' lang='lat' dir='ltr'><strong>appellatione</strong></span> <span class='ocrx_word' id='word_1_493' title='bbox 1138 4838 1343 4886; x_wconf 82' lang='lat' dir='ltr'><strong>aeterna</strong></span> <span class='ocrx_word' id='word_1_494' title='bbox 1374 4833 1570 4900; x_wconf 88' lang='lat' dir='ltr'><strong>patria,</strong></span> <span class='ocrx_word' id='word_1_495' title='bbox 1610 4832 1786 4887; x_wconf 90' lang='lat' dir='ltr'><strong>noctis</strong></span> <span class='ocrx_word' id='word_1_496' title='bbox 1834 4847 1929 4888; x_wconf 84' lang='lat' dir='ltr'><strong>au-</strong></span> 
     </span>
    </p>
   </div>
   <div class='ocr_carea' id='block_1_65' title="bbox 353 4923 1931 4994">
    <p class='ocr_par' dir='ltr' id='par_1_65' title="bbox 353 4923 1931 4994">
     <span class='ocr_line' id='line_1_65' title="bbox 353 4923 1931 4994; baseline 0.001 -14"><span class='ocrx_word' id='word_1_497' title='bbox 353 4933 458 4980; x_wconf 88' lang='lat' dir='ltr'><strong>tem</strong></span> <span class='ocrx_word' id='word_1_498' title='bbox 515 4923 730 4980; x_wconf 90' lang='lat' dir='ltr'><strong>nomine</strong></span> <span class='ocrx_word' id='word_1_499' title='bbox 780 4938 1017 4994; x_wconf 85' lang='lat' dir='ltr'><strong>praesens</strong></span> <span class='ocrx_word' id='word_1_500' title='bbox 1069 4923 1179 4978; x_wconf 88' lang='lat' dir='ltr'><strong>vita</strong></span> <span class='ocrx_word' id='word_1_501' title='bbox 1234 4925 1498 4994; x_wconf 89' lang='lat' dir='ltr'><strong>signatur.</strong></span> <span class='ocrx_word' id='word_1_502' title='bbox 1540 4924 1931 4982; x_wconf 83' lang='lat' dir='ltr'><strong>Praedicatores</strong></span> 
     </span>
    </p>
   </div>
   <div class='ocr_carea' id='block_1_66' title="bbox 318 5017 1932 5089">
    <p class='ocr_par' dir='ltr' id='par_1_66' title="bbox 318 5017 1932 5089">
     <span class='ocr_line' id='line_1_66' title="bbox 318 5017 1932 5089; baseline 0.003 -20"><span class='ocrx_word' id='word_1_503' title='bbox 318 5065 322 5067; x_wconf 79' lang='lat'><strong>.</strong></span> <span class='ocrx_word' id='word_1_504' title='bbox 349 5018 524 5073; x_wconf 90' lang='lat' dir='ltr'><strong>sancti</strong></span> <span class='ocrx_word' id='word_1_505' title='bbox 550 5025 606 5072; x_wconf 93' lang='lat' dir='ltr'><strong>et</strong></span> <span class='ocrx_word' id='word_1_506' title='bbox 639 5017 720 5074; x_wconf 92' lang='lat' dir='ltr'><strong>sol</strong></span> <span class='ocrx_word' id='word_1_507' title='bbox 748 5018 949 5074; x_wconf 87' lang='lat' dir='ltr'><strong>nostris</strong></span> <span class='ocrx_word' id='word_1_508' title='bbox 988 5018 1157 5074; x_wconf 90' lang='lat' dir='ltr'><strong>oculis</strong></span> <span class='ocrx_word' id='word_1_509' title='bbox 1185 5018 1340 5084; x_wconf 86' lang='lat' dir='ltr'><strong>fiunt,</strong></span> <span class='ocrx_word' id='word_1_510' title='bbox 1371 5034 1493 5074; x_wconf 90' lang='lat' dir='ltr'><strong>cum</strong></span> <span class='ocrx_word' id='word_1_511' title='bbox 1524 5019 1932 5089; x_wconf 90' lang='lat' dir='ltr'><strong>contemplatio-</strong></span> 
     </span>
    </p>
   </div>
   <div class='ocr_carea' id='block_1_67' title="bbox 353 5108 1934 5186">
    <p class='ocr_par' dir='ltr' id='par_1_67' title="bbox 353 5108 1934 5186">
     <span class='ocr_line' id='line_1_67' title="bbox 353 5108 1934 5186; baseline 0.002 -24"><span class='ocrx_word' id='word_1_512' title='bbox 353 5123 475 5163; x_wconf 85' lang='lat' dir='ltr'><strong>nem</strong></span> <span class='ocrx_word' id='word_1_513' title='bbox 506 5108 664 5165; x_wconf 92' lang='lat' dir='ltr'><strong>nobis</strong></span> <span class='ocrx_word' id='word_1_514' title='bbox 688 5124 831 5165; x_wconf 85' lang='lat' dir='ltr'><strong>verae</strong></span> <span class='ocrx_word' id='word_1_515' title='bbox 859 5108 993 5186; x_wconf 83' lang='lat' dir='ltr'><strong>lucis</strong></span> <span class='ocrx_word' id='word_1_516' title='bbox 1018 5109 1286 5179; x_wconf 86' lang='lat' dir='ltr'><strong>aperiunt,</strong></span> <span class='ocrx_word' id='word_1_517' title='bbox 1310 5118 1367 5164; x_wconf 88' lang='lat' dir='ltr'><strong>et</strong></span> <span class='ocrx_word' id='word_1_518' title='bbox 1393 5109 1541 5165; x_wconf 87' lang='lat' dir='ltr'><strong>velut</strong></span> <span class='ocrx_word' id='word_1_519' title='bbox 1570 5109 1738 5164; x_wconf 72' lang='lat' dir='ltr'><strong>stellae</strong></span> <span class='ocrx_word' id='word_1_520' title='bbox 1759 5110 1814 5165; x_wconf 91' lang='lat' dir='ltr'><strong>in</strong></span> <span class='ocrx_word' id='word_1_521' title='bbox 1852 5118 1934 5166; x_wconf 88' lang='lat' dir='ltr'><strong>te-</strong></span> 
     </span>
    </p>
   </div>
   <div class='ocr_carea' id='block_1_68' title="bbox 344 5198 1930 5270">
    <p class='ocr_par' dir='ltr' id='par_1_68' title="bbox 344 5198 1930 5270">
     <span class='ocr_line' id='line_1_68' title="bbox 344 5198 1930 5270; baseline 0.003 -18"><span class='ocrx_word' id='word_1_522' title='bbox 344 5198 536 5254; x_wconf 77' lang='lat' dir='ltr'><strong>nebris</strong></span> <span class='ocrx_word' id='word_1_523' title='bbox 565 5199 764 5267; x_wconf 90' lang='lat' dir='ltr'><strong>lucent,</strong></span> <span class='ocrx_word' id='word_1_524' title='bbox 817 5215 938 5255; x_wconf 91' lang='lat' dir='ltr'><strong>cum</strong></span> <span class='ocrx_word' id='word_1_525' title='bbox 983 5213 1080 5270; x_wconf 91' lang='lat' dir='ltr'><strong>per</strong></span> <span class='ocrx_word' id='word_1_526' title='bbox 1133 5202 1366 5254; x_wconf 90' lang='lat' dir='ltr'><strong>activam</strong></span> <span class='ocrx_word' id='word_1_527' title='bbox 1394 5200 1562 5254; x_wconf 88' lang='lat' dir='ltr'><strong>vitam</strong></span> <span class='ocrx_word' id='word_1_528' title='bbox 1599 5215 1698 5270; x_wconf 91' lang='lat' dir='ltr'><strong>pro</strong></span> <span class='ocrx_word' id='word_1_529' title='bbox 1751 5198 1930 5256; x_wconf 90' lang='lat' dir='ltr'><strong>futura</strong></span> 
     </span>
    </p>
   </div>
   <div class='ocr_carea' id='block_1_69' title="bbox 353 5291 1583 5361">
    <p class='ocr_par' dir='ltr' id='par_1_69' title="bbox 353 5291 1583 5361">
     <span class='ocr_line' id='line_1_69' title="bbox 353 5291 1583 5361; baseline 0.002 -17"><span class='ocrx_word' id='word_1_530' title='bbox 353 5296 560 5344; x_wconf 77' lang='lat' dir='ltr'><strong>nostris</strong></span> <span class='ocrx_word' id='word_1_531' title='bbox 586 5292 999 5348; x_wconf 86' lang='lat' dir='ltr'><strong>necessitatibus</strong></span> <span class='ocrx_word' id='word_1_532' title='bbox 1030 5299 1245 5347; x_wconf 86' lang='lat' dir='ltr'><strong>terrena</strong></span> <span class='ocrx_word' id='word_1_533' title='bbox 1269 5291 1583 5361; x_wconf 89' lang='lat' dir='ltr'><strong>disponunt.</strong></span> 
     </span>
    </p>
   </div>
   <div class='ocr_carea' id='block_1_70' title="bbox 322 5379 1928 5449">
    <p class='ocr_par' dir='ltr' id='par_1_70' title="bbox 322 5379 1928 5449">
     <span class='ocr_line' id='line_1_70' title="bbox 322 5379 1928 5449; baseline 0.005 -19"><span class='ocrx_word' id='word_1_534' title='bbox 322 5435 330 5440; x_wconf 28' lang='grc' dir='ltr'><strong>η,</strong></span> <span class='ocrx_word' id='word_1_535' title='bbox 430 5396 450 5429; x_wconf 72' lang='grc' dir='ltr'>ι</span> <span class='ocrx_word' id='word_1_536' title='bbox 479 5379 653 5435; x_wconf 86' lang='lat' dir='ltr'><strong>Frons</strong></span> <span class='ocrx_word' id='word_1_537' title='bbox 679 5382 922 5437; x_wconf 92' lang='lat' dir='ltr'><strong>mulieris</strong></span> <span class='ocrx_word' id='word_1_538' title='bbox 958 5381 1264 5437; x_wconf 90' lang='lat' dir='ltr'><strong>meretricis</strong></span> <span class='ocrx_word' id='word_1_539' title='bbox 1301 5379 1443 5437; x_wconf 90' lang='lat' dir='ltr'><strong>facta</strong></span> <span class='ocrx_word' id='word_1_540' title='bbox 1485 5390 1568 5437; x_wconf 90' lang='lat' dir='ltr'><strong>est</strong></span> <span class='ocrx_word' id='word_1_541' title='bbox 1599 5382 1716 5449; x_wconf 90' lang='lat' dir='ltr'><strong>tibi,</strong></span> <span class='ocrx_word' id='word_1_542' title='bbox 1750 5383 1928 5438; x_wconf 90' lang='lat' dir='ltr'><strong>nolui-</strong></span> 
     </span>
    </p>
   </div>
   <div class='ocr_carea' id='block_1_71' title="bbox 360 5470 1932 5528">
    <p class='ocr_par' dir='ltr' id='par_1_71' title="bbox 360 5470 1932 5528">
     <span class='ocr_line' id='line_1_71' title="bbox 360 5470 1932 5528; baseline 0.003 -6"><span class='ocrx_word' id='word_1_543' title='bbox 360 5487 380 5522; x_wconf 68' lang='grc' dir='ltr'>ί</span> <span class='ocrx_word' id='word_1_544' title='bbox 419 5470 488 5524; x_wconf 92' lang='lat' dir='ltr'><strong>sti</strong></span> <span class='ocrx_word' id='word_1_545' title='bbox 532 5471 872 5528; x_wconf 89' lang='lat' dir='ltr'><strong>erubescere.</strong></span> <span class='ocrx_word' id='word_1_546' title='bbox 908 5493 925 5524; x_wconf 71' lang='grc' dir='ltr'><strong><em>ι</em></strong></span> <span class='ocrx_word' id='word_1_547' title='bbox 951 5472 1096 5528; x_wconf 78' lang='lat' dir='ltr'><strong>LXX</strong></span> <span class='ocrx_word' id='word_1_548' title='bbox 1120 5490 1134 5527; x_wconf 88' lang='lat'><strong>:</strong></span> <span class='ocrx_word' id='word_1_549' title='bbox 1157 5492 1176 5525; x_wconf 82' lang='grc'><em>‹</em></span> <span class='ocrx_word' id='word_1_550' title='bbox 1202 5472 1393 5528; x_wconf 90' lang='lat' dir='ltr'><strong>Facies</strong></span> <span class='ocrx_word' id='word_1_551' title='bbox 1436 5473 1740 5528; x_wconf 89' lang='lat' dir='ltr'><strong>meretricis</strong></span> <span class='ocrx_word' id='word_1_552' title='bbox 1787 5471 1932 5528; x_wconf 85' lang='lat' dir='ltr'><strong>facta</strong></span> 
     </span>
    </p>
   </div>
   <div class='ocr_carea' id='block_1_72' title="bbox 361 5561 1929 5635">
    <p class='ocr_par' dir='ltr' id='par_1_72' title="bbox 361 5561 1929 5635">
     <span class='ocr_line' id='line_1_72' title="bbox 361 5561 1929 5635; baseline 0.001 -20"><span class='ocrx_word' id='word_1_553' title='bbox 361 5580 382 5615; x_wconf 81' lang='grc' dir='ltr'>ι</span> <span class='ocrx_word' id='word_1_554' title='bbox 422 5570 506 5618; x_wconf 87' lang='lat' dir='ltr'><strong>est</strong></span> <span class='ocrx_word' id='word_1_555' title='bbox 527 5562 643 5627; x_wconf 84' lang='lat' dir='ltr'><strong>tibi,</strong></span> <span class='ocrx_word' id='word_1_556' title='bbox 667 5563 785 5618; x_wconf 90' lang='lat' dir='ltr'><strong>sine</strong></span> <span class='ocrx_word' id='word_1_557' title='bbox 808 5565 1006 5618; x_wconf 87' lang='lat' dir='ltr'><strong>rubore</strong></span> <span class='ocrx_word' id='word_1_558' title='bbox 1025 5563 1172 5619; x_wconf 90' lang='lat' dir='ltr'><strong>facta</strong></span> <span class='ocrx_word' id='word_1_559' title='bbox 1198 5579 1258 5619; x_wconf 91' lang='lat' dir='ltr'><strong>es</strong></span> <span class='ocrx_word' id='word_1_560' title='bbox 1285 5565 1352 5618; x_wconf 87' lang='lat' dir='ltr'><strong>ad</strong></span> <span class='ocrx_word' id='word_1_561' title='bbox 1374 5578 1582 5619; x_wconf 90' lang='lat' dir='ltr'><strong>omnes.</strong></span> <span class='ocrx_word' id='word_1_562' title='bbox 1607 5583 1625 5615; x_wconf 72' lang='grc' dir='ltr'><strong><em>ι</em></strong></span> <span class='ocrx_word' id='word_1_563' title='bbox 1659 5561 1929 5635; x_wconf 73' lang='grc' dir='ltr'><strong>(Ηὶενοη.)</strong></span> 
     </span>
    </p>
   </div>
   <div class='ocr_carea' id='block_1_73' title="bbox 354 5651 1928 5727">
    <p class='ocr_par' dir='ltr' id='par_1_73' title="bbox 354 5651 1928 5727">
     <span class='ocr_line' id='line_1_73' title="bbox 354 5651 1928 5727; baseline 0.002 -21"><span class='ocrx_word' id='word_1_564' title='bbox 354 5651 491 5721; x_wconf 86' lang='lat' dir='ltr'><strong>Quia</strong></span> <span class='ocrx_word' id='word_1_565' title='bbox 523 5667 684 5724; x_wconf 89' lang='lat' dir='ltr'><strong>supra</strong></span> <span class='ocrx_word' id='word_1_566' title='bbox 722 5654 951 5720; x_wconf 79' lang='lat' dir='ltr'><strong>dixerat,</strong></span> <span class='ocrx_word' id='word_1_567' title='bbox 981 5673 999 5705; x_wconf 71' lang='grc' dir='ltr'>ε</span> <span class='ocrx_word' id='word_1_568' title='bbox 1033 5655 1150 5710; x_wconf 92' lang='lat' dir='ltr'><strong>Non</strong></span> <span class='ocrx_word' id='word_1_569' title='bbox 1193 5657 1432 5727; x_wconf 86' lang='lat' dir='ltr'><strong>peccavi,</strong></span> <span class='ocrx_word' id='word_1_570' title='bbox 1467 5676 1487 5708; x_wconf 77' lang='grc' dir='ltr'><strong><em>ι</em></strong></span> <span class='ocrx_word' id='word_1_571' title='bbox 1517 5662 1572 5710; x_wconf 88' lang='lat' dir='ltr'><strong>et</strong></span> <span class='ocrx_word' id='word_1_572' title='bbox 1601 5655 1773 5725; x_wconf 87' lang='lat' dir='ltr'><strong>magis</strong></span> <span class='ocrx_word' id='word_1_573' title='bbox 1799 5669 1928 5724; x_wconf 91' lang='lat' dir='ltr'><strong>pec-</strong></span> 
     </span>
    </p>
   </div>
   <div class='ocr_carea' id='block_1_74' title="bbox 319 5745 1932 5825">
    <p class='ocr_par' dir='ltr' id='par_1_74' title="bbox 319 5745 1932 5825">
     <span class='ocr_line' id='line_1_74' title="bbox 319 5745 1932 5825; baseline -0.001 -21"><span class='ocrx_word' id='word_1_574' title='bbox 319 5801 326 5813; x_wconf 38' lang='grc' dir='ltr'><strong>ε</strong></span> <span class='ocrx_word' id='word_1_575' title='bbox 354 5757 576 5806; x_wconf 88' lang='lat' dir='ltr'><strong>caverat</strong></span> <span class='ocrx_word' id='word_1_576' title='bbox 603 5762 700 5808; x_wconf 88' lang='lat' dir='ltr'><strong>sua</strong></span> <span class='ocrx_word' id='word_1_577' title='bbox 730 5747 939 5819; x_wconf 0' lang='lat' dir='ltr'><strong>(scelera</strong></span> <span class='ocrx_word' id='word_1_578' title='bbox 969 5747 1300 5822; x_wconf 84' lang='lat' dir='ltr'><strong>denegando,</strong></span> <span class='ocrx_word' id='word_1_579' title='bbox 1337 5749 1546 5825; x_wconf 83' lang='lat' dir='ltr'><strong>idcirco</strong></span> <span class='ocrx_word' id='word_1_580' title='bbox 1577 5761 1723 5821; x_wconf 90' lang='lat' dir='ltr'><strong>nunc</strong></span> <span class='ocrx_word' id='word_1_581' title='bbox 1753 5745 1932 5816; x_wconf 87' lang='lat' dir='ltr'><strong>arguit</strong></span> 
     </span>
    </p>
   </div>
   <div class='ocr_carea' id='block_1_75' title="bbox 2043 1895 2290 1951">
    <p class='ocr_par' dir='ltr' id='par_1_75' title="bbox 2043 1895 2290 1951">
     <span class='ocr_line' id='line_1_75' title="bbox 2043 1895 2290 1951; baseline 0.004 -1"><span class='ocrx_word' id='word_1_582' title='bbox 2043 1895 2290 1951; x_wconf 88' lang='lat' dir='ltr'><strong>nitatem.</strong></span> 
     </span>
    </p>
   </div>
   <div class='ocr_carea' id='block_1_76' title="bbox 2117 1968 3618 2066">
    <p class='ocr_par' dir='ltr' id='par_1_76' title="bbox 2117 1968 3618 2066">
     <span class='ocr_line' id='line_1_76' title="bbox 2117 1968 3618 2066; baseline 0.011 -27"><span class='ocrx_word' id='word_1_583' title='bbox 2117 2007 2136 2039; x_wconf 88' lang='grc'><em>‹</em></span> <span class='ocrx_word' id='word_1_584' title='bbox 2171 1989 2309 2044; x_wconf 89' lang='lat' dir='ltr'><strong>Ecce</strong></span> <span class='ocrx_word' id='word_1_585' title='bbox 2331 1988 2508 2044; x_wconf 87' lang='lat' dir='ltr'><strong>locuta</strong></span> <span class='ocrx_word' id='word_1_586' title='bbox 2529 2005 2608 2058; x_wconf 92' lang='lat' dir='ltr'><strong>es,</strong></span> <span class='ocrx_word' id='word_1_587' title='bbox 2639 2000 2695 2045; x_wconf 90' lang='lat' dir='ltr'><strong>et</strong></span> <span class='ocrx_word' id='word_1_588' title='bbox 2721 1990 2896 2048; x_wconf 89' lang='lat' dir='ltr'><strong>fecisti</strong></span> <span class='ocrx_word' id='word_1_589' title='bbox 2919 1968 3078 2059; x_wconf 88' lang='lat' dir='ltr'><strong>mala,</strong></span> <span class='ocrx_word' id='word_1_590' title='bbox 3108 2002 3162 2050; x_wconf 93' lang='lat' dir='ltr'><strong>et</strong></span> <span class='ocrx_word' id='word_1_591' title='bbox 3190 1996 3429 2066; x_wconf 90' lang='lat' dir='ltr'><strong>potuisti.</strong></span> <span class='ocrx_word' id='word_1_592' title='bbox 3462 2017 3482 2050; x_wconf 77' lang='grc' dir='ltr'><strong><em>ι</em></strong></span> <span class='ocrx_word' id='word_1_593' title='bbox 3512 1997 3618 2056; x_wconf 85' lang='lat' dir='ltr'><strong>Pro</strong></span> 
     </span>
    </p>
   </div>
   <div class='ocr_carea' id='block_1_77' title="bbox 2039 2080 3625 2156">
    <p class='ocr_par' dir='ltr' id='par_1_77' title="bbox 2039 2080 3625 2156">
     <span class='ocr_line' id='line_1_77' title="bbox 2039 2080 3625 2156; baseline 0.009 -24"><span class='ocrx_word' id='word_1_594' title='bbox 2039 2080 2220 2134; x_wconf 86' lang='lat' dir='ltr'><strong>verbis</strong></span> <span class='ocrx_word' id='word_1_595' title='bbox 2247 2081 2601 2150; x_wconf 74' lang='lat' dir='ltr'><strong>poenitentiae,</strong></span> <span class='ocrx_word' id='word_1_596' title='bbox 2638 2083 2816 2138; x_wconf 91' lang='lat' dir='ltr'><strong>verbis</strong></span> <span class='ocrx_word' id='word_1_597' title='bbox 2840 2085 3106 2155; x_wconf 88' lang='lat' dir='ltr'><strong>superbiae</strong></span> <span class='ocrx_word' id='word_1_598' title='bbox 3128 2086 3534 2156; x_wconf 90' lang='lat' dir='ltr'><strong>blasphemasti,</strong></span> <span class='ocrx_word' id='word_1_599' title='bbox 3567 2100 3625 2147; x_wconf 90' lang='lat' dir='ltr'><strong>et</strong></span> 
     </span>
    </p>
   </div>
   <div class='ocr_carea' id='block_1_78' title="bbox 2040 2171 3622 2246">
    <p class='ocr_par' dir='ltr' id='par_1_78' title="bbox 2040 2171 3622 2246">
     <span class='ocr_line' id='line_1_78' title="bbox 2040 2171 3622 2246; baseline 0.007 -20"><span class='ocrx_word' id='word_1_600' title='bbox 2040 2171 2269 2241; x_wconf 91' lang='lat' dir='ltr'><strong>implesti</strong></span> <span class='ocrx_word' id='word_1_601' title='bbox 2293 2173 2487 2228; x_wconf 89' lang='lat' dir='ltr'><strong>malam</strong></span> <span class='ocrx_word' id='word_1_602' title='bbox 2512 2175 2894 2246; x_wconf 82' lang='lat' dir='ltr'><strong>cogitationem</strong></span> <span class='ocrx_word' id='word_1_603' title='bbox 2919 2185 3084 2242; x_wconf 89' lang='lat' dir='ltr'><strong>tuam,</strong></span> <span class='ocrx_word' id='word_1_604' title='bbox 3111 2185 3165 2232; x_wconf 91' lang='lat' dir='ltr'><strong>et</strong></span> <span class='ocrx_word' id='word_1_605' title='bbox 3187 2181 3470 2235; x_wconf 90' lang='lat' dir='ltr'><strong>ostendisti</strong></span> <span class='ocrx_word' id='word_1_606' title='bbox 3491 2197 3622 2237; x_wconf 90' lang='lat' dir='ltr'><strong>con-</strong></span> 
     </span>
    </p>
   </div>
   <div class='ocr_carea' id='block_1_79' title="bbox 2039 2264 3622 2340">
    <p class='ocr_par' dir='ltr' id='par_1_79' title="bbox 2039 2264 3622 2340">
     <span class='ocr_line' id='line_1_79' title="bbox 2039 2264 3622 2340; baseline 0.006 -22"><span class='ocrx_word' id='word_1_607' title='bbox 2039 2272 2124 2318; x_wconf 88' lang='lat' dir='ltr'><strong>tra</strong></span> <span class='ocrx_word' id='word_1_608' title='bbox 2153 2265 2329 2319; x_wconf 90' lang='lat' dir='ltr'><strong>virum</strong></span> <span class='ocrx_word' id='word_1_609' title='bbox 2357 2264 2728 2321; x_wconf 89' lang='lat' dir='ltr'><strong>fortitudinem</strong></span> <span class='ocrx_word' id='word_1_610' title='bbox 2771 2275 2945 2333; x_wconf 89' lang='lat' dir='ltr'><strong>tuam,</strong></span> <span class='ocrx_word' id='word_1_611' title='bbox 2971 2275 3033 2323; x_wconf 87' lang='lat' dir='ltr'><strong>ut</strong></span> <span class='ocrx_word' id='word_1_612' title='bbox 3069 2268 3244 2338; x_wconf 88' lang='lat' dir='ltr'><strong>possis</strong></span> <span class='ocrx_word' id='word_1_613' title='bbox 3269 2267 3452 2326; x_wconf 89' lang='lat' dir='ltr'><strong>facere</strong></span> <span class='ocrx_word' id='word_1_614' title='bbox 3477 2271 3622 2340; x_wconf 87' lang='lat' dir='ltr'><strong>quod</strong></span> 
     </span>
    </p>
   </div>
   <div class='ocr_carea' id='block_1_80' title="bbox 2039 2355 2583 2409">
    <p class='ocr_par' dir='ltr' id='par_1_80' title="bbox 2039 2355 2583 2409">
     <span class='ocr_line' id='line_1_80' title="bbox 2039 2355 2583 2409; baseline 0 -1"><span class='ocrx_word' id='word_1_615' title='bbox 2039 2367 2288 2408; x_wconf 85' lang='lat' dir='ltr'><strong>sermone</strong></span> <span class='ocrx_word' id='word_1_616' title='bbox 2316 2355 2583 2409; x_wconf 89' lang='lat' dir='ltr'><strong>tractasti.</strong></span> 
     </span>
    </p>
   </div>
   <div class='ocr_carea' id='block_1_81' title="bbox 2115 2444 3616 2522">
    <p class='ocr_par' dir='ltr' id='par_1_81' title="bbox 2115 2444 3616 2522">
     <span class='ocr_line' id='line_1_81' title="bbox 2115 2444 3616 2522; baseline 0.007 -27"><span class='ocrx_word' id='word_1_617' title='bbox 2115 2462 2132 2495; x_wconf 71' lang='grc' dir='ltr'><strong>ε</strong></span> <span class='ocrx_word' id='word_1_618' title='bbox 2169 2444 2235 2498; x_wconf 88' lang='lat' dir='ltr'><strong>Et</strong></span> <span class='ocrx_word' id='word_1_619' title='bbox 2253 2444 2402 2500; x_wconf 79' lang='lat' dir='ltr'><strong>dixit</strong></span> <span class='ocrx_word' id='word_1_620' title='bbox 2423 2445 2680 2500; x_wconf 91' lang='lat' dir='ltr'><strong>Dominus</strong></span> <span class='ocrx_word' id='word_1_621' title='bbox 2708 2445 2780 2501; x_wconf 88' lang='lat' dir='ltr'><strong>ad</strong></span> <span class='ocrx_word' id='word_1_622' title='bbox 2813 2461 2899 2502; x_wconf 91' lang='lat' dir='ltr'><strong>me</strong></span> <span class='ocrx_word' id='word_1_623' title='bbox 2929 2446 2983 2501; x_wconf 94' lang='lat' dir='ltr'><strong>in</strong></span> <span class='ocrx_word' id='word_1_624' title='bbox 3012 2447 3198 2504; x_wconf 90' lang='lat' dir='ltr'><strong>diebus</strong></span> <span class='ocrx_word' id='word_1_625' title='bbox 3239 2447 3400 2504; x_wconf 72' lang='lat' dir='ltr'><strong>Josia:</strong></span> <span class='ocrx_word' id='word_1_626' title='bbox 3427 2451 3571 2522; x_wconf 89' lang='lat' dir='ltr'><strong>regis</strong></span> <span class='ocrx_word' id='word_1_627' title='bbox 3601 2467 3616 2507; x_wconf 91' lang='lat'><strong>:</strong></span> 
     </span>
    </p>
   </div>
   <div class='ocr_carea' id='block_1_82' title="bbox 2043 2533 3624 2608">
    <p class='ocr_par' dir='ltr' id='par_1_82' title="bbox 2043 2533 3624 2608">
     <span class='ocr_line' id='line_1_82' title="bbox 2043 2533 3624 2608; baseline 0.005 -18"><span class='ocrx_word' id='word_1_628' title='bbox 2043 2557 2061 2590; x_wconf 84' lang='grc'><strong>‹</strong></span> <span class='ocrx_word' id='word_1_629' title='bbox 2097 2536 2365 2608; x_wconf 86' lang='lat' dir='ltr'><strong>Numquid</strong></span> <span class='ocrx_word' id='word_1_630' title='bbox 2421 2539 2600 2594; x_wconf 89' lang='lat' dir='ltr'><strong>vidisti</strong></span> <span class='ocrx_word' id='word_1_631' title='bbox 2648 2554 2769 2608; x_wconf 70' lang='lat' dir='ltr'><strong>qua:</strong></span> <span class='ocrx_word' id='word_1_632' title='bbox 2819 2538 3008 2595; x_wconf 88' lang='lat' dir='ltr'><strong>fecerit</strong></span> <span class='ocrx_word' id='word_1_633' title='bbox 3063 2533 3388 2598; x_wconf 68' lang='lat' dir='ltr'><strong>aversatrix’</strong></span> <span class='ocrx_word' id='word_1_634' title='bbox 3419 2542 3624 2599; x_wconf 84' lang='lat' dir='ltr'><strong>Israel?</strong></span> 
     </span>
    </p>
   </div>
   <div class='ocr_carea' id='block_1_83' title="bbox 2042 2628 3623 2698">
    <p class='ocr_par' dir='ltr' id='par_1_83' title="bbox 2042 2628 3623 2698">
     <span class='ocr_line' id='line_1_83' title="bbox 2042 2628 3623 2698; baseline 0.004 -18"><span class='ocrx_word' id='word_1_635' title='bbox 2042 2645 2062 2680; x_wconf 76' lang='grc' dir='ltr'>ι</span> <span class='ocrx_word' id='word_1_636' title='bbox 2099 2628 2243 2684; x_wconf 83' lang='lat' dir='ltr'><strong>Abiit</strong></span> <span class='ocrx_word' id='word_1_637' title='bbox 2281 2629 2498 2684; x_wconf 89' lang='lat' dir='ltr'><strong>sibimet</strong></span> <span class='ocrx_word' id='word_1_638' title='bbox 2530 2643 2691 2698; x_wconf 90' lang='lat' dir='ltr'><strong>super</strong></span> <span class='ocrx_word' id='word_1_639' title='bbox 2713 2645 2930 2684; x_wconf 91' lang='lat' dir='ltr'><strong>omnem</strong></span> <span class='ocrx_word' id='word_1_640' title='bbox 2958 2641 3197 2690; x_wconf 88' lang='lat' dir='ltr'><strong>montem</strong></span> <span class='ocrx_word' id='word_1_641' title='bbox 3239 2629 3534 2696; x_wconf 84' lang='lat' dir='ltr'><strong>excelsum,</strong></span> <span class='ocrx_word' id='word_1_642' title='bbox 3566 2641 3623 2687; x_wconf 91' lang='lat' dir='ltr'><strong>et</strong></span> 
     </span>
    </p>
   </div>
   <div class='ocr_carea' id='block_1_84' title="bbox 2042 2720 3617 2792">
    <p class='ocr_par' dir='ltr' id='par_1_84' title="bbox 2042 2720 3617 2792">
     <span class='ocr_line' id='line_1_84' title="bbox 2042 2720 3617 2792; baseline 0.004 -18"><span class='ocrx_word' id='word_1_643' title='bbox 2042 2739 2061 2773; x_wconf 75' lang='grc' dir='ltr'>ι</span> <span class='ocrx_word' id='word_1_644' title='bbox 2096 2722 2196 2776; x_wconf 91' lang='lat' dir='ltr'><strong>sub</strong></span> <span class='ocrx_word' id='word_1_645' title='bbox 2221 2736 2380 2776; x_wconf 90' lang='lat' dir='ltr'><strong>omne</strong></span> <span class='ocrx_word' id='word_1_646' title='bbox 2413 2721 2615 2792; x_wconf 84' lang='lat' dir='ltr'><strong>lignum</strong></span> <span class='ocrx_word' id='word_1_647' title='bbox 2646 2720 2980 2790; x_wconf 86' lang='lat' dir='ltr'><strong>frondosum,</strong></span> <span class='ocrx_word' id='word_1_648' title='bbox 3011 2730 3067 2779; x_wconf 91' lang='lat' dir='ltr'><strong>et</strong></span> <span class='ocrx_word' id='word_1_649' title='bbox 3116 2722 3380 2780; x_wconf 87' lang='lat' dir='ltr'><strong>fornicata</strong></span> <span class='ocrx_word' id='word_1_650' title='bbox 3410 2732 3492 2780; x_wconf 90' lang='lat' dir='ltr'><strong>est</strong></span> <span class='ocrx_word' id='word_1_651' title='bbox 3522 2725 3617 2781; x_wconf 92' lang='lat' dir='ltr'><strong>ibi.</strong></span> 
     </span>
    </p>
   </div>
   <div class='ocr_carea' id='block_1_85' title="bbox 2041 2812 3617 2884">
    <p class='ocr_par' dir='ltr' id='par_1_85' title="bbox 2041 2812 3617 2884">
     <span class='ocr_line' id='line_1_85' title="bbox 2041 2812 3617 2884; baseline 0.004 -19"><span class='ocrx_word' id='word_1_652' title='bbox 2041 2829 2061 2865; x_wconf 74' lang='grc' dir='ltr'>ι</span> <span class='ocrx_word' id='word_1_653' title='bbox 2096 2813 2164 2868; x_wconf 87' lang='lat' dir='ltr'><strong>Et</strong></span> <span class='ocrx_word' id='word_1_654' title='bbox 2191 2813 2320 2879; x_wconf 82' lang='lat' dir='ltr'><strong>dixi,</strong></span> <span class='ocrx_word' id='word_1_655' title='bbox 2336 2828 2458 2868; x_wconf 91' lang='lat' dir='ltr'><strong>cum</strong></span> <span class='ocrx_word' id='word_1_656' title='bbox 2474 2812 2716 2882; x_wconf 90' lang='lat' dir='ltr'><strong>fecisset,</strong></span> <span class='ocrx_word' id='word_1_657' title='bbox 2738 2814 2853 2870; x_wconf 75' lang='lat' dir='ltr'><strong>haec</strong></span> <span class='ocrx_word' id='word_1_658' title='bbox 2873 2816 3055 2870; x_wconf 90' lang='lat' dir='ltr'><strong>omnia</strong></span> <span class='ocrx_word' id='word_1_659' title='bbox 3077 2815 3144 2871; x_wconf 89' lang='lat' dir='ltr'><strong>ad</strong></span> <span class='ocrx_word' id='word_1_660' title='bbox 3167 2832 3254 2872; x_wconf 89' lang='lat' dir='ltr'><strong>me</strong></span> <span class='ocrx_word' id='word_1_661' title='bbox 3282 2825 3617 2884; x_wconf 90' lang='lat' dir='ltr'><strong>convertere,</strong></span> 
     </span>
    </p>
   </div>
   <div class='ocr_carea' id='block_1_86' title="bbox 2041 2908 3622 2980">
    <p class='ocr_par' dir='ltr' id='par_1_86' title="bbox 2041 2908 3622 2980">
     <span class='ocr_line' id='line_1_86' title="bbox 2041 2908 3622 2980; baseline 0.003 -21"><span class='ocrx_word' id='word_1_662' title='bbox 2041 2925 2060 2959; x_wconf 71' lang='grc' dir='ltr'>ι</span> <span class='ocrx_word' id='word_1_663' title='bbox 2095 2914 2152 2963; x_wconf 92' lang='lat' dir='ltr'><strong>et</strong></span> <span class='ocrx_word' id='word_1_664' title='bbox 2180 2923 2286 2962; x_wconf 91' lang='lat' dir='ltr'><strong>non</strong></span> <span class='ocrx_word' id='word_1_665' title='bbox 2321 2915 2408 2962; x_wconf 89' lang='lat' dir='ltr'><strong>est</strong></span> <span class='ocrx_word' id='word_1_666' title='bbox 2457 2921 2693 2963; x_wconf 90' lang='lat' dir='ltr'><strong>reversa.</strong></span> <span class='ocrx_word' id='word_1_667' title='bbox 2726 2908 2794 2962; x_wconf 89' lang='lat' dir='ltr'><strong>Et</strong></span> <span class='ocrx_word' id='word_1_668' title='bbox 2834 2908 2969 2963; x_wconf 88' lang='lat' dir='ltr'><strong>vidit</strong></span> <span class='ocrx_word' id='word_1_669' title='bbox 3018 2910 3424 2980; x_wconf 68' lang='lat' dir='ltr'><strong>praevaricatrix</strong></span> <span class='ocrx_word' id='word_1_670' title='bbox 3465 2925 3622 2965; x_wconf 91' lang='lat' dir='ltr'><strong>soror</strong></span> 
     </span>
    </p>
   </div>
   <div class='ocr_carea' id='block_1_87' title="bbox 2041 2995 3624 3068">
    <p class='ocr_par' dir='ltr' id='par_1_87' title="bbox 2041 2995 3624 3068">
     <span class='ocr_line' id='line_1_87' title="bbox 2041 2995 3624 3068; baseline 0.003 -20"><span class='ocrx_word' id='word_1_671' title='bbox 2041 3016 2060 3048; x_wconf 76' lang='grc' dir='ltr'>ι</span> <span class='ocrx_word' id='word_1_672' title='bbox 2091 2995 2208 3066; x_wconf 86' lang='lat' dir='ltr'><strong>ejus</strong></span> <span class='ocrx_word' id='word_1_673' title='bbox 2263 2995 2430 3056; x_wconf 86' lang='lat' dir='ltr'><strong>Juda.</strong></span> <span class='ocrx_word' id='word_1_674' title='bbox 2483 2997 2649 3066; x_wconf 90' lang='lat' dir='ltr'><strong>quia,</strong></span> <span class='ocrx_word' id='word_1_675' title='bbox 2708 3011 2808 3066; x_wconf 91' lang='lat' dir='ltr'><strong>pro</strong></span> <span class='ocrx_word' id='word_1_676' title='bbox 2865 3011 2930 3054; x_wconf 92' lang='lat' dir='ltr'><strong>eo</strong></span> <span class='ocrx_word' id='word_1_677' title='bbox 2979 2999 3122 3068; x_wconf 89' lang='lat' dir='ltr'><strong>quod</strong></span> <span class='ocrx_word' id='word_1_678' title='bbox 3166 2999 3434 3054; x_wconf 88' lang='lat' dir='ltr'><strong>moechata</strong></span> <span class='ocrx_word' id='word_1_679' title='bbox 3478 3007 3624 3054; x_wconf 89' lang='lat' dir='ltr'><strong>esset</strong></span> 
     </span>
    </p>
   </div>
   <div class='ocr_carea' id='block_1_88' title="bbox 2042 3085 3620 3154">
    <p class='ocr_par' dir='ltr' id='par_1_88' title="bbox 2042 3085 3620 3154">
     <span class='ocr_line' id='line_1_88' title="bbox 2042 3085 3620 3154; baseline 0.003 -16"><span class='ocrx_word' id='word_1_680' title='bbox 2042 3104 2061 3139; x_wconf 75' lang='grc' dir='ltr'>ι</span> <span class='ocrx_word' id='word_1_681' title='bbox 2099 3085 2396 3141; x_wconf 81' lang='lat' dir='ltr'><strong>aversatrix</strong></span> <span class='ocrx_word' id='word_1_682' title='bbox 2422 3085 2609 3152; x_wconf 90' lang='lat' dir='ltr'><strong>lsrael,</strong></span> <span class='ocrx_word' id='word_1_683' title='bbox 2637 3085 2990 3144; x_wconf 89' lang='lat' dir='ltr'><strong>dimississem</strong></span> <span class='ocrx_word' id='word_1_684' title='bbox 3019 3101 3162 3154; x_wconf 89' lang='lat' dir='ltr'><strong>eam,</strong></span> <span class='ocrx_word' id='word_1_685' title='bbox 3191 3095 3248 3142; x_wconf 90' lang='lat' dir='ltr'><strong>et</strong></span> <span class='ocrx_word' id='word_1_686' title='bbox 3278 3087 3543 3143; x_wconf 88' lang='lat' dir='ltr'><strong>dedissem</strong></span> <span class='ocrx_word' id='word_1_687' title='bbox 3567 3087 3620 3142; x_wconf 93' lang='lat' dir='ltr'><strong>ei</strong></span> 
     </span>
    </p>
   </div>
   <div class='ocr_carea' id='block_1_89' title="bbox 2041 3177 3618 3250">
    <p class='ocr_par' dir='ltr' id='par_1_89' title="bbox 2041 3177 3618 3250">
     <span class='ocr_line' id='line_1_89' title="bbox 2041 3177 3618 3250; baseline 0.004 -21"><span class='ocrx_word' id='word_1_688' title='bbox 2041 3196 2060 3229; x_wconf 75' lang='grc' dir='ltr'><strong>ε</strong></span> <span class='ocrx_word' id='word_1_689' title='bbox 2098 3177 2332 3234; x_wconf 91' lang='lat' dir='ltr'><strong>libellum</strong></span> <span class='ocrx_word' id='word_1_690' title='bbox 2369 3179 2596 3250; x_wconf 90' lang='lat' dir='ltr'><strong>repudii,</strong></span> <span class='ocrx_word' id='word_1_691' title='bbox 2628 3187 2682 3233; x_wconf 90' lang='lat' dir='ltr'><strong>et</strong></span> <span class='ocrx_word' id='word_1_692' title='bbox 2707 3195 2813 3234; x_wconf 92' lang='lat' dir='ltr'><strong>non</strong></span> <span class='ocrx_word' id='word_1_693' title='bbox 2841 3179 3020 3234; x_wconf 92' lang='lat' dir='ltr'><strong>timuit</strong></span> <span class='ocrx_word' id='word_1_694' title='bbox 3047 3180 3449 3250; x_wconf 66' lang='lat' dir='ltr'><strong>prtevaricatrix</strong></span> <span class='ocrx_word' id='word_1_695' title='bbox 3480 3179 3618 3236; x_wconf 84' lang='lat' dir='ltr'><strong>Juda</strong></span> 
     </span>
    </p>
   </div>
   <div class='ocr_carea' id='block_1_90' title="bbox 2040 3270 3620 3342">
    <p class='ocr_par' dir='ltr' id='par_1_90' title="bbox 2040 3270 3620 3342">
     <span class='ocr_line' id='line_1_90' title="bbox 2040 3270 3620 3342; baseline 0.003 -20"><span class='ocrx_word' id='word_1_696' title='bbox 2040 3290 2058 3322; x_wconf 79' lang='grc' dir='ltr'>ι</span> <span class='ocrx_word' id='word_1_697' title='bbox 2096 3286 2250 3328; x_wconf 89' lang='lat' dir='ltr'><strong>soror</strong></span> <span class='ocrx_word' id='word_1_698' title='bbox 2284 3270 2421 3341; x_wconf 87' lang='lat' dir='ltr'><strong>ejus,</strong></span> <span class='ocrx_word' id='word_1_699' title='bbox 2457 3271 2551 3326; x_wconf 89' lang='lat' dir='ltr'><strong>sed</strong></span> <span class='ocrx_word' id='word_1_700' title='bbox 2581 3272 2715 3326; x_wconf 88' lang='lat' dir='ltr'><strong>abiit</strong></span> <span class='ocrx_word' id='word_1_701' title='bbox 2743 3281 2799 3327; x_wconf 92' lang='lat' dir='ltr'><strong>et</strong></span> <span class='ocrx_word' id='word_1_702' title='bbox 2819 3270 3083 3326; x_wconf 83' lang='lat' dir='ltr'><strong>fornicata</strong></span> <span class='ocrx_word' id='word_1_703' title='bbox 3113 3280 3197 3328; x_wconf 88' lang='lat' dir='ltr'><strong>est</strong></span> <span class='ocrx_word' id='word_1_704' title='bbox 3219 3273 3381 3328; x_wconf 87' lang='lat' dir='ltr'><strong>etiam</strong></span> <span class='ocrx_word' id='word_1_705' title='bbox 3405 3272 3539 3342; x_wconf 90' lang='lat' dir='ltr'><strong>ipsa,</strong></span> <span class='ocrx_word' id='word_1_706' title='bbox 3565 3281 3620 3328; x_wconf 90' lang='lat' dir='ltr'><strong>et</strong></span> 
     </span>
    </p>
   </div>
   <div class='ocr_carea' id='block_1_91' title="bbox 2039 3361 3619 3430">
    <p class='ocr_par' dir='ltr' id='par_1_91' title="bbox 2039 3361 3619 3430">
     <span class='ocr_line' id='line_1_91' title="bbox 2039 3361 3619 3430; baseline 0.003 -16"><span class='ocrx_word' id='word_1_707' title='bbox 2039 3380 2058 3414; x_wconf 72' lang='grc' dir='ltr'>ι</span> <span class='ocrx_word' id='word_1_708' title='bbox 2093 3362 2354 3419; x_wconf 88' lang='lat' dir='ltr'><strong>facilitate</strong></span> <span class='ocrx_word' id='word_1_709' title='bbox 2385 3361 2761 3420; x_wconf 89' lang='lat' dir='ltr'><strong>fornicationis</strong></span> <span class='ocrx_word' id='word_1_710' title='bbox 2807 3378 2919 3419; x_wconf 86' lang='lat' dir='ltr'><strong>suae</strong></span> <span class='ocrx_word' id='word_1_711' title='bbox 2965 3364 3354 3419; x_wconf 86' lang='lat' dir='ltr'><strong>contaminavit</strong></span> <span class='ocrx_word' id='word_1_712' title='bbox 3394 3374 3619 3430; x_wconf 90' lang='lat' dir='ltr'><strong>terram,</strong></span> 
     </span>
    </p>
   </div>
   <div class='ocr_carea' id='block_1_92' title="bbox 2040 3453 3621 3525">
    <p class='ocr_par' dir='ltr' id='par_1_92' title="bbox 2040 3453 3621 3525">
     <span class='ocr_line' id='line_1_92' title="bbox 2040 3453 3621 3525; baseline 0.004 -21"><span class='ocrx_word' id='word_1_713' title='bbox 2040 3470 2059 3504; x_wconf 74' lang='grc' dir='ltr'><strong>ε</strong></span> <span class='ocrx_word' id='word_1_714' title='bbox 2093 3455 2363 3510; x_wconf 76' lang='lat' dir='ltr'><strong>mmchata</strong></span> <span class='ocrx_word' id='word_1_715' title='bbox 2383 3462 2468 3509; x_wconf 89' lang='lat' dir='ltr'><strong>est</strong></span> <span class='ocrx_word' id='word_1_716' title='bbox 2491 3469 2617 3509; x_wconf 90' lang='lat' dir='ltr'><strong>cum</strong></span> <span class='ocrx_word' id='word_1_717' title='bbox 2647 3453 2822 3523; x_wconf 89' lang='lat' dir='ltr'><strong>lapide</strong></span> <span class='ocrx_word' id='word_1_718' title='bbox 2843 3462 2898 3508; x_wconf 90' lang='lat' dir='ltr'><strong>et</strong></span> <span class='ocrx_word' id='word_1_719' title='bbox 2917 3469 3040 3508; x_wconf 92' lang='lat' dir='ltr'><strong>eum</strong></span> <span class='ocrx_word' id='word_1_720' title='bbox 3077 3453 3243 3525; x_wconf 90' lang='lat' dir='ltr'><strong>ligno.</strong></span> <span class='ocrx_word' id='word_1_721' title='bbox 3267 3454 3335 3508; x_wconf 90' lang='lat' dir='ltr'><strong>Et</strong></span> <span class='ocrx_word' id='word_1_722' title='bbox 3360 3453 3414 3510; x_wconf 93' lang='lat' dir='ltr'><strong>in</strong></span> <span class='ocrx_word' id='word_1_723' title='bbox 3445 3455 3621 3510; x_wconf 91' lang='lat' dir='ltr'><strong>omni-</strong></span> 
     </span>
    </p>
   </div>
   <div class='ocr_carea' id='block_1_93' title="bbox 2039 3542 3622 3612">
    <p class='ocr_par' dir='ltr' id='par_1_93' title="bbox 2039 3542 3622 3612">
     <span class='ocr_line' id='line_1_93' title="bbox 2039 3542 3622 3612; baseline 0.003 -17"><span class='ocrx_word' id='word_1_724' title='bbox 2039 3561 2058 3595; x_wconf 74' lang='grc' dir='ltr'><strong><em>ι</em></strong></span> <span class='ocrx_word' id='word_1_725' title='bbox 2092 3543 2194 3598; x_wconf 90' lang='lat' dir='ltr'><strong>bus</strong></span> <span class='ocrx_word' id='word_1_726' title='bbox 2227 3543 2312 3597; x_wconf 91' lang='lat' dir='ltr'><strong>his</strong></span> <span class='ocrx_word' id='word_1_727' title='bbox 2335 3557 2441 3604; x_wconf 86' lang='lat' dir='ltr'><strong>non</strong></span> <span class='ocrx_word' id='word_1_728' title='bbox 2472 3550 2557 3598; x_wconf 79' lang='lat' dir='ltr'><strong>est</strong></span> <span class='ocrx_word' id='word_1_729' title='bbox 2581 3557 2799 3597; x_wconf 88' lang='lat' dir='ltr'><strong>reversa</strong></span> <span class='ocrx_word' id='word_1_730' title='bbox 2825 3542 2894 3598; x_wconf 88' lang='lat' dir='ltr'><strong>ad</strong></span> <span class='ocrx_word' id='word_1_731' title='bbox 2917 3555 3004 3599; x_wconf 85' lang='lat' dir='ltr'><strong>me</strong></span> <span class='ocrx_word' id='word_1_732' title='bbox 3033 3543 3438 3612; x_wconf 65' lang='lat' dir='ltr'><strong>praevaricatrix</strong></span> <span class='ocrx_word' id='word_1_733' title='bbox 3464 3557 3622 3600; x_wconf 87' lang='lat' dir='ltr'><strong>soror</strong></span> 
     </span>
    </p>
   </div>
   <div class='ocr_carea' id='block_1_94' title="bbox 2039 3630 3623 3700">
    <p class='ocr_par' dir='ltr' id='par_1_94' title="bbox 2039 3630 3623 3700">
     <span class='ocr_line' id='line_1_94' title="bbox 2039 3630 3623 3700; baseline 0.004 -16"><span class='ocrx_word' id='word_1_734' title='bbox 2039 3651 2057 3684; x_wconf 74' lang='grc' dir='ltr'>ι</span> <span class='ocrx_word' id='word_1_735' title='bbox 2094 3630 2209 3700; x_wconf 90' lang='lat' dir='ltr'><strong>ejus</strong></span> <span class='ocrx_word' id='word_1_736' title='bbox 2237 3630 2375 3686; x_wconf 84' lang='lat' dir='ltr'><strong>Juda</strong></span> <span class='ocrx_word' id='word_1_737' title='bbox 2401 3632 2455 3686; x_wconf 94' lang='lat' dir='ltr'><strong>in</strong></span> <span class='ocrx_word' id='word_1_738' title='bbox 2489 3639 2602 3687; x_wconf 91' lang='lat' dir='ltr'><strong>toto</strong></span> <span class='ocrx_word' id='word_1_739' title='bbox 2629 3634 2791 3688; x_wconf 89' lang='lat' dir='ltr'><strong>corde</strong></span> <span class='ocrx_word' id='word_1_740' title='bbox 2820 3648 2952 3699; x_wconf 91' lang='lat' dir='ltr'><strong>suo,</strong></span> <span class='ocrx_word' id='word_1_741' title='bbox 3001 3633 3098 3689; x_wconf 86' lang='lat' dir='ltr'><strong>scd</strong></span> <span class='ocrx_word' id='word_1_742' title='bbox 3128 3633 3185 3689; x_wconf 93' lang='lat' dir='ltr'><strong>in</strong></span> <span class='ocrx_word' id='word_1_743' title='bbox 3213 3632 3511 3700; x_wconf 87' lang='lat' dir='ltr'><strong>mendacio,</strong></span> <span class='ocrx_word' id='word_1_744' title='bbox 3545 3635 3623 3690; x_wconf 83' lang='lat' dir='ltr'><strong>ait</strong></span> 
     </span>
    </p>
   </div>
   <div class='ocr_carea' id='block_1_95' title="bbox 2038 3723 3620 3784">
    <p class='ocr_par' dir='ltr' id='par_1_95' title="bbox 2038 3723 3620 3784">
     <span class='ocr_line' id='line_1_95' title="bbox 2038 3723 3620 3784; baseline 0.004 -10"><span class='ocrx_word' id='word_1_745' title='bbox 2038 3741 2056 3774; x_wconf 79' lang='grc' dir='ltr'>ι</span> <span class='ocrx_word' id='word_1_746' title='bbox 2092 3723 2370 3776; x_wconf 90' lang='lat' dir='ltr'><strong>Dominus.</strong></span> <span class='ocrx_word' id='word_1_747' title='bbox 2408 3743 2426 3774; x_wconf 74' lang='grc' dir='ltr'><strong><em>ι</em></strong></span> <span class='ocrx_word' id='word_1_748' title='bbox 2469 3723 2714 3776; x_wconf 87' lang='lat' dir='ltr'><strong>Aliorum</strong></span> <span class='ocrx_word' id='word_1_749' title='bbox 2764 3732 3054 3784; x_wconf 86' lang='lat' dir='ltr'><strong>tormenta.</strong></span> <span class='ocrx_word' id='word_1_750' title='bbox 3109 3723 3340 3779; x_wconf 89' lang='lat' dir='ltr'><strong>aliorum</strong></span> <span class='ocrx_word' id='word_1_751' title='bbox 3382 3725 3620 3780; x_wconf 86' lang='lat' dir='ltr'><strong>remedia</strong></span> 
     </span>
    </p>
   </div>
   <div class='ocr_carea' id='block_1_96' title="bbox 2033 3812 3619 3885">
    <p class='ocr_par' dir='ltr' id='par_1_96' title="bbox 2033 3812 3619 3885">
     <span class='ocr_line' id='line_1_96' title="bbox 2033 3812 3619 3885; baseline 0 -15"><span class='ocrx_word' id='word_1_752' title='bbox 2033 3821 2178 3870; x_wconf 89' lang='lat' dir='ltr'><strong>sunt.</strong></span> <span class='ocrx_word' id='word_1_753' title='bbox 2195 3812 2438 3885; x_wconf 89' lang='lat' dir='ltr'><strong>Cumque</strong></span> <span class='ocrx_word' id='word_1_754' title='bbox 2461 3813 2686 3884; x_wconf 90' lang='lat' dir='ltr'><strong>punitur</strong></span> <span class='ocrx_word' id='word_1_755' title='bbox 2713 3814 2982 3870; x_wconf 89' lang='lat' dir='ltr'><strong>homicida</strong></span> <span class='ocrx_word' id='word_1_756' title='bbox 3012 3814 3206 3885; x_wconf 91' lang='lat' dir='ltr'><strong>recipit</strong></span> <span class='ocrx_word' id='word_1_757' title='bbox 3233 3813 3448 3884; x_wconf 90' lang='lat' dir='ltr'><strong>quidem</strong></span> <span class='ocrx_word' id='word_1_758' title='bbox 3476 3815 3619 3884; x_wconf 92' lang='lat' dir='ltr'><strong>quod</strong></span> 
     </span>
    </p>
   </div>
   <div class='ocr_carea' id='block_1_97' title="bbox 2032 3909 3621 3981">
    <p class='ocr_par' dir='ltr' id='par_1_97' title="bbox 2032 3909 3621 3981">
     <span class='ocr_line' id='line_1_97' title="bbox 2032 3909 3621 3981; baseline 0.001 -16"><span class='ocrx_word' id='word_1_759' title='bbox 2032 3909 2190 3977; x_wconf 88' lang='lat' dir='ltr'><strong>fecit,</strong></span> <span class='ocrx_word' id='word_1_760' title='bbox 2245 3910 2338 3966; x_wconf 89' lang='lat' dir='ltr'><strong>sed</strong></span> <span class='ocrx_word' id='word_1_761' title='bbox 2375 3910 2462 3964; x_wconf 91' lang='lat' dir='ltr'><strong>alii</strong></span> <span class='ocrx_word' id='word_1_762' title='bbox 2511 3909 2853 3965; x_wconf 91' lang='lat' dir='ltr'><strong>deterrentur</strong></span> <span class='ocrx_word' id='word_1_763' title='bbox 2877 3926 2912 3966; x_wconf 90' lang='lat' dir='ltr'><strong>a</strong></span> <span class='ocrx_word' id='word_1_764' title='bbox 2969 3910 3198 3967; x_wconf 87' lang='lat' dir='ltr'><strong>scelere.</strong></span> <span class='ocrx_word' id='word_1_765' title='bbox 3248 3910 3445 3977; x_wconf 90' lang='lat' dir='ltr'><strong>Decem</strong></span> <span class='ocrx_word' id='word_1_766' title='bbox 3492 3926 3621 3981; x_wconf 78' lang='lat' dir='ltr'><strong>ergo</strong></span> 
     </span>
    </p>
   </div>
   <div class='ocr_carea' id='block_1_98' title="bbox 2033 4001 3622 4074">
    <p class='ocr_par' dir='ltr' id='par_1_98' title="bbox 2033 4001 3622 4074">
     <span class='ocr_line' id='line_1_98' title="bbox 2033 4001 3622 4074; baseline 0.001 -19"><span class='ocrx_word' id='word_1_767' title='bbox 2033 4001 2277 4057; x_wconf 89' lang='lat' dir='ltr'><strong>tribubus</strong></span> <span class='ocrx_word' id='word_1_768' title='bbox 2337 4017 2458 4073; x_wconf 85' lang='lat' dir='ltr'><strong>quae</strong></span> <span class='ocrx_word' id='word_1_769' title='bbox 2509 4001 2920 4074; x_wconf 89' lang='lat' dir='ltr'><strong>appellabantur</strong></span> <span class='ocrx_word' id='word_1_770' title='bbox 2971 4001 3139 4059; x_wconf 88' lang='lat' dir='ltr'><strong>Israel</strong></span> <span class='ocrx_word' id='word_1_771' title='bbox 3186 4002 3359 4072; x_wconf 91' lang='lat' dir='ltr'><strong>captis</strong></span> <span class='ocrx_word' id='word_1_772' title='bbox 3397 4002 3466 4056; x_wconf 88' lang='lat' dir='ltr'><strong>ab</strong></span> <span class='ocrx_word' id='word_1_773' title='bbox 3519 4001 3622 4057; x_wconf 78' lang='lat' dir='ltr'><strong>As-</strong></span> 
     </span>
    </p>
   </div>
   <div class='ocr_carea' id='block_1_99' title="bbox 2032 4091 3620 4166">
    <p class='ocr_par' dir='ltr' id='par_1_99' title="bbox 2032 4091 3620 4166">
     <span class='ocr_line' id='line_1_99' title="bbox 2032 4091 3620 4166; baseline -0.001 -18"><span class='ocrx_word' id='word_1_774' title='bbox 2032 4094 2192 4165; x_wconf 87' lang='lat' dir='ltr'><strong>syriis</strong></span> <span class='ocrx_word' id='word_1_775' title='bbox 2215 4093 2550 4164; x_wconf 83' lang='lat' dir='ltr'><strong>Mediamque</strong></span> <span class='ocrx_word' id='word_1_776' title='bbox 2581 4093 2864 4149; x_wconf 89' lang='lat' dir='ltr'><strong>translatis</strong></span> <span class='ocrx_word' id='word_1_777' title='bbox 2893 4091 3002 4166; x_wconf 85' lang='lat' dir='ltr'><strong>(IV</strong></span> <span class='ocrx_word' id='word_1_778' title='bbox 3037 4093 3162 4164; x_wconf 85' lang='lat' dir='ltr'><strong>Reg.</strong></span> <span class='ocrx_word' id='word_1_779' title='bbox 3189 4091 3344 4165; x_wconf 82' lang='lat' dir='ltr'><strong>xvn),</strong></span> <span class='ocrx_word' id='word_1_780' title='bbox 3377 4093 3496 4147; x_wconf 64' lang='lat' dir='ltr'><strong>duae</strong></span> <span class='ocrx_word' id='word_1_781' title='bbox 3523 4093 3620 4147; x_wconf 89' lang='lat' dir='ltr'><strong>tri-</strong></span> 
     </span>
    </p>
   </div>
   <div class='ocr_carea' id='block_1_100' title="bbox 2030 4181 3614 4254">
    <p class='ocr_par' dir='ltr' id='par_1_100' title="bbox 2030 4181 3614 4254">
     <span class='ocr_line' id='line_1_100' title="bbox 2030 4181 3614 4254; baseline -0.003 -15"><span class='ocrx_word' id='word_1_782' title='bbox 2030 4184 2132 4240; x_wconf 93' lang='lat' dir='ltr'><strong>bus</strong></span> <span class='ocrx_word' id='word_1_783' title='bbox 2159 4183 2295 4240; x_wconf 84' lang='lat' dir='ltr'><strong>Juda</strong></span> <span class='ocrx_word' id='word_1_784' title='bbox 2319 4193 2374 4240; x_wconf 91' lang='lat' dir='ltr'><strong>et</strong></span> <span class='ocrx_word' id='word_1_785' title='bbox 2399 4183 2702 4254; x_wconf 75' lang='lat' dir='ltr'><strong>Beniamin,</strong></span> <span class='ocrx_word' id='word_1_786' title='bbox 2731 4199 2852 4254; x_wconf 83' lang='lat' dir='ltr'><strong>quae</strong></span> <span class='ocrx_word' id='word_1_787' title='bbox 2880 4184 3178 4240; x_wconf 88' lang='lat' dir='ltr'><strong>debuerant</strong></span> <span class='ocrx_word' id='word_1_788' title='bbox 3201 4182 3399 4238; x_wconf 91' lang='lat' dir='ltr'><strong>similia</strong></span> <span class='ocrx_word' id='word_1_789' title='bbox 3422 4181 3614 4236; x_wconf 88' lang='lat' dir='ltr'><strong>formi-</strong></span> 
     </span>
    </p>
   </div>
   <div class='ocr_carea' id='block_1_101' title="bbox 2029 4271 3610 4350">
    <p class='ocr_par' dir='ltr' id='par_1_101' title="bbox 2029 4271 3610 4350">
     <span class='ocr_line' id='line_1_101' title="bbox 2029 4271 3610 4350; baseline -0.003 -19"><span class='ocrx_word' id='word_1_790' title='bbox 2029 4275 2181 4344; x_wconf 89' lang='lat' dir='ltr'><strong>dare,</strong></span> <span class='ocrx_word' id='word_1_791' title='bbox 2207 4285 2263 4332; x_wconf 92' lang='lat' dir='ltr'><strong>et</strong></span> <span class='ocrx_word' id='word_1_792' title='bbox 2287 4285 2400 4332; x_wconf 85' lang='lat' dir='ltr'><strong>tota</strong></span> <span class='ocrx_word' id='word_1_793' title='bbox 2427 4276 2494 4332; x_wconf 91' lang='lat' dir='ltr'><strong>ad</strong></span> <span class='ocrx_word' id='word_1_794' title='bbox 2521 4275 2691 4331; x_wconf 91' lang='lat' dir='ltr'><strong>Deum</strong></span> <span class='ocrx_word' id='word_1_795' title='bbox 2718 4286 2898 4331; x_wconf 89' lang='lat' dir='ltr'><strong>mente</strong></span> <span class='ocrx_word' id='word_1_796' title='bbox 2941 4273 3208 4339; x_wconf 87' lang='lat' dir='ltr'><strong>converti,</strong></span> <span class='ocrx_word' id='word_1_797' title='bbox 3245 4273 3491 4350; x_wconf 62' lang='lat' dir='ltr'><strong>vicerunt</strong></span> <span class='ocrx_word' id='word_1_798' title='bbox 3517 4271 3610 4326; x_wconf 90' lang='lat' dir='ltr'><strong>de-</strong></span> 
     </span>
    </p>
   </div>
   <div class='ocr_carea' id='block_1_102' title="bbox 2029 4363 3619 4434">
    <p class='ocr_par' dir='ltr' id='par_1_102' title="bbox 2029 4363 3619 4434">
     <span class='ocr_line' id='line_1_102' title="bbox 2029 4363 3619 4434; baseline -0.006 -10"><span class='ocrx_word' id='word_1_799' title='bbox 2029 4383 2146 4424; x_wconf 92' lang='lat' dir='ltr'><strong>cem</strong></span> <span class='ocrx_word' id='word_1_800' title='bbox 2169 4369 2405 4424; x_wconf 90' lang='lat' dir='ltr'><strong>tribuum</strong></span> <span class='ocrx_word' id='word_1_801' title='bbox 2433 4367 2659 4434; x_wconf 91' lang='lat' dir='ltr'><strong>scelera,</strong></span> <span class='ocrx_word' id='word_1_802' title='bbox 2677 4375 2733 4423; x_wconf 91' lang='lat' dir='ltr'><strong>et</strong></span> <span class='ocrx_word' id='word_1_803' title='bbox 2759 4366 2815 4422; x_wconf 93' lang='lat' dir='ltr'><strong>in</strong></span> <span class='ocrx_word' id='word_1_804' title='bbox 2843 4374 3054 4421; x_wconf 89' lang='lat' dir='ltr'><strong>tantum</strong></span> <span class='ocrx_word' id='word_1_805' title='bbox 3079 4363 3222 4420; x_wconf 90' lang='lat' dir='ltr'><strong>idola</strong></span> <span class='ocrx_word' id='word_1_806' title='bbox 3254 4370 3380 4418; x_wconf 92' lang='lat' dir='ltr'><strong>sunt</strong></span> <span class='ocrx_word' id='word_1_807' title='bbox 3399 4369 3619 4426; x_wconf 64' lang='lat' dir='ltr'><strong>secutaa,</strong></span> 
     </span>
    </p>
   </div>
   <div class='ocr_carea' id='block_1_103' title="bbox 2028 4451 3623 4530">
    <p class='ocr_par' dir='ltr' id='par_1_103' title="bbox 2028 4451 3623 4530">
     <span class='ocr_line' id='line_1_103' title="bbox 2028 4451 3623 4530; baseline -0.005 -16"><span class='ocrx_word' id='word_1_808' title='bbox 2028 4469 2090 4514; x_wconf 92' lang='lat' dir='ltr'><strong>ut</strong></span> <span class='ocrx_word' id='word_1_809' title='bbox 2111 4461 2166 4516; x_wconf 92' lang='lat' dir='ltr'><strong>in</strong></span> <span class='ocrx_word' id='word_1_810' title='bbox 2195 4460 2392 4530; x_wconf 91' lang='lat' dir='ltr'><strong>templo</strong></span> <span class='ocrx_word' id='word_1_811' title='bbox 2406 4459 2502 4516; x_wconf 91' lang='lat' dir='ltr'><strong>Dei</strong></span> <span class='ocrx_word' id='word_1_812' title='bbox 2529 4468 2764 4515; x_wconf 88' lang='lat' dir='ltr'><strong>statuam</strong></span> <span class='ocrx_word' id='word_1_813' title='bbox 2779 4458 2909 4513; x_wconf 89' lang='lat' dir='ltr'><strong>Baal</strong></span> <span class='ocrx_word' id='word_1_814' title='bbox 2931 4463 3215 4528; x_wconf 89' lang='lat' dir='ltr'><strong>ponerent,</strong></span> <span class='ocrx_word' id='word_1_815' title='bbox 3240 4469 3360 4525; x_wconf 65' lang='lat' dir='ltr'><strong>quae</strong></span> <span class='ocrx_word' id='word_1_816' title='bbox 3387 4454 3439 4508; x_wconf 91' lang='lat' dir='ltr'><strong>in</strong></span> <span class='ocrx_word' id='word_1_817' title='bbox 3487 4451 3623 4506; x_wconf 86' lang='lat' dir='ltr'><strong>Eze-</strong></span> 
     </span>
    </p>
   </div>
   <div class='ocr_carea' id='block_1_104' title="bbox 2030 4541 3620 4621">
    <p class='ocr_par' dir='ltr' id='par_1_104' title="bbox 2030 4541 3620 4621">
     <span class='ocr_line' id='line_1_104' title="bbox 2030 4541 3620 4621; baseline -0.006 -17"><span class='ocrx_word' id='word_1_818' title='bbox 2030 4549 2202 4604; x_wconf 88' lang='lat' dir='ltr'><strong>chiele</strong></span> <span class='ocrx_word' id='word_1_819' title='bbox 2231 4549 2448 4621; x_wconf 76' lang='lat' dir='ltr'><strong>(Ezeclt.</strong></span> <span class='ocrx_word' id='word_1_820' title='bbox 2479 4547 2645 4617; x_wconf 77' lang='lat' dir='ltr'><strong>xvm)</strong></span> <span class='ocrx_word' id='word_1_821' title='bbox 2691 4555 2916 4602; x_wconf 88' lang='lat' dir='ltr'><strong>vocatur</strong></span> <span class='ocrx_word' id='word_1_822' title='bbox 2963 4545 3183 4609; x_wconf 81' lang='lat' dir='ltr'><strong>idolum,</strong></span> <span class='ocrx_word' id='word_1_823' title='bbox 3235 4543 3301 4597; x_wconf 91' lang='lat' dir='ltr'><strong>ad</strong></span> <span class='ocrx_word' id='word_1_824' title='bbox 3345 4541 3516 4596; x_wconf 84' lang='lat' dir='ltr'><strong>zelum</strong></span> <span class='ocrx_word' id='word_1_825' title='bbox 3563 4547 3620 4596; x_wconf 91' lang='lat' dir='ltr'><strong>et</strong></span> 
     </span>
    </p>
   </div>
   <div class='ocr_carea' id='block_1_105' title="bbox 2031 4634 3618 4704">
    <p class='ocr_par' dir='ltr' id='par_1_105' title="bbox 2031 4634 3618 4704">
     <span class='ocr_line' id='line_1_105' title="bbox 2031 4634 3618 4704; baseline -0.006 -10"><span class='ocrx_word' id='word_1_826' title='bbox 2031 4640 2424 4695; x_wconf 70' lang='lat' dir='ltr'><strong>aemulationem</strong></span> <span class='ocrx_word' id='word_1_827' title='bbox 2472 4639 2684 4693; x_wconf 88' lang='lat' dir='ltr'><strong>Domini</strong></span> <span class='ocrx_word' id='word_1_828' title='bbox 2731 4639 3073 4692; x_wconf 87' lang='lat' dir='ltr'><strong>collocatum.</strong></span> <span class='ocrx_word' id='word_1_829' title='bbox 3125 4634 3390 4704; x_wconf 91' lang='lat' dir='ltr'><strong>Loquitur</strong></span> <span class='ocrx_word' id='word_1_830' title='bbox 3437 4641 3618 4685; x_wconf 89' lang='lat' dir='ltr'><strong>autem</strong></span> 
     </span>
    </p>
   </div>
   <div class='ocr_carea' id='block_1_106' title="bbox 2021 4721 3620 4801">
    <p class='ocr_par' dir='ltr' id='par_1_106' title="bbox 2021 4721 3620 4801">
     <span class='ocr_line' id='line_1_106' title="bbox 2021 4721 3620 4801; baseline -0.006 -16"><span class='ocrx_word' id='word_1_831' title='bbox 2021 4729 2131 4801; x_wconf 75' lang='lat' dir='ltr'><strong>sul.</strong></span> <span class='ocrx_word' id='word_1_832' title='bbox 2159 4731 2329 4800; x_wconf 83' lang='lat' dir='ltr'><strong>figura</strong></span> <span class='ocrx_word' id='word_1_833' title='bbox 2359 4731 2585 4785; x_wconf 90' lang='lat' dir='ltr'><strong>duarum</strong></span> <span class='ocrx_word' id='word_1_834' title='bbox 2610 4742 2879 4793; x_wconf 89' lang='lat' dir='ltr'><strong>sororum,</strong></span> <span class='ocrx_word' id='word_1_835' title='bbox 2908 4728 3034 4796; x_wconf 88' lang='lat' dir='ltr'><strong>quia</strong></span> <span class='ocrx_word' id='word_1_836' title='bbox 3065 4728 3131 4781; x_wconf 91' lang='lat' dir='ltr'><strong>de</strong></span> <span class='ocrx_word' id='word_1_837' title='bbox 3159 4739 3266 4778; x_wconf 90' lang='lat' dir='ltr'><strong>una</strong></span> <span class='ocrx_word' id='word_1_838' title='bbox 3293 4731 3421 4779; x_wconf 91' lang='lat' dir='ltr'><strong>sunt</strong></span> <span class='ocrx_word' id='word_1_839' title='bbox 3445 4721 3620 4776; x_wconf 84' lang='lat' dir='ltr'><strong>Abra-</strong></span> 
     </span>
    </p>
   </div>
   <div class='ocr_carea' id='block_1_107' title="bbox 2035 4809 3621 4892">
    <p class='ocr_par' dir='ltr' id='par_1_107' title="bbox 2035 4809 3621 4892">
     <span class='ocr_line' id='line_1_107' title="bbox 2035 4809 3621 4892; baseline -0.006 -14"><span class='ocrx_word' id='word_1_840' title='bbox 2035 4823 2181 4889; x_wconf 88' lang='lat' dir='ltr'><strong>ham,</strong></span> <span class='ocrx_word' id='word_1_841' title='bbox 2209 4831 2265 4878; x_wconf 90' lang='lat' dir='ltr'><strong>et</strong></span> <span class='ocrx_word' id='word_1_842' title='bbox 2289 4822 2464 4888; x_wconf 87' lang='lat' dir='ltr'><strong>Isaac,</strong></span> <span class='ocrx_word' id='word_1_843' title='bbox 2490 4830 2544 4877; x_wconf 92' lang='lat' dir='ltr'><strong>et</strong></span> <span class='ocrx_word' id='word_1_844' title='bbox 2588 4819 2756 4877; x_wconf 80' lang='lat' dir='ltr'><strong>Jacob</strong></span> <span class='ocrx_word' id='word_1_845' title='bbox 2787 4821 2954 4890; x_wconf 87' lang='lat' dir='ltr'><strong>stirpe</strong></span> <span class='ocrx_word' id='word_1_846' title='bbox 2991 4826 3282 4892; x_wconf 72' lang='lat' dir='ltr'><strong>generatae,</strong></span> <span class='ocrx_word' id='word_1_847' title='bbox 3307 4824 3360 4872; x_wconf 92' lang='lat' dir='ltr'><strong>et</strong></span> <span class='ocrx_word' id='word_1_848' title='bbox 3386 4809 3621 4886; x_wconf 79' lang='lat' dir='ltr'><strong>priorem</strong></span> 
     </span>
    </p>
   </div>
   <div class='ocr_carea' id='block_1_108' title="bbox 2033 4904 3620 4984">
    <p class='ocr_par' dir='ltr' id='par_1_108' title="bbox 2033 4904 3620 4984">
     <span class='ocr_line' id='line_1_108' title="bbox 2033 4904 3620 4984; baseline -0.008 -14"><span class='ocrx_word' id='word_1_849' title='bbox 2033 4914 2436 4980; x_wconf 84' lang='lat' dir='ltr'><strong>aversatricem,</strong></span> <span class='ocrx_word' id='word_1_850' title='bbox 2464 4921 2776 4984; x_wconf 90' lang='lat' dir='ltr'><strong>sequentem</strong></span> <span class='ocrx_word' id='word_1_851' title='bbox 2797 4907 3293 4981; x_wconf 64' lang='lat' dir='ltr'><strong>praavaricatricem</strong></span> <span class='ocrx_word' id='word_1_852' title='bbox 3320 4914 3496 4962; x_wconf 89' lang='lat' dir='ltr'><strong>vocat.</strong></span> <span class='ocrx_word' id='word_1_853' title='bbox 3525 4904 3620 4970; x_wconf 84' lang='lat' dir='ltr'><strong>llla</strong></span> 
     </span>
    </p>
   </div>
   <div class='ocr_carea' id='block_1_109' title="bbox 2034 4995 3621 5074">
    <p class='ocr_par' dir='ltr' id='par_1_109' title="bbox 2034 4995 3621 5074">
     <span class='ocr_line' id='line_1_109' title="bbox 2034 4995 3621 5074; baseline -0.008 -13"><span class='ocrx_word' id='word_1_854' title='bbox 2034 5006 2178 5061; x_wconf 89' lang='lat' dir='ltr'><strong>enim</strong></span> <span class='ocrx_word' id='word_1_855' title='bbox 2218 5006 2386 5061; x_wconf 90' lang='lat' dir='ltr'><strong>Deum</strong></span> <span class='ocrx_word' id='word_1_856' title='bbox 2416 5004 2630 5074; x_wconf 90' lang='lat' dir='ltr'><strong>penitus</strong></span> <span class='ocrx_word' id='word_1_857' title='bbox 2657 5009 2906 5056; x_wconf 88' lang='lat' dir='ltr'><strong>aversata</strong></span> <span class='ocrx_word' id='word_1_858' title='bbox 2929 5001 3049 5066; x_wconf 90' lang='lat' dir='ltr'><strong>est‘,</strong></span> <span class='ocrx_word' id='word_1_859' title='bbox 3079 4997 3265 5054; x_wconf 89' lang='lat' dir='ltr'><strong>statim</strong></span> <span class='ocrx_word' id='word_1_860' title='bbox 3294 4996 3536 5051; x_wconf 89' lang='lat' dir='ltr'><strong>adoratis</strong></span> <span class='ocrx_word' id='word_1_861' title='bbox 3563 4995 3621 5050; x_wconf 87' lang='lat' dir='ltr'><strong>in</strong></span> 
     </span>
    </p>
   </div>
   <div class='ocr_carea' id='block_1_110' title="bbox 2035 5082 3672 5170">
    <p class='ocr_par' dir='ltr' id='par_1_110' title="bbox 2035 5082 3672 5170">
     <span class='ocr_line' id='line_1_110' title="bbox 2035 5082 3672 5170; baseline -0.008 -16"><span class='ocrx_word' id='word_1_862' title='bbox 2035 5099 2152 5154; x_wconf 91' lang='lat' dir='ltr'><strong>Dan</strong></span> <span class='ocrx_word' id='word_1_863' title='bbox 2180 5106 2235 5153; x_wconf 90' lang='lat' dir='ltr'><strong>et</strong></span> <span class='ocrx_word' id='word_1_864' title='bbox 2277 5095 2460 5151; x_wconf 90' lang='lat' dir='ltr'><strong>Bethel</strong></span> <span class='ocrx_word' id='word_1_865' title='bbox 2488 5095 2668 5150; x_wconf 86' lang='lat' dir='ltr'><strong>vitulis</strong></span> <span class='ocrx_word' id='word_1_866' title='bbox 2697 5093 2906 5156; x_wconf 88' lang='lat' dir='ltr'><strong>aureis,</strong></span> <span class='ocrx_word' id='word_1_867' title='bbox 2937 5082 3039 5146; x_wconf 88' lang='lat' dir='ltr'><strong>ista</strong></span> <span class='ocrx_word' id='word_1_868' title='bbox 3077 5099 3258 5144; x_wconf 92' lang='lat' dir='ltr'><strong>autem</strong></span> <span class='ocrx_word' id='word_1_869' title='bbox 3288 5087 3428 5157; x_wconf 91' lang='lat' dir='ltr'><strong>apud</strong></span> <span class='ocrx_word' id='word_1_870' title='bbox 3457 5102 3618 5156; x_wconf 84' lang='lat' dir='ltr'><strong>quam</strong></span> <span class='ocrx_word' id='word_1_871' title='bbox 3659 5160 3672 5170; x_wconf 33' lang='lat'><strong>~</strong></span> 
     </span>
    </p>
   </div>
   <div class='ocr_carea' id='block_1_111' title="bbox 2031 5180 3614 5260">
    <p class='ocr_par' dir='ltr' id='par_1_111' title="bbox 2031 5180 3614 5260">
     <span class='ocr_line' id='line_1_111' title="bbox 2031 5180 3614 5260; baseline -0.009 -15"><span class='ocrx_word' id='word_1_872' title='bbox 2031 5197 2152 5245; x_wconf 89' lang='lat' dir='ltr'><strong>erat</strong></span> <span class='ocrx_word' id='word_1_873' title='bbox 2177 5187 2452 5257; x_wconf 89' lang='lat' dir='ltr'><strong>templum,</strong></span> <span class='ocrx_word' id='word_1_874' title='bbox 2483 5198 2537 5241; x_wconf 91' lang='lat' dir='ltr'><strong>et</strong></span> <span class='ocrx_word' id='word_1_875' title='bbox 2557 5186 2668 5240; x_wconf 89' lang='lat' dir='ltr'><strong>veri</strong></span> <span class='ocrx_word' id='word_1_876' title='bbox 2693 5185 2787 5238; x_wconf 90' lang='lat' dir='ltr'><strong>Dei</strong></span> <span class='ocrx_word' id='word_1_877' title='bbox 2810 5183 3000 5254; x_wconf 89' lang='lat' dir='ltr'><strong>religio</strong></span> <span class='ocrx_word' id='word_1_878' title='bbox 3019 5180 3317 5260; x_wconf 88' lang='lat' dir='ltr'><strong>imitatione</strong></span> <span class='ocrx_word' id='word_1_879' title='bbox 3343 5192 3614 5250; x_wconf 65' lang='lat' dir='ltr'><strong>germanae</strong></span> 
     </span>
    </p>
   </div>
   <div class='ocr_carea' id='block_1_112' title="bbox 2031 5270 3619 5353">
    <p class='ocr_par' dir='ltr' id='par_1_112' title="bbox 2031 5270 3619 5353">
     <span class='ocr_line' id='line_1_112' title="bbox 2031 5270 3619 5353; baseline -0.008 -17"><span class='ocrx_word' id='word_1_880' title='bbox 2031 5281 2290 5353; x_wconf 89' lang='lat' dir='ltr'><strong>paulatim</strong></span> <span class='ocrx_word' id='word_1_881' title='bbox 2337 5279 2561 5334; x_wconf 91' lang='lat' dir='ltr'><strong>recessit</strong></span> <span class='ocrx_word' id='word_1_882' title='bbox 2597 5293 2629 5331; x_wconf 89' lang='lat' dir='ltr'><strong>a</strong></span> <span class='ocrx_word' id='word_1_883' title='bbox 2667 5276 2894 5332; x_wconf 91' lang='lat' dir='ltr'><strong>Domino</strong></span> <span class='ocrx_word' id='word_1_884' title='bbox 2947 5271 3067 5345; x_wconf 88' lang='lat' dir='ltr'><strong><em>(III</em></strong></span> <span class='ocrx_word' id='word_1_885' title='bbox 3106 5273 3232 5344; x_wconf 83' lang='lat' dir='ltr'><strong>Reg.</strong></span> <span class='ocrx_word' id='word_1_886' title='bbox 3265 5270 3387 5327; x_wconf 79' lang='lat' dir='ltr'><strong>ml.</strong></span> <span class='ocrx_word' id='word_1_887' title='bbox 3419 5271 3488 5326; x_wconf 85' lang='lat' dir='ltr'><strong>Et</strong></span> <span class='ocrx_word' id='word_1_888' title='bbox 3537 5270 3619 5325; x_wconf 86' lang='lat' dir='ltr'><strong>id-</strong></span> 
     </span>
    </p>
   </div>
   <div class='ocr_carea' id='block_1_113' title="bbox 2033 5365 3615 5442">
    <p class='ocr_par' dir='ltr' id='par_1_113' title="bbox 2033 5365 3615 5442">
     <span class='ocr_line' id='line_1_113' title="bbox 2033 5365 3615 5442; baseline -0.009 -14"><span class='ocrx_word' id='word_1_889' title='bbox 2033 5374 2181 5428; x_wconf 90' lang='lat' dir='ltr'><strong>circo</strong></span> <span class='ocrx_word' id='word_1_890' title='bbox 2207 5369 2612 5442; x_wconf 70' lang='lat' dir='ltr'><strong>pracvaricatrix</strong></span> <span class='ocrx_word' id='word_1_891' title='bbox 2648 5367 2865 5433; x_wconf 92' lang='lat' dir='ltr'><strong>dicitur,</strong></span> <span class='ocrx_word' id='word_1_892' title='bbox 2895 5365 3189 5422; x_wconf 90' lang='lat' dir='ltr'><strong>secundum</strong></span> <span class='ocrx_word' id='word_1_893' title='bbox 3223 5366 3491 5440; x_wconf 68' lang='grc' dir='ltr'><strong>ἀναγωγήν</strong></span> <span class='ocrx_word' id='word_1_894' title='bbox 3514 5375 3615 5415; x_wconf 82' lang='lat' dir='ltr'><strong>au-</strong></span> 
     </span>
    </p>
   </div>
   <div class='ocr_carea' id='block_1_114' title="bbox 2035 5452 3610 5538">
    <p class='ocr_par' dir='ltr' id='par_1_114' title="bbox 2035 5452 3610 5538">
     <span class='ocr_line' id='line_1_114' title="bbox 2035 5452 3610 5538; baseline -0.009 -17"><span class='ocrx_word' id='word_1_895' title='bbox 2035 5475 2140 5522; x_wconf 90' lang='lat' dir='ltr'><strong>tem</strong></span> <span class='ocrx_word' id='word_1_896' title='bbox 2181 5466 2248 5520; x_wconf 89' lang='lat' dir='ltr'><strong>de</strong></span> <span class='ocrx_word' id='word_1_897' title='bbox 2277 5461 2546 5518; x_wconf 63' lang='lat' dir='ltr'><strong>haereticis</strong></span> <span class='ocrx_word' id='word_1_898' title='bbox 2575 5461 2859 5532; x_wconf 87' lang='lat' dir='ltr'><strong>prophetia</strong></span> <span class='ocrx_word' id='word_1_899' title='bbox 2901 5467 3004 5526; x_wconf 90' lang='lat' dir='ltr'><strong>est,</strong></span> <span class='ocrx_word' id='word_1_900' title='bbox 3033 5458 3162 5528; x_wconf 89' lang='lat' dir='ltr'><strong>quia</strong></span> <span class='ocrx_word' id='word_1_901' title='bbox 3201 5455 3324 5512; x_wconf 88' lang='lat' dir='ltr'><strong>falsi</strong></span> <span class='ocrx_word' id='word_1_902' title='bbox 3373 5452 3610 5538; x_wconf 83' lang='lat' dir='ltr'><strong>nominis</strong></span> 
     </span>
    </p>
   </div>
   <div class='ocr_carea' id='block_1_115' title="bbox 2033 5543 3618 5612">
    <p class='ocr_par' dir='ltr' id='par_1_115' title="bbox 2033 5543 3618 5612">
     <span class='ocr_line' id='line_1_115' title="bbox 2033 5543 3618 5612; baseline -0.009 0"><span class='ocrx_word' id='word_1_903' title='bbox 2033 5555 2315 5612; x_wconf 88' lang='lat' dir='ltr'><strong>scientiam</strong></span> <span class='ocrx_word' id='word_1_904' title='bbox 2367 5552 2491 5607; x_wconf 90' lang='lat' dir='ltr'><strong>dum</strong></span> <span class='ocrx_word' id='word_1_905' title='bbox 2539 5565 2598 5607; x_wconf 89' lang='lat' dir='ltr'><strong>se</strong></span> <span class='ocrx_word' id='word_1_906' title='bbox 2643 5551 2975 5606; x_wconf 87' lang='lat' dir='ltr'><strong>arbitrantur</strong></span> <span class='ocrx_word' id='word_1_907' title='bbox 3015 5547 3272 5604; x_wconf 67' lang='lat' dir='ltr'><strong>haeretica</strong></span> <span class='ocrx_word' id='word_1_908' title='bbox 3319 5543 3618 5599; x_wconf 71' lang='lat' dir='ltr'><strong>subtilitate</strong></span> 
     </span>
    </p>
   </div>
   <div class='ocr_carea' id='block_1_116' title="bbox 2033 5635 3614 5711">
    <p class='ocr_par' dir='ltr' id='par_1_116' title="bbox 2033 5635 3614 5711">
     <span class='ocr_line' id='line_1_116' title="bbox 2033 5635 3614 5711; baseline -0.011 -7"><span class='ocrx_word' id='word_1_909' title='bbox 2033 5647 2250 5711; x_wconf 88' lang='lat' dir='ltr'><strong>sectari,</strong></span> <span class='ocrx_word' id='word_1_910' title='bbox 2280 5646 2577 5702; x_wconf 88' lang='lat' dir='ltr'><strong>ascendunt</strong></span> <span class='ocrx_word' id='word_1_911' title='bbox 2615 5651 2853 5699; x_wconf 90' lang='lat' dir='ltr'><strong>montem</strong></span> <span class='ocrx_word' id='word_1_912' title='bbox 2883 5642 3172 5711; x_wconf 62' lang='lat' dir='ltr'><strong>superbia},</strong></span> <span class='ocrx_word' id='word_1_913' title='bbox 3197 5646 3254 5693; x_wconf 87' lang='lat' dir='ltr'><strong>et</strong></span> <span class='ocrx_word' id='word_1_914' title='bbox 3285 5637 3465 5693; x_wconf 89' lang='lat' dir='ltr'><strong>carnis</strong></span> <span class='ocrx_word' id='word_1_915' title='bbox 3510 5635 3614 5688; x_wconf 86' lang='lat' dir='ltr'><strong>bu-</strong></span> 
     </span>
    </p>
   </div>
   <div class='ocr_carea' id='block_1_117' title="bbox 2024 5724 3616 5826">
    <p class='ocr_par' dir='ltr' id='par_1_117' title="bbox 2024 5724 3616 5826">
     <span class='ocr_line' id='line_1_117' title="bbox 2024 5724 3616 5826; baseline -0.012 -28"><span class='ocrx_word' id='word_1_916' title='bbox 2024 5741 2117 5812; x_wconf 89' lang='lat' dir='ltr'><strong>jus</strong></span> <span class='ocrx_word' id='word_1_917' title='bbox 2165 5737 2525 5810; x_wconf 86' lang='lat' dir='ltr'><strong>voluptatibus</strong></span> <span class='ocrx_word' id='word_1_918' title='bbox 2570 5733 2777 5826; x_wconf 81' lang='lat' dir='ltr'><strong>deliniti</strong></span> <span class='ocrx_word' id='word_1_919' title='bbox 2813 5733 2917 5793; x_wconf 83' lang='lat' dir='ltr'><strong>sub</strong></span> <span class='ocrx_word' id='word_1_920' title='bbox 2946 5733 3095 5810; x_wconf 89' lang='lat' dir='ltr'><strong>omni</strong></span> <span class='ocrx_word' id='word_1_921' title='bbox 3131 5729 3276 5802; x_wconf 87' lang='lat' dir='ltr'><strong>ligno</strong></span> <span class='ocrx_word' id='word_1_922' title='bbox 3319 5724 3616 5783; x_wconf 85' lang='lat' dir='ltr'><strong>frondonso</strong></span> 
     </span>
    </p>
   </div>
  </div>
