4008 6340
411 304 517 364 821

1053 297 1116 352 B.
1153 294 1410 352 RABANI
1446 293 1666 354 MAURI
1707 249 2029 350 ARCHIEP.
2070 265 2382 348 bonum.
2422 287 2710 350 cessum
2741 287 2924 346 rans
2957 289 3046 346 III.

3552 295 3676 360 828

407 427 466 478 et
509 429 725 477 amomo
766 419 1040 486 exponunt
1063 410 1479 468 fornicationem
1522 422 1694 466 suam.
1725 405 1827 474 Qui
1857 420 1979 460 cum
2006 405 2062 468 Α
2084 409 2138 458 et
2150 411 2356 460 arctam
2371 403 2908 476 viamingredientes,
2921 418 3042 484 quae
3060 404 3288 466 ducitad
3305 405 3678 468 vitamznunc

407 506 695 585 traduntur
755 502 966 560 diabolo
1021 503 1078 558 in
1127 499 1407 560 interitum
1458 499 1674 563 carnis,
1735 497 1984 572 frequen-

409 607 492 674 ter
517 597 720 674 evenit,
748 603 808 650 ut
839 595 1031 650 domus
1080 590 1250 657 Juda,
1281 590 1336 646 id
1375 597 1480 656 est,
1529 589 1899 652 confessionis,
1932 594 1987 660 et

407 705 554 756 verae
579 688 722 754 ﬁdei,
750 703 1088 765 nequaquam
1125 693 1390 742 terreatur
1409 683 1676 754 exemplo,
1699 684 1793 754 sed
1819 682 1985 739 multo

411 782 618 852 majora
669 780 1002 844 committat,
1053 785 1106 833 et
1155 775 1416 832 facilitate
1458 775 1827 830 fornicationis
1873 790 1986 830 suae

412 872 747 940 contaminet
779 879 977 928 terram
1017 869 1294 936 Ecclesiae,
1325 877 1380 924 et
1429 869 1733 928 mcecbetur
1757 883 1880 924 cum
1907 867 1987 922 la-

410 966 532 1038 pide
557 975 611 1021 et
641 965 803 1038 ligno,
833 978 898 1020 ea
943 976 1178 1034 sequens
1207 962 1476 1033 dogmata,
1523 975 1641 1031 quas
1681 959 1986 1021 adversaria

411 1055 524 1124 Deo
549 1063 690 1110 sunt.
725 1053 818 1108 Sin
841 1060 1024 1108 autem
1065 1051 1466 1119 ecclesiasticus
1486 1051 1570 1106 vir
1601 1050 1870 1124 corrigere
1898 1067 1991 1107 vo-

411 1143 576 1203 luerit
606 1151 878 1213 errantem
925 1149 980 1200 et
1021 1141 1268 1212 putridas
1301 1157 1548 1198 resecare
1577 1157 1790 1208 carnes,
1827 1150 1883 1201 et
1921 1142 1988 1198 ad

409 1236 782 1310 paenitentiam
825 1236 1106 1306 retrahere
1128 1249 1244 1301 eos,
1276 1234 1371 1306 qui
1397 1235 1565 1292 secuti
1599 1233 1816 1290 fuerunt
1840 1233 1988 1292 falsi-

411 1336 596 1393 tatem,
633 1343 697 1382 ac
727 1327 1076 1382 nihilominus
1113 1326 1191 1382 illi
1239 1327 1340 1382 sub
1381 1327 1561 1396 specie
1612 1326 1989 1387 ecclesiasticae

342 1427 358 1438 ’
407 1419 653 1475 veritatis
679 1420 960 1490 antiquum
991 1427 1286 1494 sequantur
1308 1433 1571 1484 errorem,
1599 1418 1704 1474 dici
1726 1427 1902 1496 potest
1925 1419 1990 1476 de

409 1509 488 1574 eis
519 1527 533 1562 :
562 1509 619 1564 In
657 1509 906 1568 omnibus
933 1510 1020 1566 his
1055 1524 1166 1566 non
1198 1517 1281 1572 cst
1305 1524 1523 1563 reversa
1548 1508 1617 1562 ad
1661 1523 1746 1564 me
1784 1524 1991 1583 prazva-

411 1599 636 1655 ricatrix
657 1598 796 1655 Iuda
824 1600 878 1654 in
904 1607 1018 1656 toto
1037 1599 1202 1664 corde
1223 1613 1340 1662 suo,
1370 1601 1467 1654 sed
1497 1599 1551 1653 in
1573 1598 1877 1675 mendacio.
1905 1599 1992 1654 Fit

409 1700 590 1752 autem
619 1691 735 1750 haec
768 1691 1049 1762 prephctia
1077 1691 1409 1764 temporibus
1460 1687 1622 1746 Josite
1671 1691 1814 1764 regis
1836 1691 1989 1762 justi,

2081 509 2212 550 vero
2249 497 2464 566 quando
2519 497 2649 554 facti
2711 511 2899 552 sumus
2937 496 3120 568 plures
3151 515 3166 552 :
3222 518 3240 550 ‹
3271 499 3420 557 Multi
3459 506 3673 574 vocati,

2081 586 2240 658 pauci
2261 594 2442 642 autem
2467 587 2622 642 electi
2651 585 2866 659 (Matth.
2899 587 3058 658 χχιι).
3099 608 3117 641 ι
3160 587 3240 644 Ex
3267 591 3433 648 tantis
3461 591 3676 654 Christi

2083 696 2248 734 unam
2277 680 2436 735 ﬁdem
2474 680 2871 751 pollicentibus,
2925 681 3083 752 pauci
3133 683 3267 741 satis
3296 684 3676 756 reperiuntur,

2085 773 2175 847 qui
2206 774 2442 850 habeant
2469 773 2628 832 ﬁdem
2647 815 2663 842 ,
2692 790 2820 833 vera
2848 775 3182 833 beatitudine
3214 779 3453 853 dignam.
3478 778 3537 836 Si
3562 781 3678 836 ita-

2085 881 2190 937 que
2215 865 2346 922 dicit
2371 867 2608 938 primum
2631 881 2646 922 :
2669 867 2852 923 dimisi
2899 879 3120 942 propter
3145 879 3370 940 peccata
3397 871 3580 936 Israel,
3615 883 3679 928 et

2087 955 2280 1026 reliqui
2303 972 2420 1011 eam
2451 957 2506 1012 in
2539 957 2955 1017 comminatione
2981 976 2996 1026 ;
3028 959 3192 1016 Iudas
3229 967 3411 1016 autem
3441 963 3678 1020 audiens

2085 1061 2169 1114 ea,
2197 1063 2318 1118 qua:
2346 1047 2656 1104 acciderant
2685 1046 2869 1115 Israel,
2899 1050 3071 1106 noluit
3093 1051 3160 1105 ad
3184 1067 3270 1106 me
3298 1053 3572 1121 converti,
3599 1053 3679 1110 de

2088 1146 2288 1196 nostris
2318 1138 2552 1210 loquitur
2565 1140 2929 1212 peccatis,qui
2958 1140 3198 1213 legentes
3224 1158 3446 1213 ea,qu:e
3473 1159 3680 1214 passus

2087 1236 2170 1284 est
2189 1228 2416 1302 populus
2438 1228 2765 1300 Iudaeorum,
2791 1247 2898 1286 non
2933 1232 3184 1290 timemus
3205 1251 3382 1308 neque
3414 1237 3674 1306 dicimus,

2091 1317 2148 1375 Si
2172 1321 2509 1378 naturalibus
2533 1322 2698 1378 ramis
2721 1339 2828 1379 non
2858 1321 3284 1396 pepercitDeus,
3315 1341 3520 1402 quanto
3548 1348 3676 1387 ma-

2089 1413 2172 1488 gis
2197 1429 2370 1483 neque
2395 1413 2550 1469 nobis
2575 1425 2760 1488 parcet
2783 1415 2925 1472 Deus
2958 1435 2972 1471 :
3007 1420 3056 1474 si
3084 1418 3206 1476 illos
3234 1421 3529 1494 gloriantes
3548 1440 3678 1480 csse

2092 1518 2150 1558 se
2185 1503 2382 1559 olivam
2409 1505 2605 1560 bonam
2625 1513 2680 1560 et
2717 1507 2784 1562 de
2805 1508 2986 1565 radice
3011 1511 3468 1582 patriarcharum,
3499 1516 3680 1572 Abra-

2093 1595 2238 1661 ham,
2291 1598 2440 1654 Isaac
2477 1608 2532 1658 et
2589 1597 2776 1668 Iacob,
2830 1599 3100 1670 Christus,
3129 1605 3223 1674 qui
3273 1608 3456 1664 suavis
3497 1618 3580 1664 est
3619 1617 3684 1664 et

2095 1691 2547 1752 clementissimus
2600 1694 2776 1765 Deus,
2831 1709 2932 1766 pro
2973 1711 3072 1754 Suo
3116 1698 3313 1754 merito
3357 1701 3679 1768 eradicavit,

409 1783 510 1850 sub
535 1798 641 1854 quo
669 1791 726 1836 et
752 1781 1017 1838 Jeremias
1058 1796 1286 1840 exorsus
1309 1791 1390 1838 est
1417 1783 1762 1854 prophetare.
1795 1781 1992 1856 (0rig.)
2025 1777 2069 1840 Β
2097 1791 2300 1852 quanto
2325 1784 2492 1855 magis
2520 1798 2694 1854 neque
2718 1785 2873 1842 nobis
2895 1794 3208 1856 parceretur
3230 1789 3274 1847 si
3305 1789 3500 1846 similia
3528 1790 3683 1846 fece-

415 1871 472 1926 Si
503 1871 814 1927 intellexisti
861 1872 994 1926 duos
1045 1871 1270 1941 populos
1319 1872 1481 1928 Israel
1507 1881 1565 1926 et
1605 1873 1874 1944 gentium,
1911 1873 1992 1928 in-

409 1965 590 2038 tcllige
628 1964 1154 2034 transmigrationem
1180 1963 1349 2022 Israel
1369 1965 1423 2024 in
1453 1965 1651 2038 populo
1665 1965 1988 2030 Iudaeorum,

411 2068 467 2118 et
489 2059 558 2115 de
579 2074 644 2116 eo
670 2059 932 2132 scriptum
945 2073 1094 2114 esse:
1115 2057 1303 2114 Dimisi
1321 2074 1440 2121 eam
1456 2067 1512 2116 et
1533 2059 1651 2114 dedi
1681 2059 1729 2114 ei
1757 2060 1994 2124 libellum

413 2151 641 2231 repudii.
661 2151 1030 2210 Dimisitenim
1056 2166 1183 2220 vere
1205 2151 1345 2210 Deus
1367 2151 1620 2225 populum
1647 2152 1812 2210 Israel
1835 2161 1889 2206 et
1909 2153 1996 2208 de-

410 2241 489 2296 dit
503 2241 552 2295 ei
574 2241 807 2307 libellum
825 2241 1052 2314 repudii,
1069 2252 1125 2298 ut
1147 2243 1457 2314 relinquens
1476 2243 1992 2320 ﬁrmctexemplum.

407 2329 570 2387 Jubet
593 2331 680 2386 lex
703 2332 832 2386 Mosi
857 2331 1068 2388 mulieri
1091 2334 1398 2405 displicenti
1422 2335 1538 2392 viro
1560 2351 1658 2392 suo
1687 2337 1802 2392 dari
1839 2337 1994 2396 libel-

407 2421 518 2484 lum
545 2425 841 2494 repudii,et
863 2424 1060 2482 dimitti
1097 2440 1218 2482 eam
1244 2443 1258 2480 :
1293 2433 1348 2479 et
1370 2435 1496 2482 tunc
1521 2427 1636 2482 viro
1657 2427 1822 2486 licere
1843 2429 1997 2492 utal-

407 2520 584 2568 teram
627 2515 792 2572 heat
819 2513 997 2588 (Deut.
1049 2514 1235 2590 xxxv).
1274 2515 1436 2574 Juxta
1473 2517 1618 2573 hunc
1656 2534 1874 2576 sensum
1914 2521 1997 2576 in-

410 2605 590 2678 tellige
635 2606 962 2676 accipientes
1003 2605 1218 2664 Judteos
1247 2608 1489 2668 libellum
1519 2612 1750 2682 repudii,
1781 2620 1835 2668 et
1880 2627 1996 2673 om.-

411 2697 542 2752 nino
566 2713 597 2754 a
633 2697 860 2756 Domino
889 2701 1198 2760 derelictos.
1240 2702 1344 2760 Ubi
1373 2705 1519 2762 enim
1551 2705 1668 2776 jam
1708 2706 1850 2778 apud
1901 2721 1995 2768 eos

409 2787 710 2862 Prophetm,
743 2792 834 2851 ubi
861 2794 1015 2868 signa
1040 2796 1325 2866 virtutum,
1356 2797 1445 2856 ubi
1473 2797 1836 2854 manifestatio
1863 2799 1996 2854 Dei?

411 2881 526 2952 Non
551 2883 825 2956 templum,
862 2902 968 2942 non
996 2887 1252 2956 victimre,
1273 2905 1380 2946 non
1403 2889 1543 2946 alius
1565 2891 1789 2960 quilibet
1819 2893 1997 2955 cultus

407 2975 771 3036 voluminibus
801 2979 933 3050 legis
962 2996 1272 3050 expressus,
1311 2981 1466 3050 eiecti
1511 2993 1639 3042 sunt
1663 2987 1729 3040 de
1757 2987 1994 3056 regioni-

409 3068 513 3124 bus
538 3069 674 3136 suis,
717 3079 880 3140 atque
907 3073 983 3128 ita
1029 3074 1177 3130 dedit
1206 3074 1464 3138 Dominus
1513 3077 1753 3140 libellum
1784 3079 1994 3150 repudii

409 3161 592 3218 Israel.
641 3163 771 3222 Post
797 3177 911 3231 eos,
958 3181 1076 3232 nos,
1105 3167 1196 3236 qui
1228 3167 1282 3224 in
1307 3165 1605 3238 Scripturis
1631 3167 1803 3234 Judaei
1835 3186 1996 3226 voca-

413 3267 555 3307 Inur.
579 3251 746 3312 Judaei
780 3266 1002 3326 propter
1041 3257 1240 3326 tribum
1267 3255 1429 3324 Iuda,
1461 3272 1529 3315 ex
1557 3259 1714 3330 cujus
1742 3259 1994 3322 Salvator

411 3341 580 3413 stirpe
611 3344 908 3412 descendit,
937 3347 1188 3408 conversi
1239 3363 1425 3416 smnus
1467 3349 1536 3404 ad
1585 3349 1906 3418 Dominum,
1939 3358 1994 3416 et

411 3435 702 3496 novissima
731 3443 937 3502 nostra.
955 3453 1076 3506 Quae
1097 3437 1302 3504 utinam
1325 3437 1518 3506 saltem
1543 3440 1597 3496 in
1620 3441 1724 3498 hoc
1753 3449 1996 3512 tempore

411 3542 521 3592 non
549 3529 969 3599 complerentur.
1012 3531 1220 3590 Similia
1241 3531 1422 3588 futura
1451 3541 1580 3590 sunt
1597 3535 1836 3604 peccatis
1854 3534 1991 3598 Iuda

407 3615 520 3672 imo
543 3616 745 3687 pejora.
787 3619 854 3679 Et
879 3627 938 3676 tu
981 3619 1173 3680 credas
1213 3621 1268 3675 in
1303 3624 1770 3680 consummatione
1809 3624 1992 3682 sreculi

405 3709 681 3768 deteriora
701 3713 856 3770 nobis
875 3722 1158 3779 eventura,
1187 3716 1445 3782 quoniam
1473 3727 1742 3782 venerunt
1763 3717 1989 3784 Iudaeis,

403 3803 534 3862 audi
571 3804 901 3867 salvatorem
928 3805 982 3862 in
1009 3806 1302 3877 Evangelia
1327 3807 1715 3876 praedicantem
1747 3825 1762 3863 :
1807 3827 1826 3866 ι
1857 3807 1990 3873 Cum

407 3893 780 3964 multiplicata:
814 3895 1014 3961 fuerint
1043 3897 1376 3967 iniquitates,
1405 3897 1723 3969 refrigescet
1751 3899 1992 3959 charitas

404 3987 698 4044 multorum
735 4005 750 4042 :
781 3987 875 4058 qui
913 3997 1096 4054 autem
1137 3993 1570 4060 perseveraverit
1597 3989 1653 4046 in
1683 3989 1843 4048 ﬁnem
1890 3990 1993 4050 iste

407 4078 590 4134 salvus
609 4079 717 4134 erit
741 4077 958 4149 (Matth.
993 4080 1168 4149 xxiv),
1199 4101 1218 4146 ῃ
1245 4081 1312 4136 Et
1337 4081 1391 4136 in
1418 4079 1524 4136 alio
1552 4080 1672 4136 loco
1707 4099 1720 4136 :
1753 4099 1772 4143 ς
1809 4081 1993 4150 Faciet

411 4173 566 4241 signa
596 4180 650 4226 et
674 4172 918 4242 prodigia
943 4172 996 4231 in
1021 4172 1161 4229 uelo
1187 4173 1320 4230 etin
1360 4181 1506 4230 terra
1529 4174 1598 4231 ad
1623 4174 1990 4244 decipiendos,

407 4265 457 4320 ei
488 4263 603 4321 ﬁeri
625 4272 824 4333 potest,
840 4264 1004 4321 etiam
1031 4272 1088 4320 et
1112 4263 1313 4326 electos
1333 4263 1489 4335 (Luc.
1522 4265 1660 4338 xxi),
1685 4286 1704 4320 ι
1733 4274 1992 4338 tantaque

409 4354 759 4412 incredulitas
788 4355 842 4410 in
875 4355 1126 4413 universo
1155 4357 1396 4418 humano
1441 4373 1640 4429 genere
1669 4359 1850 4424 futura
1881 4370 1986 4429 est,

409 4453 468 4498 ut
501 4444 751 4520 Salvator
799 4454 1004 4510 noster,
1030 4447 1290 4515 quoniam
1311 4487 1330 4515 ,
1378 4465 1498 4518 qua:
1533 4458 1660 4506 sunt
1688 4450 1866 4509 futura
1893 4469 1988 4508 co-

405 4547 688 4609 gnoverat,
713 4538 1025 4608 loqueretur
1051 4557 1064 4593 :
1097 4558 1119 4595 ς
1150 4539 1316 4597 Putas
1338 4543 1564 4602 veniens
1587 4543 1730 4602 filius
1754 4545 1988 4604 hominis

403 4628 642 4684 inveniet
667 4628 827 4684 fidem
843 4643 1008 4699 super
1027 4632 1266 4688 terram?
1288 4651 1306 4682 ι
1329 4632 1467 4690 Vere
1493 4633 1692 4704 quippe
1713 4635 1760 4690 si
1776 4635 1988 4702 judice-

405 4737 526 4778 mns
553 4721 712 4778 ﬁdem
736 4731 977 4778 nostram
1011 4732 1066 4778 et
1087 4738 1193 4778 non
1222 4723 1622 4782 multitudinem
1645 4734 1701 4780 et
1731 4727 1988 4798 respicia-

399 4829 523 4869 mus
549 4813 879 4872 voluutatetn
901 4813 1181 4872 hominum
1218 4829 1327 4872 non
1361 4818 1862 4889 congregationem.
1895 4818 1986 4879 Vi-

397 4905 648 4960 debimus
670 4906 726 4960 in
754 4913 905 4962 tanto
944 4919 1170 4962 numero
1199 4906 1563 4964 Ecclesiarum
1603 4909 1818 4974 ﬁdelem
1841 4911 1982 4973 diﬁi—

393 4997 505 5053 cile
542 4996 787 5065 reperiri.
840 4996 993 5052 Tunc
1021 5005 1174 5053 erant
1193 5013 1322 5054 vere
1347 4998 1555 5068 ﬁdeles,
1596 5003 1812 5072 quando
1839 5018 1984 5058 mar-

393 5097 580 5158 :tyrum
614 5087 848 5144 victimae
893 5088 1114 5156 ﬁebant,
1153 5092 1368 5160 quando
1413 5102 1668 5150 cruentas
1693 5097 1982 5164 exsequias

401 5181 672 5250 prosecuti
727 5181 910 5236 tristes
963 5183 1032 5237 ad
1083 5183 1383 5242 Eoclesiam
1437 5185 1865 5244 revertebamur.
1917 5188 1984 5250 Et

393 5272 580 5327 omnis
594 5281 712 5328 erat
729 5272 1016 5330 multitudo
1039 5275 1356 5347 ingentium,
1373 5279 1586 5348 quando
1601 5281 1981 5340 catechumoni

399 5366 455 5420 in
477 5365 652 5436 prima
685 5368 868 5422 statim
893 5367 1016 5426 ﬁdei
1047 5373 1393 5442 perceptione
1423 5374 1491 5429 de
1509 5373 1808 5434 differendo
1836 5393 1979 5434 mar.

395 5457 544 5526 tyrio
583 5458 918 5516 docebantur
956 5480 970 5516 ι
1013 5463 1230 5532 quando
1258 5465 1589 5527 mulierculae
1617 5478 1670 5524 et
1712 5468 1982 5528 inﬁrmior

395 5562 562 5606 sexus
589 5567 760 5623 usque
785 5557 854 5608 ad
883 5563 1111 5610 mortem
1135 5561 1490 5626 permanebat
1508 5561 1826 5633 intrepidus,
1851 5572 1980 5622 tunc

388 5656 524 5700 vere
553 5644 706 5718 signa
736 5647 804 5702 de
835 5649 1002 5714 creto,
1025 5656 1154 5703 tunc
1180 5649 1386 5705 ﬁebant
1426 5662 1677 5722 portenta
1707 5655 1776 5710 de
1807 5663 1974 5724 terra,

387 5744 526 5800 tum:
551 5750 711 5796 erant
727 5741 886 5816 pauci
909 5740 1150 5812 quidem,
1173 5741 1269 5799 sed
1297 5759 1427 5806 vero
1461 5744 1669 5816 ﬁdeles,
1689 5757 1978 5824 angustam

2094 1869 2285 1944 rimus.
2319 1871 2453 1929 Vide
2481 1873 2869 1948 benignitatem
2903 1886 2958 1931 et
2978 1879 3324 1934 severitatem
3351 1879 3466 1936 Dei.
3492 1879 3686 1952 Neque

2093 1965 2236 2019 cutim
2269 1966 2534 2038 benignus
2583 1976 2789 2026 tantum
2819 1977 2904 2025 est
2939 1979 2993 2026 et
3039 1987 3145 2028 non
3190 1987 3452 2042 severus,
3501 1989 3688 2046 neque

2096 2071 2314 2111 severus
2361 2065 2572 2114 tantum
2615 2069 2668 2119 et
2703 2075 2812 2116 non
2865 2061 3030 2118 etiam
3077 2064 3359 2136 benignus.
3411 2065 3468 2122 Si
3519 2067 3684 2126 heni.

2094 2166 2230 2224 gnus
2260 2160 2404 2208 esset
2447 2155 2839 2222 tantummodo,
2868 2154 3168 2217 bonitatem
3211 2157 3328 2227 ejus
3370 2169 3688 2220 contemne-

2095 2231 2298 2308 remus,
2347 2241 2392 2296 si
2447 2259 2685 2310 severus,
2725 2245 3032 2326 desperatio
3076 2263 3176 2307 nos
3221 2248 3410 2310 salutis
3459 2259 3689 2326 propter

2093 2342 2317 2402 peccata
2353 2348 2473 2403 qure
2517 2332 2744 2390 fecimus
2791 2324 3155 2406 praecipitaret
3199 2339 3252 2394 in
3289 2340 3422 2396 vitia
3474 2357 3489 2393 :
3536 2324 3690 2398 nunc

2094 2435 2224 2478 vero
2253 2425 2406 2498 quasi
2440 2424 2662 2498 Deus(?)
2688 2429 3049 2484 necessariam
3073 2431 3269 2502 quippe
3297 2431 3557 2488 habemus
3584 2433 3680 2487 ho-

2096 2514 2288 2578 mines,
2317 2523 2372 2570 et
2399 2515 2695 2572 bonitatem
2723 2515 2839 2588 ejus
2858 2519 2928 2576 ob
2962 2521 3361 2592 paenitentiam,
3397 2531 3455 2586 et
3480 2523 3689 2578 severi-

2101 2616 2263 2663 tatem
2318 2610 2388 2663 ob
2421 2611 2640 2671 delicta,
2691 2612 2877 2684 sicque
2919 2629 3144 2674 severus
3195 2624 3250 2671 et
3284 2616 3546 2688 benignus
3573 2625 3682 2673 est.

2097 2696 2206 2776 Nos
2231 2700 2322 2774 qui
2349 2717 2534 2758 sumus
2561 2701 2720 2770 Juda,
2750 2703 2990 2776 legentes
3017 2705 3073 2762 in
3101 2707 3272 2764 sacris
3296 2706 3682 2776 voluminibus,

2098 2773 2400 2845 invenimus
2425 2793 2680 2862 quoniam
2703 2793 2768 2850 de
2793 2773 3044 2853 omnibus
3071 2798 3266 2868 quibus
3292 2801 3686 2870 comprehensa

2097 2889 2199 2946 est,
2231 2881 2282 2935 in
2314 2881 2508 2952 quibus
2537 2884 2912 2941 mmchabatur
2959 2889 3224 2945 habitatio
3252 2889 3440 2958 Israel,
3475 2891 3685 2948 dimisit

2099 2985 2218 3024 eam
2249 2971 2483 3037 Deus,et
2509 2973 2654 3029 dedit
2677 2975 2726 3030 ei
2753 2975 2994 3052 libellum.
3029 2980 3258 3052 repudii,
3281 2988 3338 3036 et
3367 2998 3489 3038 cum
3527 2981 3688 3038 debe-

2086 3073 2281 3118 remus
2311 3077 2377 3119 ex
2404 3064 2509 3129 his,
2525 3080 2644 3134 qua:
2671 3047 2912 3138 illi'passi
2936 3047 3195 3136 sunt,nos
3217 3071 3285 3128 ad
3305 3072 3526 3129 meliora
3547 3089 3684 3130 con—

2021 3137 2067 3203 C
2097 3155 2258 3222 verti,
2287 3165 2343 3210 et
2368 3157 2652 3228 inspicere,
2696 3137 2822 3229 quia
2869 3159 2942 3214 illi
2970 3171 3190 3232 propter
3242 3173 3467 3234 peccata
3498 3167 3682 3221 traditi

2099 3251 2225 3300 sunt
2279 3247 2579 3317 captivitati
2631 3255 2688 3304 et
2715 3248 2987 3306 interfecti
3027 3252 3096 3308 ab
3128 3253 3394 3321 inimicis,
3438 3254 3687 3312 civitates

2097 3353 2285 3393 eorum
2313 3338 2422 3412 igni
2445 3350 2650 3396 exusta:
2673 3351 2826 3398 sunt:
2851 3344 3194 3416 cumitaque,
3223 3345 3683 3408 utdiximus,haac

2097 3431 2375 3486 nobiscum
2399 3433 2744 3491 debuerimus
2777 3446 3046 3505 reputare,
3085 3457 3104 3492 ι
3141 3439 3266 3508 quia
3293 3441 3336 3502 si
3363 3439 3505 3496 Deus
3525 3449 3685 3498 natus

2098 3521 2303 3580 ralibus
2331 3525 2496 3580 ramis
2520 3541 2628 3580 non
2672 3527 2934 3598 pepercit,
2965 3537 3168 3600 quanto
3196 3531 3371 3606 magis
3406 3547 3507 3588 nec
3530 3533 3686 3590 nobis

2091 3620 2286 3693 parcet
2319 3610 2496 3688 (Rom.
2530 3614 2639 3688 xi),
2680 3634 2698 3667 ›
2725 3616 2772 3672 si
2808 3615 2927 3672 illos
2951 3657 2967 3684 ,
3017 3618 3109 3690 qui
3139 3619 3206 3674 de
3245 3619 3682 3688 patriarcharum

2096 3716 2295 3780 genere
2337 3701 2757 3770 descendebant,
2805 3705 2884 3760 sic
2932 3715 3153 3778 propter
3197 3707 3426 3780 peccata
3456 3709 3682 3776 dimisit,

2097 3789 2226 3875 quid
2264 3807 2362 3846 nos
2387 3808 2608 3850 necesse
2655 3794 2726 3852 sit
2750 3803 2973 3856 vocatos
2996 3813 3066 3854 ex
3091 3799 3342 3869 gentibus
3382 3801 3516 3876 pati,
3545 3803 3683 3858 nihil

2093 3867 2289 3937 horum
2325 3883 2670 3954 reputamus?
2699 3885 2766 3940 Et
2793 3885 2914 3942 ideo
2941 3902 3042 3944 nos
3067 3867 3311 3956 vocatos,
3339 3867 3401 3945 ut
3440 3867 3524 3948 iHi
3547 3893 3682 3950 inci-

2094 3978 2278 4026 tentur
2303 3972 2370 4026 ad
2394 3972 2568 4028 zelum
2597 3974 2842 4032 videntes
2876 3993 3064 4036 servos
3089 3981 3360 4052 quondam
3381 3981 3594 4044 liberos.
3627 3993 3683 4038 et

2096 4061 2356 4132 ignobiles
2403 4063 2724 4134 aliquando,
2755 4082 2899 4122 nunc
2925 4067 3022 4124 Dei
3068 4067 3230 4125 ﬁlios.
3283 4068 3342 4126 Si
3391 4081 3570 4128 autem
3601 4073 3679 4128 illi

2097 4162 2241 4209 tanta
2271 4155 2414 4226 passi
2449 4165 2595 4224 sunt,
2624 4167 2828 4228 quanto
2868 4161 3040 4232 magis
3068 4175 3166 4217 nos
3194 4161 3238 4216 si
3272 4165 3682 4234 peccaverimus

2090 4244 2275 4318 pejora
2337 4246 2628 4318 patiemur.
2683 4244 2741 4304 Si
2791 4249 2912 4320 quis
2963 4265 3137 4322 nuper
3193 4259 3408 4325 emptus
3462 4255 3681 4312 domum

2093 4335 2351 4408 emptoris
2377 4345 2432 4394 et
2468 4337 2669 4394 domini
2703 4339 2866 4397 fuerit
2913 4340 3212 4414 ingressus,
3258 4345 3569 4402 sciscitatur
3607 4348 3680 4402 ab

2093 4431 2274 4501 aliquo
2302 4445 2588 4499 conservo,
2615 4433 2736 4505 quis
2769 4435 2836 4490 de
2881 4435 3154 4505 prioribus
3184 4421 3356 4493 servis
3396 4438 3681 4494 otienderit

2017 4513 2068 4574 Ι)
2093 4523 2368 4578 dominum
2397 4523 2524 4594 quid
2567 4527 2950 4594 promeruerit,
2993 4537 3048 4582 et
3084 4527 3128 4583 si
3155 4527 3389 4583 voluerit
3433 4529 3486 4582 in
3517 4529 3678 4584 domo

2091 4613 2293 4672 domini
2348 4632 2734 4690 perseverare,
2783 4627 2938 4676 cavet
2977 4636 3042 4675 ea
3093 4619 3294 4690 facere,
3329 4639 3449 4693 quae
3477 4638 3569 4678 eos
3599 4621 3676 4677 fe-

2091 4705 2229 4762 cisse
2259 4708 2430 4775 audit,
2446 4709 2538 4780 qui
2565 4709 2875 4766 verberibus
2898 4721 2951 4766 et
2976 4713 3258 4768 tormentis
3279 4721 3334 4768 et
3359 4713 3676 4784 religatione

2089 4797 2237 4869 digni
2275 4803 2618 4856 exstiterunt.
2653 4801 2853 4857 Deinde
2902 4803 3313 4875 diligentissime
3369 4806 3671 4876 inquirens,

2087 4889 2216 4960 quid
2244 4887 2469 4948 fecerint
2490 4890 2586 4957 illi,
2603 4891 2694 4963 qui
2718 4891 3020 4947 libertatem
3038 4909 3069 4948 a
3097 4893 3314 4949 domino
3337 4903 3671 4959 meruerunt,

2087 4982 2236 5038 omni
2271 4981 2453 5037 labore
2511 4983 2715 5048 nititur,
2742 4994 2800 5038 ut.
2842 4999 2908 5040 ea
2962 4983 3144 5052 faciat,
3178 5001 3297 5056 qum
3338 5001 3432 5041 eos
3479 4983 3674 5042 fecisse

2087 5072 2354 5144 cognovit.
2396 5072 2460 5126 Et
2497 5089 2595 5128 nos
2626 5073 2827 5145 itaque,
2859 5075 2948 5146 qui
2993 5091 3098 5130 non
3132 5090 3349 5132 eramus
3377 5077 3520 5132 servi
3549 5077 3667 5143 Dei,

2087 5171 2178 5226 sed
2229 5171 2492 5226 idolorum
2523 5180 2580 5228 et
2605 5173 2932 5242 daemonum,
2963 5184 3017 5232 et
3067 5187 3256 5259 postea
3305 5191 3371 5232 ex
3421 5175 3674 5249 gentibus

2085 5265 2391 5336 congregati
2416 5265 2744 5322 credidimus
2768 5267 2820 5322 in
2849 5267 3146 5338 Christum,
3167 5269 3406 5341 legamus
3425 5265 3674 5338 Scriptu-

2085 5371 2220 5421 ram,
2253 5356 2532 5412 videamus
2561 5357 2684 5428 quis
2716 5358 3045 5428 iustiﬁcatus
3092 5363 3184 5429 sit,
3215 5363 3336 5434 quis
3380 5361 3670 5418 offenderit

2084 5449 2368 5506 Dominum
2398 5457 2453 5505 et
2475 5466 2596 5506 cum
2628 5451 2773 5506 omni
2821 5453 3195 5510 observatione
3227 5455 3464 5510 nitamur
3488 5471 3555 5510 ea
3587 5454 3669 5517 fa-

2081 5553 2227 5604 cere,
2257 5555 2378 5615 quae
2417 5549 2472 5596 et
2492 5539 2671 5612 justos
2692 5541 2920 5616 legimus
2949 5543 3162 5614 fecisse,
3200 5553 3254 5600 et
3293 5559 3583 5618 caveamus
3611 5547 3668 5602 in

2081 5629 2199 5688 haec
2227 5633 2482 5700 incidere,
2517 5635 2570 5692 in
2597 5651 2720 5706 qum
2748 5637 3053 5693 inciderunt
3082 5637 3159 5704 hi,
3205 5637 3296 5708 qui
3325 5637 3507 5722 traditi
3539 5646 3665 5694 sunt

2079 5727 2382 5804 captivitati
2405 5735 2460 5786 et
2485 5725 2642 5802 ejecti
2666 5729 2730 5786 de
2752 5729 3066 5796 haereditate
3096 5729 3210 5791 Dei.
3237 5729 3308 5788 Et
3328 5743 3438 5787 non
3459 5729 3663 5804 timuit.
