4008 6340
422 344 530 402 829

1352 328 1719 402 amento
1752 292 1987 400 suras
2025 338 2391 415 JEREMIAM.
2428 368 2499 379 —
2533 338 2663 401 LIB.
2700 340 2764 411 ιι.

3574 343 3680 409 850

422 460 616 533 inquit,
645 458 1045 541 pmvaricatrix
1074 456 1235 525 Juda,
1272 466 1327 515 et
1356 459 1490 515 abiit
1530 466 1587 515 et
1616 458 1880 514 fornicata
1918 466 2001 514 est
2028 463 2079 523 Α
2105 462 2159 512 et
2190 469 2289 527 pro
2332 453 2423 509 illo
2460 469 2556 511 vos
2601 455 2740 509 idola
2789 455 3107 515 delectarint
3137 464 3192 516 et
3235 457 3516 519 fornicata:
3563 460 3685 517 sitis

420 566 476 611 et
511 554 646 625 ipsa.
704 550 829 623 Post
879 548 1287 607 fornicationem
1335 549 1391 604 in
1446 565 1551 620 qua
1594 549 1746 619 prius
1793 549 1999 604 corruit

422 646 610 712 Israel,
632 644 894 701 fornicata
922 651 1005 705 est
1032 643 1196 717 etiam
1222 638 1382 707 Iuda,
1412 650 1467 696 et
1492 641 1631 697 facta
1659 650 1742 711 est
1762 641 2001 698 fornica-

422 740 500 795 tio
526 736 706 807 ejusin
719 735 941 791 nihilum
971 743 1024 789 et
1047 734 1637 805 moechabaturlignum
1665 742 1720 791 et
1745 730 1996 804 lapidem.

423 829 645 896 Quando
687 825 1025 898 peccavimus
1048 825 1188 881 duro
1215 833 1402 879 contra
1434 824 1605 881 Deum
1650 825 1836 891 corde,
1868 824 2001 878 nihil

423 921 568 977 aliud
621 919 845 975 facimus
884 917 987 971 nisi
1035 916 1268 987 lapidem
1320 917 1667 983 fornicamur,
1700 918 1912 986 quando
1944 917 1997 970 in

422 1011 695 1066 voluntate
722 1022 1010 1077 peccamus
1037 1008 1375 1065 moechamur
1403 1008 1589 1079 subter
1612 1023 1772 1063 omne
1797 1008 1997 1079 iignum

421 1116 783 1160 nemorosum.
811 1100 877 1157 Et
906 1100 960 1156 in
1005 1101 1090 1156 his
1121 1101 1372 1156 omnibus
1404 1116 1509 1156 non
1536 1109 1617 1156 est
1641 1117 1899 1157 conversa
1932 1099 1999 1155 ad

421 1207 508 1248 me
555 1188 958 1262 praevaricatrix
1010 1187 1147 1245 Iuda
1182 1206 1248 1245 ex
1290 1197 1400 1245 toto
1439 1189 1601 1245 corde
1652 1205 1768 1255 suo,
1818 1190 1911 1245 sed
1944 1190 1997 1243 in

420 1284 719 1339 mendacio.
748 1282 814 1339 Et
843 1297 942 1337 nos
961 1282 1210 1341 conversi
1241 1297 1425 1337 sumus
1466 1281 1533 1337 ad
1563 1281 1873 1355 Dominum,
1902 1280 1997 1336 sed

420 1374 545 1445 quia
576 1389 682 1428 non
732 1390 798 1429 ex
825 1381 937 1428 toto
981 1373 1144 1429 corde
1190 1373 1471 1438 conversi,
1509 1373 1726 1439 dicitur,
1780 1379 1998 1429 nonest

419 1477 677 1517 conversa
707 1464 773 1516 ad
801 1478 885 1518 me
904 1462 1305 1533 prmvaricatrix
1321 1460 1347 1514 ,ι
1355 1462 1455 1515 uda
1481 1477 1544 1517 ex
1565 1470 1674 1515 toto
1695 1461 1855 1516 corde
1877 1476 1993 1526 suo,

419 1554 514 1609 sed
544 1556 597 1609 in
645 1555 944 1609 mendacio.
985 1553 1168 1624 Neque
1195 1567 1322 1607 vero
1358 1553 1454 1619 ait,
1487 1568 1593 1607 non
1625 1561 1706 1606 est
1738 1567 1997 1607 conversa

421 1645 485 1698 ad
512 1661 600 1700 me
624 1645 1027 1716 prtevaricatrix
1051 1644 1207 1712 Iuda,
1232 1653 1284 1700 et
1309 1643 1505 1709 tacuit;
1532 1643 1624 1698 sed
1654 1659 1761 1697 non
1789 1650 1891 1709 est,
1916 1642 1997 1696 in-

418 1739 563 1808 quit,“
588 1753 845 1819 conversa
896 1738 964 1795 ad
1008 1754 1095 1801 me
1146 1738 1549 1807 prmvaricatrir
1600 1734 1735 1801 Juda
1782 1751 1848 1790 ex
1886 1741 1995 1789 toto

2106 546 2206 604 sub
2230 546 2375 601 omni
2406 545 2549 617 ligno
2579 548 2833 603 umbroso
2865 555 3027 621 atque
3072 548 3347 605 frondoso.
3376 550 3531 621 Quod
3556 554 3678 624 qui-

2103 638 2224 697 dem
2251 647 2306 693 et
2331 637 2399 692 ad
2426 638 2727 705 haereticos,
2752 638 2837 693 vel
2863 639 2916 693 in
2945 639 3186 701 Ecclesia
3218 642 3556 713 negligentes
3575 644 3679 700 dici
3784 714 3789 715 γ

2101 730 2372 797 convenit,
2391 731 2481 802 qui
2503 731 2743 803 quotidie
2776 745 2872 804 per
2894 731 3287 790 ecclesiasticos
3301 735 3444 790 viros
3469 736 3533 795 ad
3561 750 3678 807 ρω-

2101 821 2379 897 nitentiam
2407 832 2791 891 provocantur,
2820 831 2873 878 et
2902 823 3098 897 quibus
3126 824 3345 899 proprie
3373 825 3543 897 aptari
3588 842 3683 898 po-

2101 921 2205 968 test
2224 954 2251 989 ,g
2271 931 2288 966 ι
2315 922 2369 968 et
2392 929 2578 969 vocem
2604 928 2780 968 meam
2820 929 2925 968 non
2949 914 3195 970 audistis.
3243 934 3261 966 ι
3291 914 3479 971 Omnis
3499 924 3679 971 autem

2099 1002 2382 1059 hiereticus
2410 1003 2617 1058 habitat
2647 1004 2700 1058 in
2727 1002 3011 1075 Aquilone,
3041 1013 3096 1059 et
3122 1005 3358 1060 calorem
3404 1005 3525 1061 fidei
3552 1021 3675 1076 per-

2100 1092 2257 1161 didit,
2287 1109 2386 1151 nec
2417 1095 2605 1149 audire
2628 1102 2805 1165 potest
2835 1094 2960 1149 illud
3010 1094 3251 1166 Apostoli
3279 1114 3297 1147 ι
3345 1097 3537 1167 spiritu
3578 1095 3683 1152 fer-

2097 1195 2304 1257 ventes,
2339 1206 2357 1238 »
2387 1195 2443 1242 et
2467 1188 2591 1259 quia
2617 1202 2675 1242 se
2710 1187 3071 1257 voluptatibus
3113 1188 3360 1254 tradidit,
3400 1190 3625 1244 recessit
3651 1205 3683 1244 a

2096 1276 2346 1344 Domino,
2376 1286 2430 1332 et
2450 1278 2703 1349 dispersit
2726 1279 2841 1334 vias
2864 1294 2990 1334 suas
3021 1279 3211 1336 alienis
3240 1281 3600 1352 dogmatibus,
3627 1291 3682 1336 et

2096 1368 2423 1445 voluptatem
2449 1377 2668 1423 secutus
2688 1378 2791 1423 est.
2820 1368 2970 1423 Nulla
3000 1370 3141 1424 enim
3173 1370 3395 1426 haeresis
3422 1370 3523 1427 nisi
3550 1387 3679 1441 pro-

2095 1468 2218 1528 pter
2247 1459 2423 1531 gulam
2453 1468 2805 1529 ventremque
2833 1460 3188 1526 construitur,
3218 1469 3277 1515 ut
3311 1461 3533 1516 seducat
3564 1479 3681 1516 mu-

2095 1534 2347 1603 lierculas
2368 1556 2619 1603 oneratas
2640 1550 2897 1621 peccatis,
2924 1565 3138 1622 semper
3163 1551 3435 1607 discentes
3463 1560 3519 1607 et
3543 1569 3681 1607 nun-

2096 1657 2258 1712 quam
2302 1641 2369 1695 ad
2399 1642 2681 1695 scientiam
2720 1642 2968 1697 veritatis
3011 1643 3388 1713 pervenientes
3426 1643 3512 1717 (II
3541 1644 3676 1701 Tim.

2096 1731 2212 1800 tn).
2243 1729 2317 1785 De
2347 1730 2541 1799 quibus
2570 1745 2693 1784 vere
2720 1729 2921 1785 dicitur
2950 1749 2962 1785 :
3005 1752 3022 1782 ι
3054 1732 3156 1799 Qui
3192 1735 3451 1789 devorant
3470 1735 3678 1805 plebem

420 1828 586 1884 corde
615 1844 733 1893 suo,
769 1844 955 1882 verum
1008 1828 1062 1882 in
1109 1827 1406 1892 mendacio.
1438 1824 1511 1897 Ut
1543 1826 1849 1881 ostenderet
1878 1841 1992 1891 eos,
2022 1834 2070 1894 Β
2098 1837 2274 1877 meam
2314 1822 2463 1877 velut
2511 1837 2693 1877 escam
2740 1824 2896 1892 panis
2942 1821 3116 1895 (Prol.
3174 1826 3318 1898 xm).
3381 1845 3399 1878 ι
3429 1828 3496 1882 Et
3543 1844 3680 1898 quos

420 1921 514 1992 qui
544 1929 959 1992 convertuntur,
996 1921 1040 1976 si
1068 1937 1173 1976 non
1205 1936 1269 1975 ex
1307 1921 1468 1975 corde
1509 1927 1909 1986 convertantur,
1940 1919 1995 1973 in

420 2013 701 2067 mendacio
753 2028 859 2067 non
897 2012 947 2069 in
978 2012 1205 2068 veritate
1234 2011 1496 2067 converti.
1528 2011 1863 2082 Quapropter
1913 2010 1995 2066 le-

419 2118 611 2175 gamus
634 2103 845 2159 Veteris
876 2103 1202 2158 'l‘estamenti
1236 2103 1490 2159 historias
1527 2110 1580 2158 et
1614 2101 1919 2181 pmphetas,
1943 2108 1998 2157 et

421 2195 465 2250 si
497 2211 633 2266 quos
678 2196 1004 2266 j‘ustificatos
1048 2196 1414 2251 invenerimus
1468 2195 1743 2250 imitemur
1789 2210 1873 2259 ea,
1902 2209 1998 2264 per

419 2301 540 2357 quae
566 2285 640 2339 illi
662 2284 943 2354 justiﬁcati
966 2294 1113 2342 sunt.
1146 2285 1412 2357 Legamus
1439 2284 1726 2356 Evangelia
1757 2292 1810 2337 et
1836 2298 1997 2339 omne

417 2374 625 2430 Novum
657 2375 1081 2443 Testamentum,
1124 2376 1363 2447 legamus
1412 2377 1636 2446 apostoli
1674 2374 1822 2439 Pauli
1872 2374 1997 2444 Epi-

417 2466 604 2532 stolas,
646 2476 700 2522 et
728 2467 1010 2522 universas
1041 2467 1342 2525 scribamus
1388 2467 1442 2520 in
1483 2466 1733 2522 cordibus
1775 2466 1989 2530 nostris,

415 2559 657 2614 viventes
680 2559 835 2631 juxta
856 2569 1121 2633 prazcepta
1151 2558 1418 2623 coelestia,
1451 2566 1509 2613 ut
1537 2573 1643 2611 non
1667 2558 1912 2611 tradatur
1942 2564 1996 2612 et

418 2653 572 2707 nobis
601 2652 810 2708 libellus
842 2651 1070 2727 repudii,
1119 2651 1213 2706 sed
1261 2652 1500 2708 haeredes
1547 2649 1845 2705 eﬂiciamur
1872 2664 1994 2705 eum

415 2738 635 2798 Christo
664 2740 814 2797 Jesu.

492 2850 510 2882 ι
553 2830 622 2886 Et
658 2831 794 2891 dixit
838 2830 1100 2886 Dominus
1127 2831 1193 2886 ad
1222 2846 1310 2886 me
1352 2829 1717 2886 .Justilicavit
1758 2829 1991 2884 animam

421 2938 443 2973 ι
480 2936 630 2977 suam
660 2922 959 2977 aversatrix
1006 2921 1197 2987 Israel,
1225 2921 1630 2991 comparatione
1666 2919 1990 3009 prtevarica-

421 3034 441 3067 ι
482 3016 632 3071 tricis
660 3014 815 3071 Juda.
847 3014 1115 3088 (Hieron)
1163 3035 1181 3068 ι
1213 3013 1450 3080 Iustior,
1478 3012 1672 3084 inquit,
1717 3021 1801 3068 est
1828 3011 1993 3067 Israel

413 3106 814 3176 comparatione
840 3104 1009 3170 Iudae,
1042 3105 1167 3175 quia
1198 3104 1288 3159 illa
1316 3104 1498 3160 statim
1528 3104 1581 3157 in
1607 3102 1872 3174 principio
1892 3114 1988 3171 pe—

2095 1912 2296 1969 Christi
2333 1913 2608 1984 apostolus
2636 1918 2787 1967 notat
2814 1930 2837 1963 ‹
2885 1912 3211 1970 devorantes
3251 1915 3440 1971 domos
3489 1917 3677 1972 vidua-

2096 2020 2217 2059 rum
2256 2005 2470 2077 (Matth.
2497 2005 2619 2076 xu).
2661 2024 2680 2057 ι
2718 2006 2958 2075 Cumque
2985 2046 3000 2071 ,
3056 2005 3252 2074 inquit,
3291 2007 3545 2061 misertus
3595 2007 3674 2062 tui

2094 2094 2269 2161 fuero,
2294 2111 2363 2150 ne
2378 2094 2583 2165 justum
2615 2104 2668 2157 te
2690 2110 2808 2151 esse
2832 2104 3012 2165 putes,
3039 2098 3133 2151 sed
3157 2111 3373 2168 semper
3402 2107 3676 2154 memento

2094 2187 2396 2257 iniquitatis
2423 2196 2545 2252 tuae,
2597 2194 2653 2242 et
2690 2188 2847 2251 scito,
2881 2187 3006 2256 quia
3035 2188 3088 2242 in
3130 2188 3412 2244 Dominum
3444 2189 3678 2245 fornica-

2093 2286 2182 2345 tus
2222 2279 2314 2341 sis,
2344 2286 2399 2332 et
2434 2278 2701 2347 superbire
2761 2277 2896 2333 colla
2950 2278 3194 2343 demitte,
3236 2280 3409 2350 utqui
3449 2279 3678 2337 oﬂ'endi-

2094 2368 2163 2423 eti
2220 2370 2388 2423 Deum
2434 2383 2532 2437 per
2585 2368 2970 2439 arrogantiam,
3008 2368 3223 2439 placeas
3266 2384 3363 2439 per
3407 2370 3678 2425 humilita~

2095 2467 2225 2514 tem.
2258 2458 2340 2514 Illi
2390 2465 2570 2513 autem
2605 2460 2748 2528 quod
2792 2474 2952 2530 supra
2984 2460 3245 2523 diximus,
3285 2478 3305 2511 ο
3340 2469 3394 2514 et
3434 2476 3542 2516 non
3588 2460 3679 2516 fir-

2092 2551 2253 2606 mabo
2276 2549 2468 2605 faciem
2502 2565 2677 2604 meam
2707 2564 3031 2621 super’vos,
3070 2569 3089 2601 ι
3124 2550 3255 2605 illud
3301 2553 3675 2622 propheticum

2093 2645 2345 2702 convenit
2377 2663 2390 2698 :
2431 2663 2450 2696 ι
2484 2644 2684 2699 Averte
2731 2644 2926 2699 faciem
2974 2653 3120 2698 tuam
3159 2661 3187 2697 a
3241 2645 3478 2714 peccatis
3516 2646 3673 2712 meis,

2092 2746 2149 2797 at
2176 2751 2367 2797 omnes
2393 2735 2704 2806 iniquitates
2734 2750 2883 2797 meas
2910 2735 3028 2791 dele
3064 2733 3244 2806 (Pent.
3270 2735 3346 2807 ι).
3379 2756 3400 2795 ι

2167 2848 2188 2883 ι
2226 2828 2643 2894 Convertimini,
2671 2827 2764 2883 lilii
2796 2834 3128 2891 revertentes
3154 2828 3285 2899 (sive
3312 2828 3433 2898 vagi
3452 2836 3509 2891 et
3526 2843 3678 2894 rece-

2096 2939 2117 2981 t
2154 2920 2388 2993 dentes).
2418 2921 2551 2977 dicit
2583 2920 2866 2987 Dominus,
2899 2920 3024 2990 quia
3056 2935 3159 2991 ego
3207 2921 3291 2977 vir
3334 2929 3513 2985 testor
3552 2922 3679 2994 (sive

2092 3032 2117 3073 ς
2152 3014 2456 3075 dominator
2476 3014 2686 3080 vestri).
2721 3013 2791 3069 Et
2818 3028 3093 3073 assumam
3119 3029 3216 3075 vos
3246 3031 3415 3077 unum
3450 3016 3516 3075 de
3539 3016 3676 3072 civi.

2095 3122 2116 3163 ι
2152 3111 2285 3171 tate,
2314 3112 2371 3160 et
2395 3105 2529 3161 duos
2553 3104 2620 3163 de
2639 3105 2983 3175 cognatione,
3022 3111 3078 3163 et
3116 3104 3457 3167 introducam
3486 3120 3584 3163 vos
3623 3105 3678 3163 in

368 3198 369 3201 ‘
414 3193 524 3250 riit.
555 3194 679 3252 Haec
705 3196 848 3251 illius
877 3197 1202 3251 cruciatibus
1230 3196 1405 3267 potuit
1453 3193 1747 3249 emendari.
1798 3192 1988 3248 Atten-
2013 3192 2059 3259 C
2094 3216 2115 3255 ι
2149 3195 2302 3262 Sion,
2353 3205 2408 3253 et
2448 3197 2589 3253 dabo
2616 3196 2770 3253 vobis
2798 3204 3044 3266 pastores
3082 3194 3234 3266 juxta
3263 3211 3361 3253 eor
3386 3211 3586 3263 meum,
3625 3205 3680 3257 et

412 3285 502 3339 dat
528 3303 664 3342 nova
692 3302 754 3341 ex
781 3287 949 3341 veteri
976 3287 1213 3350 haeresis,
1231 3286 1372 3356 quod
1398 3284 1564 3341 Israel
1587 3284 1987 3355 comparatione
2090 3308 2113 3345 ι
2146 3297 2369 3359 paseent
2395 3305 2489 3350 vos
2512 3289 2738 3347 scientia
2758 3298 2816 3349 et
2835 3288 3103 3349 destrina.
3132 3288 3380 3360 (lupique
3410 3289 3674 3360 multipli-

406 3378 608 3454 pcjoris
631 3378 924 3461 justiﬁcala
957 3379 1187 3434 dicatur.
1226 3376 1336 3433 Nec
1365 3377 1561 3431 mirum
1606 3375 1709 3430 hoc
1734 3375 1800 3429 de
1830 3374 1987 3430 ιιηὶυε
2087 3382 2257 3441 scati
2288 3381 2498 3440 fueritis
2524 3390 2579 3439 et
2611 3382 2901 3441 creveritis
2948 3382 3001 3439 in
3033 3389 3199 3447 terra,
3239 3382 3296 3439 in
3320 3382 3511 3439 diebus
3549 3380 3676 3448 illis,

409 3474 585 3545 gentis
633 3474 930 3538 sororibus,
968 3488 1086 3527 cum
1154 3473 1386 3529 Sodoma
1438 3479 1649 3541 quoque
1700 3465 1987 3525 Metione
2091 3496 2113 3529 ι
2148 3478 2223 3533 ait
2246 3476 2644 3540 Dominus,non
2666 3475 2848 3531 dicent
2868 3474 3200 3533 ultrazAma
3221 3474 3363 3544 pacti
3386 3474 3485 3546 (uel
3510 3482 3678 3533 testa-

410 3558 745 3615 Hierusalem
797 3560 1022 3629 iustitia:
1080 3576 1274 3615 nomen
1329 3561 1583 3630 accipiat,
1615 3560 1827 3615 dicente
1876 3558 1986 3612 Do-
2088 3587 2112 3620 ι
2146 3568 2338 3636 metui)
2384 3567 2614 3630 Domini,
2663 3581 2838 3636 neque
2884 3568 3143 3628 ascendet
3172 3581 3334 3635 super
3355 3581 3473 3632 cor,
3502 3579 3677 3637 neque

408 3657 557 3712 mino
580 3672 677 3727 per
702 3656 1041 3712 Ezechielem
1073 3675 1086 3711 :
1116 3677 1133 3707 ι
1157 3654 1457 3711 Justiﬂcata
1480 3664 1562 3711 est
1583 3656 1812 3711 Sodoma
1843 3670 1909 3711 ex
1933 3664 1986 3711 te

409 3748 625 3819 (Ezech.
658 3749 825 3821 “1),:
861 3757 916 3805 et
933 3749 1249 3819 publicanus
1286 3747 1547 3804 Phariszei
1582 3749 1985 3818 comparatione

408 3840 469 3896 fit
490 3840 691 3910 justus.

480 3949 500 3982 ι
535 3931 682 3987 Vade
705 3940 761 3985 et
786 3932 958 3987 clama
995 3931 1125 4002 (sive
1148 3931 1287 4003 lege)
1327 3944 1605 3987 sermones
1638 3931 1771 3986 istos
1794 3939 1984 3997 contra

410 4041 431 4073 α
465 4021 783 4092 Aquilonem
815 4031 870 4077 et
912 4025 1060 4079 dices
1090 4043 1103 4079 :
1131 4023 1443 4084 Revertere,
1468 4022 1769 4079 aversatrix
1795 4022 1981 4088 Israel,

411 4130 433 4164 ι
467 4112 598 4168 dicit
643 4114 917 4177 Dominus,
942 4122 998 4169 et
1024 4128 1128 4168 non
1158 4123 1401 4171 avertam
1451 4114 1578 4186 (sive
1628 4114 1873 4186 tirmabe)
1907 4113 1985 4169 fa-

409 4222 432 4258 ι
467 4206 604 4260 ciem
632 4222 803 4261 meam
833 4223 864 4261 a
886 4209 1038 4263 vobis
1068 4208 1192 4280 (sive
1241 4223 1400 4278 super
1422 4207 1572 4280 vos),
1602 4210 1732 4279 quia
1762 4216 1982 4265 sanctus

410 4311 433 4347 ι
467 4295 593 4367 (sive
618 4297 946 4370 misericors)
976 4314 1093 4353 sum
1112 4339 1126 4363 ,
1169 4298 1299 4355 dicit
1329 4299 1607 4363 Dominus,
1656 4309 1711 4355 et
1739 4316 1845 4354 non
1876 4300 1983 4355 ira-

406 4402 429 4437 ι
465 4399 587 4440 scar
630 4387 682 4440 in
732 4396 1067 4457 perpetuum.
1126 4388 1507 4445 Verumtamen
1544 4392 1680 4445 scito
1730 4391 1981 4461 iniquita-

409 4492 429 4526 ι
474 4485 582 4530 tem
608 4477 916 4546 tuam,qnia
947 4479 1003 4531 in
1027 4479 1311 4533 Dominum
1342 4480 1509 4537 Deum
1546 4482 1897 4550 praevaricata
1919 4498 1980 4540 es

2089 3678 2112 3717 ί
2149 3660 2578 3717 recordabuntur
2599 3658 2760 3724 illius,
2779 3673 2879 3717 nec
2897 3658 3226 3723 visitabitur.
3244 3672 3344 3713 nec
3357 3657 3451 3717 fiet
3469 3657 3629 3715 ultra.
3651 3676 3672 3717 ι

2083 3749 2256 3810 Judaei
2302 3749 2409 3805 hoc
2456 3748 2734 3818 impletum
2787 3755 2982 3817 putant
3024 3754 3148 3819 post
3194 3746 3558 3808 reversionem
3607 3761 3676 3805 ex
3712 3768 3733 3781 κ

2083 3840 2359 3911 Babylone
2382 3840 2483 3899 sub
2504 3838 2647 3909 Cyro
2675 3853 2801 3909 rege
2826 3838 3137 3905 Persarum,
3160 3848 3216 3897 et
3245 3836 3543 3903 Zombabel
3562 3836 3674 3892 ﬁlio

2084 3930 2369 3996 Salathiel,
2388 3930 2552 3989 etiam
2575 3930 2621 3985 si
2640 3945 2747 3989 non
2768 3945 2959 3993 omnes
2988 3931 3191 3991 reversi
3214 3939 3358 3995 sunt,
3384 3930 3486 3985 hoc
3508 3930 3676 4002 signi-

2083 4020 2258 4083 ﬁcari.
2290 4040 2309 4072 ι
2343 4020 2634 4084 Assumam
2674 4035 2838 4074 unum
2890 4019 2956 4074 de
2992 4019 3217 4081 civitate
3245 4027 3302 4073 et
3325 4019 3461 4077 duos
3489 4018 3557 4075 de
3584 4034 3676 4091 ge-

2080 4132 2234 4175 nere.
2275 4137 2294 4169 ι
2329 4116 2436 4177 Sed
2464 4115 2660 4171 melius
2711 4114 2766 4169 in
2796 4114 3031 4175 adventu
3052 4112 3275 4179 Christi,
3297 4113 3513 4184 quando
3545 4114 3671 4169 reli-

2085 4212 2227 4282 quia:
2280 4210 2441 4267 salvae
2484 4208 2641 4269 facta:
2691 4215 2837 4273 sunt,
2883 4208 3094 4265 dicente
3121 4215 3176 4265 et
3204 4216 3506 4278 exponente
3531 4207 3673 4277 Apo-

2080 4304 2221 4361 stole
2262 4319 2281 4361 ι
2329 4322 2347 4362 ι
2407 4302 2520 4361 Nisi
2579 4302 2840 4362 Dominus
2880 4302 3108 4361 sabaoth
3162 4302 3469 4372 reliquisset
3512 4302 3670 4359 nobis

2080 4408 2288 4459 semen,
2316 4394 2476 4464 ψιθιὶ
2504 4392 2740 4451 Sodoma
2765 4408 3032 4459 essemus,
3084 4401 3138 4451 et
3174 4395 3329 4464 quasi
3370 4392 3671 4451 Gomorrha

2080 4487 2287 4551 similes
2312 4485 2603 4545 fuissemus
2642 4485 2819 4557 (Rom.
2852 4486 2954 4557 Ix).
2991 4506 3009 4537 ι
3040 4485 3196 4543 Tunc
3230 4488 3520 4543 introducti
3544 4493 3671 4545 sunt

409 4583 428 4616 ι
468 4566 593 4637 (sive
616 4567 777 4636 impie
806 4567 1007 4637 egisti),
1032 4578 1087 4622 et
1108 4570 1408 4638 dispersiin
1439 4571 1564 4641 (sive
1592 4571 1977 4643 eil'udistihlas
2001 4555 2055 4615 Ῑ)
2083 4577 2139 4635 in
2160 4578 2314 4642 Sion.
2348 4579 2413 4634 de
2440 4594 2545 4646 qua
2576 4555 2836 4646 scriptum
2867 4555 2949 4633 est
2974 4596 2989 4631 :
3026 4596 3046 4631 ι
3082 4577 3327 4637 Gloriosa
3371 4579 3513 4637 dicta
3544 4584 3669 4633 sunt

409 4676 429 4707 ι
470 4666 589 4711 tuas
614 4657 806 4711 alienis
832 4659 931 4713 sub
959 4660 1105 4712 omni
1153 4659 1299 4729 ligno
1342 4661 1619 4727 frondoso,
1650 4669 1706 4716 et
1742 4677 1849 4717 non
1878 4680 1976 4719 aus

410 4765 430 4798 ι
465 4746 594 4801 disti
623 4763 808 4802 vocem
841 4762 1040 4814 meam,
1078 4750 1209 4805 dicit
1246 4751 1525 4807 Dominus.
1562 4770 1581 4804 ι
1616 4754 1853 4808 Verbum
1880 4754 1979 4808 He-

403 4837 645 4893 braieum
666 4850 827 4924 mp
850 4847 907 4893 et
934 4855 1058 4893 rora
1087 4841 1203 4895 sive
1229 4841 1400 4896 clama
1424 4850 1478 4898 et
1508 4843 1618 4913 lege
1640 4843 1973 4915 intelligitur.

406 4929 555 4985 Unde
584 4931 777 5000 Aquila
816 4941 870 4987 et
898 4932 1257 5003 Symmachus
1282 4934 1528 5000 clamita;
1553 4935 1899 5006 Septuaginta
1923 4943 1979 4992 et

401 5024 699 5080 Theodotio
739 5022 849 5097 lege
884 5028 1223 5097 interpretati
1258 5037 1400 5083 sunt.
1431 5029 1513 5085 Ad
1537 5029 1856 5101 Aquilonem
1882 5046 1978 5085 auv

399 5125 507 5171 tem
536 5124 592 5171 et
619 5108 804 5172 contra
830 5120 1154 5191 Babylonem
1179 5128 1343 5190 supra
1361 5122 1614 5192 Assyrios
1640 5137 1821 5177 sermo
1849 5120 1978 5177 diri-

396 5210 562 5278 gitur,
593 5211 659 5264 ad
684 5210 871 5267 decem
902 5223 955 5268 et
978 5214 1046 5267 ad
1074 5215 1207 5268 duas
1229 5214 1490 5280 tribus,et
1522 5230 1709 5270 earnm
1740 5214 1977 5269 reversio

2077 4669 2148 4727 de
2171 4678 2241 4733 te,
2266 4669 2458 4724 civitas
2476 4669 2570 4724 Dei
2600 4666 2772 4738 (Psal.
2798 4668 3040 4736 uxxvr).
3071 4688 3090 4719 ›
3111 4669 3179 4725 Et
3198 4670 3312 4725 dati
3341 4678 3467 4724 sunt
3487 4677 3670 4737 pasto-

2078 4772 2168 4813 res
2184 4755 2341 4824 juxta
2361 4772 2456 4813 cor
2473 4771 2608 4825 ejus,
2639 4756 2867 4824 apostoli
2896 4764 2950 4811 et
2975 4756 3252 4825 apostolici
3278 4757 3399 4823 viri,
3428 4768 3481 4812 et
3503 4773 3668 4827 pave-

2080 4857 2206 4909 runt
2216 4847 2555 4911 credentium
2584 4845 3005 4912 multitudinem,
3028 4863 3134 4911 non
3167 4848 3219 4905 in
3240 4847 3480 4905 Judaicis
3506 4850 3664 4905 caeri-

2078 4946 2296 5010 moniis,
2323 4945 2417 5002 sed
2438 4946 2495 5001 in
2523 4944 2753 5003 scientia
2784 4943 2986 5003 Christi
3018 4952 3181 5014 atque
3215 4942 3481 5007 doctrina,
3525 4949 3581 4996 et
3606 4941 3662 4999 in

2081 5044 2197 5093 toto
2218 5036 2352 5093 orbe
2378 5036 2763 5107 praedicatione
2788 5036 3065 5105 Evangelii
3092 5036 3405 5091 -seminata.
3447 5033 3663 5104 Nequa-

2081 5142 2242 5199 quam
2272 5129 2325 5185 in
2349 5143 2476 5189 arca
2501 5128 2735 5192 Domini,
2763 5144 2883 5198 qua:
2912 5128 3013 5183 fuit
3035 5137 3222 5185 custos
3244 5128 3375 5199 legis
3394 5127 3656 5192 Mosaicae,

2079 5220 2356 5277 habebunt
2384 5220 2659 5286 fiduciam,
2685 5220 2777 5275 sed
2819 5221 2918 5291 ipsi
2946 5230 3104 5277 erunt
3132 5221 3384 5292 templum
3412 5222 3527 5288 Dei,
3559 5236 3660 5279 nec

399 5303 739 5369 praedicatur.
761 5324 779 5353 ι
801 5305 863 5359 Ει
885 5321 988 5360 non
1010 5314 1266 5370 avertam,
1306 5307 1498 5377 inquit,
1531 5308 1723 5361 faciem
1748 5321 1923 5361 meam
1942 5322 1973 5362 a
2071 5311 2227 5381 juxta
2252 5321 2496 5370 errantes
2520 5312 2804 5369 Nazarteos
2821 5313 3019 5373 abditis
3040 5314 3323 5371 sacriﬁciis
3345 5316 3655 5380 inservient,

400 5393 575 5456 vobis,
602 5395 714 5451 sive
739 5411 844 5449 non
878 5396 1103 5452 lirmabo
1145 5396 1340 5453 faciem
1379 5415 1552 5454 meam
1584 5409 1769 5456 contra
1799 5418 1916 5468 vos,
1948 5422 1967 5454 ι

400 5490 461 5537 ιιι
515 5497 850 5552 nequaquam
894 5502 990 5541 vos
1037 5491 1355 5549 austeritate
1394 5489 1614 5563 iudicii,
1665 5493 1757 5548 sed
1821 5494 1970 5549 vultu

402 5573 783 5628 misericordiae
817 5577 1119 5645 suscipiam.
1180 5580 1412 5637 Sanctus
1456 5582 1603 5637 enim
1658 5592 1711 5639 et
1765 5584 1975 5639 miseri-

400 5681 525 5723 cors
579 5680 719 5731 sum,
773 5675 831 5723 ut
885 5684 989 5723 non
1053 5674 1301 5730 recorder
1357 5675 1495 5731 ultra
1549 5676 1846 5747 iniquitatis
1882 5694 2013 5734 ve--

401 5770 547 5831 strte,
580 5774 682 5818 nec
735 5762 1070 5821 meminerim
1126 5767 1269 5839 quod
1307 5784 1337 5825 a
1372 5770 1597 5827 Domino
1650 5764 1971 5845 recessistis,

2079 5405 2171 5460 sed
2198 5404 2496 5475 spiritalem
2529 5405 2730 5460 cultum
2770 5407 3137 5465 sectabantur.
3168 5407 3272 5463 Alii
3311 5424 3441 5464 vero
3472 5409 3573 5465 hoc
3603 5408 3657 5463 in

2076 5497 2237 5553 finem
2267 5505 2567 5567 temperata
2593 5497 2909 5568 intelligunt,
2941 5502 3158 5569 quando
3178 5502 3521 5559 subintrante
3539 5502 3656 5572 plc-

2075 5588 2321 5647 nitudine
2346 5589 2585 5658 gentium
2619 5591 2796 5647 omnis
2822 5590 2986 5648 Israel
3015 5593 3197 5649 salvus
3224 5594 3317 5651 fiet
3348 5594 3527 5665 (Rom.
3553 5592 3654 5662 ιι),

2148 5700 2169 5733 ι
2217 5680 2277 5736 In
2330 5688 2571 5752 tempore
2616 5682 2711 5741 illo
2766 5685 3035 5740 vocabunt
3102 5684 3402 5745 Jerusalem
3464 5686 3657 5749 solium

2081 5791 2100 5827 ι
2137 5773 2372 5853 Domini,
2418 5783 2475 5831 et
2523 5778 2991 5863 congregabantur
3016 5779 3083 5837 ad
3101 5795 3222 5851 eam
3249 5794 3441 5847 omnes
3468 5787 3661 5867 gentes
