4008 6340
338 393 452 465 ’838

1178 383 1187 402 "
1249 380 1624 454 'Exrosmo
1665 389 1892 453 SUPER
1929 385 2302 449 JEREMIAM.
2330 376 2407 432 —-‘
2437 390 2564 447 us.
2604 389 2690 447 ιιι.
2703 406 2712 422 π
2743 395 2768 406 ε·
2840 394 2862 405 ·’
2943 400 2948 408 ·

3499 395 3606 452 834

349 544 370 578 ι
393 503 628 577 vertere.
658 532 678 568 ι
710 507 982 587 (Ηίενοη.)
1014 509 1123 566 Pro
1151 521 1258 582 quo
1291 511 1645 583 Septuaginta
1668 512 1916 566 tr‘anstu-
1945 509 2000 570 Α
2023 507 2487 562 circumcisionem
2540 504 3000 572 emundationem,
3032 513 3086 563 et
3125 507 3390 578 praeputia
3413 510 3611 568 vitium

340 611 561 670 lerunt:
605 626 626 660 ‹
649 601 726 662 δι
761 619 1052 662 conversus
1087 600 1252 656 fuerit
1275 599 1466 666 Israel;
1489 602 1617 656 dicit
1637 601 1916 667 Dominus,

346 699 413 759 ad
437 700 524 757 me
555 705 919 755 oonvertetur.
953 704 973 746 ι
1002 693 1072 749 Et
1105 699 1189 747 est
1212 699 1438 746 sensus“:
1461 691 1520 746 Si
1551 693 1618 747 ad
1645 707 1732 748 me
1758 691 1922 747 fuerit

345 799 617 857 reversus,
677 795 984 844 revertetur
1034 786 1101 842 de
1158 785 1470 855 captivitate
1495 823 1510 849 ,
1571 783 1685 838 sive
1743 781 1918 848 aliter,

345 901 466 943 cum
492 880 748 940 obtulerit
765 880 907 949 quod
927 877 1110 934 habet.
1133 895 1151 930 ι
1171 876 1272 945 Qui
1289 877 1434 932 enim
1447 875 1610 931 habet
1621 875 1833 931 dabitur
1845 875 1920 942 ei,

346 980 435 1048 qui
460 983 639 1031 autem
674 987 780 1027 non
802 971 983 1037 habet,
1013 969 1176 1026 etiam
1211 969 1263 1025 id
1307 967 1451 1039 quod
1474 966 1676 1022 habere
1705 966 1922 1020 videtur

346 1065 621 1125 auferetur
645 1065 712 1121 ab
731 1080 817 1121 eo.
846 1085 864 1119 ι
881 1063 1052 1119 Porro
1071 1061 1228 1131 juxta
1255 1060 1584 1138 Hebraicum
1614 1059 1706 1114 hic
1731 1067 1922 1113 sensus

343 1172 462 1218 est:
496 1160 554 1215 Si
581 1157 872 1215 reverteris
900 1156 968 1212 ad
1013 1170 1121 1222 me,
1161 1152 1345 1218 Israel,
1392 1160 1446 1209 et
1485 1151 1652 1208 semel
1693 1150 1921 1207 salutem

343 1253 656 1308 desiderans
683 1290 698 1316 ,
762 1262 1017 1321 peccasse
1073 1253 1126 1301 te
1168 1245 1328 1310 dicis,
1375 1252 1430 1298 et
1477 1256 1664 1297 vocem
1709 1239 1922 1297 Domini

343 1342 438 1397 Dei
468 1341 545 1396 tui
573 1356 678 1397 non
706 1339 943 1403 audisse,
971 1335 1130 1407 plene
1171 1340 1508 1390 convertere.
1546 1330 1717 1388 Crede
1761 1343 1923 1400 quem

343 1434 576 1506 negasti,
606 1440 661 1488 et
697 1440 825 1487 tunc
852 1430 956 1485 erit
979 1428 1138 1499 plena
1167 1425 1487 1483 conversio.

418 1545 436 1576 ι
468 1523 526 1579 Si
579 1520 864 1578 abstuleris
912 1518 1233 1575 offendicula
1280 1525 1372 1572 tua
1404 1531 1436 1570 a
1483 1513 1618 1570 facie
1643 1529 1786 1580 mea,
1815 1527 1924 1568 non

348 1609 367 1669 ι
396 1613 845 1672 commoveberis.
882 1631 900 1665 ι
934 1612 1159 1680 Quando
1198 1625 1328 1681 ergo
1362 1622 1667 1672 movemur,
1696 1615 1752 1662 et
1792 1605 1924 1662 dici-

344 1722 466 1761 mus
492 1720 508 1776 ;
555 1725 574 1757 ι
608 1704 713 1760 Mei
760 1712 940 1759 autem
987 1718 1128 1773 pene
1171 1701 1307 1758 moti
1355 1709 1481 1756 sunt
1529 1700 1694 1772 pedes
1747 1697 1920 1769 (Psal.

345 1796 540 1868 Lxxu),
577 1815 596 1849 ι
627 1810 732 1851 non
762 1793 1126 1850 imbecillitate
1175 1800 1380 1848 naturae
1410 1793 1514 1848 hoc
1540 1791 1796 1863 patimur,
1827 1790 1922 1846 sed

2020 592 2346 670 intelligens.
2408 597 2524 654 Hoc
2576 605 2760 653 autem
2811 599 3127 669 praecipitur
3156 602 3314 657 viris
3359 601 3497 658 Iuda
3549 613 3609 660 et

2020 686 2380 755 Hierusalem,
2403 689 2495 759 qui
2524 703 2711 745 veram
2746 697 3030 745 sectantur
3055 688 3242 757 ﬁdem,
3273 701 3328 747 et
3365 694 3610 765 habitant

2021 781 2077 835 in
2106 781 2369 848 Ecclesia,
2393 791 2452 836 ut
2472 798 2581 837 non
2593 782 2863 838 seminent
2883 795 3054 852 super
3065 783 3272 853 spinas,
3297 800 3433 854 quas
3446 802 3614 842 evan~

2022 875 2225 946 gelicus
2256 889 2436 932 sermo
2468 875 2740 948 signiﬁcat
2763 874 2977 948 (Matth.
3004 875 3148 948 xui),
3187 892 3307 947 quae
3348 878 3613 936 suti'ooent

2022 975 2320 1022 sementem
2355 966 2472 1032 Dei,
2504 967 2598 1023 sed
2631 966 2788 1037 prius
2816 967 3008 1022 novale
3055 966 3279 1034 faciant,
3322 977 3380 1023 et
3420 984 3612 1025 omnes

2021 1056 2314 1113 suﬂ‘odiant
2358 1071 2568 1128 vepres,
2626 1065 2916 1128 sentesque
2963 1057 3234 1125 auferant,
3282 1067 3343 1114 ut
3406 1060 3610 1116 munda

2022 1151 2232 1206 semina
2285 1151 2487 1206 munda
2536 1166 2666 1206 arva
2720 1152 3038 1223 suscipiant.
3089 1152 3204 1209 Hoc
3248 1160 3334 1208 est
3373 1153 3520 1223 quod
3553 1152 3612 1210 in

2024 1241 2128 1297 alio
2154 1241 2275 1297 Ioco
2304 1241 2540 1297 dicitur:
2575 1262 2595 1295 ι
2635 1241 2714 1298 Ne
2743 1243 3000 1300 miseritis
3037 1246 3360 1314 margaritas
3403 1253 3615 1302 vestras

2025 1340 2149 1388 ante
2175 1334 2391 1402 parcos,
2438 1339 2492 1386 et
2521 1348 2589 1388 ne
2640 1333 2780 1388 detis
2827 1341 3077 1389 sanctum
3127 1334 3355 1390 canibus
3393 1331 3609 1406 (Matth.

2023 1422 2141 1495 vn).
2182 1440 2200 1474 ι
2232 1422 2513 1490 Quomodo
2539 1423 2685 1477 enim
2720 1430 2904 1492 potest
2933 1423 3028 1480 Dei
3064 1425 3252 1480 audire
3281 1439 3610 1489 sermonem,

2025 1522 2080 1569 et
2108 1515 2395 1584 concipere
2425 1513 2632 1568 semina
2661 1522 2718 1569 et
2753 1513 2998 1569 fructum
3042 1516 3248 1582 facere,
3293 1517 3447 1587 cujus
3491 1518 3610 1572 ani-

2026 1619 2148 1660 mus
2173 1606 2434 1660 aerumnis
2463 1605 2652 1659 mundi
2673 1605 2865 1675 plenus
2889 1614 3018 1662 est.
3037 1607 3299 1678 Quodque
3324 1609 3570 1680 sequitur
3594 1626 3610 1664 ε

2031 1715 2051 1750 ι
2084 1695 2545 1753 Circumcidimini
2577 1696 2824 1763 Domino,
2850 1705 2906 1752 et
2943 1697 3152 1753 auferte
3188 1700 3453 1769 praeputia
3493 1713 3615 1754 cor-

2027 1788 2172 1843 dium
2224 1795 2556 1853 vestrorum,
2595 1805 2614 1837 ›
2658 1787 2795 1843 nulli
2837 1787 2928 1842 alii
2982 1790 3297 1861 praecipitur
3341 1791 3446 1845 nisi
3493 1790 3615 1845 viro

319 1889 474 1958 quia
498 1861 774 1958 Pponimus
825 1883 1146 1941 offendicula
1195 1891 1252 1939 et
1304 1883 1448 1939 idola
1490 1861 1678 1939 nostra
1734 1889 1921 1938 contra
1949 1861 1998 1938 Β
2024 1879 2161 1934 Juda
2186 1887 2241 1934 et
2266 1878 2559 1935 habitatori
2586 1877 2946 1944 Hierusalem,
2979 1889 3041 1934 ut
3084 1881 3338 1936 deserant
3365 1880 3615 1936 occiden-

347 1979 653 2034 Dominum.

423 2089 442 2121 ι
467 2069 534 2124 Et
565 2066 776 2138 jurabis
808 2084 823 2121 :
849 2067 996 2122 Vivit
1013 2038 1280 2123 Dominus
1307 2041 1364 2122 in
1400 2065 1652 2132 veritate,
1677 2073 1734 2122 et
1761 2065 1815 2120 in
1839 2063 1926 2134 ju-
1959 2114 1963 2118 .

350 2179 370 2215 ι
399 2160 560 2226 dicio,
589 2168 646 2215 et
685 2159 740 2214 in
776 2157 1026 2228 iustitia;
1081 2167 1139 2214 et
1187 2158 1506 2214 benedicent
1545 2173 1668 2212 eum
1719 2166 1921 2228 gentes,

349 2248 678 2319 «ipsumque
721 2247 1035 2303 laudabunt.
1091 2267 1109 2299 ι
1160 2248 1229 2302 Ει
1261 2249 1530 2317 quomodo
1579 2247 1927 2313 Evangelium

343 2336 558 2411 (Matth.
589 2339 645 2410 v)
668 2336 852 2408 jurare
876 2353 978 2394 nos
1009 2338 1303 2408 prohibet?
1339 2337 1446 2393 Sed
1486 2339 1576 2393 hic
1593 2337 1802 2408 jurabis
1828 2352 1926 2406 pro

343 2430 682 2486 confessione
705 2430 918 2494 dicitur,
950 2437 1006 2485 et
1031 2430 1098 2485 ad
1115 2429 1616 2486 condemnationem
1641 2429 1924 2496 idolorum,

341 2538 436 2593 per
463 2538 583 2592 quae
595 2523 816 2594 jurabat
846 2521 1032 2578 Israel.
1079 2521 1321 2592 Denique
1347 2521 1668 2577 auferuntur
1695 2521 1925 2577 oﬂ'endi-

343 2614 488 2679 cula,
513 2623 567 2669 et
592 2613 739 2683 jurat
766 2629 864 2684 per
892 2614 1198 2669 Dominum.
1227 2614 1488 2684 Quodque
1517 2614 1754 2669 dicitur:
1792 2633 1811 2666 ι
1837 2614 1929 2668 Vi-

344 2702 421 2755 vit
456 2702 735 2768 Dominus,
794 2720 813 2753 ›
870 2701 926 2756 ἱιι
979 2702 1326 2758 Testamento
1377 2701 1610 2769 Veteri,
1647 2701 1928 2774 jusjuran-

319 2793 468 2848 dum
499 2802 582 2848 est
609 2795 677 2850 ad
711 2793 1218 2851 condemnationem
1265 2804 1626 2863 mortuorum,
1674 2812 1773 2867 per
1794 2811 1930 2866 quos

322 2883 694 2960 -juraLomnis
712 2884 1043 2946 Momm
1061 2884 1340 2965 Simulque
1388 2887 1928 2952 animadvertendum

348 2983 490 3051 quod
525 2983 902 3054 jusjurandum
947 2986 1048 3040 hos
1088 2987 1288 3041 habeat
1337 2987 1582 3051 comites,
1617 2985 1926 3052 veritatem,

341 3070 603 3140 judicium
632 3081 792 3143 atque
815 3071 1124 3141 justitiam:
1166 3075 1212 3130 si
1243 3076 1349 3131 ista
1389 3075 1676 3142 defuerint,
1721 3090 1928 3146 nequa-

348 3178 510 3233 quam
535 3165 640 3219 erit
651 3162 1018 3232 juramentum
1039 3166 1132 3222 sed
1152 3165 1469 3236 perjurium.
1497 3165 1738 3237 Cumque
1751 3167 1848 3233 ait,
1872 3174 1928 3222 et

2028 1979 2136 2025 tem
2163 1969 2422 2035 litteram,
2447 1977 2503 2025 et
2535 1977 2834 2040 sequantur
2859 1968 3108 2038 spiritum
3139 1969 3525 2026 vivificantem.
3555 1968 3614 2026 Si

2027 2062 2194 2126 enim,
2223 2061 2417 2131 inquit,
2457 2062 2562 2117 hoc
2592 2076 2702 2116 non
2729 2061 2996 2125 feceritis,
3042 2062 3352 2132 egredietur
3386 2073 3447 2119 ut
3475 2064 3618 2135 ignis

2028 2155 2329 2234 indignatio
2359 2169 2502 2219 mea,
2535 2162 2592 2210 et
2620 2157 3000 2223 succendetur,
3031 2163 3086 2211 et
3115 2171 3223 2211 non
3257 2157 3363 2213 erit
3387 2158 3479 2228 qui
3517 2173 3616 2214 ex-

2028 2245 2289 2316 stinguat.
2336 2245 2461 2301 Ideo
2517 2253 2701 2302 autem
2755 2247 3016 2304 minando
3065 2257 3190 2304 ante
3234 2249 3497 2320 praedicit,
3549 2265 3620 2307 ne

2028 2335 2210 2417 facere
2237 2335 2610 2407 compellatur.
2644 2335 2800 2405 Quod
2824 2347 2880 2392 et
2911 2338 2968 2394 in
3011 2338 3267 2395 Ninivitis
3305 2341 3616 2411 probamus,

2028 2429 2226 2501 quibus
2254 2430 2516 2499 pradicta
2542 2432 2820 2507 sententia.
2837 2439 2942 2498 est,
2980 2439 3041 2487 ut
3067 2432 3444 2502 imminentem
3471 2433 3619 2488 furo-

2028 2535 2144 2590 rem
2169 2523 2489 2593 pmnitentia
2514 2522 2866 2579 declinarent.
2895 2521 3090 2593 Omnia
3121 2531 3302 2578 autem
3330 2524 3446 2578 haec
3476 2523 3618 2578 mala

2026 2611 2246 2666 venient
2291 2620 2515 2682 propter
2562 2611 2826 2667 malitiam
2875 2612 3265 2683 cogitationum
3315 2613 3429 2668 sive
3469 2612 3624 2667 adin-

2028 2703 2339 2761 ventionum
2368 2713 2700 2761 nostrarum.
2730 2703 2832 2761 Ubi
2875 2713 3002 2760 sunt
3029 2705 3123 2776 qui
3152 2705 3340 2761 dicunt
3379 2705 3434 2760 in
3465 2704 3614 2775 cogi-

2029 2793 2327 2868 tationibus
2376 2785 2653 2850 nonesse
2682 2789 3010 2865 peccatum,
3064 2809 3188 2849 cum
3255 2794 3436 2848 omnia
3489 2792 3622 2848 vitia

1977 2922 1982 2927 ο
2024 2893 2177 2962 juxta
2219 2885 2597 2962 evangelicam
2629 2886 2914 2944 veritatem
2961 2886 3028 2941 de
3073 2884 3237 2940 corde
3281 2884 3622 2955 procedant?

2032 2983 2322 3055 (Marinus)
2351 2982 2459 3038 Sed
2485 2982 2767 3050 Dominus,
2802 2976 2912 3053 qui
2931 2992 3039 3038 non
3063 2975 3180 3036 vult
3226 2989 3460 3036 mortem
3490 2989 3621 3050 pec-

2031 3079 2251 3144 catoris,
2281 3076 2378 3132 sed
2424 3076 2832 3132 conversionem
2880 3072 3014 3143 ejus,
3051 3081 3108 3129 et
3153 3073 3322 3128 vitam
3375 3072 3620 3142 inquirit,

2031 3172 2285 3243 prohibet
2310 3187 2410 3228 nos
2436 3173 2669 3243 primum
2713 3179 2936 3242 peccata
2975 3151 3333 3234 committere,
3380 3167 3437 3221 in
3469 3167 3616 3221 viam

347 3232 451 3310 hoc
483 3254 671 3311 fecerit
695 3255 881 3323 Israel,
925 3265 980 3310 et
1017 3271 1118 3328 per
1153 3232 1434 3327 apostolos
1481 3232 1740 3328 magis—ter
1766 3232 1930 3314 fuerit
1953 3232 2003 3307 (ἶ
2024 3232 2252 3335 iustitiae
2286 3232 2554 3332 incedere,
2584 3271 2639 3320 et
2667 3232 2942 3320 m-andatis
2984 3262 3104 3333 ejus
3146 3232 3388 3318 obedire.
3421 3259 3629 3316 Deinde

316 3346 606 3415 gentium,
645 3354 771 3402 tunc
810 3347 1150 3414 benedicent,
1199 3349 1313 3404 sive
1357 3348 1744 3404 benedicentur
1781 3349 1837 3404 in
1862 3364 1928 3408 eo

347 3451 538 3491 omnes
597 3446 806 3508 gentes,
849 3445 906 3492 et
964 3439 1142 3508 ipsum
1212 3439 1529 3504 laudabunt,
1591 3439 1735 3508 quod
1782 3439 1929 3496 salus

346 3524 674 3592 processerit
712 3540 779 3579 ex
820 3524 1007 3582 Israel.

427 3635 444 3667 ‹
470 3615 596 3670 Haec
626 3617 772 3671 enim
801 3617 934 3673 dicit
962 3618 1221 3676 Dominus
1260 3621 1378 3676 viro
1413 3620 1550 3678 Juda
1579 3630 1636 3680 et
1678 3621 1934 3680 Hierusa—

357 3729 376 3762 ι
406 3709 514 3765 lem
540 3726 553 3762 :
593 3707 800 3764 Novate
826 3709 980 3766 vobis
1006 3711 1215 3777 novale,
1261 3722 1317 3768 et
1359 3714 1526 3770 nolite
1558 3732 1743 3774 serere
1771 3733 1936 3786 super

355 3817 376 3852 ι
403 3800 604 3872 spinas.
636 3797 1098 3856 Circumcidimini
1132 3802 1384 3868 Domino,
1415 3813 1469 3860 et
1500 3805 1706 3863 auferte
1727 3822 1937 3877 praepu-

270 3940 272 3942 ,
356 3911 375 3944 ι
404 3892 478 3948 tia
515 3892 759 3948 cordium
784 3901 1112 3960 vestrorum,
1161 3893 1263 3948 viri
1304 3893 1461 3963 Juda,
1508 3905 1564 3951 et
1605 3897 1936 3952 habitatores

360 4001 379 4034 ι
407 3981 768 4050 Hierusalem,
798 3998 868 4037 ne
899 3982 1039 4037 forte
1078 3985 1386 4056 egrediatur
1414 3994 1474 4040 ut
1517 3986 1656 4058 ignis
1692 3988 1937 4059 indigna-

357 4089 379 4124 ι
405 4071 481 4127 tio
522 4087 666 4139 mea,
705 4081 761 4128 et
787 4074 1147 4129 succendatur
1169 4083 1223 4130 et
1248 4090 1356 4130 non
1386 4076 1457 4131 sit
1483 4079 1575 4146 qui
1604 4079 1931 4152 exstinguat,

359 4183 380 4216 ι
407 4174 630 4235 propter
675 4165 936 4222 malitiam
988 4168 1376 4238 cogitationum
1419 4169 1549 4241 (sive
1597 4158 1934 4228 adinvcntio-

357 4272 378 4307 ι
408 4255 558 4325 num)
582 4263 903 4310 vestrarum.
940 4275 960 4308 ι
1001 4256 1108 4312 Pro
1135 4259 1354 4327 ecquod
1367 4273 1465 4313 nos
1491 4259 1746 4338 diximus,
1767 4281 1785 4314 ι
1824 4261 1937 4338 Cir-

323 4344 721 4426 ucumciditnini
752 4347 1000 4412 Domino,
1030 4354 1086 4401 et
1112 4346 1319 4404 auferte
1340 4351 1663 4421 praeputium
1687 4336 1931 4410 cordium

354 4444 659 4512 vestrorum
685 4476 700 4501 ,
756 4454 775 4487 ›
835 4435 1193 4506 Symmachus
1240 4441 1439 4509 posuit,
1488 4461 1507 4492 ι
1565 4441 1932 4500 Purificamini

2029 3355 2082 3423 (si
2111 3355 2533 3426 peccaverimus,
2572 3361 2627 3408 et
2663 3355 2914 3410 mandata
2954 3351 3072 3421 ejus
3099 3349 3423 3423 transgressi
3457 3348 3628 3405 fueri-

2034 3461 2177 3512 mus,
2203 3446 2452 3501 hortatur
2480 3461 2584 3520 uos’
2617 3445 2686 3501 ad
2713 3445 3090 3516 paenitentiam
3134 3458 3166 3498 a
3217 3441 3457 3513 peccatis
3499 3454 3631 3495 con-

2033 3538 2198 3602 verti,
2228 3546 2282 3590 et
2302 3537 2377 3591 ita
2402 3536 2629 3606 spondet
2649 3537 2862 3590 veniam
2890 3535 3090 3600 delicti,
3125 3534 3381 3604 deinceps
3410 3546 3626 3603 quoque

2034 3627 2281 3698 praecipit
2306 3642 2406 3683 nos
2432 3628 2577 3682 viam
2621 3625 2918 3697 disciplinae
2959 3641 3200 3691 servare,
3243 3634 3297 3680 et
3323 3613 3628 3680 strenue'in

2036 3717 2179 3792 bona
2204 3717 2517 3786 operatione
2540 3732 2640 3772 nos
2683 3732 2960 3772 exercere.
2994 3716 3147 3772 Unde
3180 3714 3450 3786 Propheta
3480 3705 3631 3784 post-

2017 3792 2201 3878 quam
2247 3805 2527 3862 admonuit
2553 3807 2825 3863 lsraelitas
2874 3809 2943 3863 ab
2983 3821 3170 3864 errore
3222 3807 3290 3860 ad
3337 3804 3626 3861 Dominum

2038 3897 2298 3973 converti,
2346 3905 2402 3952 et
2427 3895 2482 3952 in
2509 3897 2761 3964 veritate,
2790 3907 2847 3953 et
2888 3899 2942 3953 in
2981 3896 3186 3966 judicio
3230 3905 3392 3966 atque
3413 3891 3627 3963 justitia

2038 3987 2335 4053 ambulare,
2361 3979 2662 4060 agrumque
2689 3987 2869 4044 cordis
2898 3990 2966 4043 ab
2992 3986 3331 4066 immunditia
3363 3984 3630 4042 scelerum

2038 4079 2321 4145 mundare,
2352 4078 2544 4134 incitat
2568 4087 2626 4134 ut
2654 4087 2842 4136 contra
2872 4077 3084 4135 leonem
3105 4077 3499 4134 ferocissimum
3529 4092 3629 4149 pu-

2035 4169 2255 4241 gnaturi
2280 4171 2447 4226 armis
2473 4171 2846 4248 spiritualibus
2871 4186 2936 4227 se
2979 4171 3246 4238 muniant,
3292 4179 3346 4226 et
3381 4157 3629 4247 civitates

2037 4265 2275 4328 munitas
2316 4256 2594 4320 sacrarum
2645 4253 3052 4346 Scripturarum
3102 4266 3492 4336 ingrediantur,
3544 4265 3624 4318 le-

2035 4365 2270 4427 ventque
2295 4356 2550 4414 vexillum
2581 4358 2783 4425 crucis,
2816 4359 3128 4431 proeliantes
3168 4358 3398 4414 viriliter
3437 4353 3627 4413 contra

2037 4450 2246 4506 hostem
2273 4441 2692 4522 nequissimum,
2733 4454 2878 4523 quod
2916 4453 3280 4531 insequentis
3306 4450 3432 4508 libri
3471 4466 3629 4507 exor-

356 4525 601 4589 Domino,
643 4535 701 4582 et
745 4527 953 4583 auferte
991 4529 1228 4584 malitias
1275 4527 1517 4587 ecrdium
1545 4544 1872 4604 vestrorum,
1910 4559 1928 4591 ι
1959 4534 2014 4614 D
2039 4540 2129 4598 dio
2157 4537 2484 4598 declarat'ur.

1563 4803 1865 4886 LIBER
1936 4808 2412 4902 TERTIUS.

1818 4983 2220 5002 *ἡ

329 5127 356 5140 ,.
433 5097 452 5135 ι
481 5063 814 5138 Αιιιιιιηιίίιῑὸ
850 5083 904 5138 in
941 5063 1184 5152 Juda,“et
1228 5087 1283 5143 in
1332 5086 1666 5144 Hierusalem
1693 5079 1933 5148 auditum

363 5186 382 5219 ι
409 5167 594 5224 facite.
617 5168 925 5241 Loquimini
966 5182 1020 5230 et
1045 5177 1226 5232 canite
1256 5177 1383 5234 tuba
1425 5179 1478 5233 in
1509 5189 1676 5248 terra,
1706 5181 1938 5238 clamate

361 5278 381 5311 ι
408 5259 637 5328 fortiter,
659 5272 714 5318 et
728 5264 892 5321 dicite
917 5266 1360 5341 :Congregamini
1391 5279 1446 5325 et
1471 5271 1839 5344 ingrediamur
1856 5276 1937 5332 ci-

363 5367 383 5398 (
410 5349 605 5406 vitates
629 5355 883 5411 munitas.
912 5357 1112 5414 Levate
1141 5361 1352 5432 signum
1379 5362 1433 5416 in
1467 5359 1618 5418 Sion.
1651 5364 1936 5423 Conforta-

363 5455 383 5490 ι
410 5439 561 5505 mini,
590 5452 661 5526 et
681 5445 844 5500 nolite
880 5457 1048 5516 stare,
1079 5452 1207 5520 quia
1243 5443 1343 5522 ego
1391 5453 1594 5510 malum
1631 5457 1840 5513 adduco
1864 5459 1934 5515 ab

363 5527 694 5621 ﬁAquilone,
742 5543 796 5589 et
831 5530 1216 5596 ‘contritionem
1270 5558 1545 5614 magnam.
1586 5564 1604 5596 ι
1663 5541 1933 5621 (Πίθωνι.)

502 5623 687 5708 audiat
724 5625 880 5694 Iuda,
909 5631 1013 5706 hoc
1055 5632 1415 5703 Hierusalem,
1453 5637 1507 5692 in
1535 5653 1640 5708 qua
1668 5619 1936 5698 confessio

317 5717 320 5720 ’
356 5711 484 5768 fidei
509 5721 620 5781 est,
657 5724 716 5772 et
751 5717 1174 5791 iniqua’Cliristi
1204 5729 1326 5796 pax
1369 5727 1595 5794 habitat,
1623 5739 1693 5786 eet
1725 5733 1813 5788 cui
1840 5748 1938 5804 per

355 5805 556 5873 isaiam
585 5809 786 5868 dictum
826 5823 909 5871 est
953 5835 965 5870 :
1005 5837 1023 5870 ι
1052 5817 1106 5874 1η
1137 5830 1375 5878 montem
1405 5823 1678 5880 excelsum
1707 5828 1938 5884 ascende

2014 5077 2124 5162 itu,
2158 5094 2250 5166 qui
2297 5095 2639 5168 evangelizas
2674 5091 2836 5164 Sion;
2889 5083 3041 5155 eleva
3085 5081 3271 5156 vocem
3312 5077 3501 5168 tuam,
3529 5100 3624 5173 qui

2043 5186 2386 5257 evangelizas
2426 5187 2763 5244 Hierusalem
2787 5188 2942 5261 (Isai.
2971 5189 3083 5263 XL).
3113 5209 3132 5243 ›
3160 5182 3366 5268 Clamet
3384 5189 3622 5261 fortiter,

2042 5290 2098 5338 et
2124 5283 2198 5338 ita
2239 5284 2535 5354 praecipiat,
2582 5303 2602 5353 ι
2643 5269 3017 5358 Itigrediamur
3043 5287 3288 5358 civitates
3312 5277 3616 5360 munitas.)

2043 5373 2432 5431 Hmreticorum
2472 5377 2611 5432 bella
2645 5387 3002 5446 consurgunt,
3051 5379 3253 5456 Christi
3283 5369 3402 5456 nos
3425 5380 3620 5445 muni-

2035 5473 2216 5522 menta
2258 5475 2496 5543 teneant.
2525 5467 2724 5525 Levate
2764 5471 2942 5527 crucis
2969 5463 3183 5545 signum
3217 5460 3271 5526 in
3299 5472 3535 5542 specula,
3567 5462 3622 5527 id

2035 5564 2139 5624 est,
2167 5555 2226 5625 in
2252 5551 2584 5624 sublimitate
2617 5549 2893 5616 Ecclesiae.
2921 5552 3309 5636 Confortamini
3346 5562 3435 5632 qui
3467 5561 3625 5620 time-

2015 5647 2130 5712 tis,
2167 5648 2335 5703 nolite
2384 5657 2550 5716 stare,
2588 5649 2683 5707 sed
2726 5649 2794 5717 ad
2846 5637 3104 5707 auxilium
3153 5635 3621 5716 Christicurrite.

2041 5737 2062 5789 ι
2092 5736 2292 5795 Malum
2323 5741 2490 5809 enim,
2532 5741 2727 5811 inquit,
2752 5727 2870 5812 "ego
2894 5729 3103 5798 adduco
3149 5742 3216 5797 ab
3254 5741 3536 5811 Aquilone,
3571 5748 3628 5795 et

2041 5827 2424 5890 contritiOnein
2480 5839 2771 5904 magnam:
2795 5852 2812 5883 ι
2840 5845 3079 5890 ’ςτθιιιιιιιη
3110 5819 3625 5896 Nabuchodonosor,
