4008 6340
394 412 501 490 8δὲ
1034 429 1095 484 B.
1127 407 1387 482 'uABAN't
1426 413 1648 481 MAURI
1683 412 2002 479 ARCIIIEP.
2042 411 2350 480 uocum.
2389 411 2675 480 oratum
2713 414 2892 482 rans
2927 425 3014 482 ll].
3551 413 3680 483 836

393 543 484 618 qui
510 543 712 600 idcirco
765 559 819 616 nl
839 541 1037 598 mundo
1077 540 1182 596 isto
1210 555 1239 594 a
1271 554 1356 594 me
1385 553 1504 594 esse
1534 537 1884 610 permittitur,
1917 543 1976 592 ut
2001 528 2055 600 Α
2079 540 2146 594 ad
2179 554 2299 595 eam
2329 555 2516 596 omnes
2535 549 2724 612 gentes
2749 539 2802 595 in
2838 550 3020 596 monte
3062 528 3275 596 Domini
3313 538 3368 595 in
3402 537 3678 596 Hierusa-

390 647 571 694 vcstra
599 633 858 692 fortitudo
883 642 939 689 et
966 631 1190 688 victoria
1219 631 1618 702 comprobetur.
2075 629 2203 697 lein,
2233 639 2288 687 et
2316 647 2460 686 nunc
2480 631 2610 686 dicit
2635 651 2646 685 :
2685 651 2704 683 ι
2736 631 2942 686 Peribit
2974 648 3071 688 cor
3103 632 3266 704 regis,
3299 639 3353 686 et
3382 647 3480 687 cor
3503 633 3675 704 prin-

467 750 486 782 ι
512 727 768 802 Ascendit
800 725 885 782 leo
909 724 976 781 de
1001 723 1165 780 cubili
1203 739 1320 791 suo,
1351 733 1406 777 et
1431 721 1613 794 prtedo
1651 719 1888 793 gentium
1916 734 1974 776 se

393 839 412 872 ς
445 819 677 874 levavit:
717 825 1082 890 egressus-est
1104 815 1171 870 de
1198 815 1317 872 loco
1347 831 1444 870 suo
1472 821 1530 868 ut
1571 814 1734 890 ponat
1774 811 1972 868 terram

393 919 587 967 «tuam
637 911 692 966 in
743 889 1104 964 solitudinem.
1156 903 1414 964 Civitates
1464 906 1572 960 tua:
1595 889 1971 972 vastabuntnr,

394 1004 415 1058 ἀ
443 1011 787 1060 remanentes
816 1001 1018 1071 absque
1057 983 1380 1055 habitatore.
1420 1018 1439 1052 ι
1468 993 1574 1054 Iste
1604 1006 1704 1063 est,
1751 999 1812 1054 ut
1837 997 1972 1054 dixi-

387 1109 530 1155 mus.
559 1108 720 1149 verus
755 1088 1271 1158 Nabuchodonosor,
1305 1090 1370 1145 de
1413 1087 1520 1160 quo
1562 1089 1618 1145 et
1657 1086 1850 1166 Petrus
1890 1080 1970 1145 to-

387 1183 606 1256 quitur:
651 1202 669 1235 ε
695 1179 1053 1238 Adversarius
1079 1193 1264 1237 noster
1293 1179 1562 1245 diabolus,
1584 1180 1738 1251 quasi
1779 1169 1864 1236 leo
1883 1195 1974 1256 ru-

387 1252 544 1346 giens
574 1274 768 1330 circuit
807 1273 860 1345 (Ι
899 1271 1046 1329 Petr.
1096 1273 1170 1347 v).
1204 1293 1222 1324 ι
1262 1271 1522 1329 Ascendit
1571 1280 1749 1326 autem
1793 1271 1878 1325 vel
1907 1252 1974 1326 de

383 1363 594 1436 abyssis
624 1365 676 1418 in
721 1361 856 1434 quas
884 1363 1192 1436 religa'ndus
1217 1366 1322 1428 est,
1354 1370 1410 1416 et
1457 1377 1524 1416 ne
1564 1361 1812 1416 mittatur
1838 1377 1970 1432 exo-

383 1463 504 1510 r-at:
554 1461 609 1508 et
649 1454 830 1525 praedo
873 1453 985 1508 sive
1017 1455 1258 1506 vastatur
1289 1453 1528 1524 gentium
1562 1467 1619 1507 se
1649 1449 1868 1516 levavit,
1905 1449 1972 1506 de

381 1559 488 1616 quo
511 1545 714 1601 dictum
739 1553 827 1600 est
855 1564 868 1600 :
902 1565 920 1597 ι
951 1543 1204 1600 Omnium
1253 1543 1595 1598 inimicorum
1623 1559 1842 1598 suorum
1877 1543 1974 1599 do-

381 1635 674 1695 minabitur
699 1637 870 1711 (Psal.
897 1637 1014 1712 ix)?
1045 1656 1065 1688 ›
1101 1635 1168 1690 Et
1195 1635 1286 1708 qui
1313 1635 1574 1714 gloriatur
1601 1635 1654 1690 in
1681 1643 1972 1706 conspectu

379 1724 640 1789 Domini:
675 1731 962 1787 iCircuivi
1011 1718 1228 1786 omnem
1278 1737 1512 1796 terram,
1559 1739 1612 1784 et
1659 1727 1970 1784 conculcari

377 1828 502 1884 eam
536 1825 678 1899 (Job.
709 1821 792 1898 ti).
827 1845 845 1878 ι
877 1823 1009 1892 Quis
1038 1831 1121 1879 est
1151 1821 1291 1878 enim
1311 1863 1326 1889 ,
1358 1838 1516 1893 quem
1545 1819 1742 1878 diaboli
1765 1837 1970 1877 venena

2075 724 2252 794 cipum
2282 764 2296 790 ,
2341 734 2414 784 .et
2465 725 2849 795 obstupescent
2901 725 3230 790 sacerdotes,
3285 733 3338 780 et
3381 723 3673 798 prophetat:

2073 810 2582 880 consternabantur,
2625 835 2644 867 ι
2688 815 2937 870 turbatur
2973 826 3028 871 et
3069 816 3357 889 propheta,
3387 823 3441 871 et
3491 817 3546 871 in
3601 832 3673 872 se

2071 907 2226 976 putat
2245 903 2415 960 Deum
2444 920 2564 961 esse
2587 906 2895 974 mentitum,
2926 923 3029 963 nec
3057 905 3305 978 intelligit
3330 905 3460 962 illud
3485 905 3668 961 multa

2073 1005 2196 1067 post
2219 1007 2460 1066 tempora
2509 997 2920 1066 repromissum,
2944 993 3046 1053 hoc
3075 1006 3255 1054 autem
3289 997 3466 1053 vicino
3508 995 3665 1052 futu-

2073 1105 2194 1144 rum
2211 1087 2637 1162 tempore,juxta
2651 1089 2794 1162 quod
2810 1090 3163 1162 etApostolus
3177 1091 3414 1163 loquitur
3429 1089 3473 1146 τὰ
3492 1090 3666 1147 Num—

2035 1166 2041 1172 ’
2074 1178 2202 1253 quid
2225 1174 2418 1252 repulit
2449 1179 2592 1236 Deus
2619 1179 2871 1252 populum
2901 1182 3092 1238 suum?
3117 1178 3274 1237 Absit
3297 1180 3469 1254 (Rom.
3497 1182 3601 1252 xl).
3636 1201 3656 1234 ι

2074 1267 2325 1326 Pervenit
2357 1279 2538 1327 autem
2579 1285 2748 1342 usque
2783 1271 2850 1327 ad
2892 1273 3124 1328 animam
3165 1271 3402 1344 gladius,
3443 1275 3661 1344 quando

2073 1363 2210 1418 nihil
2238 1361 2398 1418 vitale
2422 1363 2476 1419 in
2503 1364 2683 1418 anima
2716 1373 3042 1445 reservatur.
3073 1364 3246 1420 Simul
3273 1375 3327 1420 et
3346 1367 3448 1421 hoc
3463 1366 3660 1421 'osten-
3816 1433 3827 1442 ~

2074 1453 2152 1510 dit
2184 1455 2325 1526 quod
2357 1455 2459 1509 nisi
2483 1453 2692 1530 gladius
2710 1457 3067 1528 praecesserit,
3099 1456 3190 1527 qui
3217 1455 3428 1512 defecet
3452 1463 3508 1512 et
3525 1472 3662 1528 pur-

2072 1543 2163 1618 get
2193 1547 2386 1603 anima:
2409 1545 2562 1615 vitia,
2589 1564 2696 1620 pax
2733 1556 2786 1604 et
2815 1549 3101 1620 promissio
3128 1545 3234 1604 non
3265 1545 3526 1621 sequitur.

2149 1658 2167 1689 ‹
2195 1637 2252 1694 In
2289 1643 2530 1708 tempore
2565 1639 2655 1695 illo
2681 1641 2890 1695 dicetur
2915 1636 3116 1713 populo
3150 1641 3278 1697 huic
3319 1651 3374 1696 et
3399 1622 3661 1699 Hierusa-

2078 1750 2098 1784 ί
2131 1725 2276 1786 lem:
2307 1723 2510 1788 iti'enttts
2536 1725 2700 1788 urens
2739 1729 2872 1806 (sive
2913 1731 3119 1806 roris),
3153 1727 3206 1788 in
3240 1729 3342 1787 viis
3378 1749 3498 1804 quae
3535 1739 3666 1788 sunt

2081 1841 2098 1874 ι
2126 1819 2180 1876 in
2231 1821 2466 1878 deserto.
2498 1818 2612 1878 vae
2658 1821 2780 1878 tiliae
2808 1821 2990 1900 populi
3047 1820 3151 1878 mei
3183 1841 3196 1876 :
3239 1839 3346 1878 non
3383 1821 3452 1876 ad
3481 1823 3662 1878 venti—

380 1934 489 1974 non
513 1917 776 1988 tangunt?
803 1915 906 1971 nisi
933 1910 1021 1970 ille
1047 1913 1194 1970 soliis
1219 1914 1308 1984 qui
1336 1920 1517 1984 potest
1540 1903 1720 1968 dicere
1747 1931 1760 1966 :
1790 1933 1808 1965 ‹
1829 1912 1968 1968 Ecce
1999 1901 2045 1962 Β
2077 1933 2097 1966 ι
2129 1911 2346 1968 landum
2401 1919 2456 1968 et
2505 1911 2576 1968 ad
2637 1903 2998 1985 purgandum.
3053 1909 3290 1983 Spiritus
3353 1911 3546 1984 plenus
3591 1925 3667 1968 ex

379 2007 530 2064 venit
559 2007 810 2080 princeps
838 2007 1020 2062 mundi
1055 2007 1229 2074 istius,
1278 2015 1334 2061 et
1379 2004 1584 2059 invenit
1623 2005 1675 2060 iu
1719 2001 1806 2060 me
1835 1996 1970 2088 nihil

383 2096 566 2170 (Joan.
606 2099 738 2172 xiv).
775 2119 794 2151 ι
829 2097 935 2154 Iste
975 2093 1166 2154 crebro
1208 2095 1597 2169 ponitoninem
1629 2098 1832 2150 terram‘
1857 2087 1972 2176 ,Εε-

380 2185 558 2242 clesia:
583 2189 636 2243 in
673 2187 1036 2253 Solitudinem,
1063 2189 1123 2241 ut
1148 2186 1347 2259 egressi
1369 2184 1434 2240 de
1460 2181 1969 2256 Ecclesia-pugnent

381 2289 568 2337 contra
595 2277 914 2336 Ecclesium.
939 2280 1019 2358 De
1047 2277 1242 2352 quibus
1272 2277 1598 2358 evangelista
1623 2265 1677 2350 :i
1711 2277 1790 2332 Ex
1817 2275 1972 2334 nobis

381 2373 650 2438 exierunt,
679 2373 771 2428 sed
800 2389 906 2427 non
940 2354 1158 2426 fuerunt
1179 2363 1246 2426 ei:
1282 2354 1437 2426 nobis
1461 2389 1474 2424 :
1499 2364 1548 2424 'si
1572 2368 1714 2452 enim
1739 2363 1972 2424 fuissent

378 2483 442 2523 ex
477 2467 652 2533 nobis,
686 2454 1012 2522 mansissent
1041 2461 1228 2550 utique
1251 2460 1530 2550 nobiscum
1561 2439 1614 2536 (f
1635 2445 1796 2518 Joah.
1818 2459 1908 2540 gn).
1945 2459 1964 2514 ἱ

379 2561 637 2618 Civitates
662 2571 948 2618 vastantur
980 2571 1138 2616 terrae
1167 2545 1346 2628 Iudae,
1375 2551 1432 2615 ct
1461 2545 1840 2614 haereticorum
1873 2553 1972 2611 llo-

375 2667 500 2711 rent
529 2645 904 2736 conciliabula.
936 2647 991 2711 Si
1021 2656 1142 2733 quis
1172 2643 1352 2736 autem
1380 2649 1560 2707 fautor
1579 2660 1662 2707 est
1681 2647 1965 2706 auctorum

375 2745 754 2820 perversorum
775 2727 1112 2822 dogmaturn,
1133 2729 1198 2804 de
1227 2727 1330 2802 lioc
1351 2739 1455 2816 dici
1478 2751 1656 2816 potest
1683 2761 1697 2798 :
1725 2763 1743 2794 ‹
1761 2739 1938 2798 Ascen
1953 2772 1966 2784 -

377 2836 455 2896 dit
477 2839 560 2896 leo
581 2839 647 2895 de
667 2839 831 2896 cubili
857 2855 956 2896 suo
976 2847 1031 2896 et
1053 2839 1246 2910 praedo
1261 2839 1502 2910 gentium
1533 2853 1593 2894 se
1622 2827 1836 2901 levavit,
1866 2855 1886 2888 ι
1913 2841 1970 2890 et

379 2926 608 3002 reliqua.
1493 3000 1498 3008 1
1804 2997 1807 2999 _
1922 3000 1928 3008 ι

455 3039 472 3072 ‹
499 3000 676 3092 Super
719 3017 824 3076 huc
869 3015 1140 3092 accingite
1188 3035 1284 3074 vos
1339 3000 1574 3075 ciliciis:
1627 3015 1862 3089 plangite
1894 3000 1968 3096 ,ἐι

382 3130 402 3162 ι
429 3109 653 3176 ululatc,
686 3110 813 3182 quia
854 3127 962 3166 non
1001 3119 1086 3166 est
1126 3111 1353 3164 adversa
1393 3109 1473 3163 ira
1520 3107 1718 3164 furoris
1753 3107 1965 3164 Domini

381 3203 460 3282 ra
502 3195 676 3269 nobis.
711 3221 730 3253 ι
785 3199 934 3272 Sive,
978 3211 1038 3258 ut
1082 3195 1433 3274 Septuaginta
1485 3200 1899 3268 transtulerunt,
1923 3198 1965 3254 ἀ

377 3293 537 3350 vobis.
567 3289 740 3350 Aliter
791 3289 1002 3352 leonem'
1023 3303 1103 3370 _et
1150 3295 1505 3352 saevissimam
1535 3295 1764 3351 bestiam
1792 3292 1968 3349 vitare

374 3401 483 3441 non
511 3373 820 3458 pessumas,
853 3384 956 3441 nisi
1007 3401 1230 3458 agamus
1267 3383 1662 3458 ptenitentiam,
1688 3385 1744 3442 et
1777 3385 1844 3440 ad
1865 3383 1970 3440 Do-

377 3475 585 3532 minum
615 3487 1002 3533 convertamur
1045 3493 1150 3534 non
1178 3463 1358 3532 solum
1406 3475 1606 3544 mente,
1657 3477 1752 3532 sed
1780 3492 1964 3548 opere.

374 3569 628 3638 Quandiu
657 3570 802 3626 enim
829 3569 918 3626 ille
939 3579 1116 3626 vastat
1149 3565 1468 3638 Ecclesiam,
1499 3579 1554 3626 et
1580 3567 1784 3626 terrain
1805 3567 1964 3637 Iuda,

376 3659 714 3716 Hierusalem
747 3677 960 3733 quoque
981 3661 1287 3732 populatur,
1318 3661 1412 3716 Dei
1435 3661 1516 3715 ira
1544 3661 1826 3738 perspicua
1861 3669 1964 3714 est.

451 3772 468 3804 ε
497 3739 565 3806 Et
604 3752 710 3808 erit
742 3751 796 3806 in
845 3753 932 3808 die
977 3753 1092 3818 illa,
1135 3751 1267 3808 dicit
1309 3749 1609 3807 Dominus:
1639 3749 1843 3807 Peribit
1871 3766 1968 3806 cor

377 3862 395 3894 ι
431 3841 596 3914 regis,
623 3833 677 3896 et
689 3839 784 3898 cor
803 3841 1134 3913 principum,
1159 3851 1214 3898 et
1235 3841 1614 3913 obstupescent
1631 3843 1964 3908 sacerdotes,

377 3953 396 3986 ι
427 3944 482 3989 et
510 3935 790 4008 propheta:
817 3935 1333 3990 consternabantur.
1368 3955 1386 3987 ι
1427 3931 1684 3989 Vastante
1711 3935 1964 4006 prtedone

372 4029 676 4085 Ecclesiam
702 4025 936 4094 Domini,
962 4036 1017 4082 et
1048 4028 1127 4082 ira
1159 4036 1349 4082 contra
1392 4042 1490 4081 nos
1517 4025 1726 4081 Domini
1753 4023 1966 4098 perma—

377 4131 560 4187 nente,
588 4137 749 4176 omne
780 4113 1040 4174 auxilium
1074 4117 1261 4172 inutile
1291 4115 1415 4174 erit.
1447 4117 1653 4172 Pet-ibit.
1675 4134 1770 4172 cor
1799 4117 1958 4188 regis,

375 4210 529 4278 cujus
557 4208 718 4264 debet
745 4207 866 4264 cisse
895 4224 988 4264 cor
1013 4207 1067 4262 in
1095 4224 1253 4262 manu
1281 4195 1400 4270 Dei,
1429 4218 1484 4260 ct
1515 4222 1608 4259 cor
1636 4205 1962 4277 principum,

373 4301 464 4370 qui
490 4299 822 4370 putabantur
861 4314 980 4354 esse
1025 4300 1319 4369 sapientes.
1369 4293 1599 4352 Stultain
1643 4299 1784 4352 enim
1837 4297 1964 4354 fecit

374 4390 520 4444 Deus
551 4391 871 4462 sapientiam
913 4389 1118 4458 mundi,
1151 4392 1276 4461 quia
1323 4407 1420 4460 per
1447 4389 1592 4444 illam
1623 4408 1727 4444 non
1769 4406 1965 4462 cogno-

372 4491 568 4535 verunt
595 4479 766 4535 Deum
795 4479 848 4552 (I
879 4479 1002 4536 Cor.
1035 4481 1098 4554 ι).
1131 4481 1237 4552 Ipsi
1269 4497 1482 4552 quoque
1511 4483 1837 4547 sacerdotes,
1871 4483 1962 4554 qui

2081 2027 2098 2060 ι
2134 2008 2216 2062 his
2243 2007 2424 2063 veniet
2451 2007 2604 2062 mihi.
2647 2027 2666 2059 ι
2711 2006 2936 2076 Quando
2975 2007 3290 2083 pervenerit
3335 1988 3544 2078 gladius
3569 2020 3669 2059 [.8-

2074 2111 2180 2168 que
2226 2097 2293 2152 ad
2342 2091 2598 2163 animam,
2648 2097 2703 2154 et
2749 2095 2913 2153 fuerit
2941 2092 3067 2152 area
3100 2093 3492 2164 consummata,
3533 2105 3668 2150 tunc

2074 2195 2266 2242 ventus
2312 2187 2492 2242 veniet
2531 2185 2596 2242 de
2641 2185 2872 2253 deserto,
2920 2187 3012 2258 qui
3061 2185 3172 2243 non
3213 2183 3334 2242 eam
3367 2185 3559 2258 purget
3606 2191 3666 2240 et

2072 2279 2316 2346 ventilet,
2355 2289 2434 2345 ut,
2462 2279 2632 2351 paleis
2673 2279 2780 2337 huc
2821 2273 3054 2352 illucque
3083 2273 3363 2354 dispersis,
3414 2277 3664 2340 frument-

2074 2363 2271 2424 tumin
2321 2371 2517 2427 horrea
2547 2371 2890 2440 recondatur,
2922 2372 3014 2428 sed
3059 2366 3283 2444 spiritus
3327 2359 3518 2443 plenus
3561 2385 3665 2426 ne-

2073 2475 2342 2531 quaquam
2371 2462 2588 2532 populo,
2612 2457 2706 2518 sed
2728 2463 2858 2518 mihi
2890 2463 3088 2530 veniet,
3117 2471 3178 2517 ut
3200 2455 3380 2518 meum
3419 2461 3666 2516 triticum

2073 2538 2382 2624 dissipetur.
2424 2553 2630 2609 Ventus
2660 2561 2714 2608 et
2756 2537 2976 2624 spiritus
3018 2553 3205 2608 eodem
3238 2539 3380 2624 apud
3408 2551 3667 2608 llebrteos

2074 2643 2412 2716 appellantur
2437 2632 2654 2701 nomine
2685 2656 2818 2714 m1;
2861 2655 2917 2702 et
2961 2661 3060 2716 pro
3083 2629 3338 2701 locorum
3377 2634 3662 2716 qualitate,

2076 2734 2161 2791 vel
2211 2744 2432 2790 ventum
2478 2735 2562 2792 vel
2611 2730 2858 2808 spiritum
2923 2735 3185 2794 debemus
3233 2737 3502 2808 accipere.
3552 2735 3666 2792 Alii

2071 2824 2218 2882 hunc
2254 2827 2442 2883 locum.
2486 2827 2564 2882 sic
2610 2829 2936 2896 edisserunt,
2987 2841 3048 2884 ut
3087 2840 3376 2900 postquam
3431 2838 3666 2909 purgata

2069 2917 2234 2973 fuerit
2259 2933 2406 2986 area,
2437 2917 2678 2988 reliquiae
2715 2917 2877 2974 salvae
2917 2915 3069 2975 ﬁant.
3106 2915 3262 2977 Unde
3296 2929 3351 2975 et
3397 2920 3666 2989 scriptum

2069 3017 2195 3066 est:
2231 3028 2250 3060 ι
2286 3007 2519 3080 Spiritus
2555 3009 2908 3080 plenitudinis
2958 3013 3139 3065 veniet
3185 3009 3340 3076 mihi,
3379 3029 3398 3062 ι
3447 3009 3668 3065 dicente

2070 3099 2402 3172 evangelista
2428 3118 2440 3154 :
2471 3121 2489 3151 ι
2519 3099 2718 3156 Omnes
2745 3116 2810 3156 ex
2837 3101 3168 3174 plenitudine
3203 3101 3320 3173 ejus
3353 3101 3666 3172 accepimus

2073 3195 2258 3270 (Joan.
2289 3195 2352 3271 ι);
2395 3216 2414 3250 ι
2467 3205 2522 3252 et
2567 3193 2803 3268 Spiritus
2848 3195 3021 3252 Sancti
3071 3196 3302 3268 gratiam
3345 3187 3660 3254 sortiemur.

2071 3287 2306 3349 Ventum
2362 3298 2541 3346 autem
2609 3300 2854 3346 urentem
2905 3287 3062 3358 juxta
3115 3279 3424 3358 hiStoriam,
3476 3289 3664 3360 accipe

2069 3375 2607 3450 Nabuchodonosor,
2659 3383 2752 3453 qui
2808 3374 3061 3438 universa
3121 3377 3425 3438 consumat.
3499 3377 3662 3436 Juxta

2069 3473 2454 3548 tropologiam,
2491 3474 2854 3531 adversariam
2885 3457 3231 3560 potestatem,
3281 3471 3404 3560 qusi
3440 3474 3663 3530 veniens

2059 3569 2138 3624 de
2166 3568 2384 3654 deserto
2411 3575 2466 3624 et
2511 3567 2917 3654 delsolitudine,
2963 3555 3055 3652 ubi
3106 3567 3314 3654 nullum
3363 3555 3659 3638 hospitium

2069 3657 2168 3715 Dei
2193 3668 2298 3726 est,
2326 3643 2632 3714 ECclesiam
2665 3655 2782 3727 ejus
2824 3649 3051 3714 conetur
3078 3643 3349 3713 evertere.

2147 3771 2165 3802 ι
2199 3751 2268 3806 Et
2295 3768 2438 3807 nunc
2459 3765 2558 3823 ego
2583 3751 2776 3822 loquar
2798 3741 3004 3818 judicia
3037 3763 3156 3804 mea
3182 3764 3304 3804 cum
3333 3747 3434 3804 eis.
3469 3767 3487 3798 ι
3516 3737 3660 3819 Apo—

2069 3843 2320 3915 siopesis,
2343 3843 2499 3914 juxta
2539 3840 2667 3896 illud
2703 3839 3055 3910 Virgilianum
3084 3859 3096 3894 :
3363 3913 3370 3920 _

2192 3935 2325 3994 Quos
2349 3946 2505 3997 ego...
2529 3933 2619 3983 sed
2645 3938 2801 3982 motos
2823 3937 3021 3996 prastat
3042 3943 3336 3994 componere
3355 3930 3544 3980 ﬂuctus.

2069 4029 2324 4084 Dicturus
2361 4028 2544 4096 itaque
2592 4040 2874 4098 prospera,
2928 4025 3127 4084 retinet
3174 4040 3254 4090 se,
3306 4033 3362 4078 et
3413 4025 3660 4096 tristibus

2061 4118 2240 4190 jungit
2276 4117 2475 4172 tristia.
2506 4113 2630 4172 Haec
2685 4117 2828 4170 enim
2866 4125 2990 4172 sunt
3022 4113 3225 4188 judicia
3271 4131 3391 4186 qum
3415 4132 3536 4171 cum
3561 4131 3659 4184 po-

2067 4210 2194 4280 pulo
2221 4209 2494 4282 quondam
2529 4223 2628 4264 suo
2670 4207 2910 4280 loquitur
2937 4205 3098 4274 Deus,
3145 4217 3205 4262 ut
3229 4207 3406 4264 sciant
3431 4223 3489 4262 se
3508 4204 3658 4274 juste

2067 4311 2337 4357 sustinere
2381 4317 2501 4372 qua:
2547 4301 2836 4358 sustinent.

2143 4416 2162 4446 ‹
2193 4396 2335 4451 Ecce
2361 4396 2517 4466 quasi
2558 4397 2727 4450 nubes
2753 4394 3010 4450 ascendet
3037 4413 3052 4450 :
3084 4403 3140 4450 et
3171 4395 3326 4465 quasi
3367 4400 3658 4464 tempestas

2073 4507 2090 4538 ‹
2125 4503 2321 4542 currus
2360 4487 2510 4570 ejus.
2563 4486 2870 4542 Velociores
2920 4487 3116 4557 aquilis
3160 4488 3282 4558 equi
3337 4487 3526 4542 illius:
3571 4499 3658 4540 vae

372 4571 544 4644 legem
575 4571 790 4627 Domini
815 4571 1011 4627 docere
1051 4571 1331 4639 deberent,
1359 4581 1415 4628 et
1444 4571 1713 4641 subjectos
1744 4574 1840 4628 sibi
1867 4589 1960 4644 po-
1989 4612 2040 4670 Β
2072 4599 2090 4630 ‹
2125 4579 2300 4645 nobis,
2337 4580 2593 4648 quoniam
2641 4581 2838 4634 vastati
2898 4595 3106 4634 sumus.
3139 4599 3158 4632 ι
3197 4579 3434 4634 Ventura
3479 4575 3655 4630 cernit

374 4665 532 4736 pulos
559 4681 590 4719 a
621 4663 794 4720 leonis
850 4663 1032 4719 furore
1083 4664 1394 4730 defendere,
1449 4665 1684 4734 quodam
1740 4674 1962 4736 stupore

371 4755 648 4823 iufatuati,
679 4764 962 4812 vertentur
1002 4757 1057 4811 in
1085 4757 1398 4811 amentiam.
1433 4756 1524 4812 Sic
1546 4757 1689 4812 enim
1734 4756 1963 4827 Septua-

373 4849 524 4920 ginta
554 4850 971 4918 transtulerunt,
1022 4865 1121 4921 pro
1161 4860 1372 4920 stupore
1391 4860 1444 4905 et
1475 4862 1741 4905 excessum
1775 4853 1962 4906 mentis

373 4943 763 5015 exprimentes.
796 4943 864 4996 Et
894 4943 1170 5011 propheta:
1195 4943 1712 5008 consternabuntur,
1742 4943 1874 5008 sive,
1904 4951 1964 4997 ut

372 5031 566 5100 Aquila
598 5031 874 5086 transtulit
919 5032 1142 5086 verbum
1180 5030 1502 5086 Hebraicum
1551 5041 1749 5098 tritanu
1787 5035 1964 5085 niueu-

375 5130 449 5175 m
480 5128 651 5174 erant.
686 5119 994 5194 Quiscnim
1042 5137 1148 5190 non
1179 5122 1436 5190 insaniat,
1487 5139 1592 5178 non
1620 5123 1812 5192 perdat
1841 5139 1954 5188 cor,

373 5199 592 5283 quando
635 5211 931 5283 principes,
963 5217 1019 5268 et
1065 5200 1236 5286 reges,
1265 5223 1319 5270 et
1369 5217 1700 5282 sacerdotes,
1739 5219 1794 5270 et
1833 5229 1960 5286 pro—

373 5299 568 5374 phetas
596 5302 862 5374 quondam
891 5319 1018 5360 suos
1038 5295 1138 5362 sub
1172 5306 1329 5362 leone
1355 5307 1718 5376 conspexerit.

452 5414 470 5447 ι
499 5390 567 5451 Et
592 5393 740 5451 dixi:
798 5393 936 5462 Heu,
985 5398 1112 5466 heu,
1161 5395 1286 5464 heu,
1341 5393 1567 5454 Domine
1605 5397 1768 5472 Deus,
1806 5419 1824 5452 ι
1857 5415 1958 5470 pro

375 5483 650 5556 quo-LXX
677 5487 1068 5544 transtulerunt
1093 5509 1136 5544 ε(
1160 5488 1442 5545 ODomine
1467 5477 1625 5546 Deus.
1651 5509 1668 5542 ι
1701 5511 1717 5543 ‹
1748 5489 1960 5564 Ergone

381 5594 402 5628 ‹
435 5577 690 5648 decepisti
712 5579 964 5651 populum
985 5583 1147 5636 istum
1171 5589 1225 5635 et
1241 5577 1596 5649 Hierusalem,
1615 5583 1800 5639 dicens
1819 5603 1830 5638 :
1846 5585 1959 5640 Pax

381 5687 402 5724 ι
437 5671 540 5726 erit
568 5672 761 5727 vobis?
783 5671 852 5728 Et
873 5687 1000 5730 ecce
1029 5671 1276 5744 pervenit
1295 5673 1504 5744 gladius
1535 5693 1705 5746 usque
1738 5677 1805 5732 ad
1835 5677 1959 5734 ani-

382 5782 400 5816 α
436 5773 599 5818 mam.
632 5785 650 5816 ›
681 5765 817 5834 Quia
859 5779 1020 5835 supra
1045 5764 1260 5819 dixerat
1285 5783 1299 5820 :
1322 5764 1381 5820 In
1410 5774 1652 5843 tempore
1681 5769 1773 5824 illo
1800 5785 1960 5824 voca-

377 5855 510 5912 bunt
542 5843 878 5914 Hierusalem
906 5855 1098 5915 solium
1130 5849 1366 5928 Domini,
1406 5867 1460 5914 et
1488 5865 1959 5934 congregabuutur

2065 4671 2350 4743 praesentia
2380 4691 2393 4726 :
2427 4679 2483 4727 et
2514 4669 2870 4744 Babylonium
2915 4671 3173 4728 describit
3207 4671 3528 4736 exercitum,
3559 4685 3658 4723 cu-

2058 4763 2149 4833 jus
2177 4781 2434 4819 curruum
2488 4773 2843 4834 rotarumque
2896 4765 3156 4834 strepitus
3202 4762 3510 4834 tempestati
3549 4776 3652 4814 sm-

2064 4858 2300 4912 vissiniae
2349 4867 2719 4933 comparatur,
2766 4865 2820 4912 et
2857 4872 3120 4926 equorum
3154 4855 3414 4912 velocitas
3457 4851 3653 4924 aquilis

2059 4949 2325 5020 jungitur.
2369 4951 2520 5028 Quod
2550 4967 2670 5004 cum
2702 4951 2975 5020 propheta
3003 4951 3246 5016 dixisset,
3291 4958 3345 5004 et
3373 4949 3528 5019 quasi
3559 4961 3652 5000 ve-

2065 5041 2277 5096 nientes
2303 5041 2486 5095 hostes
2529 5041 2698 5112 digito
2741 5041 3188 5105 demonstrasset,
3230 5039 3460 5112 populus
3502 5039 3653 5110 inge—

2063 5132 2264 5199 miscit,
2293 5142 2348 5188 et
2391 5147 2730 5203 nequaquam
2773 5132 2975 5200 futura,
3019 5134 3115 5189 sed
3145 5133 3286 5190 facta
3310 5133 3420 5204 jam
3463 5135 3650 5197 sentit,

2065 5227 2250 5282 dicens
2285 5247 2298 5281 :
2337 5246 2355 5278 ς
2385 5227 2477 5283 Vae
2505 5228 2683 5293 nobis,
2715 5228 2969 5298 quoniam
3003 5213 3200 5290 vastati
3237 5244 3446 5298 sumus.
3484 5245 3506 5278 ι
3538 5225 3654 5282 [loc

2066 5320 2209 5376 idem
2245 5319 2478 5376 refertur
2507 5321 2574 5376 ad
2600 5320 2917 5386 Ecclesiam,
2961 5322 3105 5392 quod
3129 5321 3374 5391 quotidie
3404 5321 3519 5376 veri
3547 5319 3682 5374 Νι·-

2063 5411 2477 5486 bucltodonosor
2514 5409 2629 5468 'nos
2678 5413 2957 5486 impugnet
2999 5414 3294 5480 exercitus,
3354 5425 3412 5469 et
3458 5428 3654 5470 currus

2064 5503 2363 5582 Pharaonis
2405 5505 2689 5574 omnisque
2739 5503 2855 5575 ejus
2889 5506 3164 5577 equitatus
3197 5507 3502 5578 aquilarum
3549 5507 3656 5564 itu-

2063 5602 2247 5664 petum
2277 5599 2515 5666 superet.
2551 5595 2703 5662 Quod
2730 5596 2774 5651 si
2807 5596 3074 5670 intelligat
3107 5597 3192 5652 vir
3223 5597 3648 5662 ecclesiasticus,

2062 5688 2291 5746 credens
2331 5688 2405 5744 illi
2445 5690 2767 5748 sententia:
2803 5708 2824 5744 ι
2869 5689 3006 5765 Cum
3043 5706 3340 5750 conversus
3379 5691 3652 5762 ingemue-

2063 5781 2160 5848 ris,
2191 5790 2322 5838 tunc
2355 5781 2538 5838 salvus
2563 5781 2696 5851 eris,
2727 5801 2748 5836 ι
2776 5781 2941 5853 dicet,
2989 5779 3128 5840 (vat
3166 5785 3346 5854 nobis,
3389 5784 3650 5856 quatiam

2063 5871 2259 5928 vastati
2295 5887 2500 5929 sumus.
2529 5891 2548 5924 ι
