4008 6340
338 526 445 587 857

1259 523 1621 597 EXPOSITIO
1658 527 1884 585 SUPER
1919 524 2286 585 JEREMIAM.
2323 556 2395 569 —
2432 526 2560 582 LIB.
2601 522 2689 583 ill.

3490 528 3596 588 858

415 639 612 698 (Lava
656 652 689 694 a
730 634 937 693 malitia
962 650 1059 694 cor
1098 643 1268 704 tuum,
1297 636 1653 705 Hierusalem,
1682 649 1742 695 ut
1766 640 1915 695 salva
1942 639 2170 710 Ajuxta
2218 638 2601 711 Symmachum
2649 639 2949 711 posuimus,
3016 640 3213 696 turbati
3252 653 3394 709 sunt,
3437 650 3493 715 et
3536 646 3592 701 in

346 754 367 790 ο
398 733 518 790 ﬁas.
576 730 868 802 Usquequo
922 731 1280 786 morabuntur
1333 731 1389 786 in
1436 742 1491 788 te
1563 733 1918 805 cogitationes

338 824 555 883 noxiae?
582 845 599 877 ι
637 823 847 880 Dicenti
874 822 1089 894 populo,
1126 842 1146 876 ‹
1183 823 1277 879 Va:
1322 824 1497 890 nobis,
1530 814 1782 895 quoidam
1820 843 1915 881 va-

337 918 465 974 stati
495 930 699 982 sumus,
731 934 750 967 ι
784 915 1060 985 respondit
1089 915 1371 986 propheta,
1410 915 1521 972 imo
1550 932 1648 988 per
1687 918 1917 988 prophe-

338 1018 446 1065 tam
471 1003 649 1064 Detis:
682 1025 701 1060 ι
732 1006 877 1063 Lava
908 1020 939 1061 a
966 1006 1174 1062 malitia
1203 1022 1297 1062 cor
1320 1012 1496 1074 tuum,
1520 1000 1909 1073 Hierusalem,»

336 1099 427 1153 illa
468 1112 605 1169 aqua
634 1097 832 1169 dequa
877 1102 935 1152 et
987 1096 1154 1153 lsaias
1204 1096 1482 1177 loquitur:
1536 1118 1557 1152 ι
1609 1098 1912 1169 Lavamini,

336 1189 521 1245 mundi
559 1196 732 1245 estote
781 1186 920 1261 (Ira.
972 1187 1036 1261 ι),
1081 1208 1100 1240 ι
1154 1176 1297 1260 aqua
1341 1182 1593 1261 baptismi
1638 1190 1909 1257 salutaris,

333 1297 472 1353 aqua
522 1280 873 1353 pmnitentiaa.
922 1279 1004 1336 Ad
1052 1281 1395 1353 metropolim
1445 1290 1624 1339 autem
1675 1283 1916 1354 loquitur

329 1374 658 1441 Judazorum,
704 1383 768 1429 ut
796 1389 895 1445 per
935 1374 1126 1429 urbem
1162 1374 1534 1446 intelligantur
1559 1375 1739 1447 populi
1770 1392 1783 1430 :
1813 1376 1915 1432 Us-

330 1484 543 1538 quequo
586 1465 785 1537 iniquis
831 1467 1251 1539 cogitationibus
1280 1462 1548 1538 subjaces,
1580 1482 1699 1538 quae
1724 1484 1913 1540 proce-

330 1563 462 1617 dunt
488 1563 553 1619 de
583 1562 744 1618 corde
774 1562 902 1617 tuo?
940 1562 1046 1618 Cor
1074 1573 1256 1618 autem
1296 1563 1349 1618 in
1373 1561 1673 1635 Scripturis
1710 1565 1912 1620 sanctis

328 1669 426 1725 pro
455 1656 633 1709 anima
659 1652 713 1709 et
734 1666 896 1709 sensu
919 1654 1175 1710 debemus
1208 1656 1473 1725 accipere.

387 1781 407 1815 ι
439 1756 554 1819 Vox
577 1764 722 1819 enim
747 1764 1114 1819 annuntianlis
1142 1781 1172 1820 a
1197 1763 1331 1828 Dan,
1364 1773 1417 1820 et
1447 1774 1631 1821 notum
1664 1765 1909 1822 facientis

332 1876 352 1910 ι
390 1854 591 1913 idolum
639 1856 723 1913 vel
765 1856 1005 1912 dolorem
1048 1856 1113 1912 de
1152 1867 1337 1912 monte
1363 1857 1639 1927 Ephraim.
1678 1848 1697 1912 ι
1742 1856 1904 1914 Juxta

327 1949 493 2006 situm
532 1958 686 2005 terra:
717 1947 936 2021 Iudaeae,
984 1949 1196 2005 divinus
1241 1965 1419 2005 sermo
1469 1966 1612 2005 nunc
1643 1951 1898 2020 loquitur.

326 2040 442 2095 Dan
482 2040 627 2095 enim
669 2040 842 2095 tribus
878 2038 1034 2110 juxta
1062 2048 1299 2095 montem
1330 2038 1592 2096 Libanum
1628 2051 1681 2097 et
1712 2043 1901 2098 urbem

284 2124 290 2131 ’
324 2145 445 2199 qua:
485 2145 629 2184 nunc
672 2120 868 2186 dicitur
894 2120 1102 2185 Paucas
1139 2130 1446 2201 aquilonem
1485 2118 1725 2202 respicit,
1763 2135 1904 2188 unde

324 2230 583 2276 venturus
641 2229 722 2275 est
760 2219 1279 2280 Nabuchodonosor.
1344 2212 1546 2279 idolum
1593 2235 1771 2279 autem
1809 2225 1904 2281 Bel

323 2308 409 2364 vel
433 2310 693 2393 dolorem,
723 2311 806 2367 vel
842 2310 1179 2382 iniquitatem
1209 2316 1275 2370 de
1317 2325 1497 2370 monte
1528 2315 1785 2384 Ephraim
1813 2332 1903 2373 ve-

321 2402 439 2456 nire
461 2402 732 2458 describit.
757 2394 886 2459 Post
908 2406 1105 2459 tribum
1131 2408 1326 2476 quippe
1353 2408 1464 2461 Dan
1493 2407 1731 2462 succedit
1760 2418 1904 2464 terra

320 2491 600 2590 Dphraim,
652 2509 954 2590 per-quam
1004 2498 1218 2590 venitur
1238 2498 1595 2554 Hierusalem.
1647 2501 1759 2555 Dan
1807 2501 1900 2590 (rt)

319 2584 708 2654 interpretatur
744 2587 1035 2658 judicium,
1074 2588 1330 2660 Ephraim
1382 2593 1613 2663 (07158)
1670 2584 1898 2647 ubertas.

320 2674 513 2733 Veniet
565 2678 728 2750 igitur
763 2678 1028 2750 judicium
1067 2680 1278 2737 Domini
1329 2682 1382 2736 in
1428 2691 1628 2738 terram
1674 2683 1903 2739 Domino

319 2769 753 2842 delinquentem,
785 2789 908 2829 cum
934 2776 1081 2831 omni
1112 2775 1356 2831 ubertate
1383 2776 1651 2846 supplicii.

393 2900 414 2937 ι
449 2884 629 2941 Dicite
646 2886 926 2956 gentibus:
953 2886 1092 2942 Ecce
1115 2886 1354 2942 auditum
1380 2895 1467 2942 est
1491 2886 1545 2940 in
1568 2885 1904 2942 Hierusalem

324 2993 347 3030 ι
390 2979 639 3033 custodes
683 2979 871 3035 venire
914 2980 981 3035 de
1012 2987 1155 3035 terra
1199 2979 1511 3050 longinqua,
1551 2989 1607 3034 et
1640 2979 1905 3036 dederunt

326 3087 345 3121 ι
389 3083 550 3139 super
575 3070 823 3127 civitates
846 3070 982 3127 Juda
1012 3086 1199 3127 vocem
1235 3087 1386 3127 suam
1411 3088 1423 3120 :
1450 3071 1604 3140 quasi
1650 3071 1902 3126 custodes

326 3177 345 3210 ι
390 3173 639 3230 agrorum
672 3159 802 3216 facti
826 3170 954 3216 sunt
975 3175 1140 3231 super
1167 3176 1289 3216 eam
1318 3161 1372 3215 in
1392 3160 1785 3231 circnitu,quia
1815 3175 1903 3217 me

325 3266 343 3299 ι
389 3248 458 3303 ad
509 3249 842 3305 iracundiam
896 3252 1230 3320 provocavit,
1282 3251 1360 3305 ait
1394 3250 1672 3305 Dominus.
1702 3270 1722 3303 ι
1776 3250 1902 3305 Vult

317 3354 507 3394 omnes
536 3339 590 3394 in
618 3340 848 3397 circuitu
882 3342 1129 3398 nationes
1155 3341 1248 3397 Dei
1276 3355 1436 3396 nosse
1465 3339 1812 3415 sententiam,
1847 3346 1903 3394 et

317 3428 589 3501 ﬁagellata
616 3431 975 3499 Hierusalem,
1004 3440 1227 3490 cunctos
1256 3432 1497 3501 recipere
1530 3431 1892 3500 disciplinam.

318 3518 557 3586 Celebri,
609 3521 805 3590 inquit,
867 3521 921 3576 in
955 3521 1293 3577 Hierusalem
1339 3536 1589 3576 sermone
1637 3529 1897 3574 narratur

324 3612 670 3668 adversarios
693 3614 879 3668 venire
916 3614 983 3669 de
1013 3622 1158 3668 terra
1199 3613 1511 3684 longinqua,
1538 3594 1595 3667 et
1621 3610 1898 3668 fremitum

321 3712 512 3760 contra
537 3719 657 3758 eam
682 3719 905 3775 surgere
926 3704 1181 3760 ululantis
1198 3706 1491 3770 exercitus,
1514 3706 1607 3776 qui
1638 3715 1749 3760 tam
1771 3704 1896 3760 dili-

319 3805 509 3870 genter
564 3796 848 3853 obsideant
874 3799 1149 3855 civitatem
1192 3809 1248 3855 et
1275 3799 1532 3854 claudant
1560 3800 1747 3854 urbem
1780 3814 1900 3855 mu-

320 3889 636 3956 nitionibus,
658 3898 719 3945 ut
744 3907 852 3947 non
877 3902 988 3947 tam
1012 3892 1353 3948 adversarios
1372 3900 1529 3962 putes
1559 3895 1701 3957 esse,
1732 3907 1899 3961 quam

321 3996 573 4050 agrorum
615 3982 999 4053 vinearumque
1038 3984 1307 4038 custodes.
1363 3982 1476 4038 Hoc
1517 3992 1696 4037 autem
1730 3990 1899 4039 totum

320 4070 522 4125 factum
554 4078 639 4126 est
666 4088 773 4126 non
804 4072 1041 4127 hostium
1073 4072 1300 4138 viribus,
1344 4072 1437 4127 sed
1466 4072 1621 4142 culpa
1645 4071 1899 4126 llierusa—

320 4163 447 4231 lem,
478 4165 605 4235 quia
628 4166 796 4221 Deum
825 4166 892 4220 ad
922 4166 1255 4221 iracundiam
1286 4167 1618 4237 provocavit.
1672 4166 1730 4221 Si
1756 4165 1902 4220 enim

324 4257 379 4312 in
406 4273 599 4329 porcos
647 4275 754 4313 non
801 4256 1001 4316 habent
1026 4269 1349 4331 potestatem
1384 4259 1705 4317 adversaria:
1752 4260 1905 4316 forti-

326 4350 774 4421 tudincs(dlaltlt.
811 4351 955 4423 vlu),
1000 4362 1203 4422 quanto
1248 4354 1420 4426 magis
1449 4354 1503 4408 in
1547 4354 1816 4420 homines,
1849 4362 1906 4409 et

321 4438 568 4497 homines
597 4442 869 4511 quondam
901 4444 1138 4499 civitatis
1164 4444 1299 4499 Dei?

397 4571 420 4605 ι
466 4554 575 4609 Via:
613 4562 720 4607 ture
746 4563 802 4608 et
825 4555 1181 4626 cogitationes
1220 4566 1322 4611 tua:
1353 4557 1600 4613 fecerunt
1637 4560 1752 4615 haec
1784 4560 1899 4625 tibi,

327 4663 349 4697 ε
392 4644 499 4699 ista
540 4645 740 4698 malitia
777 4652 883 4708 tua,
945 4648 1072 4714 quia
1116 4660 1298 4701 amara
1337 4648 1510 4715 tetigit
1538 4664 1634 4702 cor
1662 4658 1833 4704 tuum.
1880 4670 1898 4701 ι

2020 730 2287 785 Hebraico
2324 730 2585 799 scriptum
2623 740 2707 786 est
2739 740 2911 796 mari,
2940 730 3288 803 Septuaginta
3328 743 3384 789 et
3414 728 3621 790 'l‘lico-‘

2019 824 2165 879 dotio
2216 830 2511 895 posuerunt
2543 826 2849 895 μαιμάσσει,
2898 823 3040 894 quod
3075 826 3301 880 verbum
3331 842 3499 896 usque
3537 827 3595 883 in

2017 915 2427 986 praesentiarum
2466 915 2595 986 quid
2625 914 2893 986 signiﬁcet
2934 915 3140 986 ignoro.
3188 914 3383 987 Aquila
3412 926 3595 974 autem

2016 1007 2197 1078 posuit
2220 1008 2443 1081 ὀχλίζιι,
2466 1002 2609 1076 quod
2638 1016 2693 1063 et
2718 1007 2893 1078 ipsum
2921 1004 3205 1068 tumultum
3243 1016 3422 1064 sonat.
3478 1005 3593 1064 Hoc

2016 1100 2082 1155 de
2112 1099 2278 1156 verbo
2306 1101 2508 1157 dictum
2542 1100 2632 1166 sit,
2673 1115 2837 1171 super
2863 1115 2971 1170 quo
2996 1099 3110 1156 scio
3143 1101 3284 1171 apud
3308 1101 3593 1173 plerosque

2015 1206 2269 1263 magnum
2296 1205 2416 1247 esse
2442 1200 2738 1247 certamen.
2791 1191 2905 1247 Vox
2954 1201 3134 1247 autem
3190 1194 3489 1263 prophetae,
3535 1202 3592 1251 et

2014 1294 2112 1350 per
2137 1283 2455 1351 prophetam
2486 1281 2581 1337 Dei
2610 1280 2880 1353 loquentis
2914 1280 3211 1349 inducitur,
3239 1284 3382 1354 quod
3414 1284 3591 1341 doleat

2014 1386 2178 1442 super
2205 1373 2531 1429 contritione
2570 1372 2750 1445 populi
2799 1373 2905 1439 sui,
2948 1382 3004 1428 et
3038 1370 3105 1428 ad
3149 1374 3321 1428 instar
3356 1375 3591 1431 hominis

2011 1464 2221 1519 viscera
2246 1463 2364 1534 ejus
2392 1465 2601 1519 interna
2633 1465 2960 1521 lacerentur.
3014 1465 3293 1533 Quomodo
3318 1475 3375 1521 et
3403 1467 3589 1523 Salva-

2015 1563 2100 1610 tor
2125 1570 2288 1625 super
2312 1554 2508 1609 Lazari
2538 1564 2712 1611 morte
2737 1555 2908 1611 doluit
2934 1554 3117 1629 (Joan.
3144 1555 3247 1628 ιιι),
3296 1564 3353 1633 et
3382 1557 3591 1628 planxit

2012 1645 2347 1701 Hierusalem
2388 1644 2540 1718 (Luc.
2574 1646 2717 1719 xix),
2763 1661 2866 1702 nec
2915 1646 3093 1701 celare
3136 1647 3307 1702 voluit
3352 1647 3589 1702 dolorem

2011 1736 2246 1793 silentio.
2278 1734 2482 1810 (Greg.)
2538 1738 2687 1793 Uteri
2737 1724 2918 1808 itaque
2966 1738 3185 1793 nomine
3234 1747 3380 1795 recte
3436 1755 3591 1795 mens

1980 1828 2293 1896 ,accipitur,
2322 1828 2448 1897 quia
2488 1827 2626 1882 sicut
2657 1828 2837 1897 proles
2866 1829 2919 1882 in
2946 1840 3101 1884 utero
3137 1830 3459 1900 concipitur,
3510 1830 3592 1885 sic

2010 1918 2266 1988 cogitatio
2314 1919 2367 1972 in
2413 1926 2597 1974 mente
2641 1928 2964 1990 generatur;
3020 1928 3076 1975 et
3124 1921 3262 1974 sicut
3305 1921 3358 1974 in
3401 1930 3592 1977 ventre

1932 2011 1978 2071 B
2009 2010 2138 2075 cibi,
2167 2010 2243 2064 ita
2265 2010 2612 2065 continentur
2634 2009 2689 2063 in
2712 2018 2892 2065 mente
2920 2010 3292 2082 cogitationes.
3318 2009 3590 2085 (Hierom)

2005 2101 2196 2158 Omnis
2241 2101 2422 2171 itaque
2463 2103 2685 2174 clangor
2712 2104 2955 2159 buccinae
3002 2104 3057 2158 et
3099 2102 3347 2157 fremitus
3380 2102 3592 2171 praelio-

2003 2208 2123 2246 rum
2166 2192 2309 2247 illius
2354 2192 2536 2247 turbat
2580 2192 2857 2258 allectum,
2902 2193 3030 2247 dum
3071 2193 3213 2248 mala
3242 2193 3591 2249 cumulantur

2004 2283 2181 2347 malis,
2226 2291 2281 2339 et
2311 2285 2565 2339 universa
2595 2284 2825 2339 duarum
2860 2282 3099 2339 tribuum
3148 2291 3294 2338 terra
3322 2294 3584 2339 vastatur.

2002 2373 2142 2429 Dum
2191 2390 2299 2429 non
2348 2375 2626 2445 putabam,
2677 2375 2871 2445 inquit,
2914 2375 3263 2431 tabernacula
3316 2376 3585 2445 quondam

2002 2476 2059 2524 et
2085 2468 2248 2537 pelles
2292 2484 2449 2534 meae,
2494 2470 2790 2542 Babylonio
2837 2470 3091 2535 furente,
3141 2469 3394 2543 p0pulata
3440 2468 3581 2535 sunt,

2004 2568 2057 2616 et
2092 2561 2144 2615 in
2171 2562 2408 2631 praedam
2443 2562 2678 2617 hostium
2711 2579 2827 2618 mea
2852 2563 3124 2633 quondam
3166 2577 3381 2651 gessere
3408 2562 3588 2633 hospi-

2006 2653 2099 2709 tia.
2139 2653 2403 2723 Loquitur
2437 2663 2617 2711 autem
2657 2656 2760 2711 hoc
2800 2656 2945 2711 idem
2974 2654 3137 2722 Deus,
3188 2656 3403 2726 quando
3445 2655 3586 2710 sedi-

2005 2743 2169 2799 tionis
2217 2746 2403 2799 turbas
2450 2754 2611 2815 atque
2654 2744 2954 2801 discordias
2996 2745 3171 2801 cernit
3221 2745 3275 2800 in
3319 2740 3584 2812 Ecclesia,

2004 2841 2060 2888 et
2102 2834 2155 2888 in
2198 2836 2591 2889 conventiculis
2638 2835 2751 2890 suis
2803 2834 3041 2890 clamare
3088 2840 3187 2907 per
3215 2830 3379 2900 diem,
3410 2843 3464 2889 et
3492 2833 3588 2889 Dei

2004 2923 2246 2992 requiem
2285 2924 2339 2977 in
2366 2922 2505 2979 bella
2531 2925 2794 2979 converti.
2837 2923 2990 2980 Unde
3016 2926 3300 2995 sequitur:
3331 2943 3349 2976 ‹
3379 2921 3589 2995 Usque-

2003 3026 2114 3083 qno
2146 3012 2342 3068 videbo
2389 3014 2698 3085 fugientes,
2751 3015 2966 3070 audiam
3014 3010 3202 3072 vocem
3250 3014 3530 3071 buccinae?
3560 3033 3582 3068 ι

2007 3103 2104 3160 Vel
2141 3104 2407 3177 fugientes
2441 3121 2621 3177 regem
2649 3104 3025 3177 Babylonium,
3065 3107 3151 3162 vel
3180 3104 3448 3178 fugientes
3474 3121 3584 3175 me,

2003 3204 2059 3253 et
2092 3211 2123 3251 a
2148 3211 2271 3253 meo
2308 3198 2530 3253 servitio
2561 3197 2910 3253 recedentes?

2081 3304 2101 3340 ι
2134 3284 2270 3355 Quia
2317 3288 2515 3344 stultus
2554 3289 2784 3360 populus
2828 3304 2982 3345 meus
3022 3303 3112 3345 me
3155 3305 3262 3345 non
3311 3289 3584 3363 cognovit.

1929 3373 1973 3437 C
2012 3398 2033 3433 ς
2075 3376 2198 3436 Filii
2246 3382 2567 3453 insipientes
2590 3392 2719 3438 sunt
2750 3391 2805 3439 et
2828 3384 3105 3440 vecordes.
3148 3382 3433 3455 Sapientes
3463 3393 3588 3442 sunt

2004 3491 2025 3525 ς
2069 3480 2133 3527 ιιι
2155 3472 2360 3529 faciant
2388 3473 2554 3540 mala,
2581 3475 2717 3530 bene
2747 3462 2929 3529 autem
2974 3473 3155 3529 facere
3192 3464 3521 3531 nescierunt.
3560 3494 3581 3530 ι

1998 3564 2174 3621 Causa
2223 3554 2601 3631 contritionis,
2650 3565 2970 3632 vastitatis,
3019 3565 3162 3637 fugae
3223 3575 3279 3621 et
3323 3567 3587 3630 buccinae,

2002 3656 2130 3727 quia
2164 3656 2362 3712 stultus
2408 3656 2584 3711 factus
2625 3666 2709 3711 est
2753 3656 3002 3727 populus,
3058 3673 3165 3711 non
3214 3644 3426 3721 natura,
3486 3657 3581 3712 sed

2004 3746 2183 3802 studio
2226 3746 2540 3801 voluntatis.
2586 3746 2813 3816 Ipsaque
2863 3747 3093 3802 stultitia
3138 3746 3265 3802 hinc
3303 3747 3583 3817 probatur,

2004 3838 2148 3909 quod
2173 3852 2278 3893 non
2303 3828 2656 3908 cognoverint
2677 3838 2867 3905 Deum,
2895 3845 2955 3893 ut
2982 3852 3083 3907 pro
3106 3837 3228 3892 filiis
3256 3835 3588 3908 sapientibus

2005 3929 2157 3985 stulti
2194 3926 2288 3983 ﬁlii
2325 3928 2452 3984 facti
2492 3936 2635 3990 sunt.
2668 3937 2725 3984 et
2753 3930 3033 3985 vecordes.
3078 3929 3209 3996 Qure
3239 3928 3383 3983 enim
3418 3924 3594 3997 major

2004 4027 2183 4090 potest
2228 4034 2349 4075 esse
2393 4019 2645 4085 stultitia,
2674 4035 2836 4089 quam
2884 4027 3245 4089 cognoscente
3294 4019 3430 4074 bove
3460 4033 3587 4088 pos-

2006 4123 2273 4166 sessorem
2302 4126 2480 4176 suum,
2507 4118 2561 4165 et
2582 4110 2736 4166 asino
2757 4125 2997 4181 prasepe
3022 4110 3225 4166 domini
3249 4111 3331 4165 sui
3357 4110 3490 4181 (Isa.
3508 4109 3585 4181 ἰ),

2005 4200 2172 4257 Israel
2218 4201 2506 4256 Dominum
2563 4217 2672 4257 non
2735 4214 3103 4272 cognoscere,
3157 4207 3213 4257 et
3264 4209 3586 4272 priescntem

2008 4302 2357 4347 contemnere
2387 4307 2549 4363 quem
2578 4307 2794 4363 semper
2820 4293 3004 4349 videre
3029 4294 3295 4364 cupiebat.
3328 4292 3589 4365 Quodque

2008 4384 2282 4440 infertur:
2317 4401 2336 4435 ι
2367 4384 2655 4455 Sapientes
2699 4392 2828 4440 sunt
2871 4392 2933 4439 ut
2981 4384 3181 4440 faciant
3229 4385 3399 4451 mala;
3455 4385 3592 4441 bene

2008 4486 2190 4533 autem
2259 4476 2440 4532 facere
2507 4476 2860 4542 nescierunt,
2924 4494 2943 4529 ι
3018 4476 3108 4531 hic
3177 4475 3440 4547 sapientia
3496 4492 3591 4546 pro

2009 4568 2213 4622 malitia
2264 4567 2572 4637 accipienda
2620 4575 2727 4633 est,
2778 4568 2934 4637 juxta
2981 4568 3125 4637 quod
3168 4577 3222 4621 et
3268 4567 3362 4620 filii
3410 4566 3591 4620 szeculi

2010 4659 2170 4728 hujus
2195 4660 2551 4728 sapientiores
2575 4667 2700 4713 sunt
2725 4658 2853 4713 ﬁliis
2883 4659 3018 4714 lucis
3044 4678 3056 4710 :
3082 4666 3137 4713 et
3161 4658 3370 4713 villicus
3398 4658 3593 4726 iniqui-

325 4736 481 4831 ξξείῑ
522 4736 905 4831 δροειῐξοβιξθηι
951 4739 1017 4791 θα
1041 4739 1231 4831 utilem
1257 4738 1615 4806 Hierusalem,
1640 4743 1781 4809 ειυοά
1809 4743 1908 4796 Vile
1932 4731 1986 4791 D
2013 4755 2140 4808 tatis
2170 4753 2416 4823 quadam
2444 4754 2718 4823 sapienter
2748 4752 2941 4809 feciSse
2980 4766 3235 4809 narratur
3268 4752 3419 4831 (Luc.
3445 4752 3591 4822 xvr);

324 4827 467 4882 illius
502 4834 558 4881 et
595 4827 967 4898 cogitationes,
1013 4829 1210 4898 quibus
1261 4837 1315 4884 et
1361 4844 1525 4899 opere
1561 4839 1615 4885 et
1651 4844 1909 4888 sermone

321 4920 585 4993 peccavit,
641 4921 884 4976 fecerunt
915 4922 964 4976 ei
999 4923 1185 4978 venire
1232 4924 1413 4977 omnia
1460 4936 1579 4993 qua:
1609 4934 1904 4992 venerunt;

323 5014 694 5084 malitiamque
723 5013 885 5079 illius,
919 5028 1048 5092 qua:
1086 5029 1183 5084 per
1218 5029 1275 5069 se
1316 5029 1500 5069 amara
1530 5016 1619 5080 sit,
1665 5017 1908 5087 tetigisse

324 5120 420 5161 eor
440 5105 601 5170 illius,
624 5111 679 5159 et
696 5105 889 5159 anima:
904 5104 1115 5159 interna
1133 5113 1464 5175 penetrasse.
1485 5105 1753 5176 Quidquid
1776 5123 1907 5180 ergo

326 5194 483 5251 nobis
505 5194 722 5276 accjdit,
754 5202 942 5251 nostro
976 5195 1108 5250 vitio
1134 5195 1352 5261 accidit,
1382 5196 1475 5266 qui
1501 5197 1710 5252 dulcem
1737 5197 1907 5253 Deum

328 5285 382 5340 in
412 5287 826 5344 amaritudinem
849 5287 1132 5355 vertimus,
1168 5293 1224 5344 et
1243 5288 1487 5359 cogimus
1509 5289 1700 5345 saevire
1722 5289 1911 5345 nolen-

329 5383 460 5431 tem.

407 5509 429 5544 ι
469 5488 724 5547 Ventrem
776 5510 979 5561 meum,
1008 5504 1250 5552 ventrem
1284 5511 1465 5551 meum
1501 5496 1677 5565 doleo,
1719 5512 1911 5553 sensus

336 5600 355 5633 ι
400 5580 579 5635 cordis
624 5583 726 5636 mei
784 5582 982 5639 turbati
1034 5595 1176 5641 sunt.
1228 5586 1344 5643 Non
1390 5588 1603 5654 tacebo,
1653 5590 1908 5659 quoniam

336 5693 356 5726 ι
400 5686 589 5728 vocem
643 5674 885 5731 buccinae
933 5674 1139 5734 audivit
1194 5681 1377 5734 anima
1428 5696 1569 5745 mea,
1615 5680 1908 5738 clamorem

337 5785 356 5819 ι
400 5764 592 5837 praelii.
640 5764 902 5822 Contritio
949 5784 1111 5841 super
1159 5772 1540 5828 contritionem
1570 5778 1759 5829 vocata
1802 5782 1909 5843 est,

340 5876 359 5910 ι
405 5866 460 5913 et
485 5865 695 5914 vastata
737 5867 822 5914 est
856 5860 1031 5916 omnis
1058 5869 1222 5916 terra.
1270 5862 1511 5934 Repente
1543 5874 1755 5922 vastata
1786 5872 1913 5921 sunt

344 5970 365 6003 ι
411 5950 753 6007 tabernacula
803 5966 939 6018 mea,
975 5953 1152 6009 subito
1200 5954 1369 6025 pelles
1402 5971 1554 6012 mete.
1593 5976 1612 6009 ι
1680 5956 1779 6013 Ubi
1810 5973 1913 6017 nos

2015 4852 2070 4897 et
2098 4857 2322 4913 serpens
2353 4844 2403 4897 in
2426 4844 2682 4913 paradiso
2719 4845 3036 4915 prudentior
3064 4845 3273 4901 cunctis
3293 4840 3485 4901 bestiis
3513 4845 3595 4902 le»

2017 4936 2160 5007 gitur
2186 4934 2342 5005 (Gen.
2371 4936 2473 5009 ιιι).
2516 4937 2608 4991 Illa
2636 4944 2719 4992 cst
2752 4953 2881 5008 ergo
2908 4953 3034 4993 vera
3066 4939 3328 5009 sapientia
3352 4954 3471 5008 qua:
3499 4938 3595 4994 Dei

2017 5030 2197 5085 timori
2223 5027 2487 5099 jungitur.
2539 5031 2817 5102 Alioquin,
2848 5032 2939 5086 ubi
2976 5031 3185 5087 insidiae
3228 5040 3353 5086 sunt
3395 5038 3448 5086 et
3482 5040 3593 5087 ter-

2016 5120 2332 5192 giversatio,
2382 5135 2488 5174 non
2538 5121 2824 5191 sapientia,
2854 5122 2950 5177 sed
2983 5122 3221 5177 versutia
3248 5128 3303 5176 et
3330 5122 3593 5177 calliditas

2018 5212 2338 5284 appellanda
2385 5221 2485 5269 est.
2535 5213 2643 5269 Pro
2685 5229 2751 5269 eo
2790 5210 2934 5283 quod
2980 5228 3080 5268 nos
3125 5212 3380 5280 diximus,
3411 5234 3428 5266 ι
3467 5214 3593 5283 quia

2015 5305 2215 5360 stultus
2265 5304 2497 5377 populus
2525 5319 2680 5360 meus
2724 5319 2811 5359 me
2857 5319 2967 5359 non
2989 5305 3257 5376 cognovit,
3294 5324 3312 5357 ι
3366 5303 3595 5375 Septua-

2015 5398 2163 5469 ginta
2191 5397 2603 5463 transtulerunt,
2638 5416 2656 5449 ι
2694 5399 2836 5467 quod
2862 5397 3133 5469 principes
3173 5396 3351 5468 populi
3379 5399 3485 5452 mel
3508 5412 3595 5452 me

2015 5505 2122 5546 non
2143 5497 2533 5561 cognoverunt,
2564 5508 2584 5542 ›
2616 5498 2679 5544 ιιι
2705 5491 3088 5561 magistrorum
3118 5490 3190 5543 sit
3224 5486 3396 5560 magis
3438 5488 3595 5560 culpa

2016 5598 2178 5654 quam
2204 5581 2385 5652 pepuli
2407 5582 2502 5636 Dei
2529 5580 2809 5637 scientiam
2839 5596 2943 5635 non
2972 5580 3239 5635 habentis.
3488 5568 3497 5573 ’

2044 5706 2047 5709 ν
2090 5696 2108 5729 ι
2152 5675 2351 5746 Aspexi
2391 5683 2619 5741 terram,
2651 5683 2706 5730 et
2733 5690 2861 5730 ecce
2890 5688 3061 5729 vacua
3088 5681 3226 5737 erat,
3262 5679 3317 5725 et
3348 5668 3502 5735 nihil,
3537 5678 3593 5724 et

2018 5786 2038 5822 ι
2085 5768 2270 5836 caelos,
2309 5776 2364 5823 et
2397 5754 2506 5822 non
2535 5774 2653 5823 erat
2697 5766 2788 5821 lux
2840 5764 2895 5820 in
2944 5766 3044 5821 eis.
3098 5761 3217 5820 Vidi
3266 5771 3497 5824 montes,
3538 5758 3594 5814 et

2018 5882 2038 5916 ι
2084 5879 2213 5919 ecce
2232 5862 2586 5918 movebantur
2613 5880 2625 5915 :
2651 5867 2705 5916 et
2725 5874 2915 5915 omnes
2934 5855 3099 5911 colles
3121 5850 3424 5910 conturbati
3447 5855 3591 5903 sunt.

2018 5975 2039 6011 ι
2083 5956 2314 6015 lntuitus
2345 5970 2486 6023 sum,
2510 5963 2565 6011 et
2587 5970 2695 6010 non
2720 5960 2839 6009 erat
2865 5951 3029 6006 homo
3053 5965 3065 6000 τ
3094 5954 3151 6002 et
3178 5960 3338 6001 omne
3376 5938 3595 5997 volatile

2174 6102 2275 6113 νμέτ-
