4008 6340
403 314 513 372 839

1043 316 1106 370 Β.
1146 314 1397 370 RABANI
1435 314 1654 372 MAURI
1690 313 2005 370 ARCHIEP.
2045 312 2356 372 MOGUNT.
2395 312 2681 372 OPERUM
2717 315 2898 373 PARS
2935 315 3023 372 ΙΙΙ.

3556 319 3684 378 840

411 445 433 482 ι
477 425 602 484 οωιὶ
632 426 875 484 recessit.
919 426 1142 498 Aspexi,
1167 438 1222 484 et
1248 443 1375 485 ecce
1402 427 1679 484 Carmelus
1711 427 1976 493 desertus,
2005 428 2059 489 Α
2084 426 2257 494 bilem,
2306 427 2460 498 culpa
2505 429 2610 494 sui,
2654 443 2774 498 quae
2814 428 3132 483 clementem
3158 427 3437 485 offenderit
3465 429 3676 500 Deum,

414 537 436 572 ι
480 527 536 576 et
572 535 761 577 omnes
805 520 968 578 urbes
1011 520 1128 592 ejus
1176 523 1463 578 destructce
1493 532 1618 578 sunt
1659 537 1690 576 a
1715 522 1852 576 facie
1878 522 1982 575 Do-

411 628 432 664 t
474 611 625 678 mini,
649 621 704 668 et
732 628 764 667 a
783 611 920 669 facie
947 613 1044 668 ira:
1081 612 1279 669 furoris
1303 612 1440 683 ejus.
1473 632 1491 664 ι
1516 613 1781 682 Propheta
1808 613 1982 667 cernit

405 702 462 758 in
494 705 685 774 spiritu
707 721 828 775 quae
847 713 1074 761 ventura
1105 714 1249 770 sunt,
1282 717 1342 760 ut
1365 706 1590 761 audiens
1616 705 1843 775 populus
1872 713 1979 759 ter-

406 804 610 863 reatur,
639 804 693 852 et
721 806 843 852 acta
861 799 1175 868 paenitentia
1205 814 1545 869 nequaquam
1580 799 1843 854 sustineat
1865 813 1984 867 quae
2027 783 2039 792 ’

405 887 678 944 formidat.
705 887 886 945 Vacua
914 898 1057 945 terra
1080 898 1164 946 est
1184 891 1489 946 habitatore
1508 891 1705 956 deleto,
1729 891 1851 945 caeli
1875 906 1982 946 non

404 982 609 1038 habent
643 982 844 1048 lumen,
877 984 1102 1038 terroris
1141 985 1513 1055 magnitudine
1542 984 1737 1055 populo
1771 999 1878 1038 non
1905 983 1983 1037 vi-

406 1070 584 1126 dente.
615 1071 720 1143 lpsi
756 1081 967 1142 montes
993 1082 1050 1128 et
1077 1074 1242 1130 colles
1287 1076 1462 1130 intuta
1503 1075 1706 1130 habent
1740 1075 1982 1141 latibula,

309 1210 312 1212 .
406 1171 462 1218 et
499 1179 597 1234 per
636 1165 963 1236 hyperbolen
1001 1167 1210 1221 moveri
1252 1167 1505 1222 videntur
1548 1177 1712 1239 atque
1755 1169 1980 1224 turbari.

402 1253 634 1311 lntuitus
658 1265 760 1321 est,
788 1265 844 1312 et
867 1257 973 1312 huc
1001 1257 1232 1329 illucque
1257 1261 1663 1330 circumspexit,
1693 1272 1750 1316 et
1775 1275 1844 1315 ne
1866 1261 1982 1316 avis

402 1349 617 1419 quidem
643 1351 820 1421 potuit
846 1350 1106 1407 inveniri.
1133 1353 1272 1408 Iram
1299 1355 1445 1408 enim
1471 1354 1567 1408 Dei
1600 1363 1655 1408 et
1684 1363 1832 1408 muta
1861 1370 1984 1410 sen-

405 1440 544 1495 tiunt
575 1441 865 1508 elementa,
905 1450 962 1498 et
1004 1444 1394 1500 irrationabilia
1441 1447 1835 1515 pertimescunt
1867 1445 1983 1500 ani-

407 1533 631 1588 mantia.
674 1533 788 1590 Hoc
813 1549 1002 1589 verum
1041 1551 1163 1591 esse
1194 1552 1339 1592 nunc
1367 1546 1514 1592 totus
1541 1537 1690 1594 orbis
1725 1538 1981 1603 ostendit,

403 1631 463 1676 ut
485 1639 619 1679 caesa
647 1625 926 1680 hominum
952 1626 1317 1692 multitudine,
1343 1627 1582 1682 volatilia
1605 1643 1840 1700 quoque,
1864 1643 1983 1698 qua:

404 1713 579 1768 solent
603 1715 935 1771 habitatores
974 1716 1149 1786 sequi,
1181 1717 1412 1772 abierint
1459 1727 1514 1774 et
1546 1719 1824 1788 perierint.
1864 1719 1980 1790 lpse

2084 529 2140 578 et
2195 521 2393 576 tradita
2453 521 2618 576 fuerit
2673 521 3018 577 adversariis.
3082 522 3323 592 Denique
3379 525 3673 595 sequitur:

2161 633 2179 666 ‹
2209 616 2342 670 Cum
2365 615 2615 670 vestieris
2637 623 2689 670 te
2711 616 2950 694 coccino,
2980 623 3035 671 et
3063 622 3256 670 ornata
3284 612 3453 672 fueris
3474 617 3677 672 monili

2089 725 2109 757 ι
2145 721 2328 771 aureo,
2354 714 2414 761 et
2449 704 2687 776 pinxeris
2710 706 2874 761 stibio
2895 705 3080 761 oculos
3113 715 3255 770 tuos,
3280 704 3480 762 frustra
3509 722 3676 763 com-

2091 818 2109 849 ‹
2146 800 2366 869 poneris
2392 816 2404 851 :
2435 806 2878 868 contempserunt
2908 807 2960 854 te
2993 808 3265 854 amatores
3292 799 3392 866 tui,
3423 799 3674 855 animam

2090 909 2109 942 ι
2145 899 2288 944 tuam
2315 899 2578 959 quaerent.
2615 910 2632 942 ι
2669 890 2781 945 Sub
2807 890 2976 960 ﬁgura
3012 891 3256 947 mulieris
3288 891 3545 948 adultera:
3585 893 3676 948 lo-

2085 981 2288 1052 quitur.
2317 981 2452 1036 Cum
2482 981 2651 1037 semel
2679 980 2968 1038 offenderis
2994 982 3187 1048 Deum,
3219 991 3272 1037 et
3297 983 3452 1052 quasi
3486 984 3673 1038 virum

2087 1083 2236 1127 tuum
2264 1072 2546 1143 reliqueris
2574 1071 2906 1139 Creatorem,
2947 1074 3147 1129 frustra
3195 1084 3509 1130 ornamenta
3536 1091 3672 1146 per-

2084 1163 2276 1232 quiris.
2308 1161 2763 1233 Contempserunt
2795 1173 2846 1219 te
2872 1165 3145 1220 daemones
3173 1174 3445 1220 amatores
3473 1167 3576 1231 tui,
3609 1177 3673 1222 et

2084 1267 2425 1325 nequaquam
2473 1256 2642 1325 stupri
2690 1255 3107 1321 immunditiam,
3156 1258 3248 1311 sed
3297 1256 3499 1316 anima:
3561 1267 3672 1311 tum

2085 1355 2327 1416 quaerent
2354 1347 2648 1402 interitum.
2680 1347 2793 1403 Hoc
2821 1347 2964 1403 idem
3001 1348 3404 1419 intelligendum
3440 1349 3668 1417 spirita-

2085 1434 2208 1490 liter
2232 1444 2420 1491 contra
2450 1452 2544 1492 eos
2577 1437 2668 1507 qui
2702 1437 3011 1510 conjugales
3036 1437 3260 1493 affectus
3288 1447 3345 1492 et
3373 1451 3512 1492 verae
3539 1439 3673 1492 ﬁdei

2083 1527 2397 1596 pudicitiam
2431 1528 2793 1598 perdiderunt.
2838 1529 2896 1583 Si
2935 1537 3007 1595 te,
3039 1530 3229 1599 inquit,
3262 1530 3509 1585 vestieris
3537 1545 3668 1585 coc-

2085 1619 2228 1684 cino,
2259 1618 2310 1673 id
2340 1628 2443 1684 est,
2474 1619 2751 1689 sanguinis
2801 1619 3005 1675 Christi
3057 1621 3414 1690 assumpseris
3460 1619 3660 1684 ﬁdem;

2085 1711 2131 1767 si
2162 1711 2345 1766 monili
2382 1711 2660 1767 omaveris
2692 1727 2880 1778 aureo,
2917 1715 2971 1768 id
3001 1722 3099 1778 est,
3135 1714 3538 1769 meditationem
3567 1717 3668 1770 ha-

405 1818 621 1874 quoque
658 1803 954 1869 Carmelus,
997 1808 1090 1876 qui
1131 1809 1267 1862 mari
1309 1787 1562 1865 imminet
1595 1811 1820 1882 Magno,
1851 1787 1984 1866 oleis
2012 1787 2058 1845 Β
2085 1802 2268 1857 bueris
2305 1818 2496 1857 sensus
2531 1811 2587 1857 et
2613 1803 2978 1873 intelligentiae
3006 1804 3262 1874 spiritalis
3287 1823 3300 1858 :
3324 1813 3376 1859 et
3417 1806 3669 1875 pinxeris

407 1895 648 1950 consitus
667 1904 723 1950 et
762 1897 998 1952 arbustis
1026 1899 1304 1970 vineisque
1330 1901 1653 1967 condensus,
1683 1903 1751 1956 ad
1780 1911 1983 1958 tantam

404 1986 587 2040 veniet
645 1987 1028 2054 solitudinem,
1080 1997 1141 2044 ut
1190 1992 1355 2045 eremi
1407 1992 1604 2047 habeat
1655 1994 1980 2048 vastitatem.

408 2076 608 2134 Omnes
631 2093 845 2150 quoque
881 2083 1042 2137 urbes
1071 2082 1297 2138 desertae
1339 2083 1487 2150 ﬁent,
1511 2093 1566 2140 et
1605 2086 1984 2142 universorum

406 2166 666 2223 malorum
691 2170 806 2225 haec
828 2169 991 2226 caiisa
1016 2179 1100 2227 est
1117 2175 1257 2242 quod
1277 2173 1411 2228 vitio
1428 2175 1607 2244 populi
1627 2174 1986 2245 delinquentis

407 2255 491 2311 ira
518 2258 728 2313 Domini
758 2260 1029 2316 concitata
1069 2261 1160 2316 sit.
1189 2261 1461 2332 Quidquid
1499 2261 1654 2331 juxta
1703 2265 1984 2320 historiam

405 2349 472 2404 de
499 2347 834 2406 Hierusalem
888 2353 1122 2408 diximus
1178 2362 1234 2408 et
1278 2352 1494 2420 Judaca,
1558 2355 1858 2412 referamus
1917 2357 1986 2411 ad

403 2438 703 2496 Ecclesiam
757 2441 875 2507 Dei,
918 2457 1041 2497 cum
1079 2441 1366 2500 offenderit
1405 2444 1596 2511 Deum,
1637 2453 1694 2501 et
1730 2445 1815 2501 vel
1840 2446 1986 2502 vitiis

401 2534 565 2590 fuerit
611 2534 696 2590 vel
741 2515 1117 2606 pe'secutionc
1170 2545 1403 2605 vastata,
1464 2545 1520 2594 ut
1568 2538 1663 2594 ubi
1705 2539 1982 2608 quondam

403 2634 522 2680 erat
564 2626 825 2682 virtutum
854 2628 1053 2684 chorus
1095 2637 1254 2699 atque
1304 2630 1514 2700 laetitia,
1543 2630 1616 2686 ibi
1640 2639 1985 2701 peccatorum

403 2723 458 2772 et
481 2731 777 2773 moerorum
799 2719 1085 2775 multitudo
1110 2729 1374 2776 versetur.

477 2827 497 2861 ι
542 2809 669 2866 Haec
697 2811 840 2867 enim
881 2811 1016 2867 dicit
1056 2812 1357 2868 Dominus:
1391 2813 1615 2870 Deserta
1660 2815 1765 2870 erit
1807 2815 1986 2872 omnis

409 2917 430 2952 ι
472 2909 636 2969 terra,
685 2904 779 2959 sed
823 2911 1004 2960 tamen
1048 2908 1569 2964 consummationem
1618 2926 1724 2966 non
1765 2909 1980 2965 faciam.

408 3009 428 3042 ι
471 2991 700 3062 Lugebit
726 3001 872 3049 terra
900 3003 954 3048 et
980 2997 1286 3052 monebunt
1313 2999 1434 3053 caeli
1461 2999 1711 3070 desuper,
1744 3016 1810 3056 eo
1839 3002 1985 3072 quod

411 3098 432 3133 ε
477 3081 689 3138 locutus
714 3083 836 3139 sim.
869 3084 1148 3156 Cogitavi,
1179 3096 1233 3142 et
1274 3103 1382 3142 non
1429 3090 1683 3159 paenituit
1729 3107 1838 3156 me,
1885 3106 1986 3148 nec

2087 1891 2272 1946 oculos
2299 1900 2420 1947 tuos
2446 1891 2637 1958 stibio,
2668 1893 2722 1948 id
2753 1901 2865 1960 est,
2898 1894 3151 1950 habueris
3190 1895 3425 1949 studium
3460 1905 3667 1966 myste-

2085 1983 2291 2038 riorum
2318 1991 2373 2038 et
2395 1983 2487 2038 Dei
2514 1991 2722 2039 secreta
2757 1984 3036 2051 noscendi,
3065 1983 3269 2040 frustra
3295 1987 3663 2056 componeris.

2085 2071 2212 2128 Hrcc
2257 2074 2402 2128 enim
2441 2073 2606 2129 etiam
2660 2075 2767 2129 tuis
2815 2074 3148 2130 amatoribus
3195 2091 3558 2146 praepararas,
3610 2086 3666 2130 et

2086 2162 2207 2218 ideo
2247 2161 2417 2218 lectus
2452 2171 2712 2235 angustus
2758 2171 3046 2234 utrumque
3086 2180 3279 2235 capere
3318 2181 3423 2221 non
3462 2176 3665 2236 potest,

2085 2270 2185 2311 nec
2216 2255 2408 2326 recipit
2437 2264 2756 2312 ornamenta
2787 2257 2948 2323 Deus,
2981 2256 3174 2328 quibus
3201 2257 3536 2313 amatoribus
3557 2259 3669 2314 tuis

2085 2357 2211 2403 ante
2238 2348 2509 2418 placuisti.

2162 2460 2181 2492 ε
2225 2440 2426 2496 Vocem
2454 2440 2599 2496 enim
2642 2441 2799 2511 quasi
2847 2441 3201 2512 parturientis
3247 2441 3424 2497 audivi
3455 2456 3471 2496 :
3498 2457 3671 2514 angu-

2092 2552 2110 2585 i
2158 2533 2290 2588 stias
2320 2529 2448 2604 (sive
2475 2533 2730 2605 gemitus)
2781 2543 2841 2589 ut
2888 2549 3188 2606 puerperae.
3240 2536 3358 2591 Vox
3384 2535 3506 2591 ﬁliae
3534 2535 3670 2593 Sion

2093 2645 2111 2676 ι
2158 2613 2584 2681 intermorientis
2627 2626 3088 2697 expandentisque
3133 2641 3327 2680 manus
3379 2641 3544 2680 suas:
3576 2627 3672 2681 Vat

2092 2735 2111 2770 ι
2158 2718 2313 2784 mihi,
2355 2718 2482 2787 quia
2528 2717 2730 2773 defecit
2776 2718 2956 2772 anima
2997 2731 3118 2772 mea
3165 2724 3389 2787 propter
3439 2716 3673 2772 interfe-

2093 2826 2111 2858 ι
2156 2817 2291 2864 ctos.
2329 2827 2347 2859 ι
2397 2807 2478 2861 Ad
2525 2807 2930 2862 similitudinem
2977 2807 3220 2862 mulieris
3271 2820 3568 2877 puerperae,
3616 2807 3673 2861 id

2087 2905 2186 2964 est,
2221 2913 2339 2968 quae
2366 2897 2570 2966 primos
2598 2897 2740 2967 parit
2773 2896 2934 2962 fetus,
2963 2897 3220 2952 describit
3249 2897 3436 2952 urbem
3465 2896 3669 2951 Hieru-

2087 2988 2252 3044 salem
2281 2987 2576 3058 ejulantem
2605 2995 2769 3058 atque
2816 2988 3160 3043 clamantem.
3212 2987 3491 3055 Quomodo
3517 2987 3670 3042 enim

2087 3081 2286 3135 mulier
2336 3080 2577 3150 pariens,
2626 3091 2682 3134 et
2727 3080 2954 3134 necdum
3000 3079 3240 3134 dolorem
3289 3078 3676 3149 'parturitionis

412 3190 432 3224 ι
477 3189 699 3230 aversus
727 3191 847 3231 sum
878 3178 947 3232 ab
971 3193 1054 3234 eo.
1089 3199 1108 3232 ι
1141 3179 1300 3236 Mista
1321 3181 1416 3236 ira:
1443 3182 1811 3239 misericordia
1839 3184 1934 3240 Dei
1967 3203 1980 3238 :

2094 3179 2334 3242 experta,
2363 3185 2499 3241 pene
2519 3171 2750 3225 moritur
2777 3178 2832 3225 et
2860 3169 3135 3240 angustias
3159 3169 3433 3225 sustinens
3455 3169 3546 3224 vix
3566 3183 3678 3239 po-

407 3267 584 3322 omnis
631 3276 773 3324 terra
819 3271 1110 3337 deseritur,
1161 3275 1258 3328 sed
1303 3289 1414 3329 non
1457 3275 1520 3330 ﬁt
1567 3277 1982 3344 consummatio,

404 3365 467 3413 ut
488 3358 597 3414 sint
620 3361 712 3431 qui
743 3361 1048 3434 intelligant
1080 3364 1420 3422 clementiam
1450 3367 1586 3436 ejus.
1624 3368 1832 3425 Caelum
1856 3385 1990 3440 quo—

405 3464 512 3522 que
554 3452 709 3510 triste
747 3455 1020 3511 videbitur
1056 3456 1304 3527 desuper,
1352 3466 1408 3513 ct
1444 3459 1560 3530 ipsa
1597 3468 1743 3514 terra
1787 3462 1990 3532 lugebit

407 3557 474 3598 eo
494 3544 638 3614 quod
667 3547 877 3602 Domini
902 3539 1178 3604 'Sententia
1217 3551 1285 3605 ad
1323 3550 1484 3606 ﬁnem
1529 3567 1698 3622 usque
1726 3569 1989 3624 pervene-

405 3634 496 3702 rit,
539 3650 639 3692 nec
681 3639 1001 3708 paenituerit
1041 3656 1164 3696 eum
1194 3656 1358 3711 super
1383 3643 1468 3697 bis
1513 3658 1632 3714 quae
1676 3648 1990 3716 cogitaverit

405 3732 462 3779 et
483 3725 696 3783 locutus
717 3729 806 3784 sit.
838 3729 1163 3786 Poenitentia
1204 3742 1385 3789 autem
1409 3733 1506 3789 Dei
1537 3735 1752 3800 dicitur,
1777 3738 1990 3806 quando

407 3816 650 3872 aufertur
673 3820 931 3890 praedicta
972 3823 1262 3889 sententia,
1288 3832 1341 3878 et
1368 3825 1448 3879 ira
1481 3825 1708 3881 saeviens
1733 3827 1801 3881 ad
1829 3826 1990 3881 ﬁnem

404 3923 574 3976 usque
615 3925 723 3964 non
760 3913 1026 3980 pervenit.
1079 3913 1316 3970 Minatus
1357 3924 1440 3971 est
1465 3931 1561 3986 per
1587 3916 1782 3973 Jonam
1815 3917 1990 3989 (J0me

406 3999 512 4070 Ill),
548 4008 602 4056 et
627 4001 1024 4072 impendentem
1066 4006 1302 4078 gladium
1347 4008 1710 4079 lacrymarum
1744 4017 1798 4065 et
1824 4009 1990 4081 gemi-

408 4098 558 4146 tuum
601 4093 889 4150 multitudo
914 4099 1208 4167 superavit.

481 4202 499 4232 ι
545 4182 586 4235 Α
627 4197 758 4240 voce
787 4185 986 4255 equitis
1021 4196 1076 4240 et
1118 4189 1382 4245 mittentis
1427 4190 1680 4260 sagittam
1734 4191 1861 4261 (sivo
1904 4192 1989 4248 iu-

413 4289 430 4320 ι
481 4271 750 4326 tendentis
778 4275 1008 4344 arcum),
1034 4275 1168 4346 fugit
1191 4278 1369 4332 omnis
1398 4278 1591 4332 civitas
1637 4279 1770 4351 (sive
1798 4281 1965 4353 regio)

415 4377 434 4410 α
479 4361 708 4429 lngressi
769 4372 893 4419 sunt
955 4366 1145 4432 ardua,
1207 4375 1264 4421 et
1331 4369 1695 4424 ascenderunt
1753 4386 1931 4441 rupes.
1965 4391 1982 4424 ι

413 4449 674 4520 Quodque
733 4454 998 4524 sequitur,
1057 4475 1074 4507 ι
1111 4465 1167 4512 et
1200 4457 1432 4529 ingressi
1477 4468 1602 4515 sunt
1646 4461 1816 4518 saltus
1863 4463 1988 4535 (sive

407 4540 712 4615 speluncas)
743 4563 763 4597 ι
802 4560 834 4599 a
861 4543 1210 4619 Septuaginta
1233 4549 1473 4605 additum
1498 4563 1599 4607 est.

487 4651 507 4685 ‹
555 4633 834 4691 Universae
869 4637 1033 4692 urbes
1062 4637 1332 4696 derelictae
1371 4651 1519 4708 sunt,
1557 4651 1612 4699 et
1638 4657 1750 4699 non
1783 4643 1991 4700 habitet

422 4741 444 4777 σ
488 4725 542 4780 in
572 4728 651 4783 eis
691 4729 873 4785 homo.
927 4749 946 4782 ι
1005 4731 1271 4788 Describit
1316 4744 1497 4790 autem
1547 4751 1725 4792 sermo
1778 4738 1991 4794 divinus

409 4815 690 4889 Babylonii
733 4821 965 4878 furentis
1005 4825 1323 4893 exercitum,
1365 4829 1508 4896 quod
1535 4844 1566 4882 a
1602 4837 1838 4885 tremore
1873 4829 1990 4898 ejus

406 4916 638 4962 cunctus
677 4910 908 4980 pupulus
948 4912 1298 4982 dereliquerit
1363 4917 1670 4983 civitatem,
1719 4927 1770 4972 et
1818 4919 1986 4973 ardua

410 5011 637 5067 quaeque
676 5004 1068 5072 conscenderit,
1118 5015 1176 5061 et
1218 5014 1398 5062 tamen
1444 5009 1578 5062 iram
1621 5009 1833 5064 Domini
1877 5025 1986 5064 non

407 5087 649 5155 potuerit
669 5088 956 5148 declinare.
1006 5094 1278 5166 Quidquid
1304 5107 1504 5164 autem,
1543 5107 1604 5153 ut
1645 5114 1807 5168 supra
1847 5100 1988 5155 dixi-

408 5190 548 5240 mus,
589 5176 642 5231 in
676 5177 901 5236 historia
944 5183 1258 5257 intelligitur
1296 5198 1483 5244 contra
1513 5189 1870 5258 Hierusalem,
1899 5208 1986 5248 re-

408 5265 538 5320 ferri
572 5275 753 5338 potest
791 5272 858 5326 ad
881 5273 1208 5343 Ecclesiam,
1249 5295 1372 5335 cum
1407 5279 1692 5336 offenderit
1721 5281 1891 5337 Deum
1931 5290 1986 5337 et

406 5359 605 5414 tradita
632 5358 796 5416 fuerit
821 5364 1164 5433 adversariis,
1193 5370 1275 5425 vel
1302 5373 1693 5440 persecutionis
1719 5381 1982 5444 tempore,

405 5445 490 5501 vel
519 5459 664 5503 certe
691 5444 837 5506 vi'tiis
864 5461 1026 5523 atque
1048 5461 1305 5525 peccatis.
1856 5502 1864 5511 ς

484 5557 502 5591 ι
530 5539 609 5595 Tu
635 5541 1180 5618 autem'vastata|quid
1206 5548 1406 5605 facies?
1438 5573 1456 5604 ›
1474 5553 1581 5609 Pro
1600 5563 1824 5620 vastata,
1841 5557 1984 5624 quod

411 5631 673 5690 chraice
701 5635 900 5690 dicitur
937 5647 1097 5704 παν,
1127 5641 1268 5707 quod
1298 5641 1443 5697 solus
1490 5643 1873 5714 interpretatus
1901 5655 1985 5702 est

409 5722 597 5794 Aquila
623 5766 638 5793 ,
682 5724 772 5782 alii
818 5727 1207 5784 transtulerunt
1269 5731 1512 5786 miseram
1555 5742 1719 5802 atque
1763 5734 1978 5789 miserae

2089 3270 2196 3317 test
2223 3263 2514 3332 respirare,
2540 3262 2855 3332 sparsisque
2889 3263 3138 3317 manibus
3163 3261 3447 3318 collabitur
3471 3279 3485 3315 :
3511 3263 3586 3316 sic
3615 3271 3679 3315 et

2087 3353 2195 3407 ﬁlia
2229 3353 2359 3408 Sion
2406 3367 2530 3408 cum
2580 3367 2706 3408 suos
2752 3352 2950 3408 viderit
2989 3352 3190 3408 liberos
3243 3350 3573 3417 interfectos,
3615 3351 3677 3404 in

2089 3446 2204 3500 bsic
2234 3445 2396 3500 verba
2424 3445 2749 3514 prorumpit,
2777 3453 2831 3498 et
2852 3444 2981 3498 dicit
3005 3460 3018 3495 :
3054 3463 3072 3495 ι
3112 3442 3203 3497 Va;
3229 3443 3380 3508 mihi,
3413 3442 3540 3512 quia
3565 3440 3672 3496 de-

2089 3533 2218 3589 fecit
2267 3534 2446 3588 anima
2476 3547 2595 3599 mea
2625 3541 2848 3604 propter
2879 3533 3214 3589 interfectos.
3253 3551 3273 3584 ι
3335 3532 3449 3586 Duo
3483 3539 3675 3586 autem

2090 3625 2336 3695 exempla
2375 3625 2429 3679 in
2466 3640 2574 3679 uno
2597 3625 2832 3695 capitulo
2867 3633 3179 3693 comparata
3209 3632 3372 3679 sunt:
3403 3622 3677 3694 parientis

2091 3715 2230 3771 ﬁlios
2259 3724 2315 3770 et
2342 3715 2598 3786 lugentis,
2624 3724 2684 3770 ut
2711 3715 2970 3786 quidquid
2998 3715 3193 3770 mulier
3216 3717 3420 3786 patitur
3445 3715 3499 3769 in
3531 3716 3672 3780 fetu,

2089 3807 2173 3862 vel
2219 3808 2484 3862 mortibus
2531 3806 2786 3872 ﬁliorum,
2828 3806 3164 3863 Hierusalem
3199 3809 3436 3878 patiatur
3481 3810 3534 3864 in
3569 3824 3674 3879 po-

2090 3899 2249 3970 pulis.

2722 3970 2946 4028 CAPUT
2985 3971 3048 4026 ν.

2090 4061 2348 4134 Dominus
2389 4064 2576 4133 quierit
2615 4063 2774 4132 ﬁdem
2802 4065 2858 4117 in
2884 4062 3386 4134 populo:pr0pheta
3416 4065 3557 4119 vadit
3597 4065 3669 4118 ad

2162 4132 2478 4205 obstinata,
2521 4133 2777 4205 prwdicat
2832 4132 3168 4187 vastationem
3209 4132 3416 4204 propter
3456 4146 3670 4205 peccata

2159 4204 2450 4274 principum
2473 4214 2518 4257 et
2547 4204 2875 4258 sacerdotum
2899 4221 2916 4258 :
2949 4219 3172 4274 quorum
3196 4204 3465 4275 catalogus
3492 4221 3672 4259 recen-

2161 4283 2233 4327 88‘
2240 4290 2270 4326 u
2277 4289 2320 4327 Γ.

2166 4383 2184 4414 ‹
2229 4362 2524 4419 Circumite
2544 4364 2663 4419 vias
2692 4363 3058 4431 Hierusalem,
3088 4374 3144 4420 et
3174 4364 3420 4436 aspicite,
3453 4375 3508 4420 et
3537 4380 3639 4420 con

2099 4472 2118 4504 ‹
2161 4455 2428 4521 siderate,
2457 4463 2512 4510 et
2537 4456 2763 4524 quaerite
2795 4457 2851 4510 in
2877 4455 3073 4525 plateis
3107 4455 3244 4524 ejus,
3279 4472 3348 4510 an
3383 4457 3668 4511 inveniatis

2099 4565 2118 4597 ι
2163 4546 2340 4602 virum
2378 4545 2666 4602 facientem
2709 4547 2971 4618 jud'uzium
3017 4557 3072 4602 et
3115 4555 3444 4617 quaerentem
3481 4546 3665 4611 ﬁdem,

2095 4656 2114 4688 ‹
2159 4645 2215 4692 et
2243 4636 2510 4707 propitius
2540 4652 2636 4693 ero
2660 4636 2729 4692 ei.
2762 4637 2914 4705 Quod
2939 4639 2982 4694 si
3009 4638 3194 4705 etiam,
3219 4636 3366 4694 Vivit
3385 4638 3664 4703 Dominus,

2096 4747 2114 4781 ‹
2159 4729 2416 4795 dixerint,
2443 4737 2498 4784 et
2524 4729 2628 4784 hoc
2655 4728 2792 4785 falso
2825 4729 3104 4798 jurahunt.
3135 4749 3155 4783 ι
3187 4729 3461 4803 (Πίου-οη.)
3490 4729 3666 4786 Gran-

2092 4820 2174 4875 dis
2203 4835 2358 4875 amor
2399 4819 2644 4890 justitite,
2670 4829 2732 4874 ut
2756 4834 3098 4890 nequaquam
3119 4860 3136 4887 ,
3181 4821 3337 4892 juxta
3365 4823 3668 4893 interroga.

2093 4912 2294 4965 tionem
2323 4909 2556 4964 Abrahae
2578 4917 2633 4965 et
2659 4911 3068 4981 responsionem
3093 4911 3211 4978 Dei,
3243 4927 3343 4982 pro
3372 4915 3552 4969 decem
3581 4913 3664 4966 vi-

2090 5002 2167 5056 ris
2185 5000 2348 5071 justis
2373 4999 2515 5054 Dens
2559 4999 2752 5055 liberet
2779 5002 3051 5056 civitatem
3091 5001 3246 5073 (Gen.
3271 5003 3457 5074 xvm);
3496 5004 3590 5058 sed
3621 5004 3666 5058 si

2090 5107 2257 5148 unum
2305 5092 2572 5147 invenerit
2618 5091 2731 5161 jam
2771 5092 2993 5163 jamque
3036 5094 3275 5165 peritura
3305 5093 3664 5163 Hierusalem,

2090 5186 2183 5254 qui
2228 5183 2394 5239 faciat
2413 5182 2673 5253 judicium
2703 5192 2759 5238 et
2788 5193 2998 5254 quaerat
3033 5185 3193 5241 ﬁdem
3222 5183 3384 5257 (sive,
3418 5194 3479 5242 ut
3507 5185 3666 5257 Sym-

2092 5277 2318 5332 machus
2345 5275 2642 5341 transtulit,
2671 5277 2991 5349 veritatem),
3020 5284 3200 5333 tamen
3240 5277 3382 5334 Deus
3409 5278 3667 5334 miserea-

2092 5377 2182 5424 tur
2205 5368 2561 5425 Hierusalem.
2615 5369 2682 5424 Et
2705 5369 2828 5439 quia
2859 5377 3070 5440 poterat
3093 5369 3209 5425 ﬁeri
3240 5379 3301 5426 ut
3325 5371 3488 5441 aliqui
3518 5371 3668 5427 inve-

2094 5463 2340 5517 nirentur
2369 5462 2424 5515 in
2450 5461 2645 5532 populo
2669 5464 2762 5532 qui
2789 5461 3106 5518 simularent
3139 5461 3341 5517 cultum
3365 5462 3461 5516 Dei
3494 5471 3549 5517 et
3571 5458 3636 5529 ju
3661 5491 3667 5497 -

2087 5561 2274 5606 rarent
2320 5567 2420 5621 per
2453 5552 2764 5619 Dominum,
2815 5553 2918 5607 hoc
2965 5552 3246 5622 praevenit,
3282 5552 3424 5622 quod
3456 5566 3666 5621 nequa-

2087 5657 2247 5714 quam
2279 5643 2424 5699 Deus
2448 5645 2601 5700 vanis
2645 5645 3006 5711 sermonibus,
3044 5645 3138 5701 sed
3161 5645 3386 5702 veritate
3416 5645 3539 5702 ﬁdei
3569 5646 3667 5701 de-

2085 5733 2333 5801 lectetur,
2362 5745 2416 5792 et
2441 5735 2572 5792 dicit
2597 5754 2609 5788 :
2649 5735 2764 5792 Non
2799 5751 2895 5794 eos
2920 5736 3084 5808 diligo
3111 5737 3202 5808 qui
3237 5736 3416 5807 juranl
3447 5753 3546 5808 per
3569 5753 3660 5794 me
