4008 6340
281 441 383 502 841

285 648 648 705 consentiunt.

363 758 383 793 ι
428 737 673 805 Domine,
697 736 840 795 oculi
867 737 945 792 tui
984 735 1279 808 respiciunt
1318 735 1500 792 ﬁdem.
1536 733 1886 790 Percussisti-

291 848 312 884 ‹
354 844 452 886 eos
475 836 531 886 et
559 844 664 885 non
689 827 1010 896 doluerunt;
1057 827 1310 884 attrivisti
1338 826 1456 884 illos
1481 837 1536 884 et
1568 833 1862 883 renuerunt

291 941 312 974 ι
357 923 604 994 accipere
647 920 1009 994 disciplinam.
1067 921 1460 979 Induraverunt
1513 921 1681 978 facies
1734 936 1862 977 suas

291 1035 310 1071 ι
357 1032 522 1088 super
544 1025 771 1089 petram,
804 1027 859 1073 et
888 1016 1181 1073 noluerunt
1208 1015 1429 1074 reverti.
1465 1035 1485 1070 ι
1541 1014 1673 1072 Post
1695 1014 1860 1072 verba
1904 1076 1906 1079 l

283 1105 516 1170 Domini,
548 1107 744 1178 quibus
784 1107 1148 1179 imperaverat
1195 1107 1382 1164 dicens
1414 1125 1428 1162 :
1473 1105 1712 1164 Circuite
1745 1107 1863 1162 vias

285 1195 644 1263 Hierusalem,
675 1205 730 1254 et
756 1206 952 1254 caetera
971 1239 986 1265 ,
1023 1198 1282 1270 propheta
1315 1198 1557 1270 loquitur
1583 1201 1652 1255 ad
1675 1199 1859 1255 Domi-

283 1305 412 1344 num
448 1307 462 1345 :
497 1308 516 1342 ε
553 1290 802 1359 Domine,
833 1291 973 1348 Oculi
1022 1292 1102 1348 tui
1147 1291 1443 1362 respiciunt
1469 1291 1652 1359 ﬁdem,
1689 1312 1708 1344 ι
1745 1306 1864 1362 quae

283 1380 550 1438 Hebraice
583 1384 782 1439 dicitur
813 1394 993 1445 nam
1036 1402 1050 1439 :
1096 1400 1204 1441 non
1233 1400 1398 1456 opera
1442 1383 1775 1448 Judaeorum,
1807 1384 1862 1437 in

284 1472 482 1542 quibus
502 1473 658 1544 juxta
678 1474 813 1547 legis
835 1475 1185 1530 caeremonias
1208 1474 1569 1541 exsultabant,
1588 1474 1682 1530 sed
1701 1473 1863 1529 ﬁdem

284 1560 740 1629 Christianorum,
771 1580 869 1635 per
895 1581 1058 1635 quam
1087 1567 1261 1636 gratia
1296 1565 1432 1620 salvi
1479 1564 1607 1620 facti
1654 1579 1860 1620 sumus.

287 1652 405 1708 Hoc
432 1663 611 1710 autem
638 1655 875 1726 capitulo
899 1656 1156 1712 discimus
1199 1656 1404 1711 idcirco
1431 1654 1619 1710 inferri
1649 1656 1860 1726 suppli-

289 1746 372 1800 cia
387 1755 450 1801 ut
467 1746 598 1801 vitia
623 1747 983 1820 corrigantur.
1002 1749 1242 1820 Denique
1266 1749 1344 1803 ait
1360 1766 1373 1801 :
1387 1768 1406 1800 ι
1425 1747 1748 1804 Percussisti
1770 1763 1864 1804 eos

287 1842 344 1890 et
371 1850 480 1890 non
515 1835 831 1903 doluerunt;
862 1836 1114 1893 attrivisti
1148 1851 1262 1904 eos,
1292 1845 1349 1894 et
1391 1846 1688 1894 renuerunt
1714 1839 1860 1894 acci-

1199 411 1564 497 uxrosmo
1598 435 1825 494 sursa
1865 407 2232 489 IEREMIAM.
2273 465 2341 475 —
2376 433 2506 490 LIB.
2545 433 2633 490 ιιι.
2737 431 2744 440 "

147 622 167 645 .
208 563 210 566 ’
283 565 340 614 et
371 542 560 626 iurant
594 555 652 610 in
683 553 983 622 mendacio,
1028 553 1124 610 sed
1149 569 1381 625 quorum
1409 552 1574 610 corda
1609 550 1857 621 labiaque
1884 548 1938 608 A
2039 563 2057 595 α
2102 544 2195 601 Ibo
2220 545 2384 618 igitur
2411 550 2480 602 ad
2504 547 2792 617 optimates
2825 557 2882 604 et
2919 549 3108 619 loquar
3135 550 3240 616 eis,
3264 549 3364 622 ipsi
3395 523 3544 607 enim

3435 415 3548 492 ω’

1966 655 1986 688 ι
2031 647 2400 708 cognoverunt
2425 637 2570 693 viam
2593 639 2829 705 Domini,
2852 639 3113 711 judicium
3137 642 3233 697 Dei
3259 642 3361 698 sui.
3390 641 3546 707 (Hie-

1961 725 2100 798 ron.)
2128 729 2397 798 Pauperes
2420 729 2510 784 hic
2537 737 2592 784 et
2618 731 2908 801 eptimates
2937 745 3044 786 non
3074 730 3253 800 inopia
3281 731 3542 787 dicuntur

1961 827 2017 874 et
2035 818 2258 888 divitiis,
2283 822 2377 877 sed
2397 821 2651 893 populum
2681 821 3014 893 principibus
3041 831 3340 891 comparat.
3369 821 3437 877 Et
3457 827 3546 879 est

1963 926 2155 968 sensus
2198 929 2212 965 :
2256 911 2496 969 Cerneus
2540 912 2776 968 inﬁdelis
2823 912 3005 984 pepuli
3053 911 3435 982 pertinaciam,
3490 918 3548 966 et

1963 1003 2104 1073 quod
2139 1001 2389 1057 indurata
2422 1000 2560 1058 facie
2606 1001 2840 1058 noluerit
2889 1001 3134 1070 recipere
3181 1000 3542 1072 disciplinam,

1944 1095 2068 1169 ,hoc
2122 1111 2336 1152 mecum
2384 1097 2596 1152 ratione
2642 1096 2942 1151 tractabam
2990 1111 3017 1171 εἰ
3055 1093 3306 1150 Forsitan
3357 1094 3549 1166 vulgus
3619 1133 3622 1136 .

1964 1186 2196 1259 ignobile
2238 1203 2344 1243 non
2369 1196 2546 1259 potest
2571 1188 2668 1243 Dei
2706 1203 2868 1244 nosse
2893 1187 3218 1253 doctrinam,
3255 1195 3311 1241 et
3337 1185 3541 1241 idcirco

1963 1278 2271 1334 excusabile
2291 1279 2537 1349 est,quia
2555 1287 2776 1350 propter
2793 1279 3118 1350 imperitiam
3145 1278 3239 1333 Dei
3269 1294 3375 1334 non
3403 1277 3548 1332 valet

1965 1367 2106 1424 scire
2141 1369 2416 1424 mandata.
2454 1369 2682 1440 Pergam
2727 1371 2892 1441 igitur
2935 1371 3005 1424 ad
3047 1369 3359 1425 sacerdotes
3394 1377 3450 1424 et
3483 1369 3551 1423 ad

1966 1475 2061 1537 eos
2085 1461 2179 1530 qui
2203 1469 2446 1532 prasunt
2485 1463 2705 1533 populo,
2731 1470 2786 1518 et
2811 1463 3002 1533 loquar
3027 1463 3125 1529 eis,
3154 1463 3256 1534 ipsi
3283 1461 3427 1519 enim
3453 1478 3548 1517 co-

1966 1564 2270 1624 gnoverunt
2319 1554 2653 1611 voluntatem
2690 1557 2948 1620 Domini,
2974 1563 3031 1612 et
3064 1557 3243 1612 sciunt
3286 1555 3551 1626 judicium

1965 1643 2063 1699 Dei
2086 1645 2190 1700 sui.
2225 1643 2340 1701 Hoc
2377 1655 2559 1710 autem
2587 1646 2721 1702 dicit
2769 1661 3021 1702 sermone
3051 1647 3370 1714 dubitantis,
3395 1644 3553 1716 juxta

1967 1734 2100 1790 illud
2143 1736 2554 1808 evangelicum:
2603 1756 2623 1790 (
2662 1737 2870 1793 Mittam
2908 1738 3077 1792 ﬁlium
3126 1753 3330 1804 meum,
3378 1739 3554 1809 ipsum

1969 1826 2197 1883 forsitan
2227 1829 2616 1885 reverebuntur
2646 1829 2863 1902 (Matth.
2891 1829 3062 1902 XXI),)
3098 1839 3158 1886 ut
3191 1845 3259 1886 ex
3286 1831 3553 1901 ambigui-

288 1941 420 1996 pere
447 1926 803 1996 disciplinam,
838 1947 858 1981 ι
891 1927 996 1983 Per
1018 1928 1198 1984 omnia
1225 1929 1370 1984 enim
1402 1937 1672 1985 ιοι-ωεηιε
1702 1939 1865 2001 atque
1891 1909 1941 1972 Β
1971 1927 2080 1974 tate
2125 1920 2410 1976 sententia:
2453 1929 2508 1976 et
2551 1922 2906 1990 suspensione
2949 1921 3266 1988 verborum,
3322 1921 3552 1976 liberum

287 2013 498 2086 ﬂagella
548 2030 654 2071 non
696 2017 1013 2073 emendatur
1058 2017 1414 2084 Hierusalem,
1460 2027 1518 2076 et
1561 2033 1724 2091 super
1751 2021 1868 2075 haec

289 2107 544 2162 universa
589 2124 658 2165 ne
698 2111 1079 2167 verecundiam
1125 2110 1343 2182 quidem
1400 2128 1623 2168 suorum
1664 2112 1868 2169 habere

288 2199 567 2267 vitiorum,
598 2201 692 2256 sed
719 2202 890 2258 instar
912 2210 1082 2274 petra:
1109 2203 1425 2259 indurautes
1450 2203 1646 2259 frontis
1694 2204 1867 2275 impu-

232 2337 244 2354 η
293 2293 534 2349 dentiam
601 2294 888 2351 noluerunt
937 2295 1005 2351 ad
1066 2295 1290 2352 meliora
1343 2297 1607 2352 converti.
1663 2295 1867 2370 (Greg.)

291 2381 482 2441 Omnis
504 2401 634 2458 ergo
669 2386 849 2454 divina
894 2388 1172 2459 percussio
1201 2395 1294 2443 aut
1321 2389 1570 2460 purgatio
1617 2389 1671 2444 in
1711 2388 1870 2445 nobis

289 2475 415 2529 vitae
455 2477 740 2546 prtesentis
787 2486 890 2544 est,
939 2486 1034 2533 aut
1071 2478 1285 2534 initium
1338 2494 1514 2550 poenae
1568 2481 1894 2550 sequentis..

287 2568 517 2640 Propter
540 2585 636 2626 eos
662 2570 806 2626 enim
843 2572 936 2642 qui
973 2588 1040 2628 ex
1069 2571 1282 2644 ﬂagello
1323 2573 1616 2643 proﬁciunt
1663 2573 1869 2628 dictum

291 2671 380 2714 est
406 2676 422 2714 :
451 2678 470 2711 ι
505 2659 607 2727 Qui
631 2661 790 2733 ﬁngis
809 2661 1048 2719 dolorem
1075 2664 1128 2717 in
1149 2674 1418 2735 praecepto
1443 2661 1617 2736 (Psal.
1645 2665 1820 2736 xcm).
1844 2684 1864 2716 ι

290 2750 428 2818 Quia
454 2751 579 2807 dum
609 2750 909 2824 ﬂagellatur
947 2754 1165 2825 iniquus
1199 2764 1255 2811 et
1297 2755 1588 2828 corrigitur
1610 2795 1626 2823 ,
1667 2771 1873 2826 praece-

295 2849 444 2911 ptum
479 2843 665 2898 audire
699 2843 891 2911 noluit,
926 2845 1130 2902 audivit
1160 2847 1421 2902 dolorem.
1456 2847 1620 2902 Dolor
1649 2863 1776 2920 ergo
1813 2847 1870 2902 in

292 2939 560 3004 praecepto
604 2933 826 3005 ﬁngitur
869 2934 920 2991 ei
961 2937 1054 3008 qui
1102 2953 1133 2992 a
1163 2938 1319 2994 malis
1365 2938 1639 3009 operibus,
1689 2939 1865 3010 quasi,

292 3027 544 3097 praecepti
586 3027 724 3094 vice,
769 3028 953 3086 dolore
1000 3032 1302 3088 cohibetur.
1359 3033 1438 3089 De
1468 3033 1553 3088 his
1580 3047 1709 3088 vero
1733 3048 1872 3102 quos

291 3118 550 3174 damnant
576 3117 784 3192 ﬂagella
817 3130 874 3178 et
897 3137 1003 3178 non
1039 3123 1286 3191 liberant,
1316 3124 1542 3180 dicitur:
1577 3143 1596 3176 ι
1637 3123 1870 3180 Percus-

290 3209 426 3266 sisti‘
445 3225 540 3265 eos
566 3226 666 3266 nec
691 3210 1019 3269 doluerunt:
1051 3214 1305 3275 atthivisti
1337 3230 1452 3280 eos,
1487 3223 1542 3270 et
1574 3221 1872 3270 renuerunt

1967 2010 2203 2066 hominis
2227 2019 2625 2068 monstraretur
2653 2013 2958 2068 arbitrium.

2043 2119 2064 2152 ς
2109 2100 2176 2155 Et
2214 2115 2342 2156 ecce
2389 2102 2560 2173 magis
2600 2103 2656 2157 hi
2704 2102 2867 2157 simul
2913 2101 3305 2175 confregerunt
3344 2102 3554 2174 jugum,

1975 2209 1995 2243 ‹
2041 2200 2306 2263 ruperunt
2355 2191 2610 2257 vincula,
2662 2193 2865 2248 idcirco
2907 2194 3178 2264 percussit
3210 2210 3312 2250 eos
3363 2194 3447 2248 leo
3491 2191 3561 2247 de

1976 2301 1997 2335 ‹
2044 2283 2200 2351 silva,
2232 2276 2390 2355 lupus
2415 2285 2485 2339 ad
2513 2299 2796 2355 vesperam
2828 2287 3061 2340 vastavit
3105 2301 3220 2353 eos,
3250 2285 3452 2356 pardus
3479 2285 3561 2338 vi-

1976 2393 1996 2426 ‹
2040 2375 2214 2447 gilans
2246 2392 2410 2447 super
2435 2377 2686 2432 civitates
2728 2392 2935 2432 eorum.
2974 2377 3163 2432 Omnis
3187 2378 3280 2447 qui
3310 2391 3561 2448 egressus

1975 2481 1995 2516 ‹
2039 2464 2206 2521 fuerit
2253 2482 2318 2522 ex
2371 2468 2452 2522 eis
2501 2468 2764 2538 capietur,
2821 2468 2949 2538 quia
2999 2467 3369 2538 multiplicatae
3435 2474 3562 2523 sunt

1976 2576 1996 2610 ι
2040 2559 2519 2628 praevaricationes
2559 2575 2769 2624 eorum,
2801 2559 3118 2616 confortataz
3147 2568 3276 2624 sunt
3315 2559 3555 2615 aversio-

1975 2667 1996 2701 ‹
2043 2665 2142 2706 nes
2173 2667 2381 2706 eorum.
2417 2671 2435 2703 ι
2487 2650 2634 2720 Quos
2678 2652 2969 2722 magistros
3009 2653 3305 2722 putabam,
3357 2651 3562 2708 inventi

1972 2749 2097 2796 sunt
2137 2742 2357 2813 pejores
2389 2758 2510 2798 esse
2541 2742 2847 2812 discipulis;
2895 2751 2949 2797 et
2972 2752 3173 2813 quanto
3221 2743 3276 2798 in
3307 2743 3564 2798 divitibus

1971 2835 2146 2906 major
2167 2838 2482 2904 auctoritas,
2512 2845 2664 2892 tanto
2687 2838 2860 2909 major
2883 2828 3560 2907 insolentia'peccatorum.

1973 2928 2371 3001 Confregerunt
2401 2929 2543 2984 enim
2583 2929 2775 3003 jugum
2823 2929 2977 2998 legis,
3028 2930 3241 2985 dicente
3268 2929 3560 2999 Apostolo:

1979 3042 2005 3070 ι
2057 3022 2211 3078 Nune
2266 3037 2396 3094 ergo
2461 3023 2590 3094 quid
2641 3023 2862 3079 tentatis
2907 3023 3098 3087 Deum,
3153 3023 3432 3092 imponere
3473 3022 3562 3091 ju-

1975 3130 2101 3186 gum
2139 3129 2303 3185 super
2327 3115 2596 3170 cervicem
2648 3113 3057 3186 discipulorum,
3089 3114 3233 3188 quod
3263 3128 3445 3183 neque
3472 3128 3566 3182 pa-

1978 3217 2090 3262 tres
2130 3208 2300 3263 nostri
2343 3223 2516 3279 neque
2561 3223 2661 3263 nos
2707 3215 2927 3278 portare
2970 3205 3280 3276 potuimus?
3326 3204 3421 3259 sed
3470 3219 3568 3274 per

293 3301 540 3370 accipere
590 3301 946 3372 disciplinam.
984 3322 1002 3356 »
1035 3273 1161 3360 Haec
1186 3305 1392 3376 ﬂagella
1418 3273 1486 3362 ab
1517 3311 1620 3362 hac
1642 3306 1750 3360 vita
1791 3307 1873 3360 in-
1899 3273 1946 3336 Ο
1976 3305 2205 3372 gratiam
2233 3273 2448 3359 Domini
2475 3301 2600 3359 Jesu
2652 3273 2924 3359 credimus
2972 3273 3166 3356 salvari
3215 3298 3568 3370 quemadmo-

296 3391 513 3458 cboant,
542 3399 598 3448 et
634 3392 690 3447 in
739 3402 939 3448 aeterna
981 3396 1328 3464 percussione
1371 3396 1686 3466 perdurant.
1719 3395 1873 3454 Unde

291 3497 390 3551 per
415 3482 634 3554 Moysen
661 3483 919 3539 Dominus
959 3485 1088 3541 dicit
1132 3504 1146 3540 :
1194 3505 1214 3538 ‹
1262 3485 1405 3558 Ignis
1431 3487 1633 3543 exarsit
1684 3486 1752 3546 ab
1794 3489 1876 3543 ira

295 3585 440 3639 mea,
465 3581 521 3628 et
547 3574 758 3629 ardebit
789 3589 962 3646 usque
986 3575 1054 3631 ad
1078 3575 1281 3633 inferos
1325 3577 1596 3633 deorsum.
1629 3597 1648 3630 ›
1697 3577 1876 3644 Quan-

296 3668 413 3715 tum
441 3661 509 3716 ad
542 3670 859 3732 praesentem
891 3665 1090 3720 etenim
1119 3668 1527 3737 percussionem
1575 3677 1872 3740 exSpectat,

295 3759 443 3808 recte
467 3750 695 3807 dicitur:
733 3771 752 3804 ι
777 3752 923 3826 Ignis
945 3756 1154 3812 exarsit
1177 3758 1247 3812 ab
1278 3757 1360 3812 ira
1384 3773 1536 3824 mea;
1559 3779 1578 3811 ι
1613 3771 1878 3830 quantum

294 3855 426 3898 vero
462 3841 530 3898 ad
561 3849 819 3899 aeternam
846 3845 1271 3914 damnationem,
1300 3856 1424 3920 apte
1451 3865 1580 3904 mox
1606 3851 1873 3919 subditur,

301 3954 320 3986 ί
359 3942 413 3989 et
459 3934 673 3991 ardebit
714 3951 884 4007 usque
928 3937 998 3992 ad
1051 3937 1253 3995 inferos
1296 3939 1567 3996 deorsum.
1602 3960 1621 3994 ι
1651 3939 1802 3998 Licet
1845 3959 1876 3997 a

295 4026 615 4098 quibusdam
665 4029 773 4084 dici
817 4029 987 4085 soleat
1025 4031 1168 4100 quod
1218 4031 1481 4103 scriptum
1526 4041 1646 4087 est:
1705 4051 1725 4083 ε
1757 4031 1877 4088 Νοιι

290 4116 559 4188 judicabit
599 4117 742 4176 Deus
779 4121 863 4176 bis
903 4121 959 4175 in
994 4109 1249 4194 idipsum.
1287 4141 1306 4174 ι
1360 4122 1463 4191 Qui
1505 4131 1685 4178 tamen
1731 4124 1874 4194 quod

293 4223 391 4279 per
440 4212 758 4283 prophetam
803 4213 1002 4271 dicitur
1043 4215 1108 4271 de
1157 4216 1358 4287 iniquis
1398 4231 1509 4272 non
1555 4218 1873 4274 attendunt:

300 4321 317 4353 ι
352 4302 422 4358 Et
463 4307 662 4378 duplici
706 4309 1024 4368 confusione
1067 4323 1289 4370 contere
1328 4329 1455 4382 eos,
1491 4333 1512 4368 ι
1553 4324 1608 4369 et
1639 4314 1697 4370 id
1733 4317 1877 4385 quod

297 4392 430 4450 alias
463 4398 728 4469 scriptum
752 4410 838 4457 est
869 4420 882 4457 :
909 4401 1068 4461 Iesus
1109 4405 1364 4476 populum
1392 4406 1458 4461 de
1481 4413 1626 4460 terra
1651 4405 1876 4479 Egypti

295 4483 534 4553 salvans,
563 4491 802 4546 secundo
831 4506 926 4549 cos
967 4494 1064 4564 qui
1093 4511 1201 4551 non
1231 4496 1594 4562 crediderunt,
1617 4497 1870 4568 perdidit.

301 4594 319 4626 ι
353 4575 559 4644 Quibus
583 4586 766 4636 tamen
799 4583 844 4638 si
873 4597 1196 4640 consensum
1226 4585 1552 4655 praebemus,
1577 4588 1876 4657 quamlibet

295 4671 510 4739 culpam
541 4670 626 4726 bis
663 4671 814 4728 feriri
835 4689 944 4730 non
966 4690 1144 4746 posse,
1181 4678 1285 4732 hoc
1303 4693 1384 4740 ,ει
1407 4687 1629 4748 peccato
1648 4695 1874 4749 percus-

299 4763 376 4818 sis
413 4762 554 4817 etin
588 4774 812 4833 peccato
853 4781 954 4822 suo
991 4767 1344 4823 morientibus
1390 4769 1549 4824 debet
1591 4769 1872 4836 aestimari,

299 4857 428 4927 quia
461 4871 647 4912 eorum
687 4860 964 4930 percussio
990 4859 1079 4916 hic
1105 4869 1281 4932 empta
1319 4861 1431 4916 illic
1477 4861 1776 4933 perﬁcitur,
1818 4870 1877 4916 ut

295 4947 619 5004 incorrectis
666 4963 831 5003 unum
873 4948 1141 5021 ﬂagellum
1195 4951 1266 5006 sit
1309 4952 1451 5021 quod
1507 4951 1874 5022 temporaliter

297 5039 526 5110 incipit,
579 5042 671 5096 sed
724 5041 780 5096 in
812 5041 1028 5096 aeternis
1070 5042 1372 5114 .suppliciis
1445 5053 1870 5110 consummatur,

297 5139 563 5199 quatenus
590 5132 670 5187 eis
695 5131 786 5200 qui
815 5132 1034 5186 omnino
1077 5132 1277 5204 corrigi
1309 5144 1558 5198 renuunt,
1594 5133 1704 5204 jam
1731 5149 1872 5202 pra:-

299 5221 531 5277 Sentium
577 5221 912 5294 ﬂagellorum
959 5223 1241 5295 percussio
1283 5225 1621 5293 sequentium
1654 5223 1727 5277 sit
1773 5223 1876 5276 ini-

301 5313 432 5366 tium
459 5321 873 5370 tormentorum.

378 5418 398 5454 t
442 5403 553 5474 Ego
599 5414 779 5460 autem
826 5407 938 5462 dixi
985 5424 1001 5464 :
1043 5405 1292 5463 Forsitan
1344 5421 1606 5477 pauperes
1653 5415 1780 5463 sunt
1821 5417 1877 5462 et

309 5513 328 5547 ι
372 5494 543 5560 stulti,
568 5495 873 5566 ignorantes
899 5499 1042 5553 viam
1063 5498 1297 5563 Domini,
1315 5497 1576 5567 judicium
1600 5499 1692 5553 Dei
1723 5501 1825 5554 sui.
1850 5519 1868 5550 ι

306 5583 461 5659 Saepe
487 5587 772 5644 stultorum
803 5592 1020 5647 nomine
1057 5593 1110 5647 hi
1135 5593 1227 5662 qui
1255 5600 1380 5647 sunt
1419 5593 1470 5646 in
1496 5591 1649 5661 plebe
1679 5605 1879 5661 paupe-

305 5694 396 5736 res
418 5679 787 5751 designantur.
837 5681 990 5738 Unde
1022 5689 1078 5738 et
1100 5699 1244 5738 nunc
1293 5698 1389 5753 per
1415 5681 1708 5738 Jeremiam
1746 5681 1880 5736 dici—

309 5781 432 5828 tur:
473 5792 490 5826 ‹
524 5773 667 5839 Dixi,
694 5772 944 5829 Forsitan
973 5789 1240 5844 pauperes
1268 5783 1396 5830 sunt
1437 5783 1492 5830 et
1535 5773 1708 5841 stulti,
1736 5773 1882 5842 igno-

310 5873 490 5922 rantes
516 5865 659 5944 viam
687 5865 900 5921 Domini
923 5863 1252 5932 etjudieium
1273 5866 1366 5921 Dei
1396 5866 1498 5920 sui.
1543 5886 1561 5918 ι

706 5957 976 6019 ΡΑΤιιοι.
1017 5955 1180 6016 CXI.

1899 4639 1955 4698 D

1974 3395 2101 3449 dum
2129 3384 2186 3448 et
2211 3394 2288 3448 illi
2317 3394 2454 3465 (Act.
2487 3394 2612 3465 xv);
2647 3414 2664 3444 ι
2720 3399 3090 3464 ruperuntque
3119 3390 3334 3448 vincula
3361 3403 3568 3460 praece-

1975 3492 2190 3554 ptorum
2222 3483 2339 3551 Dei,
2370 3493 2425 3540 et
2468 3500 2577 3539 non
2602 3485 3025 3547 Pbarisaaorum,
3059 3484 3125 3537 de
3151 3483 3347 3553 quibus
3391 3482 3447 3535 in
3474 3496 3560 3536 sea

1977 3573 2155 3628 eundo
2197 3573 2404 3643 psalmo
2443 3574 2663 3642 ponitur
2690 3591 2703 3626 :
2735 3593 2754 3624 ι
2789 3573 3201 3642 Disrumpamus
3226 3572 3439 3627 vincula
3469 3587 3561 3626 eo-

1978 3679 2120 3729 rum,
2157 3670 2214 3718 et
2235 3660 2584 3734 projiciamus
2613 3680 2643 3717 a
2669 3665 2824 3719 nobis
2844 3662 3035 3735 jugum
3067 3663 3328 3732 ipsorum.
3370 3682 3388 3714 ›
3416 3661 3556 3728 Quia

1977 3754 2144 3826 igitur
2198 3754 2301 3808 ista
2342 3753 2525 3808 omnia
2573 3753 2846 3821 fecerunt,
2887 3774 2904 3805 ‹
2936 3754 3204 3825 percussit
3250 3768 3344 3808 eos
3370 3753 3455 3808 leo
3489 3754 3556 3808 de

1979 3845 2140 3912 silva,
2171 3864 2192 3899 ι
2249 3860 2477 3916 regnum
2523 3845 2776 3901 videlicet
2803 3846 3190 3919 Babylonium;
3239 3864 3258 3897 ί
3289 3846 3447 3915 lupus
3491 3844 3559 3898 ad

1975 3954 2262 4011 "vesperam
2289 3939 2525 3995 vastavit
2568 3954 2682 4005 eos,
2715 3959 2735 3992 ι
2790 3939 2972 3995 Medos
3000 3940 3302 4010 Persasque
3349 3937 3560 4009 signiﬁ-

1978 4045 2157 4085 cans:
2202 4046 2302 4101 pro
2325 4044 2432 4100 quo
2481 4028 2536 4084 in
2582 4030 2787 4085 visione
2813 4029 3049 4085 Danielis
3095 4029 3256 4101 (Dan.
3290 4028 3387 4102 vu)
3433 4045 3561 4082 ursa

1977 4122 2214 4191 ponitur,
2248 4119 2402 4189 cujus
2443 4119 2499 4175 in
2537 4135 2635 4176 ore
2675 4128 2786 4175 tres
2827 4128 2984 4176 erant
3022 4121 3273 4185 ordines;
3315 4139 3332 4171 ε
3364 4119 3565 4189 pardus

1977 4213 2210 4286 vigilans
2239 4228 2402 4286 super
2424 4213 2673 4269 civitates
2693 4228 2902 4280 eorum,
2935 4232 2954 4264 ι
2984 4212 3275 4268 Alexandri
3300 4212 3562 4283 impetum

1977 4306 2351 4380 praefigurans,
2378 4317 2434 4363 et
2470 4307 2712 4364 velocem
2741 4307 2807 4363 de
2832 4305 3123 4364 Occidente
3169 4322 3342 4377 usque
3386 4306 3455 4360 ad
3481 4305 3568 4360 In-

1979 4398 2124 4454 diam
2158 4398 2587 4470 percussionem.
2618 4398 2856 4453 Pardum
2885 4405 3067 4452 autem
3093 4405 3249 4452 vocat
3287 4397 3357 4451 ob
3386 4395 3563 4459 varie-

1978 4499 2171 4558 tatem,
2193 4500 2248 4547 et
2271 4493 2399 4562 quia
2424 4492 2676 4564 plurimis
2707 4491 2808 4547 sibi
2835 4490 3064 4546 subditis
3092 4490 3342 4563 gentibus
3371 4497 3560 4545 contra

1979 4583 2165 4642 Medos
2185 4585 2464 4641 dimicavit
2487 4593 2542 4639 et
2570 4581 2783 4638 Persas.
2809 4583 2878 4637 Et
2904 4590 3154 4652 quatuor,
3183 4581 3380 4651 inquit,
3408 4586 3566 4634 erant

1980 4677 2155 4747 capita
2185 4676 2241 4730 in
2261 4676 2452 4741 bestia,
2480 4684 2537 4729 et
2563 4683 2804 4744 potestas
2828 4676 2955 4730 data
2982 4683 3064 4729 est
3094 4673 3162 4728 ei.
3212 4673 3278 4726 Et
3300 4674 3425 4742 quia
3448 4687 3557 4727 non

1981 4767 2045 4821 de
2074 4767 2256 4821 futuro
2293 4767 2640 4832 vaticinatur,
2679 4767 2772 4821 sed
2800 4763 2884 4821 de
2912 4766 3206 4835 praeterito,
3241 4763 3386 4818 velut
3420 4762 3565 4831 jam-

1972 4859 2195 4929 jamque
2229 4859 2472 4915 venturis
2519 4860 2652 4914 texit
2695 4860 2998 4924 historiam,
3027 4858 3234 4912 idcirco
3277 4863 3458 4910 autem
3493 4855 3561 4910 de

1979 4949 2222 5006 Romano
2281 4959 2425 5007 tacet
2466 4951 2714 5021 imperio,
2768 4952 2834 5006 de
2889 4953 2996 5020 quo
3041 4947 3267 5004 forsitan
3320 4947 3556 5003 dicitur:

1984 5039 2201 5095 «Omnis
2226 5042 2319 5111 qui
2341 5058 2592 5113 egressus
2617 5043 2781 5097 fuerit
2806 5057 2868 5096 ex
2894 5040 3302 5111 eis,capietur.i
3322 5037 3556 5097 Causas-
3583 5031 3596 5039 ’

1985 5147 2090 5202 que
2119 5132 2298 5186 reddit
2324 5149 2421 5188 cur
2460 5134 2562 5189 ista
2591 5133 2832 5204 perpessi
2858 5141 3004 5196 sunt,
3033 5131 3157 5200 quia
3186 5128 3561 5200 multiplicata:

1983 5230 2108 5276 sunt
2153 5223 2629 5290 praevaricationes
2671 5237 2883 5287 eorum,
2910 5228 2964 5275 et
2991 5229 3476 5300 perseveraverunt
3504 5218 3571 5281 in,

1982 5316 2521 5386 transgressionibus.
2577 5316 2728 5372 Unde
2775 5315 2973 5370 dicitur
3015 5331 3027 5364 :
3077 5332 3097 5364 ι
3132 5313 3200 5368 Et
3240 5313 3558 5383 confertam:

1984 5414 2109 5458 sunt
2134 5405 2444 5460 aversiones
2463 5419 2671 5460 eorum.
2706 5424 2724 5456 ι
2754 5404 2887 5459 Illud
2916 5403 3059 5474 quod
3087 5404 3141 5457 in
3169 5402 3435 5474 principio
3464 5418 3562 5473 po-

1984 5499 2190 5553 suimus
2217 5501 2438 5553 verbum
2463 5499 2786 5568 Hebraicum
2818 5506 2946 5585 ‘tptv
2983 5512 3176 5553 sonare
3203 5488 3472 5575 uigiliam,
3503 5495 3560 5551 in
3605 5543 3612 5550 .

1980 5592 2230 5661 praesenti
2287 5591 2404 5646 loco
2445 5592 2765 5648 ostenditur.
2834 5590 2931 5645 Ubi
2977 5592 3122 5646 enim
3173 5605 3273 5646 nos
3319 5589 3558 5668 diximus

1986 5703 2004 5734 ι
2041 5683 2242 5753 pardus
2265 5682 2514 5753 vigilans,
2550 5703 2567 5734 ι
2624 5682 2675 5736 ἰιι
2705 5681 2970 5737 Hebraico
3016 5681 3278 5752 scriptum
3314 5687 3399 5734 est
3433 5688 3560 5766 ’φιν

1981 5784 2118 5832 Ὧι.
2170 5770 2331 5827 Juxta
2390 5772 2779 5842 tropologiam,
2824 5774 2916 5844 qui
2964 5772 3145 5843 magni
3194 5777 3454 5841 putantur
3503 5767 3560 5823 in

1984 5865 2247 5930 Ecclesia,
2282 5865 2408 5934 quia
2440 5858 2785 5936 confringunt
2825 5863 3026 5934 jugum
3061 5872 3116 5918 et
3138 5847 3410 5932 rumpunt
3434 5857 3556 5914 vin-
