4008 6340
378 368 381 373 ‘
397 380 502 440 ets

1323 378 1691 439 EXPOSiTlO
1726 378 1955 438 SUPER
1992 379 2357 438 IEREMIAM.
2396 412 2467 425 ε·-
2501 382 2628 439 LIB.
2668 374 2753 439 lii.

3565 390 3669 447 846

400 495 568 551 tantis
595 492 752 549 malis
772 478 881 549 non
907 498 1002 549 eos
1028 491 1221 562 perdat
1246 502 1420 564 usque
1446 494 1514 548 ad
1534 491 1981 561 internecionem,
2012 499 2065 559 Α
2088 502 2301 565 ceptum
2333 495 2512 573 posuit
2557 503 2609 551 et
2652 509 2758 550 non
2805 476 3102 566 praeteribit
3148 494 3323 569 (Ρωι.
3359 501 3604 573 chvm).
3643 524 3661 555 ι

322 646 327 655 ν
398 586 493 640 sed
524 583 779 654 reliquias
805 582 989 639 salvas
1010 581 1202 647 faciat,
1241 581 1327 637 vel
1349 592 1568 649 eorum,
1595 582 1689 652 qui
1723 583 1778 637 in
1802 582 1979 653 Baby-

394 677 575 735 lonem
603 674 751 731 ducti
780 683 938 740 sunt,
967 674 1285 745 dimissique
1324 675 1391 730 ad
1429 675 1695 731 culturam
1724 688 1978 748 agrorum

397 777 557 827 tum
576 765 793 835 Iudicas,
819 769 906 825 vel
932 782 1152 835 eorum,
1189 769 1282 840 qui
1319 777 1444 841 post
1469 771 1862 842 persecutionis
1891 786 1981 827 ar-

393 852 612 929 dorem,
641 862 726 917 vel
751 861 879 934 iuga
898 904 913 929 ,
949 861 1033 918 vel
1062 860 1401 919 confessione
1429 861 1592 918 tidem
1617 862 1831 919 Domini
1866 862 1981 919 ser-

392 960 675 1010 Vavenlnt.
1056 981 1069 992 -

469 1063 491 1097 ε
536 1042 691 1113 Quod
728 1044 776 1100 si
818 1043 1111 1102 dixeritis:
1139 1043 1323 1113 Quare
1364 1044 1495 1104 fecit
1534 1042 1797 1103 Dominus
1835 1040 1981 1104 Deus

395 1154 418 1191 ι
459 1147 645 1194 noster
673 1139 830 1195 nobis
866 1128 983 1195 haec
1005 1139 1213 1206 omnia,
1244 1139 1394 1196 dices
1433 1140 1501 1195 ad
1534 1154 1667 1195 eos:
1699 1139 1851 1196 Sicut
1883 1140 1978 1197 de-

358 1242 418 1282 ‘t
464 1230 758 1301 reliquistis
800 1244 888 1286 me
936 1239 991 1287 et
1051 1232 1300 1287 servistis
1348 1232 1452 1289 duo
1488 1232 1699 1300 alieno,
1748 1233 1832 1289 vel
1877 1233 1981 1290 diis

394 1339 418 1375 ι
461 1321 652 1378 alienis
682 1322 736 1378 in
762 1331 907 1379 terra
939 1328 1142 1391 vestra,
1164 1325 1243 1380 sic
1270 1325 1523 1381 servietis
1541 1324 1733 1382 alienis
1755 1326 1809 1381 in
1835 1330 1979 1381 terra

395 1430 416 1468 ι
459 1426 567 1470 non
603 1422 808 1471 vestra.
839 1433 858 1468 ι
889 1412 1127 1472 Grandis
1167 1415 1395 1472 stultitia
1437 1417 1652 1473 nescire
1695 1433 1795 1472 cur
1830 1417 1978 1490 passi

388 1508 521 1575 sint,
544 1516 669 1564 cum
698 1514 851 1563 tanta
873 1508 1221 1579 peccaverint
1248 1526 1261 1563 ι
1292 1509 1580 1581 brevisque
1602 1511 1668 1566 ad
1701 1511 1979 1583 ambigen-

390 1608 472 1658 tes
511 1600 831 1673 responsio:
859 1619 881 1654 r
907 1598 1062 1658 Sient
1103 1602 1348 1658 servistis
1392 1601 1495 1659 duo
1535 1603 1734 1671 alieno,
1772 1602 1839 1660 'id
1869 1613 1976 1673 est,

388 1694 521 1751 Baal
547 1737 564 1769 ,
593 1695 708 1753 sive
737 1695 839 1752 diis
872 1696 1065 1753 alienis
1106 1705 1426 1752 cunctarum
1463 1697 1705 1769 gentium
1737 1698 1791 1753 in
1834 1705 1976 1754 terra

387 1781 593 1855 Iudaea,
625 1787 705 1847 sic
731 1786 976 1846 servietis
1003 1786 1106 1845 diis
1132 1788 1324 1845 alienis
1347 1787 1403 1844 in
1431 1797 1579 1846 terra
1606 1803 1715 1846 non
1744 1790 1927 1846 vestra
1956 1809 1970 1844 :

2080 584 2321 639 Andiunt
2362 600 2452 641 me
2497 595 2555 641 et
2603 586 2876 651 sentiunt,
2921 600 3042 656 quae
3070 588 3287 642 sensum
3326 602 3432 644 non
3464 590 3669 647 habent

2081 674 2330 731 audiendi
2362 695 2374 730 :
2405 684 2464 731 et
2490 677 2719 748 populus
2740 677 3019 746 quondam
3048 692 3204 733 meus
3240 692 3347 735 suo
3364 680 3500 737 vitio
3536 681 3669 737 stul-

2082 776 2170 824 tus
2195 767 2452 834 effectus,
2494 778 2601 824 non
2647 768 2820 825 solum
2864 769 3196 835 contemnit,
3232 771 3327 826 sed
3358 780 3417 826 et
3453 771 3667 828 dulcem

2079 868 2366 931 exasperat
2390 860 2699 916 Dominum.
2727 858 3114 925 Recesserunt,
3138 859 3234 926 ait,
3266 872 3297 915 a
3321 876 3427 927 me,
3451 869 3508 917 et
3529 862 3665 917 mihi

2080 959 2233 1025 terga
2252 960 2549 1016 verterunt,
2569 959 2622 1008 et
2639 953 2858 1009 concito
2878 953 3131 1008 abierunt
3150 954 3318 1025 gradu
3335 970 3355 1021 ξ
3382 969 3482 1011 nec
3505 955 3666 1011 tacita

2038 1070 2039 1073 η
2079 1062 2174 1103 eos
2199 1048 2801 1113 retraxitconsclentia,
2822 1052 2885 1102 ut
2904 1047 3145 1103 dicerent
3167 1048 3220 1102 in
3245 1047 3499 1103 cordibus
3518 1047 3665 1104 suis:

2042 1164 2048 1171 ~
2085 1160 2105 1193 r
2138 1140 2437 1197 Metuamus
2457 1156 2581 1198 eum
2605 1141 2696 1215 qui
2717 1141 2805 1196 dat
2827 1141 2982 1197 nobis
3001 1141 3235 1212 pluviam
3262 1138 3669 1213 temporaneam

2040 1242 2043 1245 ’
2079 1243 2135 1290 ct
2160 1236 2478 1291 serotinam.
2515 1255 2533 1288 ι
2567 1233 2673 1290 Per
2702 1250 2823 1305 quae
2851 1234 3034 1290 omnia
3063 1234 3304 1291 ostendit
3326 1234 3468 1291 bona
3493 1234 3666 1305 pleni-

2038 1336 2043 1339 ‘
2081 1328 2321 1384 tudinem
2344 1344 2539 1384 annuae
2566 1329 2793 1394 messis,
2816 1343 2914 1400 pro
2939 1343 3048 1400 quo
3069 1318 3278 1399 Aquila:
3301 1329 3479 1400 prima
3502 1328 3669 1383 editio

2079 1428 2134 1476 et
2186 1418 2550 1493 Symmachus
2611 1418 2965 1477 hebdomadas
3014 1421 3357 1493 interpretati
3404 1430 3548 1477 sunt.
3609 1420 3668 1475 in

2038 1516 2043 1521 ’
2079 1512 2307 1570 Hehrzeo
2341 1515 2487 1569 enim
2521 1513 2784 1584 scriptum
2811 1522 2893 1569 est
2918 1514 3143 1570 verbum
3165 1523 3383 1584 mnu),
3405 1513 3547 1585 quod
3569 1529 3669 1585 pro

2064 1604 2433 1676 ambiguitate
2463 1606 2615 1661 verbi
2638 1615 2691 1660 et
2715 1605 3036 1676 septimana;
3064 1603 3337 1678 signiﬁcat
3362 1610 3417 1661 et
3440 1603 3667 1675 plenitu-

2079 1696 2277 1752 dinem.
2312 1715 2330 1747 ι
2372 1696 2699 1767 iniquitates
2744 1707 2943 1753 vestrae
2973 1696 3383 1754 declinaverunt
3428 1698 3571 1763 haec,
3616 1706 3672 1753 et

2086 1811 2104 1844 ι
2146 1800 2370 1863 peccata
2411 1801 2593 1847 vestra
2651 1789 3044 1863 prohibuerunt
3092 1792 3291 1848 bonum
3346 1808 3378 1847 a
3433 1791 3606 1848 vobis.
3646 1812 3665 1844 ι

387 1884 536 1941 haud
556 1885 777 1942 dubium
801 1884 930 1957 quin
951 1880 1242 1959 Babylonis
1265 1892 1427 1956 atque
1446 1882 1732 1942 Cbaldaeae.
1752 1884 1809 1940 Si
1833 1886 1977 1942 enim
2007 1863 2057 1924 Β
2084 1884 2226 1957 Ergo
2252 1885 2297 1940 si
2320 1884 2538 1956 quando
2562 1893 2619 1940 et
2644 1899 2797 1939 mare
2824 1881 3161 1939 transcendit
3203 1882 3465 1939 terminos
3510 1897 3668 1948 Suos,

383 1992 484 2035 vos
510 1976 791 2049 peregrina
816 1976 1008 2047 religio
1038 1977 1290 2041 delectat,
1332 1976 1463 2048 quid
1500 1990 1723 2033 necesse
1752 1986 1835 2034 est
1861 1977 1978 2033 ion-

384 2068 645 2147 ginquum
676 2080 918 2125 errorem
944 2066 1255 2138 suscipere?
1280 2062 1539 2124 Habitate
1577 2083 1703 2123 cum
1746 2067 1976 2136 talibus,

383 2148 497 2217 imo
521 2158 721 2215 servite
758 2158 843 2215 his
881 2170 1113 2230 quorum
1154 2152 1286 2213 deos
1334 2157 1530 2214 colitis.
1564 2157 1753 2215 Potest
1784 2160 1887 2221 hoc
1923 2168 1980 2215 et

383 2268 547 2333 super
573 2252 848 2310 haereticis
876 2248 1071 2327 accipi,
1102 2248 1166 2308 de
1194 2252 1394 2323 quibus
1420 2253 1680 2325 scriptum
1712 2262 1796 2308 est
1816 2271 1828 2307 :
1848 2270 1874 2305 ι
1896 2251 1981 2308 Ex

382 2344 538 2403 nobis
566 2346 848 2414 exierunt,
878 2349 973 2403 sed
1005 2363 1113 2402 non
1145 2346 1370 2404 fuerunt
1396 2362 1464 2403 ex
1508 2346 1689 2402 nobis.
1731 2343 1789 2400 Si
1830 2344 1979 2399 cnim

380 2436 610 2495 fuissent
666 2454 733 2496 ex
782 2439 985 2506 nobis,
1041 2441 1379 2501 mansissent
1441 2437 1631 2517 utique
1692 2437 1978 2495 nobiscum

382 2526 435 2603 (1
464 2529 628 2586 Joan.
656 2531 750 2606 n);
792 2551 810 2584 ι
844 2530 987 2611 quod
1020 2530 1272 2607 projiciat
1308 2534 1374 2589 de
1414 2530 1658 2589 Ecclesia
1691 2529 1979 2589 hmrcticos

380 2617 661 2684 Dominus,
695 2618 788 2692 qui
820 2621 990 2688 multo
1021 2630 1264 2699 tempore
1294 2621 1394 2679 sub
1417 2622 1637 2678 nomine
1670 2618 1789 2692 ejus
1826 2635 1979 2676 men-

382 2710 661 2768 daciorum
702 2724 928 2773 suorum
973 2712 1263 2770 simulacra
1291 2713 1535 2769 venerati
1565 2721 1721 2778 sunt,
1753 2720 1815 2767 ut
1844 2710 1978 2767 foris

380 2803 560 2860 colant
587 2805 732 2875 quod
759 2804 907 2861 intus
928 2807 1079 2877 prius
1097 2806 1521 2873 venerabantur,
1545 2808 1605 2861 ut
1632 2803 1801 2877 paleae
1822 2818 1979 2885 sepa-

382 2906 572 2955 rentur
593 2915 626 2955 a
659 2899 862 2955 tritico.

456 3010 477 3049 ι
515 2988 846 3047 Annuntiate
871 2988 977 3049 hoc
1006 2990 1189 3049 domui
1218 2988 1408 3057 Iacob,
1436 2998 1492 3048 et
1522 2984 1769 3047 auditum
1808 2988 1977 3047 facite

370 3100 407 3138 ἰ
450 3082 505 3139 in
535 3080 671 3139 Juda
691 3124 706 3149 ,
736 3083 978 3140 dicentes
1009 3103 1022 3139 :
1054 3080 1232 3151 Audi,
1274 3082 1471 3157 popule
1502 3080 1696 3150 stulte,
1731 3082 1827 3154 qui
1865 3097 1974 3137 non

385 3195 405 3231 ι
450 3174 621 3234 habes
647 3194 743 3234 cor
764 3195 778 3232 :
802 3174 894 3250 qui
919 3179 1184 3253 habentes
1209 3176 1398 3234 oculos
1420 3194 1529 3233 non
1556 3172 1776 3241 videtis,
1801 3183 1856 3232 et
1878 3191 1976 3230 au-

374 3254 404 3321 i
449 3284 557 3335 res,
583 3278 638 3323 et
683 3283 791 3325 non
829 3266 1046 3326 auditis.
1083 3284 1102 3321 ι
1137 3264 1319 3324 Multis
1352 3264 1525 3327 modis
1558 3275 1854 3345 peccantes
1881 3278 1974 3320 re-

380 3359 551 3415 trahit
597 3360 664 3417 ad
711 3358 940 3415 salutem
963 3402 978 3426 ,
1011 3367 1066 3415 et
1094 3359 1319 3415 stultum
1365 3360 1524 3416 vocat
1568 3358 1850 3430 populum,
1879 3355 1974 3428 qui

380 3448 535 3518 quasi
564 3450 845 3521 sapientiae
873 3447 1095 3525 reliquit
1120 3458 1429 3514 auctorem,
1461 3450 1851 3521 comparatque
1881 3460 1976 3502 eos

380 3538 703 3606 simulacris,
725 3539 1013 3611 de‘quibns
1033 3540 1295 3611 scriptum
1326 3548 1409 3596 est
1433 3558 1445 3594 :
1478 3560 1495 3592 ‹
1520 3534 1720 3596 Oculos
1748 3538 1972 3607 habent,

379 3639 435 3685 et
470 3645 579 3693 non
605 3628 827 3701 vident;
854 3644 1017 3695 aures
1045 3630 1277 3697 habent,
1304 3637 1362 3689 et
1383 3644 1494 3685 non
1524 3630 1775 3697 audiunt.
1804 3628 1973 3685 Simi-

380 3718 460 3776 les
488 3719 595 3775 illis
624 3720 755 3775 iiant
782 3720 877 3790 qui
905 3719 1113 3775 iaciunt
1137 3733 1201 3774 ea
1218 3758 1234 3786 ,
1258 3727 1316 3773 et
1343 3733 1538 3773 omnes
1559 3719 1653 3789 qui
1690 3717 1976 3776 conﬁdunt

380 3811 435 3867 in
466 3812 547 3867 eis
576 3810 749 3883 (Psal.
773 3811 948 3885 exui).
988 3830 1006 3863 ι
1032 3810 1260 3882 Proprie
1285 3818 1467 3865 autem
1490 3809 1558 3864 ad
1584 3808 1779 3864 Judam
1804 3809 1975 3881 loqui-

383 3912 469 3959 tur
493 3911 547 3958 et
577 3902 645 3961 ad
667 3904 883 3960 domum
908 3898 1095 3960 Iacob.
1125 3903 1292 3959 lsrael
1323 3903 1469 3959 enim
1494 3900 1665 3957 multo
1689 3898 1800 3971 jam
1830 3910 1971 3957 tem-

378 4012 513 4073 pore
540 3996 595 4050 in
616 3995 857 4070 ASsyriis
885 3994 1204 4064 exsulabat,
1246 3995 1514 4075 simulque
1544 3992 1639 4051 dat
1668 3993 1972 4067 intelligen-

383 4091 511 4144 tiam
539 4090 679 4163 quod
709 4090 873 4144 etiam
901 4090 1106 4161 absque
1135 4096 1408 4169 praecepto
1435 4085 1671 4151 naturali
1694 4100 1857 4144 sensu
1878 4087 1974 4143 de-

378 4176 605 4241 beamus
633 4180 929 4257 intelligere
958 4198 1082 4255 quae
1110 4184 1261 4238 recta
1297 4189 1441 4238 sunt.

456 4296 474 4328 ι
516 4272 601 4330 Me
628 4292 758 4345 ergo
790 4292 895 4330 non
926 4274 1218 4345 timebitis,
1248 4275 1327 4331 ait
1359 4274 1649 4344 Dominus,
1677 4282 1733 4335 ei
1770 4290 1802 4332 a
1832 4270 1974 4332 facie

387 4387 406 4420 ε
451 4383 568 4423 mea
600 4383 706 4423 non
736 4364 989 4424 dolebitis
1019 4368 1146 4439 (sive
1178 4364 1484 4440 timebitis).
1518 4368 1619 4439 Qui
1653 4370 1811 4442 posui
1847 4384 1972 4429 are-

387 4477 405 4508 ι
453 4472 577 4511 nam
620 4457 912 4512 terminum
954 4456 1129 4525 mari,
1158 4467 1492 4529 praeceptum
1540 4460 1968 4532 sempiternum,

387 4568 404 4599 ι
451 4548 593 4618 quod
641 4563 747 4602 non
794 4548 1111 4619 prmteribit.
1145 4549 1213 4604 Et
1253 4552 1736 4609 commovebuntur
1776 4561 1972 4609 etnon

1999 3222 2048 3291 C

2084 1986 2139 2033 et
2174 1977 2353 2049 pluvia
2394 1975 2715 2043 retrahitur,
2738 1991 3083 2047 nequaquam
3109 1974 3425 2030 abbreviata
3454 1980 3537 2029 est
3557 1989 3670 2028 ma-

2050 2058 2051 2063 “
2080 2082 2183 2125 nus
2207 2067 2419 2124 Domini
2450 2109 2463 2133 ,
2495 2076 2555 2123 ut
2581 2067 2684 2129 ista
2720 2084 2828 2123 non
2860 2067 3058 2125 faciat:
3095 2067 3188 2124 sed
3224 2074 3448 2139 peccata
3486 2074 3671 2121 nostra

2082 2162 2198 2216 haec
2221 2160 2288 2213 ad
2316 2174 2414 2215 nos
2438 2158 2711 2214 venientia
2744 2158 3111 2226 declinarunt,
3138 2166 3195 2215 ut
3223 2158 3289 2217 ad
3316 2157 3452 2212 alios
3474 2172 3669 2229 perge-

2082 2258 2224 2321 rc'nt,
2251 2255 2341 2325 qui
2370 2270 2477 2310 non
2503 2260 2884 2329 peccaverunt.
2920 2249 2987 2309 Et
3012 2249 3430 2325 prohibuerunt,
3462 2246 3669 2316 inquit,

2076 2347 2192 2420 jam
2216 2345 2439 2402 veniens
2463 2342 2530 2401 ad
2563 2361 2663 2401 nos
2690 2345 2913 2408 bonum,
2934 2339 3090 2412 juxta
3128 2339 3263 2394 illud
3299 2337 3442 2408 quod
3477 2351 3674 2392 secun-

2081 2436 2479 2493 dum-litteram
2520 2436 2784 2507 scriptum
2826 2442 2948 2488 est:
2985 2451 3000 2481 α
3037 2428 3300 2485 Mandabo
3336 2426 3571 2482 nubibus
3601 2441 3669 2482 ne

2060 2516 2271 2598 ‘pluant
2299 2541 2461 2596 super
2488 2540 2608 2581 eam
2636 2524 2865 2578 imbrem
2898 2518 3031 2595 (Isa.
3059 2520 3137 2593 ν),
3165 2519 3460 2575 Possumus
3485 2525 3669 2573 autem
3768 2578 3778 2587 ε

2080 2619 2309 2675 imbrem
2337 2627 2744 2693 temporaneum
2773 2624 2829 2674 et
2855 2602 3179 2677 serotinum,
3205 2610 3401 2684 Legem
3423 2611 3670 2685 accipere

2080 2720 2135 2768 et
2155 2712 2536 2784 Evangelium,
2578 2720 2635 2767 et
2661 2708 2909 2765 diversas
2934 2706 3247 2762 vocationes
3271 2722 3300 2761 a
3328 2705 3504 2777 prima
3535 2702 3672 2758 hora

2079 2821 2253 2877 usque
2300 2805 2369 2864 ad
2415 2803 2791 2870 undecimam,
2838 2802 2891 2856 in
2943 2800 3138 2870 quibus
3192 2796 3456 2870 opcmriis
3499 2795 3671 2851 vineas

2058 2904 2246 2955 'unum
2272 2899 2398 2953 vitae
2424 2904 2641 2955 aeterna:
2663 2893 2947 2967 prmmium
2972 2886 3259 2967 pollicetur
3291 2882 3509 2963 (Matth.
3546 2887 3666 2958 xx).

2083 3012 2103 3045 ι
2150 2991 2285 3061 Quia
2316 2986 2522 3045 inventi
2549 2987 2751 3049 suntin
2776 2985 2974 3059 populo
2998 2999 3119 3040 meo
3141 2980 3315 3054 impii,
3344 2977 3667 3037 insidiantes

2058 3084 2102 3137 ‘c
2143 3084 2296 3156 quasi
2349 3097 2624 3159 aucupes:
2657 3079 2881 3152 laqueos
2916 3086 3212 3149 ponentes,
3256 3085 3311 3130 et
3354 3072 3573 3147 pedicas
3601 3070 3667 3125 ad

2084 3198 2103 3231 ‹
2144 3176 2435 3251 capiendos
2460 3176 2627 3231 viros.
2663 3172 2819 3233 Sicut
2863 3168 3108 3245 decipula
3131 3168 3291 3243 plena
3336 3163 3558 3229 avibus,
3590 3162 3671 3218 sic

2085 3290 2104 3324 ι
2148 3267 2343 3325 domus
2368 3283 2555 3324 eorum
2584 3265 2756 3337 plenae
2791 3263 2934 3323 dolo.
2971 3282 2989 3313 ι
3022 3260 3095 3317 Ut
3139 3257 3437 3314 declinaret
3483 3256 3551 3311 ab
3590 3254 3672 3310 eis

2079 3358 2258 3420 imber
2294 3369 2675 3432 temporaneus
2697 3364 2753 3412 et
2780 3356 3071 3418 serotinus,
3095 3364 3153 3411 et
3180 3352 3320 3407 bona
3342 3350 3523 3409 omnia
3561 3363 3672 3403 non

2080 3453 2406 3518 invenirent,
2439 3466 2618 3507 causa:
2648 3446 3029 3518 subjiciuntur,
3059 3443 3184 3516 quia
3215 3440 3423 3498 inventi
3455 3450 3580 3497 sunt
3611 3439 3666 3495 in

2078 3544 2275 3620 populo
2301 3543 2420 3616 ejus
2448 3541 2620 3614 impii.
2651 3540 2770 3596 Non
2811 3540 2970 3603 dixit,
3004 3538 3220 3607 iniquos
3261 3547 3316 3590 et
3351 3543 3670 3606 peccatores

2082 3636 2164 3709 (ut
2187 3651 2324 3691 nova
2347 3634 2463 3689 vult
2491 3631 2763 3704 haeresis),
2790 3630 2889 3688 sed
2918 3630 3132 3702 impios.
3177 3627 3432 3699 Impietas
3477 3634 3666 3695 aperte

2080 3734 2242 3798 negat
2268 3724 2458 3791 Deum,
2487 3722 2746 3795 iniquitas
2768 3732 2929 3794 atque
2959 3729 3241 3793 peccatum
3266 3719 3309 3773 si
3344 3718 3670 3773 conﬁteatur

2079 3833 2347 3883 errorem,
2370 3816 2529 3872 facile
2549 3816 2615 3870 ad
2631 3814 3063 3871 misericordiam
3084 3810 3255 3867 ﬂectit
3278 3810 3468 3864 Deum.
3484 3808 3666 3877 Quod-

2079 3923 2188 3981 que
2212 3925 2312 3966 nos
2331 3909 2568 3965 diximus
2597 3928 2616 3961 ι
2645 3905 2968 3963 insidiantes
2995 3903 3153 3973 quasi
3174 3914 3453 3971 aucupes,
3481 3919 3501 3951 ι
3528 3907 3588 3961 et
3615 3898 3669 3952 in

2080 4000 2438 4073 Septuaginta
2487 4014 2596 4054 non
2643 3998 2905 4061 habetur,
2956 3995 3150 4065 Aquila
3200 4003 3259 4050 et
3306 3990 3672 4065 Symmachus

2080 4092 2477 4148 transtulerunt
2512 4097 2687 4173 Tw»,
2727 4107 2745 4140 ι
2788 4085 2941 4157 quasi
2990 4095 3105 4142 rete
3149 4083 3393 4153 aucupis.
3445 4101 3465 4133 ι
3506 4078 3671 4173 Quod
3714 4136 3721 4144 ἢ

2079 4187 2244 4244 etiam
2268 4185 2360 4257 qui
2383 4172 2558 4240 bonus
2605 4182 2749 4238 inter
2784 4194 2879 4236 eos
2903 4179 3118 4234 videtur
3154 4185 3210 4234 et
3248 4184 3463 4239 rectus,
3500 4172 3673 4227 instar

2078 4277 2303 4349 aucupis
2331 4276 2519 4331 tendat
2541 4271 2788 4337 insidias,
2822 4270 2946 4328 dum
2978 4267 3211 4324 invicem
3233 4281 3293 4323 se
3316 4272 3583 4321 venantur
3601 4261 3670 4317 ad

2079 4378 2346 4437 mortem,
2379 4377 2433 4425 et
2467 4367 2698 4423 aliorum
2743 4362 2956 4420 damnis
2990 4370 3152 4432 atque
3202 4356 3499 4433 dispendiis
3545 4367 3672 4408 suas

2078 4462 2352 4536 complent
2383 4462 2609 4526 domos,
2652 4467 2714 4513 ut
2757 4455 3049 4528 impleatur
3079 4450 3527 4525 philosoiihorum
3580 4443 3672 4499 illa

2078 4555 2370 4611 sententia.
2399 4552 2591 4608 Omnis
2619 4550 2771 4607 dives
2811 4556 2905 4603 aut
2935 4546 3152 4616 iniquus
3172 4585 3186 4610 ,
3231 4550 3325 4597 aut
3362 4543 3537 4595 haeres
3566 4536 3669 4590 ini-

392 4596 404 4599 η
454 4596 593 4618 τη--
641 4596 747 4602 η---
794 4596 1111 4619 ,-..--------
1145 4596 1212 4604 _-
1256 4596 1727 4609 --.......,.............
1777 4596 1831 4609 ν.
1860 4596 1972 4609 ..νη
2080 4596 2370 4611 scum...“
2403 4596 2590 4608 ν......-
2621 4596 2770 4607 ...ην
2812 4596 2904 4603 η-
2935 4596 3147 4616 νηπία
3174 4596 3186 4610 ι
3238 4596 3245 4597 γ

389 4658 407 4690 ι
452 4647 708 4711 poterunt
734 4639 862 4711 (sive
889 4640 1194 4697 turbabitur
1220 4651 1274 4698 et
1314 4660 1419 4698 non
1448 4645 1699 4717 poterit),
1736 4653 1792 4700 et
1822 4646 1971 4701 intu-
2000 4596 2060 4668 D
2081 4646 2174 4717 qui
2205 4663 2218 4698 :
2253 4652 2413 4713 atque
2439 4642 2647 4697 utinam
2683 4639 2750 4693 ab
2772 4638 2858 4693 his
2885 4644 3091 4692 tantum
3114 4635 3271 4697 iiant,
3295 4630 3386 4703 qui
3414 4630 3669 4685 videnlur

388 4750 409 4785 ι
455 4740 697 4788 mescent
729 4732 853 4807 (sive
881 4733 1172 4806 sonabunt)
1196 4732 1389 4791 ﬂuctus
1407 4734 1548 4810 ejus,
1571 4746 1626 4792 et
1655 4754 1762 4795 non
1794 4747 1968 4797 trans-

388 4845 407 4879 ‹
456 4825 606 4879 ibunt
638 4822 784 4879 illntL
817 4824 1022 4896 Populo
1044 4835 1222 4881 autem
1250 4826 1376 4883 huic
1413 4826 1612 4887 factum
1641 4837 1725 4887 est
1756 4846 1852 4887 cor
1883 4831 1970 4885 in-

389 4938 407 4970 ι
451 4916 727 4975 credulum
742 4927 795 4973 et
811 4933 1139 4990 exasperans
1156 4937 1168 4972 :
1184 4927 1239 4981 et
1252 4928 1612 4986 recesserunt,
1628 4930 1681 4975 et
1698 4922 1967 4990 abierunt,

387 5033 405 5063 ε
446 5020 627 5069 etnon
654 5010 903 5067 dixerunt
938 5009 992 5067 in
1021 5012 1182 5068 corde
1204 5029 1332 5069 suo:
1357 5012 1656 5070 Metuamus
1678 5014 1969 5078 Dominum

388 5124 405 5153 ε
453 5102 622 5159 Deum
659 5090 937 5173 nostrum,
964 5103 1055 5174 qui
1093 5102 1185 5160 dat
1226 5104 1382 5161 nobis
1422 5105 1657 5177 pluviam
1698 5116 1971 5179 tempora-

390 5216 407 5247 ι
449 5212 610 5251 neam
643 5205 699 5255 et
729 5197 1027 5259 serotinam
1058 5198 1112 5259 iu
1144 5208 1386 5270 tempore
1410 5214 1539 5267 suo,
1573 5201 1969 5272 plenitudinem

392 5307 409 5339 ι
451 5305 643 5344 annua:
665 5293 861 5348 messis
890 5293 1281 5349 custodientem
1314 5294 1489 5350 nobis.
1530 5316 1547 5347 ι
1578 5295 1776 5351 Narrat
1806 5297 1975 5352 bene-

390 5377 531 5444 ficia,
555 5388 616 5434 ut
641 5380 879 5452 ingratos
890 5391 1102 5456 arguat.
1131 5403 1150 5436 ι
1172 5384 1274 5453 Me,
1304 5386 1495 5465 inquit,
1518 5402 1625 5443 non
1648 5387 1966 5451 timebitis,»

389 5467 481 5537 qui
515 5478 663 5525 tanta
692 5472 845 5529 vobis
888 5476 1156 5545 praestiti?
1182 5473 1299 5547 Non
1334 5475 1675 5535 dilectionem
1720 5476 1973 5534 desidero

388 5557 777 5631 perfectorum,
807 5562 899 5619 sed
929 5569 1178 5623 timorem
1213 5564 1606 5647 incipientinm,
1646 5590 1662 5620 ι
1693 5571 1785 5641 qui
1811 5570 1968 5641 posui

389 5665 611 5708 arenam
641 5653 924 5709 terminum
960 5657 1118 5725 mari,
1151 5658 1243 5729 qui
1275 5666 1382 5713 tam
1416 5667 1609 5731 potens
1641 5659 1968 5716 elementum

388 5747 445 5797 et
473 5740 762 5798 immensas
805 5745 1079 5816 gurgitum
1111 5747 1279 5805 moles
1315 5766 1435 5805 meo
1470 5760 1743 5823 prmcepto
1773 5750 1971 5807 littori-

388 5832 491 5889 bus
518 5832 806 5903 refrenavi,
826 5833 981 5906 juxta
1010 5837 1141 5896 illud
1166 5842 1309 5911 quod
1340 5843 1600 5913 scriptum
1614 5849 1698 5899 est
1726 5860 1739 5896 :
1770 5862 1787 5894 ι
1824 5841 1973 5898 Ρνω-
1998 5914 2043 5941 ‘

2082 4734 2218 4792 foris
2240 4751 2382 4801 esse,
2410 4742 2465 4789 et
2483 4748 2622 4805 quos
2642 4730 2905 4787 Dominus
2921 4728 3152 4800 iudicat,
3171 4734 3227 4780 et
3255 4737 3361 4778 non
3389 4722 3442 4776 in
3467 4718 3669 4775 nostris

2084 4828 2475 4886 conventiculis
2504 4826 2854 4898 impleantur,
2887 4838 3023 4896 quos
3049 4820 3310 4893 possidet.
3338 4816 3512 4875 Radix
3547 4832 3667 4870 om-

2083 4922 2233 4977 nium
2256 4919 2519 4975 malorum
2549 4917 2795 4983 avaritia,
2824 4917 2899 4970 ita
2922 4923 2981 4969 ut
2996 4912 3327 4969 venientium
3349 4910 3417 4965 ad
3439 4925 3538 4966 nos
3560 4923 3668 4963 non

2078 5031 2176 5071 ora
2205 5011 2655 5086 contemplemur,
2689 5010 2784 5065 sed
2814 5024 3026 5063 manus.

2160 5124 2178 5155 ι
2220 5100 2346 5159 Ideo
2376 5100 2705 5171 magniﬁcati
2737 5108 2864 5153 sunt
2901 5105 2956 5151 et
2986 5095 3175 5160 ditati,
3218 5093 3503 5150 incrassati
3542 5098 3668 5147 sunt

2084 5216 2106 5251 ι
2151 5204 2207 5251 et
2261 5193 2614 5267 impinguati,
2660 5200 2715 5246 et
2752 5188 3135 5262 praeterierunt
3184 5199 3464 5242 sermones
3517 5198 3667 5239 meos

2088 5308 2107 5341 ι
2154 5286 2408 5358 pessime.
2432 5284 2666 5340 Causam
2696 5297 2802 5336 non
2828 5278 3208 5350 iudicaverunt
3228 5320 3242 5345 ,
3274 5292 3492 5332 causam
3539 5274 3667 5347 (sive

2087 5398 2107 5429 ‹
2142 5375 2428 5449 judicium)
2456 5373 2641 5449 pupilli
2664 5388 2772 5428 non
2799 5372 3132 5429 direxerunt.
3158 5370 3226 5425 Et
3244 5370 3504 5441 judicium
3529 5381 3667 5439 paus-

2088 5486 2342 5541 Lperum
2394 5468 2520 5540 (sive
2566 5465 2759 5537 viduae)
2811 5480 2916 5520 non
2964 5462 3363 5535 judicaverunt.
3418 5460 3671 5531 Nunquid

2087 5586 2107 5619 ‹
2153 5579 2317 5634 super
2347 5563 2434 5619 his
2459 5577 2565 5616 non
2596 5559 2862 5615 visitabo?
2890 5556 3021 5613 dicit
3059 5558 3351 5620 Dominus,
3376 5564 3468 5610 aut
3506 5568 3671 5623 Super

2088 5676 2109 5707 ι
2156 5662 2373 5726 gentem
2400 5652 2772 5721 hujuscemodi
2811 5666 2916 5706 non
2944 5650 3236 5707 ulciscctur
3260 5649 3439 5703 anima
3462 5645 3619 5701 mea?
3644 5663 3683 5697 »ι

2085 5747 2147 5804 Si
2169 5747 2390 5803 voluero
2414 5745 2672 5802 adnotare
2698 5760 2797 5819 per
2817 5743 3027 5817 singula
3054 5758 3175 5813 quae
3219 5742 3273 5796 in
3315 5738 3669 5811 Septuaginta

2085 5830 2325 5897 editione
2356 5840 2720 5912 praetermissa
2745 5847 2894 5906 sunt,
2911 5837 3132 5908 longum
3155 5836 3264 5891 ﬁet.
3285 5832 3388 5900 Qui
3412 5830 3664 5899 tendunt,
