4008 6340
400 326 504 384 847

1046 325 1108 380 Β.
1147 323 1398 380 RABANI
1436 320 1658 379 MAURI
1693 315 2014 377 ARCHIEP.
2046 315 2355 375 MOGUNT.
2388 314 2673 374 OPERUM
2710 314 2891 372 PARS
2925 313 3014 371 Ill.

3560 311 3683 369 848

397 444 494 509 ait,
523 442 766 508 insidias,
797 449 854 498 et
878 440 1108 497 aliorum
1138 443 1385 497 nuditate
1407 442 1679 497 laetantur.
1707 439 1834 494 Ideo
1861 452 1976 492 ma-
1999 436 2057 497 Δ
2154 455 2173 487 ‹
2217 433 2488 505 Speciosaa
2515 443 2572 491 et
2596 434 2838 490 delicatae
2864 429 3160 490 assimilavi
3189 430 3352 487 filiam
3386 429 3522 487 Sion
3551 449 3566 485 :
3599 432 3682 489 ad

393 533 634 604 gniﬁcati
681 541 808 589 sunt
861 541 916 588 et
963 533 1151 596 dilati,
1201 534 1326 602 quia
1377 527 1655 605 superiora
1707 531 1969 586 fecerunt.

399 645 418 677 ‹
452 624 742 681 lncrassati
779 631 904 680 sunt
941 632 997 678 et
1033 623 1371 693 impinguati,
1407 643 1426 675 ι
1453 622 1606 692 juxta
1653 620 1783 676 illud
1831 617 1974 689 quod

393 715 657 786 scriptum
683 723 802 770 est:
840 733 858 766 ‹
891 713 1230 769 lucrassatus
1275 722 1331 768 et
1375 713 1738 785 impinguatus
1765 720 1879 777 est,
1919 717 1975 767 et

394 804 759 861 recalcitravit
785 803 1011 860 dilectus
1031 803 1210 874 (Deut.
1236 803 1430 875 χχιιι).
1462 823 1480 856 ›
1505 804 1572 858 Et
1592 803 1974 874 praeterierunt

393 909 674 952 sermones
728 910 902 961 meos,
947 896 1072 964 quia
1112 896 1421 951 divitiarum
1471 896 1803 952 conscientia
1844 894 1974 950 illud

393 988 649 1044 dixerunt
691 988 758 1043 de
800 987 1091 1058 Evangelio
1133 985 1283 1059 (Luc.
1314 986 1454 1059 xu):
1490 1008 1508 1040 ‹
1543 987 1768 1053 Anima,
1805 986 1974 1042 habes

391 1079 564 1135 multa
603 1078 743 1135 bona
787 1080 962 1150 posita
1009 1077 1065 1132 in
1101 1094 1271 1133 annos
1318 1078 1615 1149 plurimos,
1657 1079 1968 1148 requiesce,

389 1169 640 1236 comede,
668 1168 807 1232 bibe,
833 1168 1072 1239 epulare.
1113 1188 1130 1219 ι
1161 1167 1546 1224 Prteterierunt
1567 1178 1748 1225 autem
1774 1170 1830 1224 in
1859 1185 1972 1224 ma-

391 1259 503 1316 lum
541 1259 648 1325 sui,
679 1268 1012 1328 cunctosque
1040 1260 1288 1314 homines
1317 1260 1676 1329 despicientes
1695 1302 1710 1327 ,
1738 1276 1846 1315 non
1876 1277 1973 1332 po-

387 1359 615 1407 suerunt
635 1349 898 1420 judicium
928 1351 1024 1405 Dei
1056 1359 1182 1405 ante
1205 1351 1392 1406 oculos
1418 1367 1546 1406 suos
1565 1392 1580 1418 ,
1622 1352 1886 1422 pupillum
1916 1365 1974 1409 et

384 1456 652 1512 pauperes
674 1449 1146 1511 contempserunt;
1178 1458 1277 1512 pro
1308 1457 1416 1512 quo
1439 1441 1797 1514 Septuaginta
1823 1444 1972 1498 dixe-

383 1543 510 1589 runt
543 1535 762 1613 viduas,
779 1534 924 1604 quod
957 1534 1011 1588 in
1041 1533 1308 1588 Hebraico
1331 1549 1436 1589 non
1470 1534 1720 1600 habetur,
1748 1527 1970 1595 auris

383 1627 579 1697 quippe
620 1627 838 1698 proprie
882 1642 1167 1696 pauperes,
1212 1641 1319 1681 non
1364 1627 1551 1686 viduas
1596 1637 1771 1682 sonat.
1797 1628 1970 1695 Quod

382 1725 562 1770 autem
590 1715 854 1785 sequitur,
893 1735 911 1766 ‹
945 1713 1195 1783 Nunquid
1238 1730 1398 1784 super
1438 1715 1526 1770 his
1564 1732 1673 1772 non
1703 1717 1963 1785 visitabo,

2084 544 2104 578 σ
2143 542 2263 583 eam
2292 528 2512 583 venient
2540 536 2793 597 pastores
2835 535 2892 581 et
2917 541 3107 598 greges
3151 539 3361 581 eorum.
3395 524 3684 580 Fixerunt

2080 638 2100 672 ς
2145 619 2270 693 (sive
2314 619 2500 692 figent)
2549 620 2605 675 in
2659 635 2724 676 ea
2769 621 3000 676 tentoria
3042 620 3097 674 in
3141 619 3370 676 circuitu
3413 637 3426 674 :
3471 629 3679 691 pascet

2081 731 2100 765 ‹
2143 713 2514 784 unusquisque
2541 726 2636 768 eos
2664 712 2757 782 qui
2783 713 2884 768 sub
2909 728 3072 766 manu
3105 727 3205 767 sua
3232 721 3377 767 sunt.
3406 709 3678 767 Sanctiﬁ-

2081 821 2100 855 ι
2146 812 2266 868 cate
2305 803 2432 876 (sive
2465 803 2678 877 parate)
2717 820 2880 874 super
2921 819 3043 860 eam
3071 803 3315 860 bellum:
3345 804 3675 872 consurgite

2080 913 2100 947 ι
2140 903 2196 950 et
2224 897 2581 952 ascendamus
2618 896 2674 951 in
2710 895 2954 952 meridie.
2991 915 3010 949 ι
3051 896 3386 952 Describitur
3420 896 3672 967 pulcbﬁ-

2075 987 2204 1042 tudo
2232 986 2595 1052 Hierusalem,
2621 1003 2740 1057 quae
2771 995 2856 1043 est
2882 987 2999 1058 ipsa
3033 985 3164 1043 Sion
3183 1027 3199 1054 ,
3227 995 3288 1043 ut
3313 987 3458 1042 aliud
3486 997 3667 1043 totam

2073 1080 2267 1135 urbem
2290 1122 2306 1147 ,
2339 1081 2482 1136 aliud
2522 1095 2704 1135 arcem
2731 1080 2880 1135 urbis
2907 1087 3082 1135 sonet.
3112 1076 3242 1134 Sion
3269 1079 3414 1134 enim
3439 1095 3538 1132 ara:
3557 1119 3575 1143 ,
3610 1079 3666 1133 id

2075 1179 2158 1226 est
2184 1170 2413 1242 specula,
2449 1170 2858 1240 interpretatur,
2884 1177 2938 1222 et
2965 1168 3225 1239 speciosae
3263 1167 3474 1222 mulieri
3503 1183 3662 1221 com-

2073 1269 2316 1332 paratur.
2350 1261 2418 1316 Et
2440 1261 2710 1331 quomodo
2731 1261 2798 1316 ad
2819 1260 2961 1315 illam
2991 1269 3285 1324 amatores,
3309 1259 3388 1314 sic
3407 1260 3476 1314 ad
3497 1259 3662 1313 istam

2073 1359 2322 1423 pastores
2360 1352 2651 1408 convenire
2680 1352 2954 1407 dicuntur.
2998 1349 3252 1420 Satisque
3283 1349 3562 1422 eleganter
3608 1350 3664 1404 in

2073 1443 2300 1500 Hebrao
2311 1445 2555 1510 verbum,
2569 1445 2712 1514 quod
2727 1451 2959 1515 quatuor
2971 1443 3170 1498 litteris
3179 1442 3436 1498 scribitur
3446 1452 3490 1501 Π
3507 1450 3527 1488 ν
3541 1451 3663 1506 ἳἾ,

2073 1535 2120 1590 si
2155 1536 2368 1607 legatur
2393 1546 2540 1601 tam
2573 1545 2868 1602 amatores,
2909 1529 2960 1591 si
3003 1543 3134 1596 tam
3163 1544 3410 1604 pastores
3445 1533 3664 1605 signiti-

2072 1635 2160 1681 cat
2183 1635 2242 1684 ut
2267 1627 2354 1682 vel
2371 1625 2528 1697 juxta
2553 1628 2927 1696 metaphoram
2955 1626 3197 1698 pulchrae
3234 1626 3481 1682 mulieris
3507 1641 3665 1680 ama-

2073 1725 2239 1782 tores,
2273 1716 2357 1770 vel
2378 1715 2537 1785 juxta
2577 1718 2915 1773 eversionem
2960 1717 3112 1772 urbis
3156 1727 3408 1788 pastores
3450 1716 3661 1771 intelli-

383 1805 513 1860 dicit
551 1805 811 1861 Dominus
835 1845 851 1870 ,
881 1813 976 1858 aut
1002 1819 1165 1874 super
1204 1815 1418 1875 gentem
1457 1806 1828 1876 hujuscemodi
1855 1826 1962 1866 non
1993 1793 2041 1852 Β
2070 1817 2285 1878 gantur.
2311 1807 2551 1874 Quorum
2579 1808 2670 1863 alii
2699 1817 2941 1864 scortum
2978 1808 3219 1878 polluere
3246 1808 3536 1873 festinant,
3561 1808 3665 1863 alii

382 1895 677 1950 ulciscetur
720 1896 899 1951 anima
937 1895 1092 1949 mea?
1131 1915 1150 1946 ι
1184 1894 1301 1950 Jam
1345 1912 1507 1967 supra
1539 1899 1831 1954 dissertum
1858 1910 1960 1956 est.

455 2007 477 2041 ‹
519 1989 722 2059 Stupor
742 1997 798 2042 et
819 1988 1084 2054 mirabilia
1108 1988 1248 2043 facta
1269 1998 1394 2044 sunt
1413 1991 1465 2044 in
1491 1998 1656 2046 terra:
1680 1991 1964 2062 Prophetas

386 2096 405 2129 ι
443 2079 839 2149 prophetabant
878 2079 1218 2134 mendacium
1251 2081 1377 2148 (sive
1406 2081 1646 2153 iniqua),
1682 2092 1737 2138 et
1777 2098 1960 2139 sacer-

385 2189 405 2223 ι
450 2171 604 2226 dotes
627 2170 1024 2241 applaudebant
1058 2173 1306 2227 manibus
1327 2173 1439 2228 suis
1468 2181 1524 2228 et
1546 2175 1778 2245 populus
1809 2191 1963 2232 meus

382 2281 402 2314 ‹
443 2262 634 2318 dilexit
661 2261 788 2316 talia
814 2279 826 2314 :
853 2260 990 2327 Quid
1023 2261 1188 2333 igitur
1211 2262 1423 2320 facietis
1443 2265 1498 2319 in
1518 2266 1812 2322 novissimo
1837 2265 1962 2338 (sive

379 2375 400 2409 ι
445 2344 566 2426 post
596 2354 767 2427 haec)?
800 2373 818 2405 ι
853 2353 1028 2425 Supra
1060 2355 1309 2410 dixerat:
1343 2376 1360 2409 ‹
1390 2357 1483 2412 Ibo
1506 2358 1572 2412 ad
1599 2359 1889 2428 optimates
1907 2366 1962 2414 et

377 2445 569 2515 loquar
594 2445 696 2510 eis,
726 2444 954 2499 forsitan
978 2444 1080 2514 ipsi
1111 2456 1480 2517 cognoverunt
1499 2449 1641 2504 viam
1668 2449 1901 2505 Domini.
1935 2469 1954 2504 ι

377 2537 444 2591 Et
467 2551 596 2592 ecce
618 2536 874 2607 magis'hi
905 2537 1110 2606 pariter
1133 2536 1524 2608 confregerunt
1546 2539 1735 2609 jugum
1757 2582 1772 2608 ,
1798 2557 1959 2612 rupe-

373 2635 502 2682 runt
533 2626 768 2682 vincula.
793 2625 948 2681 Nunc
968 2627 1227 2682 describit
1245 2630 1338 2698 qui
1370 2630 1480 2685 sint
1511 2633 1801 2701 optimates
1827 2648 1958 2704 pro-

369 2718 546 2789 phetae
566 2717 816 2773 videlicet
833 2726 888 2773 et
909 2720 1237 2784 sacerdotes,
1263 2736 1491 2790 quorum
1515 2723 1603 2777 alii
1625 2715 1802 2778 futura
1823 2740 1962 2795 prae-

371 2811 590 2878 dicunt,
626 2810 718 2865 alii
761 2809 1009 2868 facienda
1053 2826 1120 2866 ex
1168 2810 1310 2882 Lege
1345 2811 1664 2869 decernunt.
1697 2816 1764 2871 Et
1791 2832 1956 2884 ecce,

369 2901 568 2973 inquit,
599 2901 708 2958 illis
739 2903 1081 2958 mendacium
1123 2889 1572 2975 prOphetantibus
1595 2948 1611 2974 ,
1643 2908 1957 2965 sacerdotes

373 2992 624 3046 manibus
647 2993 1050 3061 applauserunt.
1079 2994 1147 3048 Et
1176 3004 1236 3049 ut
1259 2997 1569 3052 ostendatur
1607 3015 1705 3056 nec
1728 3002 1957 3072 p0pulus

369 3097 490 3136 esse
535 3083 654 3138 sine
701 3084 890 3152 culpa,
919 3086 1009 3154 qui
1040 3101 1071 3139 a
1105 3086 1300 3143 talibus
1337 3090 1657 3159 abducatur,
1691 3094 1954 3164 scriptum

2068 1899 2316 1955 Obsidere
2362 1908 2418 1954 et
2461 1900 2776 1955 subvertere
2819 1901 3114 1955 civitatem.
3152 1899 3212 1955 In
3256 1901 3574 1972 pastoribus
3604 1910 3665 1955 et

2067 1991 2319 2061 gregibus
2360 2003 2548 2045 eorum
2593 1991 2867 2061 principes
2901 1992 3234 2057 sentiamus,
3258 2001 3314 2047 et
3351 1992 3662 2046 exercitum

2066 2079 2461 2136 Chaldaeorum.
2490 2080 2682 2151 Figent
2711 2089 2893 2136 autem
2923 2079 3155 2137 tentoria
3181 2097 3280 2138 sua
3321 2081 3377 2137 in
3417 2081 3664 2136 circuitu

2067 2171 2121 2226 in
2159 2169 2440 2226 obsidione
2469 2172 2648 2239 urbis,
2679 2190 2698 2224 ι
2725 2180 2780 2227 et
2804 2181 2990 2244 pascet
3013 2175 3385 2244 unusquisque
3422 2188 3518 2229 eos
3556 2173 3662 2242 qui

2066 2260 2167 2316 sub
2199 2277 2361 2315 manu
2389 2277 2484 2315 sua
2524 2269 2683 2329 sunt,
2715 2281 2733 2313 ι
2768 2277 2895 2317 suas
2923 2262 3176 2318 videlicet
3207 2271 3416 2317 turmas
3455 2271 3512 2316 et
3546 2279 3658 2316 nu-

2067 2367 2265 2407 meros.
2291 2352 2393 2419 Qui
2419 2352 2692 2422 principes
2726 2353 2840 2409 sive
2883 2363 3133 2423 pastores
3174 2354 3356 2409 dicent
3397 2354 3660 2424 gregibus

2066 2446 2178 2502 suis
2208 2465 2220 2500 :
2261 2465 2279 2496 ι
2317 2445 2670 2502 Sanctiﬁcate
2718 2462 2880 2516 super
2920 2447 3254 2503 Hierusalem
3284 2446 3517 2512 bellum;
3550 2447 3661 2500 Do-

2067 2540 2202 2594 mini
2257 2540 2400 2595 enim
2443 2541 2727 2611 imperium
2758 2550 2844 2596 est
2885 2559 2897 2594 :
2930 2540 3247 2612 Consurgite
3285 2550 3343 2596 et
3390 2541 3658 2603 ascenda-

2065 2648 2186 2688 mus
2210 2632 2266 2686 in
2292 2632 2549 2699 meridie;
2582 2651 2600 2684 ι
2640 2647 2747 2688 non
2791 2649 2889 2704 per
2935 2643 3146 2689 noctem
3181 2643 3232 2688 et
3267 2633 3521 2697 insidias,
3555 2633 3657 2686 sed

2060 2724 2221 2795 plena
2247 2724 2366 2779 luce
2392 2724 2787 2796 impugnemus,
2820 2725 2999 2780 nullus
3019 2725 3163 2780 enim
3183 2725 3340 2780 nobis
3367 2734 3546 2794 potest
3569 2739 3660 2778 re-

2063 2814 2274 2870 sistere.
3209 2871 3211 2873 .
3265 2887 3272 2894 §

2138 2925 2157 2957 ι
2197 2906 2290 2960 Vae
2337 2906 2517 2973 nobis,
2551 2907 2680 2977 quia
2712 2906 3004 2963 declinavit
3032 2908 3179 2973 dies,
3213 2905 3338 2977 quia
3375 2906 3657 2977 longiores

2067 3017 2086 3049 ‹
2121 2997 2278 3053 [θείω
2305 3009 2434 3054 sunt
2475 2999 2609 3072 (sive
2635 2997 2982 3071 defecerunt)
3015 3000 3220 3054 umbra:
3249 2999 3480 3068 vesperi.
3514 2997 3655 3052 Sur-

2069 3107 2088 3140 ι
2127 3087 2238 3160 gite
2259 3097 2314 3144 et
2341 3091 2702 3145 ascendamus
2724 3089 2780 3142 in
2808 3098 2988 3154 nocte,
3023 3097 3078 3144 et
3103 3089 3428 3159 dissipemus
3454 3090 3650 3144 domos

369 3185 490 3233 est:
528 3196 548 3230 ‹
581 3178 648 3232 Ει
694 3179 921 3250 populus
964 3196 1116 3237 meus
1167 3183 1354 3238 dilexit
1401 3185 1528 3241 talia
1565 3205 1578 3241 :
1618 3207 1636 3238 ›
1683 3158 1954 3258 quondam
1984 3158 2029 3221 Ο
2069 3199 2086 3231 ε
2123 3158 2259 3248 έὶιιει
2305 3199 2324 3231 ι
2360 3179 2440 3234 111i
2500 3180 2716 3246 dicunt.
2754 3199 2770 3231 ι
2812 3179 3030 3250 Surgite
3079 3187 3136 3234 θῑ
3187 3158 3545 3234 ειέεθηάειωυε
3594 3179 3653 3232 in

369 3286 558 3337 meus,
603 3281 657 3327 et
705 3281 990 3342 postquam
1035 3266 1221 3329 dilexit
1267 3276 1428 3342 talia,
1472 3293 1625 3334 meus
1668 3295 1787 3336 esse
1815 3280 1958 3336 desi-

371 3362 468 3417 vit.
491 3361 632 3430 Quid
657 3363 820 3435 igitur
847 3362 1046 3420 facient
1076 3383 1201 3421 cum
1232 3369 1586 3442 novissimum
1605 3372 1796 3442 judicii
1821 3382 1958 3429 tem-

369 3469 470 3524 pus
501 3455 807 3523 advenerit,
833 3457 946 3512 sive
965 3458 1298 3527 captivitatis
1319 3439 1648 3516 necessitas?
1671 3462 1822 3520 Unde
1847 3473 1957 3521 stu-

368 3561 472 3618 por
492 3556 549 3605 et
571 3549 842 3606 mirabilia
873 3559 1040 3617 sunt,
1073 3553 1218 3620 quod
1244 3566 1347 3607 nec
1377 3553 1432 3606 in
1472 3554 1812 3625 principibus
1849 3572 1956 3614 nec
2044 3547 2050 3624 ί

368 3639 421 3694 in
444 3639 639 3711 populo
673 3640 928 3699 inventus
957 3640 1030 3695 sit
1053 3641 1145 3710 qui
1173 3650 1322 3696 recta
1342 3643 1589 3698 sentiret.

982 3776 1208 3836 CAPUT
1246 3776 1334 3835 VI.

372 3869 694 3926 Describitur
736 3871 988 3926 adventus
1045 3871 1534 3932 Nabuchodonosor
1581 3886 1628 3932 et
1679 3877 1956 3933 translatio

436 3940 616 4020 populi
643 3950 855 4020 propter
873 3942 1203 4020 sacerdotum
1226 3947 1502 4002 avaritiam
1526 3961 1545 3999 .'
1572 3958 1618 4002 et
1648 3949 1771 4019 quia
1798 3966 1961 4020 popu-

399 4077 421 4097 χ
438 4011 522 4066 lus
543 4011 650 4066 non
675 4011 823 4066 audit
852 4029 1026 4068 vocem
1056 4014 1213 4068 tubae.

447 4118 468 4152 ς
513 4101 1027 4168 Οοηΐοτωωίηῌίιὶἱ
1056 4104 1368 4175 Benjamin,
1398 4107 1454 4162 in
1497 4108 1680 4164 medio
1702 4108 1960 4166 Hierusa—

374 4212 393 4244 ι
435 4194 576 4260 lem;
599 4201 654 4248 et
679 4195 737 4247 in
766 4193 986 4249 Thecua
1021 4195 1254 4265 clangite
1293 4198 1554 4265 buccina;
1591 4207 1646 4254 et
1673 4215 1837 4270 super
1860 4201 1962 4257 Be-

373 4302 394 4335 ι
440 4283 719 4338 thacarem
739 4283 915 4339 levate
926 4284 1138 4354 signum
1155 4285 1594 4360 (sivevexillum),
1619 4290 1741 4359 quia
1758 4290 1958 4346 malum

373 4391 394 4426 ι
435 4373 614 4427 visum
639 4380 723 4427 est
753 4372 881 4445 (sive
922 4373 1194 4446 apparuit)
1223 4377 1290 4430 ab
1313 4377 1580 4446 Aquilone
1617 4387 1674 4434 et
1705 4382 1960 4437 contritio

375 4484 396 4518 ι
441 4480 657 4536 magna.
697 4484 716 4516 ι
751 4463 1026 4537 (Hieron.)
1054 4466 1391 4525 Hierusalem
1413 4471 1467 4525 in
1499 4471 1643 4528 tribu
1680 4473 1960 4543 Benjamin

2069 3275 2322 3342 meridie,
2360 3293 2380 3327 ι
2409 3283 2465 3328 et
2493 3274 2640 3329 clara
2661 3274 2777 3329 luce
2802 3289 3121 3346 pugnemus.
3153 3275 3246 3329 Isti
3276 3274 3606 3344 respondent
3695 3270 3698 3271 ⁷

2067 3383 2084 3415 ε
2121 3362 2215 3418 Va:
2240 3364 2426 3429 nobis,
2475 3365 2604 3434 quia
2624 3363 2896 3435 longiores
2937 3364 3095 3420 factae
3124 3373 3250 3420 sunt
3284 3364 3490 3418 umbra:
3519 3377 3630 3418 ves

2060 3468 2236 3523 perte,
2277 3472 2295 3505 ι
2329 3453 2630 3510 secundum
2660 3453 2791 3509 illud
2820 3453 3175 3526 Virgilianum
3204 3472 3218 3508 :

2187 3615 2250 3688 Et
2263 3615 2361 3688 jam
2384 3627 2572 3666 summa
2594 3614 3009 3688 proculvill‘arum
3032 3613 3244 3688 culmina
3269 3612 3471 3688 fumant,

2187 3676 2499 3741 llajoresque
2519 3676 2698 3728 cadunt
2721 3677 2831 3728 altis
2847 3677 2913 3728 de
2933 3679 3176 3728 montibus
3193 3676 3394 3727 umbra.

2059 3827 2129 3883 Et
2157 3837 2242 3884 est
2278 3843 2509 3883 sensus:
2539 3826 2594 3881 Si
2612 3842 2722 3897 .per
2751 3827 2892 3881 diem
2927 3827 3042 3881 ι]ωο
3075 3825 3335 3896 patimur,
3379 3821 3509 3893 quid
3541 3838 3644 3891 pa-

2062 3920 2260 3975 tiemur
2310 3921 2366 3974 in
2417 3920 2610 3974 nocte?
2664 3918 2921 3984 Rursum,
2976 3917 3067 3987 qui
3124 3931 3283 3986 supra
3340 3915 3639 3969 dixerant:

2066 4035 2084 4066 ι
2119 4013 2474 4069 Sanctificate
2499 4027 2663 4082 supra
2686 4026 2807 4067 eam
2836 4011 3040 4067 bellum
3070 4018 3234 4079 atque
3255 4007 3584 4078 consurgite,
3619 4023 3637 4055 ι

2060 4118 2206 4159 nunc
2253 4104 2356 4174 ipsi
2402 4118 2461 4158 se
2508 4109 2810 4173 provocant
2860 4101 2929 4156 ad
2979 4099 3314 4166 bellandum,
3357 4097 3638 4153 dicentes:

2045 4215 2085 4269 ¹‹
2123 4193 2359 4264 Surgite,
2407 4200 2463 4246 et
2500 4191 2858 4248 ascendamus
2885 4190 2938 4244 in
2975 4199 3162 4256 nocte,
3194 4209 3213 4242 ι
3242 4196 3305 4244 ut
3331 4189 3504 4244 sciant
3540 4186 3640 4242 ad-

2061 4284 2290 4341 versarii
2316 4300 2422 4340 non
2454 4283 2714 4354 temporis
2738 4282 3021 4338 victoriam
3049 4296 3169 4338 esse
3198 4281 3295 4337 sed
3321 4279 3554 4343 virium;
3584 4285 3643 4332 et

2063 4377 2386 4445 dissipemus
2432 4375 2621 4431 domos
2647 4375 2785 4446 ejus,
2837 4389 2956 4444 quae
2990 4371 3192 4430 frustra
3229 4385 3503 4429 murorum
3541 4367 3639 4423 lir-

2065 4468 2254 4524 mitate
2273 4467 2561 4521 vallantur.

273 4622 278 4630 ,
371 4559 534 4614 sitam
577 4557 753 4612 nullus
784 4558 1018 4628 ignorat.
1049 4557 1318 4614 Thecuam
1340 4577 1555 4632 quoque
1581 4559 1817 4619 viculum
1839 4581 1960 4621 esse

1982 4517 2039 4578 D

2145 4578 2163 4610 ι
2197 4557 2334 4624 Quia
2383 4559 2498 4612 haec
2542 4556 2675 4611 dicit
2718 4556 2978 4612 Dominus
3022 4555 3401 4611 exercituum:
3440 4551 3638 4608 Caedite

371 4652 426 4705 in
452 4657 634 4705 monte
668 4649 833 4706 situm
852 4690 866 4716 ,
890 4659 946 4705 et
973 4650 1257 4706 duodecim
1293 4653 1530 4710 millibus
1552 4656 1620 4711 ab
1647 4655 1959 4729 Hierosoly-

346 4812 348 4815 ι
374 4743 477 4798 mis
506 4752 835 4814 separatum,
870 4743 1109 4810 quotidie
1139 4743 1311 4798 oculis
1336 4746 1631 4801 cernimus.
1673 4746 1820 4801 Inter
1857 4764 1958 4804 nos

347 4901 350 4906 '
374 4833 512 4887 alius
527 4834 806 4901 vicusest,
827 4833 917 4902 qui
941 4834 1118 4903 lingua
1139 4832 1274 4904 Syra
1297 4843 1351 4888 et
1371 4835 1633 4891 Hebraica
1655 4849 1960 4900 NDTHD’:

373 4924 704 4989 nominatur,
736 4933 790 4978 et
820 4924 932 4993 ipse
952 4925 1005 4978 in
1034 4935 1216 4980 monte
1240 4927 1466 4996 positus.
1482 4928 1635 4995 Quod
1655 4944 1784 4999 ergo
1806 4931 1956 4998 dicit,

374 5014 478 5067 hoc
502 5020 606 5077 est,
634 5013 763 5082 quia
797 5012 866 5066 ab
897 5014 1146 5084 aquilone
1181 5016 1515 5087 jamjamque
1564 5029 1822 5076 venturus
1875 5031 1960 5078 est

347 5104 902 5186 Nabuchodonosor,
950 5117 1005 5160 et
1043 5109 1289 5164 imminet
1332 5110 1510 5165 vicina
1557 5113 1878 5181 captivitas,
1924 5131 1958 5170 o

378 5197 713 5254 habitatores
725 5197 1080 5266 Hierusalem,
1110 5217 1260 5256 arma
1280 5205 1559 5274 corripite,
1584 5215 1639 5260 et
1659 5207 1716 5261 in
1738 5207 1956 5263 Thecua

371 5287 601 5343 buccina
632 5297 971 5359 concrepate,
1003 5299 1057 5346 et
1085 5292 1140 5345 in
1168 5291 1508 5351 Bethacaren
1562 5296 1736 5354 levate
1783 5299 1958 5355 vexil-

373 5380 508 5446 lum,
540 5381 637 5442 ait.
667 5389 729 5436 ut
756 5393 942 5466 contra
972 5385 1158 5442 hostes
1185 5388 1412 5443 valeatis
1454 5391 1729 5447 resistere.
1765 5393 1960 5467 Benja-

371 5473 484 5527 min
545 5473 934 5545 interpretatur
981 5475 1122 5544 ﬁlius
1175 5477 1436 5547 dexterae;
1485 5481 1740 5553 Thecua,
1789 5487 1956 5554 tuba;

373 5562 712 5621 Bethacaren
735 5608 750 5634 ,
793 5567 918 5622 villa
960 5569 1145 5622 vineae.
1175 5569 1299 5625 Haec
1335 5573 1513 5628 omnia
1553 5574 1852 5635 referamus
1887 5580 1957 5634 ad

372 5655 695 5724 Ecclesiam,
728 5665 791 5712 ut
828 5657 874 5712 si
917 5655 1208 5726 deliquerit
1233 5668 1288 5713 et
1311 5666 1701 5731 persecutionis
1728 5669 1960 5739 impetus

374 5745 556 5811 fuerit,
591 5763 648 5804 se
677 5755 946 5816 praeparet
977 5747 1044 5802 ad
1069 5749 1447 5806 resistendum.

2051 4639 2091 4702 ἰ
2121 4650 2326 4721 lignum
2353 4651 2370 4722 (
2397 4651 2503 4704 sive
2538 4650 2712 4721 ligna)
2744 4650 2889 4720 ejus;
2922 4649 3178 4704 effundite
3219 4647 3361 4719 (sive
3397 4661 3641 4714 compor-

2053 4735 2092 4797 ’ί
2130 4743 2270 4815 tate)
2337 4744 2483 4798 circa
2536 4741 2835 4798 Jerusalem
2890 4757 3160 4815 aggerem.
3190 4758 3210 4793 ι
3265 4740 3507 4805 Idcirco,
3557 4740 3643 4792 in-

2048 4821 2280 4906 quiunt,
2327 4835 2394 4889 de
2427 4834 2651 4889 victoria
2683 4834 2860 4889 securi
2908 4849 3116 4898 sumus,
3161 4831 3286 4901 quia
3313 4838 3637 4902 praeceptum

2066 4927 2280 4982 Domini
2305 4936 2391 4982 est
2421 4927 2742 4997 imperantis
2771 4926 3037 4982 Chaldaeis
3061 4945 3074 4981 :
3107 4925 3275 4996 Ligna
3304 4925 3560 4980 succidite
3585 4932 3641 4978 et

2066 5020 2263 5076 futuris
2299 5021 2690 5076 munitionibus
2725 5035 2974 5092 aggerem
3011 5027 3365 5090 comportate.
3398 5015 3503 5073 Per
3522 5032 3642 5086 quae

2047 5104 2375 5168 ostenditur
2403 5121 2695 5182 antequam
2719 5112 2904 5166 veniat
2930 5126 3151 5179 corona,
3196 5125 3303 5164 non
3333 5109 3516 5165 statim
3549 5123 3641 5162 ur-

2067 5209 2188 5264 bem
2244 5225 2364 5266 esse
2421 5207 2776 5277 capiendam,
2833 5207 2927 5262 sed
2989 5205 3147 5277 longa
3205 5203 3525 5279 obsidione,
3580 5211 3643 5256 ut

2045 5291 2253 5373 postea
2279 5301 2524 5372 legimus.

2141 5415 2159 5446 ‹
2177 5393 2318 5466 ~Ilaec
2344 5402 2428 5450 est
2463 5393 2657 5449 civitas
2684 5391 3012 5447 visitationis
3041 5390 3176 5461 (sive
3208 5387 3489 5456 mendax),
3519 5400 3640 5440 om—

2071 5505 2088 5537 ‹
2124 5467 2210 5541 nis
2233 5483 2502 5540 calumnia
2540 5482 2657 5555 (vel
2694 5479 3005 5553 oppressio)
3033 5480 3087 5533 in
3115 5478 3291 5534 medio
3320 5478 3455 5545 ejus.
3489 5474 3642 5530 Sicut

2071 5597 2089 5629 ε
2121 5575 2372 5648 frigidam
2416 5576 2545 5631 facit
2580 5575 2816 5630 cisterna
2855 5573 2966 5646 (vel
3008 5571 3188 5646 lacus)
3223 5588 3413 5642 aquam
3462 5584 3637 5635 suam,

2071 5689 2087 5721 ι
2119 5669 2199 5723 sic
2229 5667 2482 5737 frigidam
2519 5665 2650 5721 fecit
2690 5665 2953 5721 malitiam
2989 5681 3163 5720 suam.
3193 5685 3212 5718 ι
3247 5662 3510 5734 Przecepit
3539 5662 3643 5717 Do-

2065 5762 2245 5815 minus
2273 5770 2332 5815 ut
2376 5761 2597 5814 arbores
2629 5759 2996 5824 succrdantur,
3036 5766 3090 5814 et
3131 5765 3191 5812 ut
3225 5757 3517 5812 fundantur
3541 5769 3643 5825 per
