4008 6340
399 369 502 426 849

1316 359 1680 419 EXPOSITIO
1717 360 1949 418 SUPER
1985 359 2350 418 JEBEMIAM.
2391 391 2460 402 —
2496 361 2628 418 LIB.
2669 363 2756 419 III.

3563 370 3668 427 850

399 485 684 544 circuitum
711 496 954 554 aggeres,
985 480 1113 550 quia
1143 486 1358 549 tempus
1387 476 1718 532 visitationis
1745 474 1860 546 ejus
1889 454 2062 542 τιὰ-Ἀ
2091 495 2109 528 ι
2140 476 2243 531 Per
2264 490 2480 532 omnem
2507 470 2764 532 dolorem
2792 486 2847 532 et
2871 476 3143 550 flagellum
3184 481 3469 548 erudieris,
3519 477 3670 539 Jeru-

397 577 626 644 venerit,
653 583 714 630 ut
735 573 963 644 recipiat
986 585 1085 642 pro
1110 569 1353 641 peccatis
1383 569 1512 632 suis,
1545 583 1777 638 quorum
1798 567 1974 622 maxi-

398 685 546 730 mum
568 676 652 725 est
687 666 997 740 συκοφαντία
1017 670 1079 718 ut
1110 662 1448 718 innocentem
1475 661 1746 731 opprimat
1768 675 1865 730 per
1886 675 1978 716 ca-

395 759 678 818 lumniam.
721 753 1003 825 Quomodo
1040 769 1171 826 ergo
1209 752 1466 818 cisterna,
1506 751 1590 806 vel
1615 751 1783 816 lacus,
1823 750 1977 823 frigi-

397 852 523 908 dam
577 849 706 905 facit
751 862 948 918 aquam
988 860 1165 910 suam,
1219 842 1299 898 sic
1345 843 1400 897 in
1452 841 1632 898 medio
1675 841 1976 898 Jerusalem

396 943 598 998 malitia
621 955 740 1010 qua:
769 939 822 994 in
847 954 908 993 ea
937 948 1022 992 est
1047 951 1264 991 omnem
1291 934 1530 990 calorem
1564 934 1800 1004 perdidit
1827 935 1973 990 vitae.

394 1035 461 1090 Et
489 1036 591 1089 hoc
631 1031 925 1087 notandum
953 1029 1099 1099 quod
1137 1036 1324 1083 sancto
1361 1027 1567 1098 Spiritu
1598 1028 1814 1084 accensi
1860 1027 1974 1082 fer-

393 1135 581 1182 ventes
601 1123 967 1197 appellentur;
1011 1121 1153 1177 mala
1191 1129 1373 1176 autem
1419 1119 1615 1191 frigida
1660 1120 1788 1176 sint.
1821 1119 1978 1177 Unde

393 1226 448 1274 et
484 1216 630 1271 illud:
650 1215 911 1286 scriptum
938 1223 1022 1269 est
1052 1227 1068 1267 :
1105 1232 1124 1264 ι
1153 1211 1308 1279 Quod
1335 1212 1390 1266 in
1415 1211 1724 1267 novissimis
1761 1211 1972 1279 diebus,

393 1309 608 1382 quando
664 1306 1019 1377 multiplicata
1078 1304 1243 1359 fuerit
1308 1304 1601 1374 iniquitas,
1661 1303 1978 1376 refrigescet

392 1399 629 1455 charitas
670 1397 968 1452 multorum
1009 1394 1028 1467 (
1060 1393 1249 1449 Matth.
1279 1409 1408 1448 xxiv
1437 1394 1478 1468 ).
1515 1415 1533 1448 ι
1572 1395 1726 1463 Quod
1762 1405 1894 1467 puto
1921 1405 1979 1452 et

393 1491 522 1546 illud
558 1503 756 1546 sonare
796 1505 809 1541 :
853 1507 872 1538 ι
899 1485 1239 1542 Assimilatus
1266 1501 1387 1541 sum
1422 1486 1873 1543 descendentibus
1918 1488 1976 1543 in

392 1585 568 1639 lacum
594 1581 779 1656 (Psal.
829 1579 1054 1652 xxvu)»
1096 1579 1210 1635 Hoc
1237 1588 1419 1634 autem
1441 1579 1667 1635 Latinus
1697 1579 1868 1635 lector
1891 1581 1975 1635 in-

396 1673 623 1742 telligat,
655 1681 715 1726 ut
757 1671 925 1727 semel
960 1671 1162 1726 dixisse
1202 1669 1448 1735 sufficiat,
1494 1669 1668 1724 lacum
1711 1685 1821 1727 non
1861 1679 1972 1726 sta-

392 1781 552 1835 gnum
606 1778 799 1819 sonare
853 1762 1004 1832 juxta
1053 1761 1302 1826 Grzccos,
1359 1761 1456 1818 sed
1505 1763 1800 1828 cisternam,
1853 1778 1976 1835 qua:

2081 569 2270 625 salem.
2304 589 2323 622 ι
2386 618 2404 637 ,
2936 619 2940 622 .

2158 683 2175 714 ι
2203 661 2329 719 Haec
2376 662 2509 719 dicit
2536 663 2796 720 Dominus
2836 665 3215 722 exercituum:
3249 667 3445 738 Usque
3477 669 3545 724 ad
3585 684 3670 725 ra-

2085 775 2104 809 ι
2137 769 2350 810 cemum
2393 754 2648 826 colligent
2687 756 2843 828 quasi
2883 757 2940 811 in
2972 758 3132 812 vinea
3173 757 3430 827 reliquias
3474 758 3661 816 Israel.

2085 864 2104 897 ‹
2139 843 2406 900 Converte
2426 860 2648 900 manum
2671 853 2820 900 tuam
2841 848 2996 917 quasi
3017 847 3375 901 vindemiator
3389 848 3456 902 ad
3473 847 3669 904 cartal-

2086 953 2105 988 ι
2139 936 2270 991 lum.
2302 956 2322 988 ι
2349 934 2702 1008 Septuaginta
2736 955 2750 993 :
2779 958 2797 990 ι
2825 937 2962 1005 Quia
2988 939 3103 994 haec
3124 938 3530 994 dicitDominus
3555 939 3664 994 vir-

2084 1047 2104 1080 ι
2132 1035 2309 1082 tutum
2328 1045 2343 1083 :
2371 1027 2684 1095 Racemate,
2701 1041 2976 1085 racemate
2992 1030 3148 1100 quasi
3168 1030 3221 1084 in
3236 1029 3394 1084 vinea
3409 1029 3668 1100 reliquias

2085 1138 2103 1171 ‹
2130 1118 2316 1175 Israel.
2346 1118 2698 1176 Revertimini
2719 1121 2878 1191 quasi
2905 1121 3268 1176 vindemiator
3299 1121 3353 1175 in
3379 1121 3666 1177 cartallum

2084 1227 2104 1261 ‹
2136 1225 2313 1264 suum.
2339 1229 2358 1262 ›
2382 1209 2488 1265 Alii
2531 1211 2588 1265 in
2619 1211 2816 1268 bonam
2842 1223 3072 1283 partem,
3111 1212 3202 1266 alii
3229 1213 3285 1267 iu
3315 1211 3513 1266 malam
3541 1214 3660 1268 haec

2079 1298 2222 1354 dicta
2250 1300 2568 1370 suscipiunt.
2603 1301 2662 1356 In
2688 1302 2884 1357 bonam
2913 1311 3122 1372 partem
3139 1318 3264 1358 cum
3300 1310 3514 1357 vastata
3542 1289 3660 1357 fue-

2077 1391 2152 1445 rit
2171 1389 2492 1459 Jerusalem,
2519 1394 2761 1464 reliquia:
2786 1395 2947 1451 salvae
2971 1397 3121 1450 fiant.
3150 1395 3209 1451 In
3241 1395 3437 1450 malam
3468 1397 3570 1463 sic,
3595 1413 3666 1452 ne

2076 1499 2218 1538 unus
2247 1484 2466 1553 quidem
2488 1501 2739 1542 racemus
2769 1496 2825 1541 et
2849 1503 3051 1557 parvus
3076 1489 3265 1542 botrus
3299 1496 3581 1543 remaneat
3609 1487 3667 1542 in

2076 1575 2258 1641 vinea,
2295 1577 2476 1631 omnia
2497 1577 2848 1648 eolligentur;
2893 1588 2948 1633 et
2978 1580 3338 1649 quodcunque
3368 1578 3664 1644 inveneris,

2076 1667 2254 1724 instar
2286 1667 2696 1724 vindemiatoris
2727 1670 2782 1724 in
2813 1670 3099 1725 cartallum
3134 1669 3388 1739 conjicito
3413 1689 3426 1725 :
3452 1678 3511 1725 ut
3531 1687 3668 1741 quo-

2077 1757 2240 1813 modo
2282 1756 2374 1812 ille
2427 1773 2673 1814 racemos
2731 1759 2800 1814 ad
2851 1760 3091 1816 torcular
3113 1800 3129 1826 ,
3185 1760 3264 1816 sic
3319 1769 3380 1816 tu
3426 1761 3669 1831 captivos

395 1846 643 1912 sermone
685 1856 823 1926 Syro
843 1863 898 1909 et
926 1854 1190 1911 Hebraico
1210 1864 1341 1916 mu
1377 1855 1695 1926 appellatur.
1739 1855 1798 1910 In
1834 1872 1974 1928 prte-
2001 1859 2050 1920 B
2075 1850 2362 1920 pertrahas
2391 1850 2446 1904 in
2467 1849 2816 1921 Babylonem.

395 1950 531 2004 senti
578 1957 756 2004 autem
794 1948 912 2003 loco
956 1963 1057 2018 pro
1107 1946 1246 2012 lacu,
1291 1962 1452 2017 quem
1495 1961 1685 2002 omnes
1726 1947 1975 2011 similiter

393 2037 804 2102 transtulerunt,
842 2038 894 2092 in
931 2036 1196 2092 Hebraico
1232 2047 1336 2095 ’ἾΊέ
1372 2036 1590 2092 dicitur.
1639 2036 1974 2110 (MAURUS.)

395 2131 468 2185 De
506 2130 610 2185 hoc
646 2129 765 2183 lacu
804 2127 860 2182 in
888 2143 1053 2183 onere
1095 2127 1385 2199 Babylonis
1414 2141 1510 2196 per
1541 2126 1738 2182 Isaiam
1775 2129 1844 2184 ad
1867 2127 1976 2183 Na-

391 2223 810 2278 buchodonosor
844 2218 1046 2275 dicitur
1074 2234 1090 2273 :
1131 2239 1150 2272 ι
1178 2219 1564 2275 Verumtamen
1603 2221 1673 2274 ad
1702 2218 1975 2275 infernum

391 2313 717 2378 detraheris,
768 2314 822 2368 in
868 2312 1195 2384 profundum
1241 2312 1345 2368 laci
1385 2311 1531 2385 (Isa.
1563 2311 1709 2385 xiv).
1735 2332 1754 2365 ι
1789 2313 1974 2371 Sancti

388 2421 595 2476 pennas
623 2406 826 2461 habent
867 2405 1080 2476 aquilas,
1112 2413 1166 2460 et
1189 2420 1395 2476 pennas
1421 2405 1682 2461 columbae
1707 2446 1724 2472 ,
1770 2414 1825 2460 et
1850 2422 1976 2476 pos-

390 2509 516 2556 sunt
545 2500 745 2565 dicere,
767 2498 999 2554 «Volabo
1027 2507 1082 2553 et
1102 2499 1494 2568 requiescam.»
1529 2499 1684 2568 lmpii
1709 2507 1889 2554 autem
1919 2507 1976 2554 et

389 2591 772 2663 Egyptiorum
816 2590 1020 2645 similes
1062 2589 1294 2645 demersi
1333 2597 1460 2644 sunt
1496 2589 1652 2659 quasi
1695 2589 1975 2658 plumbum

389 2685 443 2737 in
494 2683 648 2753 aquis
686 2681 1116 2746 vehementibus,
1159 2689 1214 2735 et
1261 2680 1496 2736 demersi
1537 2681 1592 2735 in
1647 2679 1974 2750 profundum

389 2777 528 2832 sicut
557 2775 712 2847 lapis.
747 2759 969 2831 Delacu
1003 2774 1328 2845 quandoque
1350 2772 1620 2843 profunda
1660 2773 1974 2846 signiﬁcan-

391 2875 480 2925 tur
501 2868 717 2924 inferni.
748 2868 840 2924 Illa
875 2878 1003 2924 sunt
1033 2869 1342 2924 testimonia
1370 2887 1383 2922 :
1420 2888 1438 2920 ι
1467 2868 1809 2924 Assimilatus
1851 2884 1970 2924 sum

391 2977 513 3017 cum
559 2964 1011 3019 descendentibus
1050 2963 1105 3018 in
1139 2962 1335 3030 lacum,
1377 2970 1433 3018 et
1465 2973 1884 3033 posueruntme
1915 2963 1971 3017 in

389 3063 509 3110 lacu
564 3056 860 3111 novissimo
913 3054 1096 3125 (Psal.
1128 3054 1321 3126 xxvu).
1360 3075 1378 3107 ι
1435 3054 1588 3111 Sicut
1635 3056 1780 3110 enim
1821 3053 1972 3111 lacus

389 3160 557 3214 aquas
587 3145 654 3200 ad
686 3162 744 3200 se
773 3144 1178 3213 descendentes,
1210 3145 1285 3200 ita
1315 3144 1556 3202 infernus
1597 3145 1810 3200 animas
1851 3160 1970 3200 sus-

2153 1963 2172 1996 ‹
2199 1943 2296 2000 Cui
2324 1943 2516 2014 loquar
2541 1952 2595 1998 et
2618 1960 2780 2014 quem
2809 1944 3049 2000 testabor
3073 1952 3134 1999 ut
3155 1944 3372 1999 audiat?
3417 1943 3558 1998 Ecce
3587 1943 3666 1997 in-

2082 2055 2102 2087 ‹
2137 2034 2471 2091 circumcisa:
2506 2050 2668 2090 aures
2713 2051 2902 2091 eorum
2943 2035 3079 2109 (sive
3105 2035 3336 2107 vestrae)
3378 2043 3434 2090 et
3480 2034 3669 2090 audire

2080 2146 2101 2179 ι
2137 2142 2244 2182 non
2271 2135 2517 2196 possunt.
2546 2127 2687 2182 Ecce
2710 2127 2936 2182 verbum
2981 2127 3196 2182 Domini
3243 2126 3448 2180 factum
3477 2133 3561 2181 est
3589 2124 3670 2179 eis

2084 2239 2104 2274 ι
2135 2205 2192 2276 in
2221 2221 2594 2292 opprobrium,
2617 2228 2671 2276 et
2697 2236 2806 2275 non
2831 2221 3131 2290 suscipient
3155 2219 3306 2275 illud.
3343 2238 3362 2270 ι
3394 2217 3513 2273 Νοιι
3538 2233 3667 2288 pos-

2077 2310 2206 2368 sunt
2250 2312 2454 2377 audire,
2511 2312 2636 2382 quia
2684 2327 2846 2366 aures
2896 2309 3291 2365 circumcidere
3337 2309 3662 2373 noluerunt;

2075 2421 2179 2462 nec
2221 2413 2402 2460 tamen
2447 2413 2606 2459 vacat
2654 2403 2917 2475 supplicio
2965 2399 3394 2472 impossibilitas,
3440 2414 3561 2470 qua!
3600 2400 3668 2455 de

2077 2505 2388 2568 contemptu
2413 2505 2468 2552 et
2496 2496 2815 2552 inﬁdelitate
2845 2491 3141 2549 descendit.
3178 2490 3236 2546 Si
3262 2491 3384 2562 quis
3412 2505 3543 2560 ergo
3570 2490 3667 2545 Dei

2075 2592 2242 2647 verba
2263 2607 2372 2646 non
2412 2590 2657 2660 suscipit,
2691 2605 2791 2644 nec
2819 2589 2982 2643 habet
3002 2593 3396 2658 praceptorum
3426 2581 3551 2652 ejus
3577 2583 3663 2638 in-

2077 2685 2461 2758 telligentiam,
2512 2675 2909 2739 incircumcisis
2962 2682 3184 2737 auribus
3233 2687 3338 2736 est.
3383 2678 3666 2749 Simulque

2076 2779 2374 2834 notandum
2407 2777 2550 2848 quod
2579 2775 2920 2832 circumcisio
2948 2775 3003 2828 in
3037 2773 3335 2845 Scripturis
3369 2771 3543 2827 tribus
3573 2786 3666 2842 ge-

2077 2871 2299 2926 neribus
2335 2869 2656 2941 appellatur,
2700 2868 2754 2922 in
2799 2867 3092 2938 praeputio,
3134 2867 3190 2920 in
3225 2865 3388 2921 corde
3422 2873 3476 2920 et
3517 2864 3665 2918 auri-

2075 2963 2196 3018 bus.
2246 2960 2396 3018 Unde
2442 2960 2704 3016 Dominus
2759 2959 2927 3014 dicit:
2959 2976 2978 3009 ‹
3004 2956 3108 3024 Qui
3151 2957 3314 3011 habet
3356 2968 3516 3009 aures
3568 2965 3664 3007 au-

2076 3052 2258 3108 diendi
2295 3053 2478 3108 audiat
2526 3049 2756 3123 (Matth.
2784 3049 2897 3122 XI).
2920 3068 2937 3100 ι
2977 3047 3268 3103 Voluntate
3306 3061 3435 3116 ergo
3477 3055 3664 3100 nostra

2076 3144 2302 3200 verbum
2329 3144 2425 3200 Dei
2469 3134 2579 3199 non
2613 3143 2957 3213 suscipimus,
3007 3149 3062 3196 et
3093 3139 3295 3195 idcirco
3335 3136 3396 3192 fit
3425 3129 3674 3192 nobisin

389 3235 537 3304 cipit.
565 3237 648 3291 Ad
686 3252 846 3306 quem
876 3237 1054 3292 lacum
1089 3237 1369 3293 descendit
1393 3237 1624 3293 Banaias
1645 3236 1696 3309 (I
1723 3235 1858 3294 Par.
1887 3237 1967 3309 χι)
1997 3220 2043 3284 C
2073 3237 2442 3308 opprobrium,
2486 3244 2546 3290 ut
2578 3237 2722 3305 quod
2756 3234 2941 3290 datum
2973 3232 3148 3286 fuerat
3174 3230 3240 3285 ad
3277 3228 3530 3292 salutem,
3567 3241 3662 3280 no—

388 3332 631 3397 tempore
661 3328 800 3382 nivis
834 3336 890 3381 et
916 3327 1155 3400 frigoris,
1183 3337 1239 3384 et
1267 3329 1525 3384 interficit
1552 3329 1608 3384 in
1643 3343 1709 3384 eo
1737 3328 1968 3385 leonem.

391 3414 544 3471 Unde
581 3424 638 3470 et
678 3417 916 3472 hzeretici
952 3418 1264 3488 relinquunt
1300 3419 1503 3475 fontem
1544 3435 1699 3490 aquae
1741 3421 1972 3478 viventis

390 3509 698 3572 Dominum.
722 3519 777 3564 et
802 3509 1012 3565 fodiunt
1039 3512 1139 3566 sibi
1168 3513 1317 3569 lacos
1341 3514 1626 3580 contritos,
1651 3515 1745 3584 qui
1774 3529 1972 3586 aquam

391 3615 498 3656 non
527 3600 741 3656 valeant
757 3603 1052 3659 continere.
1074 3604 1150 3660 De
1172 3605 1256 3660 his
1283 3606 1415 3662 lacis
1435 3615 1562 3662 sunt
1586 3607 1677 3676 qui
1700 3607 1972 3665 fervorem

390 3707 496 3748 non
525 3693 727 3748 habent
769 3691 1002 3764 Spiritus
1048 3698 1241 3762 sancti,
1287 3712 1388 3752 nec
1415 3701 1691 3769 prophetae
1723 3698 1972 3756 Jeremize

389 3785 594 3842 similes
644 3796 790 3852 sunt,
821 3789 912 3858 qui
933 3786 1087 3857 juxta
1127 3788 1482 3862 Septuaginta
1523 3791 1848 3862 interpretes
1892 3793 1972 3848 lo-

388 3878 654 3950 quebatur
681 3893 696 3934 :
733 3900 750 3931 ι
773 3880 956 3936 Inveni
984 3897 1178 3952 aquam
1211 3882 1437 3938 calidam
1468 3883 1523 3937 in
1551 3884 1799 3950 deserto;
1823 3904 1840 3935 ι
1875 3885 1969 3940 sed

389 3967 772 4039 refrigescente
816 3971 1080 4028 charitate
1113 3973 1348 4028 colorem
1374 3974 1545 4029 sancti
1584 3972 1820 4043 Spiritus
1847 3991 1971 4046 per-

389 4047 657 4114 diderunt.
681 4059 834 4115 Unde
855 4061 986 4116 dicit
1011 4079 1023 4116 :
1055 4082 1071 4113 ι
1095 4061 1244 4117 Sicut
1267 4063 1550 4135 refrigerat
1576 4064 1727 4119 lacus
1747 4080 1969 4135 aquam,

389 4150 467 4204 sic
519 4149 803 4222 refrigerat
849 4154 1051 4208 malitia
1106 4156 1368 4212 habentes
1423 4172 1500 4212 se.
1540 4177 1556 4207 ι
1593 4157 1696 4224 Qui
1757 4159 1968 4215 utinam

388 4241 536 4312 iuxta
574 4243 931 4316 Apocalypsin
961 4243 1184 4302 Joannis
1227 4246 1435 4320 (Apoc.
1479 4250 1577 4319 Ill)
1629 4269 1646 4300 ι
1674 4257 1766 4304 aut
1806 4251 1968 4307 calidi

389 4345 572 4393 essent
599 4347 692 4392 aut
712 4337 946 4410 frigidi,»
980 4340 1032 4394 id
1063 4341 1165 4406 est,
1188 4349 1280 4395 aut
1305 4343 1590 4413 crederent
1623 4353 1718 4398 aut
1743 4345 1967 4401 omnino

390 4448 495 4486 non
527 4431 827 4494 crederent,
873 4447 940 4487 ne
968 4448 1066 4502 per
1093 4442 1336 4502 teporem
1371 4443 1424 4491 et
1461 4436 1866 4492 simulationem
1897 4436 1965 4492 fl-

391 4521 476 4576 dci
503 4537 534 4575 a
562 4520 789 4576 Domino
824 4521 1196 4590 rejicercntur.

467 4631 486 4663 ι
513 4613 776 4682 lniquitas
813 4621 869 4668 et
896 4614 1119 4669 vastitas
1152 4616 1404 4671 audiatur
1431 4617 1487 4672 in
1522 4632 1619 4685 ea,
1665 4619 1851 4675 co‘ram
1877 4635 1965 4676 me
1993 4586 2048 4646 D

396 4723 413 4755 ‹
449 4705 662 4774 semper
687 4703 974 4759 infirmitas
993 4713 1048 4759 et
1066 4705 1245 4777 plaga.
1275 4707 1522 4774 Erudire,
1549 4707 1872 4777 Jerusalem,
1898 4726 1968 4766 ne

396 4813 414 4846 ι
444 4793 583 4849 forte
616 4794 835 4850 recedat
882 4795 1062 4850 anima
1093 4811 1211 4852 mea
1251 4812 1281 4851 a
1311 4806 1384 4864 te,
1416 4813 1486 4854 ne
1514 4797 1655 4854 forte
1680 4815 1878 4869 ponam
1914 4808 1970 4858 te

397 4905 414 4938 ι
449 4885 724 4941 desertam
772 4892 974 4941 terram
1018 4885 1443 4944 inhabitabilem.
1493 4909 1513 4942 ι
1561 4889 1963 4962 Septuaginta:

395 4994 417 5031 ι
448 4977 701 5054 Impietas
727 4986 782 5034 et
804 4977 1021 5033 miseria
1057 4977 1343 5034 audientur
1374 4981 1427 5036 in
1464 4996 1530 5036 ea
1555 4990 1741 5037 contra
1771 4982 1968 5040 faciem

394 5091 416 5127 ι
447 5071 593 5143 ejus;
616 5088 715 5144 per
727 5086 943 5128 omnem
960 5071 1200 5128 dolorem
1222 5082 1277 5129 et
1294 5073 1561 5146 flagellum
1582 5079 1867 5144 erudieris,
1885 5077 1972 5133 Je-

395 5181 418 5218 ‹
446 5165 698 5233 rusalem,
718 5180 785 5220 ne
804 5163 946 5222 forte
965 5167 1185 5221 recedat
1204 5168 1384 5222 anima
1405 5186 1522 5224 mea
1542 5187 1573 5223 a
1596 5178 1668 5235 te,
1689 5186 1756 5225 ne
1772 5170 1968 5226 faciam

399 5274 418 5308 ι
449 5265 501 5311 te
527 5257 724 5313 inviam
757 5266 991 5324 terram,
1023 5274 1142 5328 quae
1172 5276 1280 5316 non
1315 5261 1610 5316 habitetur.
1646 5281 1664 5313 ›
1698 5261 1968 5337 (Hier-on.)

391 5347 496 5403 Per
537 5349 650 5404 haec
694 5349 954 5407 discimus
992 5351 1136 5421 quod
1180 5351 1412 5423 flagellat
1449 5353 1710 5409 Dominus
1749 5370 1970 5421 omnem

393 5437 595 5505 filium,
645 5457 804 5511 quem
847 5444 1072 5511 recipit;
1121 5453 1176 5500 et
1209 5446 1412 5502 ideirco
1449 5447 1624 5518 plagis
1654 5456 1816 5518 atque
1865 5456 1972 5504 tor-

394 5531 590 5586 mentis
634 5532 878 5587 eruditur
925 5533 1255 5602 Jerusalem,
1292 5545 1353 5591 ut
1391 5538 1726 5610 corrigatur,
1774 5548 1964 5594 etnon

397 5623 614 5679 recedat
636 5623 815 5676 anima
840 5622 935 5678 Dei
962 5625 1030 5679 ab
1049 5639 1112 5680 ea
1141 5636 1197 5682 et
1224 5629 1498 5700 redigatur
1518 5629 1570 5683 in
1595 5631 1965 5686 solitudinem.

397 5716 454 5771 Si
491 5716 704 5786 quando
745 5715 908 5786 igitur
936 5718 1144 5774 crebris
1186 5722 1450 5792 angustiis
1494 5723 1855 5792 subjacemus,
1890 5739 1972 5779 re-

396 5809 683 5864 cordemur
707 5807 760 5863 in
800 5807 1224 5864 consolationem
1259 5812 1431 5868 nostri
1466 5813 1622 5870 istius
1657 5813 1915 5871 versiculi
1949 5829 1965 5870 :

2074 3328 2187 3387 ειτό
2213 3331 2346 3387 vitio
2371 3339 2616 3384 vertatur
2639 3329 2692 3383 in
2721 3341 2956 3398 poenam.

2151 3438 2169 3473 ‹
2203 3420 2412 3476 Idcirco
2463 3419 2645 3474 furore
2697 3417 2911 3473 Domini
2971 3417 3164 3486 plenus
3212 3429 3361 3478 sum,
3421 3411 3662 3468 laboravi

2081 3535 2100 3567 ι
2136 3517 2426 3572 sustinens.
2463 3533 2482 3564 ›
2517 3512 2868 3582 Septuaginta
2898 3527 2910 3564 :
2943 3530 2962 3561 ί
2991 3509 3058 3563 Ει
3086 3508 3326 3563 furorem
3352 3521 3534 3562 meum
3561 3505 3665 3560 im-

2079 3627 2098 3660 ‹
2137 3607 2276 3678 plevi
2307 3615 2361 3660 et
2405 3604 2659 3669 sustinui,
2686 3612 2740 3658 et
2767 3618 2874 3658 non
2921 3600 3230 3670 consumpsi
3275 3614 3420 3654 eum.
3452 3618 3470 3649 ›
3500 3598 3665 3653 Juxta

2073 3697 2401 3752 Hebraicum
2435 3709 2501 3750 ex
2542 3709 2773 3765 persona
2808 3693 3086 3763 prephette
3125 3689 3344 3755 dicitur,
3389 3689 3533 3759 quod
3568 3702 3663 3744 ve-

2073 3792 2312 3847 nientem
2343 3790 2480 3844 iram
2507 3787 2605 3843 Dei
2636 3796 2764 3842 ante
2789 3785 3114 3858 prospiciat,
3161 3793 3215 3840 et
3245 3784 3437 3854 plenus
3465 3781 3537 3837 sit
3574 3781 3665 3835 fu-

2072 3886 2215 3942 roris
2261 3885 2476 3940 Domini
2529 3894 2586 3940 et
2631 3883 2922 3938 iracundiae
2968 3890 3024 3937 et
3071 3881 3210 3937 ultra
3253 3879 3522 3937 sustinere
3555 3893 3665 3934 non

2071 3980 2268 4052 possit,
2306 3994 2407 4034 nec
2445 3993 2542 4048 pro
2578 3975 2958 4048 peccatoribus
2998 3975 3193 4030 audeat
3233 3972 3526 4028 Dominum
3572 3971 3667 4027 de-

2071 4073 2306 4146 precari.
2339 4071 2499 4126 Juxta
2536 4069 2887 4140 Septuaginta
2917 4077 3097 4122 autem
3138 4082 3312 4122 novus
3347 4079 3540 4120 sensus
3565 4078 3665 4134 po-

2073 4165 2237 4229 nitur,
2277 4162 2420 4234 quod
2460 4162 2575 4232 ipse
2615 4161 2867 4230 loquatur
2896 4158 3158 4214 Dominus
3191 4167 3249 4213 et
3284 4157 3467 4212 dicat:
3494 4155 3666 4212 Furo-

2071 4275 2184 4316 rem
2215 4274 2397 4314 meum
2423 4255 2687 4327 complevi
2717 4253 2960 4310 feriendo
2998 4251 3253 4323 populum
3291 4259 3660 4320 peccatorem,

2071 4359 2126 4407 et
2155 4361 2337 4406 tamen
2379 4345 2665 4405 retinuerit
2690 4346 2838 4401 illum
2867 4354 2923 4401 et
2955 4359 3064 4399 non
3095 4350 3268 4398 totum
3299 4339 3569 4405 effuderit,
3601 4346 3663 4394 ut

2072 4440 2314 4512 reliquiae
2359 4439 2522 4494 salva:
2561 4437 2712 4492 fiant.
2763 4434 2917 4502 Quod
2963 4434 3096 4489 mihi
3138 4432 3354 4508 videtur
3397 4431 3500 4487 sibi
3539 4445 3663 4488 esse

2071 4530 2406 4587 contrarium
2435 4546 2449 4582 :
2476 4528 2522 4583 si
2552 4527 2700 4582 enim
2735 4524 3025 4595 complevit
3051 4522 3292 4578 furorem
3318 4535 3494 4586 suum,
3527 4535 3663 4590 quo.

2074 4621 2234 4676 modo
2256 4619 2515 4675 sustinuit
2536 4631 2606 4672 ne
2635 4616 2966 4685 compleret?

2150 4734 2169 4766 ι
2207 4713 2433 4767 EfI'unde
2484 4712 2622 4782 (sive
2641 4708 2859 4782 effudit)
2906 4722 3066 4779 super
3101 4707 3386 4779 parvulum
3420 4703 3663 4760 furorem

2081 4826 2100 4859 ι
2132 4803 2364 4879 [foris],
2406 4812 2462 4860 et
2507 4817 2669 4873 super
2710 4801 2999 4858 concilium
3034 4801 3294 4872 juvenum
3344 4797 3522 4854 simul.
3564 4797 3662 4854 Vir

2082 4917 2102 4951 ι
2130 4897 2273 4954 enim
2302 4911 2427 4953 cum
2461 4894 2687 4951 muliere
2713 4894 2981 4964 capietur,
3011 4905 3177 4947 senex
3208 4905 3334 4945 cum
3358 4889 3518 4959 pleno
3547 4889 3660 4945 die-

2079 5010 2098 5043 ι
2133 5006 2272 5045 rum.
2309 4989 2376 5043 Et
2399 4987 2706 5043 transibunt
2733 4988 2921 5042 domos
2964 4999 3152 5039 eorum
3181 4983 3250 5038 ad
3281 4981 3496 5049 alteros,
3542 4982 3660 5054 agri

2079 5101 2098 5132 ‹
2126 5089 2181 5136 et
2210 5093 2407 5134 uxores
2443 5077 2667 5147 pariter.
2689 5097 2708 5128 ι
2739 5076 2834 5133 Vel
2871 5075 3133 5147 propheta
3168 5074 3411 5146 praecipit
3453 5073 3508 5128 in
3549 5073 3662 5145 spi-

2075 5176 2183 5230 ritu
2212 5172 2447 5228 venienti
2483 5170 2758 5236 Chaldaeo,
2805 5179 2864 5224 ut
2891 5169 3132 5225 effundat
3163 5169 3400 5223 furorem
3443 5165 3658 5223 Domini

2077 5281 2240 5338 super
2260 5263 2530 5336 parvulos,
2567 5273 2621 5317 et
2650 5262 2882 5317 innoxim
2902 5276 3114 5331 quoque
3148 5277 3253 5315 non
3279 5268 3467 5330 parcat
3487 5259 3655 5325 aetati,

2075 5357 2161 5413 vel
2185 5364 2333 5411 certe
2373 5362 2559 5408 narrat
2584 5353 2712 5423 quid
2743 5351 2945 5406 factum
2972 5350 3041 5407 sit
3067 5365 3229 5420 super
3257 5351 3546 5406 concilium
3569 5350 3659 5422 ju-

2074 5463 2270 5504 venum
2302 5445 2484 5511 simul,
2528 5445 2620 5514 qui
2651 5445 2718 5499 ad
2759 5442 3162 5514 repugnandum
3194 5455 3344 5496 arma
3382 5443 3659 5512 corripue-

2074 5547 2217 5594 rant.
2250 5535 2347 5591 Vir
2389 5536 2534 5591 enim
2561 5551 2682 5591 cum
2718 5549 2888 5590 uxore
2931 5535 3194 5604 capietur,
3233 5533 3546 5588 dulcissima
3575 5533 3658 5587 in-

2073 5637 2158 5684 ter
2185 5643 2242 5682 se
2265 5628 2484 5682 nomina
2534 5627 2738 5696 pariter
2776 5626 3009 5682 sentient
3047 5624 3418 5695 captivitatem
3446 5639 3462 5678 :
3488 5639 3655 5680 senex

2073 5736 2195 5776 cum
2224 5719 2382 5790 pleno
2426 5719 2656 5773 dierum.
2699 5718 2840 5790 Ergo
2876 5725 3126 5774 senectus
3162 5733 3270 5771 non
3299 5725 3384 5770 est
3410 5723 3542 5769 actas
3574 5716 3657 5770 ul-

2071 5813 2222 5880 tima,
2247 5811 2342 5868 sed
2379 5825 2569 5868 eorum
2593 5811 2685 5883 qui
2709 5820 2836 5868 sunt
2862 5811 3007 5882 pleni
3036 5810 3267 5877 dierum,
3297 5823 3437 5878 quos
3465 5816 3655 5865 nostro
