4008 6340
317 333 414 391 851

970 321 1034 380 Β.
1073 320 1328 380 RABANI
1367 317 1586 388 MAUR]
1621 314 1944 374 ARCHIEP.
1987 309 2300 376 MOGUNT.
2339 309 2626 382 OPEBUM
2662 307 2844 402 PARS
2880 306 2970 365 Ill.
3046 305 3056 314 ’

2581 200 2633 218 ..ρ

3504 307 3642 370 852

315 461 566 505 sermone
619 441 956 516 appellamus
1003 439 1266 512 depositas
1315 437 1434 496 sive
1467 435 1774 508 decrepitos.
1811 433 1907 492 ὃθ-
1934 436 1990 498 Α
2013 437 2161 504 tanta
2193 427 2458 497 facerent,
2499 441 2763 502 prospera
2801 438 3031 500 quaeque
3072 438 3197 492 meo
3234 424 3434 499 populo
3465 441 3634 485 nun-

317 539 502 612 quitur
534 557 546 591 :
585 556 604 587 ι
641 535 709 590 Et
743 531 1056 590 transibunt
1093 531 1283 586 domos
1308 542 1498 584 eorum
1525 527 1592 582 ad
1618 525 1852 612 alteros,
1885 543 1904 582 t

320 607 651 702 captivitatis
701 625 872 692 malo,
928 643 946 676 ι
974 623 1090 696 agri
1127 630 1183 679 et
1227 635 1426 678 uxores
1475 607 1678 686 simul;
1716 639 1735 671 ι
1770 625 1832 674 ut
1860 626 1916 673 et

311 722 517 794 coujux
563 722 632 776 ad
676 721 866 776 hostes
911 725 1154 774 transeat
1191 724 1252 774 et
1300 714 1596 788 possessio.
1643 712 1912 784 Quidquid

309 815 469 887 juxta
518 814 758 870 litteram
809 811 1157 881 intelligimus
1192 823 1354 880 super
1398 806 1722 872 Jerusalem,
1759 805 1916 877 juxta

317 904 734 978 intelligentiam
780 901 1082 970 spiritalem
1133 899 1433 956 referamus
1479 899 1550 956 ad
1591 897 1912 964 Ecclesium,

319 999 368 1058 si
394 997 679 1056 odenderit
703 995 892 1052 Deum.

398 1111 418 1143 ι
450 1090 590 1159 Quia
617 1087 907 1146 extendam
941 1100 1163 1142 manum
1193 1099 1370 1142 meam
1405 1097 1569 1156 super
1605 1081 1916 1142 habitantes

327 1201 347 1234 ι
384 1190 608 1244 terram,
647 1178 779 1234 dicit
803 1176 1085 1234 Dominus.
1110 1175 1156 1233 Α
1178 1175 1389 1230 minore
1417 1173 1620 1248 quippe
1645 1187 1820 1246 usque
1847 1171 1914 1228 ad

328 1290 348 1323 ι
379 1271 638 1343 majorem
679 1283 868 1325 onmes
914 1266 1157 1322 avaritiae
1199 1265 1438 1331 student,
1489 1273 1547 1320 et
1581 1279 1616 1342 la
1653 1263 1916 1334 propheta

329 1382 348 1416 ε
386 1379 558 1433 usque
585 1362 652 1418 ad
677 1361 1013 1418 sacerdotem
1039 1358 1226 1414 cuncti
1257 1357 1462 1414 faciunt
1489 1356 1688 1412 dolum.
1723 1355 1792 1410 Et
1817 1370 1913 1411 cu-

329 1478 348 1509 r
381 1456 578 1512 rabant
612 1455 994 1512 contritionem
1031 1452 1155 1507 filiae
1176 1450 1360 1522 pepuli
1389 1449 1497 1508 mei
1527 1464 1651 1507 cum
1687 1445 1916 1520 ignomi-

327 1569 350 1600 ι
379 1551 488 1614 nia,
525 1549 769 1605 dicentes
800 1567 813 1602 :
841 1547 978 1613 Pax,
1008 1562 1139 1617 pax,
1170 1554 1227 1601 et
1263 1559 1371 1600 non
1401 1552 1521 1600 erat
1549 1558 1674 1614 pax.
1704 1562 1724 1594 ι
1763 1540 1940 1609 Quod.

321 1641 380 1700 in
408 1643 676 1700 Hebraico
699 1643 918 1709 dicitur,
949 1661 966 1693 ι
987 1639 1286 1696 Extendam
1309 1654 1529 1694 manum
1555 1652 1732 1694 meam
1755 1651 1917 1707 super

320 1746 640 1808 peccatores
671 1737 810 1808 (sive
839 1733 1204 1806 habitatores)
1235 1741 1413 1796 terra),
1449 1751 1466 1784 ι
1498 1731 1642 1800 apud
1687 1729 1916 1800 Septua-

2015 525 2252 592 tiahant;
2285 531 2342 580 et
2381 523 2538 596 quasi
2564 535 2758 578 curare
2796 517 3086 592 cupiebant
3121 518 3316 575 vulnus
3362 522 3418 575 et
3455 519 3643 594 igno-I

2013 619 2240 680 miniam
2278 618 2403 676 tilia:
2447 631 2614 684 mete,
2647 613 2934 674 dicentes:
2970 613 3120 686 Pax,
3169 627 3452 689 paxpcum
3495 631 3633 672 om-

2013 713 2144 786 nino
2171 726 2278 767 non
2316 719 2463 768 esset
2488 725 2615 782 pax.
2648 707 2763 766 Hoc
2786 694 3007 783 proprie
3051 705 3118 766 de
3150 693 3532 766 sacerdotibus
3559 703 3634 766 et

2015 805 2330 862 doctoribus
2364 803 2798 875 intelligendum,
2844 802 2936 872 qui
2977 802 3237 860 divitibus
3282 810 3339 858 et
3365 803 3446 860 eis
3473 819 3626 875 quos

2014 899 2199 958 vident
2229 898 2284 956 in
2313 898 2520 954 honore
2545 896 2786 952 maxime
2830 895 3176 962 constitutos,
3229 897 3628 970 repromittunt

2013 1003 2277 1060 prospera
2304 996 2361 1046 et
2378 986 2702 1046 clementem
2737 987 3032 1058 prmdicant
3061 986 3256 1054 Deum.
3288 987 3463 1060 magis
3491 989 3626 1051 illos

2016 1084 2279 1158 supplicio
2308 1091 2364 1140 et
2388 1081 2686 1140 iracundia:
2711 1089 3102 1154 praeparantes.

2091 1199 2110 1232 ι
2137 1177 2360 1236 Confusi
2415 1185 2548 1246 sunt
2571 1217 2586 1248 ,
2641 1175 2768 1248 quia
2821 1174 3286 1236 abominationem
3343 1168 3620 1233 fecerunt.

2023 1291 2041 1324 ι
2072 1271 2224 1340 Quin.
2245 1270 2428 1342 potius
2457 1267 2776 1326 confusione
2821 1283 2931 1324 non
2957 1273 3088 1327 sunt
3132 1260 3366 1334 contusi,
3409 1275 3464 1326 et
3487 1283 3622 1326 cru-

2022 1383 2044 1440 t
2073 1363 2296 1420 béscere
2348 1361 2680 1418 nescierunt.
2717 1380 2738 1416 ι
2773 1359 3022 1419 Pressius
3057 1359 3162 1418 hoc
3204 1344 3492 1441 legendum
3530 1363 3620 1415 est

2010 1455 2166 1527 juxta
2197 1455 2570 1513 Hebraicum:
2602 1474 2620 1504 ι
2659 1455 2724 1511 Et
2755 1469 2904 1520 cum,
2939 1453 3134 1524 inquit,
3183 1461 3336 1528 tanta
3365 1451 3616 1519 fecerint,

2015 1549 2261 1620 nunquid
2287 1547 2496 1605 contusi
2527 1547 2696 1604 sunt?
2715 1547 2958 1618 nunquid
2994 1547 3334 1606 erubuerunt
3358 1547 3412 1602 in
3441 1547 3618 1604 scele-

2019 1643 2170 1703 ribus
2197 1641 2344 1700 suis?
2371 1641 2502 1713 quin
2531 1641 2714 1712 potius
2739 1649 3025 1712 peccatum
3050 1648 3616 1713 auxerecentemptu,

2019 1747 2076 1796 et
2117 1739 2444 1796 erubescere
2485 1735 2838 1792 nescierunt?
2871 1754 2890 1786 ι
2937 1733 3256 1792 Νεεείθηιηι
3307 1742 3490 1792 autem
3526 1733 3622 1792 hic

321 1829 473 1902 ginta
503 1843 720 1898 semper
757 1826 965 1881 elevabo
1005 1826 1285 1890 scribitur,
1333 1824 1435 1892 Qui
1462 1833 1690 1894 uterque
1725 1839 1918 1895 percu-
1941 1816 1994 1878 B
2017 1829 2198 1902 posuit
2223 1843 2324 1900 pro
2347 1827 2658 1891 noluerunt,
2689 1827 2808 1885 sive
2832 1825 3004 1884 nimio
3047 1833 3362 1898 contemptu
3399 1833 3460 1886 et
3479 1824 3620 1882 vitio

321 1920 509 1976 tientis
550 1929 636 1976 est
689 1919 929 1984 habitus,
969 1917 1126 1989 juxta
1169 1917 1301 1974 illud
1339 1918 1484 1988 quod
1527 1917 1808 1988 scriptum.
1837 1925 1920 1976 est

324 2009 471 2084 (ha.
513 2011 578 2084 v)
615 2030 628 2067 τ
667 2032 684 2064 ι
713 2011 782 2068 Et
827 2011 1007 2068 adhuc
1051 2027 1244 2068 manus
1281 2011 1496 2068 Domini
1535 2019 1754 2068 extenta
1784 2011 1920 2083 (sive

321 2103 598 2175 excelsa).
636 2125 655 2157 ι
686 2104 1034 2162 Habitatores
1075 2113 1254 2159 autem
1303 2113 1464 2160 terra:
1508 2118 1724 2174 semper
1757 2103 1813 2158 in
1839 2103 1920 2160 vi-

323 2195 404 2250 tio
437 2203 582 2252 sunt.
621 2194 774 2251 Unde
796 2203 852 2252 et
876 2195 931 2250 in
961 2193 1284 2266 Apocalypsi
1311 2193 1649 2266 frequentius
1673 2193 1874 2250 dicitur
1901 2211 1915 2247 :

335 2306 354 2339 σ
383 2285 480 2343 Vae
522 2288 921 2346 habitatoribus
971 2297 1130 2345 terra
1159 2287 1356 2361 (Apoc.
1389 2287 1542 2359 vm).
1573 2307 1592 2338 ι
1618 2285 1665 2342 Α
1694 2287 1922 2344 minimo

323 2395 500 2451 usque
527 2381 596 2436 ad
641 2383 901 2453 majorem
941 2396 1134 2440 omnes
1169 2381 1417 2438 avaritiae
1445 2381 1698 2449 student,
1729 2396 1923 2439 secun-

325 2471 454 2526 dum
487 2473 615 2530 illud
645 2473 1004 2544 apostolicum
1037 2493 1050 2530 :
1091 2493 1110 2526 ι
1144 2473 1319 2529 Radix
1359 2474 1604 2530 omnium
1653 2474 1920 2532 malorum

323 2565 554 2622 avaritia
584 2565 648 2640 (I
678 2567 815 2622 Tim.
849 2567 958 2629 v1).
996 2587 1016 2622 ι
1045 2567 1114 2624 Et
1153 2583 1183 2624 a
1214 2567 1480 2639 propheta
1521 2583 1696 2639 usque
1731 2567 1800 2624 ad
1834 2583 1923 2624 sa-

325 2658 608 2715 cerdotem
645 2661 826 2717 cuncti
858 2661 1064 2718 faciunt
1097 2661 1298 2717 dolum.
1331 2661 1435 2717 Alii
1463 2661 1516 2717 in
1547 2660 1917 2734 prophetando

324 2751 695 2819 mendacium,
723 2753 814 2808 alii
846 2768 1103 2824 perverse
1146 2755 1556 2826 interpretando
1583 2753 1756 2822 legem
1792 2740 1913 2810 Dei.

325 2840 471 2900 Dicit
505 2845 650 2900 enim
681 2853 736 2902 et
770 2847 823 2901 in
864 2847 971 2903 alio
1017 2846 1136 2903 loco
1176 2847 1439 2918 propheta
1470 2863 1484 2900 :
1516 2865 1536 2898 ι
1573 2845 1810 2914 Quaerite
1845 2845 1915 2902 le-

2020 1920 2198 1978 inoliti
2216 1919 2348 1976 mali
2368 1930 2439 1976 ne
2471 1915 2774 1990 intelligere
2801 1917 3023 1990 quidem
3047 1925 3363 1992 potuerunt.

2096 2033 2118 2070 ι
2153 2013 2518 2082 Quamobrem
2557 2013 2755 2068 cadent
2800 2012 2944 2070 inter
2991 2018 3239 2080 ruentes,
3286 2011 3344 2068 in
3375 2021 3626 2083 tempore

2027 2125 2046 2158 ι
2079 2103 2411 2162 visitationis
2447 2118 2562 2162 aute
2599 2111 2894 2166 corruerit,
2932 2101 3067 2160 dicit
3103 2101 3387 2175 Dominus.
3419 2122 3440 2156 ι
3473 2102 3626 2170 Quo-

2021 2198 2190 2264 niam,
2245 2197 2352 2264 ait,
2407 2195 2730 2254 erubescere
2783 2194 3132 2260 nescierunt,
3184 2202 3240 2252 et
3295 2209 3404 2254 non
3443 2194 3626 2252 solum

2021 2305 2182 2362 opus,
2213 2289 2309 2346 sed
2357 2303 2424 2346 ne
2467 2287 2752 2347 scientiam
2782 2287 3004 2357 quidem
3044 2287 3286 2346 habuere
3309 2294 3366 2344 et
3393 2300 3626 2344 sensum

2019 2381 2358 2454 poenitentiae
2383 2394 2398 2436 :
2421 2388 2710 2452 propterea
2746 2378 2942 2438 cadent
2967 2377 3060 2450 qui
3099 2378 3254 2451 prius
3285 2377 3506 2437 stabant
3530 2378 3624 2434 iu-

2022 2486 2102 2534 ter
2125 2490 2242 2542 eos,
2269 2475 2364 2547 qui
2393 2474 2541 2534 vitiis
2576 2473 2690 2530 suis
2727 2481 3006 2538 cet-ruent,
3047 2481 3104 2530 et
3131 2486 3256 2530 cum
3291 2471 3626 2528 visitationis

2019 2577 2076 2627 et
2101 2583 2278 2640 putus;
2299 2581 2488 2626 eorum
2509 2575 2722 2636 tempus
2749 2564 3055 2630 advenerit,
3083 2556 3300 2620 cunctis
3330 2562 3622 2620 ruentibus

2023 2659 2397 2717 sooiabuntur.
2451 2655 2692 2714 Grandis
2739 2667 2920 2714 autem
2979 2655 3231 2726 impietas
3279 2669 3394 2716 non
3443 2645 3627 2712 solum

2024 2766 2134 2808 non
2183 2764 2400 2815 cavere,
2447 2747 2544 2806 sed
2590 2763 2694 2806 nec
2731 2746 3036 2819 intelligere
3083 2744 3222 2804 velle
3267 2753 3511 2816 peccata.
3565 2738 3628 2798 el

2023 2845 2232 2902 nullam
2288 2843 2498 2902 habere
2553 2827 2872 2902 distantiam
2920 2841 3192 2899 honorum
3241 2837 3628 2906 malorumque

327 2944 450 3006 gae
486 2950 518 2991 a
545 2937 922 2996 sacerdotibus
963 2939 1118 3011 (λεν.
1160 2937 1347 3012 xvm).
1385 2956 1406 2992 ι
1437 2937 1684 3007 Etcum,
1723 2938 1920 3009 inquit,
1949 2931 1996 2996 C
2026 2951 2274 3012 cperam.

327 3107 3602 3144 ΜΗ

1515 3245 1814 3332 LIBER
1889 3239 2398 3350 QUARTUS.

1721 3424 2227 3454 ..ιδιά-...κιαι-

401 3533 594 3595 Sciens
621 3528 888 3612 propheta
913 3535 1204 3594 Dominum
1226 3535 1434 3608 justum
1460 3545 1582 3596 Esse
1612 3547 1776 3614 atque
1806 3537 1916 3597 cle-

325 3640 586 3706 mentem,
634 3645 787 3686 more
813 3646 912 3686 suo
941 3635 1110 3686 terret
1138 3638 1460 3700 peccantes,
1493 3631 1752 3703 supplicia
1787 3639 1918 3687 vett-

327 3733 450 3779 tura
489 3721 570 3780 eis
595 3721 958 3796 praedicendo,
1007 3737 1106 3778 nec
1134 3729 1313 3776 tamen
1346 3731 1522 3778 cessat
1560 3713 1628 3778 ad
1657 3725 1918 3795 poeniten-

327 3816 460 3871 tiam
491 3821 546 3872 et
577 3811 644 3874 ad
675 3814 1106 3870 meliorationem
1134 3816 1256 3871 vitae
1286 3831 1380 3873 eos
1406 3833 1724 3886 provocare.
1766 3813 1918 3875 Unde

325 3915 616 3980 postquam
655 3913 886 3964 testatus
923 3913 1008 3963 est
1043 3915 1267 3980 propter
1305 3903 1716 3968 incircumcisas
1760 3928 1920 3970 aures

323 4001 674 4068 Iudaeorum,
721 4005 776 4058 ct
802 4002 1058 4058 duritiam
1113 3994 1294 4060 cordis
1343 4019 1556 4072 eorum,
1610 4021 1669 4062 se
1702 4007 1919 4078 plenum

326 4095 511 4152 furore
539 4093 753 4152 Domini
796 4095 1064 4163 laborare,
1114 4112 1179 4152 eo
1217 4099 1362 4168 quod
1407 4099 1460 4153 in
1497 4099 1690 4172 spiritu
1711 4100 1920 4156 videret

325 4189 529 4261 grande
580 4187 901 4259 supplicium
965 4182 1340 4259 peccatoribus
1393 4191 1707 4259 imminere,
1769 4203 1914 4250 nunc

324 4280 523 4335 iterum
552 4279 741 4334 incitat
779 4294 872 4334 eos
901 4279 968 4332 ad
995 4280 1402 4336 meditationem
1433 4280 1568 4352 legis
1608 4283 1725 4348 Dei,
1759 4292 1814 4338 ct
1847 4281 1915 4340 ad

327 4369 631 4425 custodiam
660 4369 1036 4427 mandatorum
1067 4371 1229 4438 illius,
1257 4379 1318 4426 ut
1357 4371 1409 4426 in
1444 4371 1528 4427 via
1558 4373 1698 4428 bona
1729 4373 1916 4434 ambu-

327 4461 522 4526 lantes,
551 4459 832 4516 inveniant
858 4459 1202 4536 refrigerium
1232 4464 1518 4526 animabus
1539 4481 1750 4524 eorum.
1809 4527 1816 4532 _
1863 4477 1876 4488 ‘

407 4571 425 4602 ι
472 4545 618 4619 Haec,
645 4551 838 4624 inquit,
867 4548 996 4608 dicit
1020 4553 1282 4611 Dominus
1311 4575 1322 4610 :
1351 4551 1506 4614 State
1537 4573 1702 4634 super
1720 4559 1838 4617 vias
1865 4569 1921 4616 ct

336 4661 355 4694 ι
397 4643 593 4712 videte,
621 4655 677 4700 et.
704 4645 1034 4718 interrogate
1061 4640 1128 4700 de
1163 4645 1372 4704 semitis
1401 4648 1670 4720 antiquis,
1703 4667 1821 4723 qua:
1850 4641 1922 4709 sit

300 4752 354 4798 ,ι
397 4735 480 4792 via
505 4737 666 4804 bona,
692 4745 748 4792 et
770 4736 1042 4797 ambulate
1079 4737 1133 4792 in
1165 4755 1228 4793 ea
1249 4781 1264 4804 ,
1286 4743 1340 4794 et
1373 4739 1664 4797 invenietis
1697 4745 1921 4820 refrige-

334 4847 352 4877 I
399 4829 538 4884 rium
590 4821 716 4899 (sive
765 4829 1225 4904 puriﬁcationem)
1270 4833 1556 4889 animabus
1603 4837 1822 4891 vestris.
1854 4835 1922 4891 Et

335 4937 354 4969 ι
401 4921 654 4976 dixerunt
679 4940 692 4976 :
724 4921 840 4977 Non
871 4921 1270 4980 ambulahimus
1295 4923 1420 4992 (sive
1451 4939 1556 4978 non
1585 4925 1828 4996 ibimus).
1855 4923 1921 4980 Et

334 5029 354 5062 ε
401 5013 656 5067 constitui
704 5029 867 5084 super
911 5031 1007 5072 vos
1048 5014 1442 5086 speculatores,
1503 5017 1684 5072 audite
1734 5032 1918 5072 vocem

335 5118 356 5152 ι
400 5102 562 5155 tubae.
594 5101 664 5156 Et
709 5103 1004 5158 dixerunt:
1047 5103 1162 5159 Non
1213 5103 1518 5161 audiemus.
1567 5106 1692 5160 Ideo
1739 5109 1920 5162 audite

335 5208 354 5242 ι
401 5190 526 5262 (sive
546 5192 857 5265 audierunt)
893 5205 1110 5268 gentes,
1142 5203 1198 5255 et
1226 5195 1537 5269 cognoscite
1571 5201 1918 5270 congregatio

336 5303 355 5336 ι
405 5285 546 5357 (sive
576 5288 669 5357 qui
702 5288 928 5359 pascitis
969 5291 1191 5364 greges)
1221 5300 1423 5363 quanta
1453 5307 1554 5364 ego
1588 5291 1783 5348 faciam
1815 5295 1914 5350 eis.

337 5397 356 5427 ι
405 5379 546 5450 (Aut
568 5379 722 5450 juxta
756 5381 1170 5452 Symmachum,
1201 5406 1219 5438 ι
1248 5394 1305 5440 et
1329 5387 1643 5456 cognoscite
1673 5387 1918 5444 testimo-

333 5488 357 5522 ε
403 5471 551 5560 nium
565 5473 707 5542 quod
726 5476 777 5528 in
791 5475 870 5529 eis
883 5483 983 5530 est.
1001 5476 1046 5548 ι)
1061 5476 1221 5544 Audi,
1245 5487 1410 5534 terra.
1432 5474 1703 5554 (Ηῑρνοη.)
1717 5479 1919 5538 tEvan-

331 5563 500 5635 gelica
520 5565 774 5635 parabola
801 5565 1014 5639 (Matth.
1032 5569 1177 5642 xm),
1192 5571 1236 5626 si
1262 5571 1422 5628 fuerit
1446 5574 1744 5642 intellecta,
1761 5576 1918 5646 hujus

333 5658 434 5714 loci
459 5660 722 5730 praebebit
743 5660 1157 5736 intelligentiam
1179 5679 1193 5717 :
1218 5664 1270 5719 itt
1295 5681 1400 5735 qua
1422 5667 1726 5740 negotiator
1743 5670 1918 5726 bonus

331 5766 520 5812 Omnes
546 5753 782 5812 vendere
807 5755 1008 5812 dicitur
1037 5755 1365 5830 margaritas
1419 5766 1480 5814 ut
1505 5759 1572 5816 de
1605 5760 1782 5836 pretio
1820 5775 1915 5820 ea-

2022 3553 2142 3601 rum
2173 3551 2335 3602 un'am
2364 3545 2512 3594 emat
2544 3528 3000 3610 pretiosissimam
3041 3529 3420 3604 margaritam.
3464 3523 3631 3600 Quod

2027 3641 2234 3698 scilicet
2259 3655 2360 3712 per
2387 3624 2731 3709 patriarchas
2775 3639 2831 3688 et
2871 3633 3166 3704 prophetas
3210 3631 3498 3688 veniamus
3549 3633 3620 3688 ad

2026 3751 2149 3791 eum
2197 3731 2288 3807 qui
2331 3731 2499 3788 dicit:
2539 3747 2558 3780 ‹
2595 3728 2706 3799 Ego
2739 3739 2857 3782 sum
2903 3725 2987 3779 via
3019 3723 3202 3799 (Joan.
3237 3725 3372 3796 xw).
3406 3745 3424 3778 ο
3457 3719 3624 3782 Stan-

2027 3817 2154 3884 dum
2191 3832 2274 3882 est
2309 3825 2472 3898 igitur
2518 3823 2571 3885 in
2610 3819 2891 3894 prophetis
2936 3821 2992 3876 et
3029 3817 3447 3890 diligentissime
3492 3835 3617 3878 con-

2030 3917 2393 3990 templandum
2435 3925 2492 3974 et
2531 3911 2979 3984 interrogandum
3021 3911 3090 3966 de
3130 3910 3339 3967 semitis
3379 3907 3621 3982 antiquis

2028 4014 2140 4068 sive
2191 4008 2579 4083 sempiternis,
2621 4023 2742 4080 quae
2791 4003 3085 4064 multorum
3126 4009 3442 4064 sanctorum
3491 4014 3622 4061 sunt

2029 4104 2172 4159 tritae
2201 4103 2465 4175 vestigiis,
2489 4115 2613 4172 qum
2647 4097 3042 4172 significantius
3065 4096 3250 4156 Graece
3278 4085 3620 4170 appellantur

2024 4196 2212 4278 τρίϐοι,
2237 4212 2358 4268 quae
2383 4196 2454 4252 sit
2482 4192 2580 4249 via-
2599 4193 2740 4249 bona
2763 4192 2818 4248 in
2847 4186 3138 4264 Evangelia
3166 4187 3382 4264 (Matth.
3407 4187 3533 4278 vn),
3563 4194 3626 4246 et

2025 4277 2409 4342 ambulandum
2438 4285 2490 4340 in
2522 4299 2606 4340 ea.
2623 4277 2756 4354 Quae
2777 4282 2865 4338 via
2887 4298 3010 4338 cum
3039 4281 3256 4340 inventa
3281 4277 3462 4348 fuerit,
3484 4295 3622 4356 prae-

2025 4379 2115 4435 bet
2140 4377 2485 4454 refrigerium
2529 4376 2644 4433 siVe
2692 4374 3127 4450 purificationem
3169 4371 3454 4430 animabus
3490 4387 3618 4428 cre-

1943 4461 1997 4521 D
2023 4469 2284 4526 dentium.
2317 4467 2386 4523 At
2409 4467 2483 4523 illi
2511 4481 2542 4523 e
2575 4463 2856 4523 contrario
2895 4461 3293 4535 rcSpondet‘ttttt
3317 4481 3331 4518 :
3357 4461 3472 4518 Non
3498 4477 3620 4517 am-

2023 4559 2328 4640 bulabimus
2349 4575 2448 4631 per
2472 4560 2616 4622 viam
2642 4557 2917 4630 Evangelii
2943 4575 2956 4612 :
2980 4555 3200 4630 proprie
3221 4557 3323 4612 hoc
3347 4553 3618 4640 propheta

2024 4639 2238 4706 dicente
2285 4645 2351 4706 de
2397 4649 2623 4721 perﬁdia
2673 4645 3004 4704 Iudaeorum.
3049 4639 3362 4718 Statimque
3403 4643 3616 4702 infert:

2030 4760 2049 4794 t
2079 4737 2146 4797 Et
2165 4741 2420 4798 censtitui
2442 4747 2606 4813 Super
2625 4757 2722 4798 vos
2743 4737 3128 4813 speculatores.
3164 4763 3183 4795 ι
3211 4731 3366 4798 llaud
3393 4739 3614 4800 dubium

2023 4819 2153 4908 quin
2197 4835 2566 4910 apostolorum
2608 4835 2877 4892 indicetur
2903 4833 3295 4906 chorus,juxta
3319 4827 3611 4891 Ezechiel:
3653 4902 3665 4911 _

2029 4929 2062 4976 α’
2082 4925 2182 4981 Fili
2233 4927 2502 4992 hominis,
2545 4925 2940 4996 speculatorem
2988 4927 3108 4983 dedi
3149 4933 3202 4982 te
3231 4927 3414 4982 domui
3441 4920 3618 4984 Israel

2023 5015 2244 5088 (Ezech.
2274 5019 2378 5092 tu).
2413 5039 2430 5070 ι
2459 5018 2525 5073 Et
2554 5019 2783 5092 praecepi
2813 5027 2873 5074 ut
2904 5014 3168 5076 audiretis
3208 5033 3398 5074 vocem
3435 5017 3614 5086 "tubas,

2021 5110 2106 5164 vel
2132 5111 2388 5166 mandata
2411 5110 2706 5185 Evangelii,
2739 5109 2826 5167 vel
2855 5111 3157 5168 doctrinam
3201 5112 3569 5186 apostatarum
3591 5152 3611 5178 ,

2014 5203 2170 5274 jt'ntla
2221 5205 2350 5262 illttd
2377 5205 2568 5260 Isaitez
2605 5223 2624 5262 t
2651 5201 2710 5261 In
2751 5213 2990 5262 montem
3030 5203 3306 5262 excelsum
3345 5203 3606 5270 ascende,

2023 5295 2113 5368 qui
2142 5295 2482 5368 evangelizas
2509 5295 2640 5354 Sion
2665 5315 2678 5352 :
2710 5287 2889 5355 exalta
2915 5297 3055 5353 sicut
3083 5297 3206 5352 tuba
3224 5312 3413 5353 vocem
3437 5301 3610 5366 tuam,

2021 5389 2441 5460 qui'annuntias
2479 5387 2780 5446 Jerusalem
2806 5389 2942 5462 (Isa.
2986 5387 3099 5460 xc).
3122 5409 3143 5443 ι
3181 5387 3281 5458 Qui
3305 5388 3607 5447 dixerunt:

2029 5501 2046 5533 ι
2086 5479 2204 5536 Non
2240 5481 2551 5548 audiemus;
2585 5500 2602 5532 ι
2631 5489 2686 5536 et
2720 5481 2930 5538 invitati
2971 5479 3037 5536 ad
3069 5495 3280 5538 coenam
3319 5479 3610 5537 noluerunt

2020 5575 2236 5642 venire;
2268 5583 2554 5646 propterea
2581 5569 2782 5630 dicitur
2809 5591 2823 5627 :
2863 5591 2881 5624 ι
2905 5571 3124 5642 Audite,
3157 5577 3367 5644 gentes.
3400 5591 3419 5623 ι
3453 5568 3608 5642 Quod

2022 5667 2192 5726 secuti
2221 5673 2346 5724 sunt
2379 5677 2433 5722 et
2453 5666 2702 5740 apostoli,
2735 5665 2952 5738 quando
2982 5663 3280 5738 loquuntur
3310 5663 3366 5719 in
3393 5653 3606 5737 Lycao-

2022 5761 2154 5833 nia:
2188 5779 2208 5816 ί
2237 5759 2404 5822 Vobis
2445 5755 2665 5840 quidem
2693 5758 2978 5838 oportebat
3018 5757 3267 5846 primunt
3291 5755 3442 5839 loqui
3479 5768 3610 5826 vers
