4008 6340
360 328 470 392 853

1286 328 1649 393 expassm
1686 330 1914 391 SUPER
1948 330 2318 391 mm
2352 363 2426 378 ——
2458 335 2590 395 ΗΒι
2633 337 2722 397 IV.

3528 354 3633 411 854

360 462 491 524 bum
533 463 663 530 Déi;
708 458 804 516 sed
825 448 1082 527 quoniam
1129 444 1393 530 repellitis
1426 453 1558 510 illud
1591 461 1648 510 et
1686 452 1938 520 indignos
1962 454 2014 517 Α
2038 463 2139 522 per
2165 450 2562 522 blasphemiam
2589 455 2849 526 spiritus,
2886 458 3044 518 valde
3068 461 3240 535 ipsius
3260 463 3401 540 jugi,
3443 466 3528 524 vel
3564 470 3631 526 de

359 572 458 617 vos
478 552 735 632 iudicatis
761 560 979 608 aeternae
1006 548 1152 617 vitae,
1181 554 1311 605 ecce
1337 545 1706 604 convertimur
1725 542 1793 597 ad
1812 556 1944 613 gen-

359 661 444 712 tes
483 652 619 727 (Act.
655 653 799 727 xm).
837 670 857 705 ι
899 649 967 704 Et
1012 650 1278 738 cognosce
1297 684 1331 738 ,Δ
1360 637 1707 738 congregatio
1746 648 1945 738 nequa-

358 762 523 823 quam
550 743 796 813 Iudaica,
828 741 924 799 sed
945 728 1190 796 omnium
1221 735 1503 832 nationum
1524 731 1687 798 ,sive
1713 728 1810 832 qui
1845 740 1941 832 pa-

356 817 513 896 scitis
535 853 747 911 greges,
776 834 1121 908 episcopi,'et
1141 826 1482 921 presbyteri,
1590 820 1771 878 omnis
1806 817 1942 921 ordo

355 909 781 992 ecclesiasticus,
816 925 899 980 vel
936 921 1248 994 cognoscite
1291 916 1663 973 testimonium
1703 909 1851 982 quod
1885 909 1942 964 in

354 1025 433 1079 eis
453 1033 571 1078 est:
607 1040 625 1073 ι
661 1019 1056 1076 Testimonium
1091 1015 1187 1070 Dei
1228 1012 1412 1075 ﬁdele,
1446 1006 1769 1080 sapientiam
1807 1019 1942 1074 prae-

352 1124 502 1172 stans
552 1114 792 1186 parvulis
835 1110 1008 1185 (Psal.
1061 1106 1240 1179 xviii).
1282 1126 1302 1160 ι
1336 1105 1542 1172 Quibus
1593 1100 1835 1171 loquitur
1886 1104 1941 1193 et

352 1210 612 1267 Dominus
643 1230 655 1266 :
696 1230 714 1261 ι
749 1208 869 1265 Noli
906 1212 1120 1274 timere,
1146 1221 1274 1279 grex
1304 1203 1527 1276 parvule
1552 1198 1706 1274 (Luc.
1745 1193 1870 1268 xu).
1908 1213 1930 1248 ι

347 1302 445 1370 Ει,
482 1323 499 1354 ι
531 1303 669 1358 Ecce
698 1319 797 1385 ego
826 1310 881 1357 et
909 1302 1063 1373 pueri
1102 1300 1236 1365 mei,
1269 1311 1407 1368 quos
1444 1294 1579 1349 mihi
1619 1291 1768 1346 dedit
1794 1289 1938 1385 Deus

349 1392 485 1469 (Isa.
509 1395 650 1465 vni).
690 1416 709 1447 ι
745 1382 1065 1467 Cogno’scite
1103 1406 1233 1464 ergo
1262 1392 1465 1462 quanta
1502 1386 1701 1443 iaciam
1740 1382 1937 1455 populo

347 1501 455 1542 non
477 1487 737 1543 credenti.
781 1487 1040 1556 Quodque
1068 1484 1319 1549 infertur,
1347 1501 1367 1534 ι
1395 1482 1558 1547 Audi,
1592 1482 1773 1544 terra,‘
1794 1497 1813 1530 ι
1850 1485 1935 1531 to-

346 1587 434 1634 tus
470 1580 619 1634 orbis
657 1579 725 1633 ad
767 1572 1086 1633 andiendum
1125 1584 1371 1641 vocatur,
1410 1575 1552 1629 sicut
1593 1581 1647 1628 et
1689 1572 1743 1627 in
1780 1570 1933 1642 prin-

344 1672 487 1745 cipio
512 1672 664 1728 Isaia:
689 1672 916 1746 legimus
948 1689 961 1725 :
993 1690 1012 1723 ι
1040 1671 1203 1736 Audi,
1231 1670 1450 1736 caelum,
1475 1676 1531 1723 et
1557 1667 1780 1722 auribus
1805 1678 1932 1736 per-

345 1766 486 1834 cipe,
524 1775 668 1820 lerra
717 1765 865 1840 (lsa.
897 1766 983 1837 ι),
1022 1786 1040 1817 ι
1078 1780 1196 1834 qua:
1223 1764 1430 1819 scilicet
1464 1762 1724 1819 Dominus
1760 1760 1931 1816 factu-

2046 541 2286 611 Christi,
2326 545 2420 617 qui
2461 545 2592 603 illud
2635 549 2792 619 ponit
2829 550 3027 625 duritia
3082 564 3246 629 atque
3296 560 3589 632 asperitate
3613 603 3629 629 ,

2041 649 2335 693 caueamur
2378 638 2673 695 secundum
2733 640 2865 698 illud
2921 662 2936 698 :
2985 644 3301 717 [nsipientia
3342 651 3446 727 viri
3504 669 3630 710 cor-

2041 727 2252 798 rumpit
2292 727 2437 785 viam
2465 728 2620 800 ejus,
2643 732 2787 789 Deus
2811 742 2991 791 autem
3026 746 3281 795 causatur
3307 743 3470 799 corde
3493 759 3626 812 suo;

2041 829 2100 874 et
2129 821 2426 887 secundum
2474 823 2731 895 Aggaeum
2750 892 2755 897 I
2768 828 3096 899 prophetam
3128 847 3142 884 :
3175 817 3309 888 Cu‘m
3330 833 3632 899 dixerimus

2041 911 2186 981 quod
2216 911 2305 969 via
2335 912 2547 979 Domini
2577 932 2687 973 non
2718 917 2921 991 dirigit,
2954 935 3191 997 congrue
3220 924 3377 980 nobis
3406 941 3631 999 respon-

2041 998 2200 1061 detur
2248 1014 2280 1056 a
2315 1000 2587 1061 Domino:
2619 1003 2874 1076 Nunquid
2925 1009 3014 1064 via
3064 1026 3183 1067 mea
3237 1012 3345 1071 non
3391 998 3627 1091 dirigit:

2040 1087 2231 1147 Nonne
2270 1096 2446 1166 magis
2480 1095 2582 1151 viae
2615 1104 2814 1154 vestrae
2836 1108 2983 1171 sunt.
3014 1116 3216 1173 pravze.
3251 1103 3320 1161 Et
3362 1087 3554 1164 revera
3581 1110 3629 1165 si

2040 1195 2353 1253 comparare
2388 1185 2719 1244 voluerimus
2756 1188 3127 1260 splendentem
3170 1193 3499 1267 virginitatis
3526 1197 3625 1254 ﬁo-

2040 1288 2155 1328 rem
2186 1283 2241 1329 et
2266 1291 2432 1333 suave
2471 1278 2706 1335 olentem
2737 1282 3076 1340 castimoniae
3123 1287 3414 1355 puritatem
3467 1291 3627 1346 tetris

2039 1377 2103 1419 ac
2128 1363 2309 1421 fetidis
2337 1367 2621 1424 libidinum
2633 1370 2932 1430 volutabris
2949 1392 2964 1430 :
2980 1375 3221 1446 quietem
3250 1379 3628 1438 securitatem-

2038 1471 2144 1528 que
2198 1462 2588 1517 monachorum
2616 1503 2633 1530 ,
2688 1466 2945 1535 periculis
3013 1476 3070 1524 et
3120 1472 3377 1527 aerumnis
3434 1473 3629 1544 quibus

2037 1551 2225 1607 mundi
2282 1549 2442 1619 hujus
2515 1554 2765 1612 homines
2822 1558 3208 1641 implicantur,
3288 1566 3625 1636 paupertatis

2037 1650 2236 1697 nostrae
2290 1644 2533 1715 requiem
2574 1647 2833 1705 edacibus
2872 1651 3098 1710 divitum
3130 1654 3369 1713 tristitiis
3394 1673 3460 1715 ac
3489 1674 3621 1730 per-

2034 1731 2286 1804 vigilibus
2315 1736 2495 1801 curis,
2528 1737 2582 1791 in
2615 1739 2811 1808 quibus
2852 1756 2961 1797 non
3001 1743 3205 1815 absque
3248 1760 3461 1804 summo
3497 1747 3623 1803 vita:

344 1824 439 1916 rus
473 1824 561 1917 est
602 1824 805 1932 populo
839 1824 1166 1915 Iudaeorum.
1203 1858 1522 1931 (MAURUS.)
1556 1854 1649 1913 llle
1680 1865 1765 1912 est
1803 1866 1934 1927 ergo
1962 1824 2010 1891 Β
2034 1827 2501 1931 Ρξπίθωοιδίθδυδ
2515 1847 2602 1932 fc
2624 1834 2893 1932 ‘n9c‘ibus
2942 1847 3373 1932 conS'lm'lnlUl‘,
3407 1842 3620 1899 suaVis-

342 1954 535 2010 doctor
587 1946 1029 2020 ecclesiasticus,
1076 1954 1169 2025 qui
1231 1953 1536 2024 lacrymas,
1601 1954 1710 2005 non
1767 1949 1937 2005 risum

341 2053 550 2112 movet;
591 2046 683 2118 qui
736 2046 959 2116 corripit
1012 2054 1355 2116 peccatores,
1410 2045 1505 2115 qui
1554 2042 1761 2098 nullum
1805 2042 1937 2098 bea-

343 2144 461 2191 tum‘
512 2139 643 2195 dicit
687 2154 806 2195 esse
848 2140 934 2194 vel
977 2132 1222 2205 felicem,
1273 2150 1373 2195 nec
1416 2139 1680 2210 prmvenit
1721 2150 1938 2194 senten-

269 2214 273 2218 ’
339 2229 470 2285 tiam
520 2230 719 2307 judicis
766 2233 883 2299 sui,
927 2232 1143 2289 dicente
1190 2233 1474 2304 Scriptura
1508 2241 1747 2288 sancta:
1792 2250 1810 2283 ι
1856 2226 1936 2288 Ne

335 2323 555 2381 beatum
608 2326 759 2382 dicas
804 2320 1133 2397 quemquam
1184 2327 1468 2383 hominum
1522 2333 1649 2381 ante
1702 2332 1935 2380 mortem

336 2413 520 2487 (Prov.
557 2416 712 2489 xvii).
747 2438 766 2479 ι
801 2416 909 2472 Sed
953 2412 1009 2473 et
1054 2418 1107 2473 in
1156 2417 1265 2472 alio
1303 2417 1424 2472 loco
1463 2417 1735 2489 legimus:
1769 2435 1787 2467 ι
1829 2412 1934 2483 Qui

333 2507 610 2563 benedicit
645 2510 821 2565 amico
852 2523 1010 2564 mane
1038 2509 1229 2581 grandi
1266 2524 1401 2565 voce
1425 2550 1439 2576 ,
1474 2509 1819 2564 maledicenti
1856 2500 1933 2563 nil

333 2597 534 2657 diﬁ‘ert.
577 2619 595 2651 ι
631 2598 788 2656 Unde
832 2586 1153 2673 Spernentes
1204 2600 1488 2657 hominum
1529 2598 1735 2670 judicia
1768 2641 1782 2667 ,
1830 2612 1932 2656 nec

334 2691 583 2751 laudibus
628 2708 819 2751 eorum
871 2686 1231 2760 ertollamur,
1284 2708 1387 2749 nec
1439 2692 1930 2750 obtrectationibus

331 2788 739 2856 contristemur,
779 2789 872 2845 sed
904 2789 1275 2861 ingrediamur
1300 2798 1504 2849 rectam
1537 2789 1679 2844 viam
1702 2828 1717 2855 ,
1743 2796 1799 2844 et
1829 2788 1929 2842 tri-

333 2884 414 2934 tas
444 2894 474 2934 a
506 2882 710 2947 sanctis
738 2884 1019 2955 prophetis
1056 2884 1314 2950 semitas,
1350 2882 1740 2953 audiemusque
1773 2880 1927 2937 Jcre-

306 2970 494 3027 arulam
524 2956 795 3029 dicentem
823 2993 835 3028 :
868 2992 887 3024 ι
930 2973 1080 3031 State
1116 2975 1169 3029 in
1202 2975 1308 3031 viis
1340 2985 1396 3030 et
1424 2975 1632 3041 videte,
1670 2981 1723 3029 et
1749 2973 1923 3029 inter-

328 3074 516 3137 rogate
539 3068 760 3125 semitas
783 3068 994 3125 Domini
1025 3070 1408 3140 sempiternas,
1430 3070 1551 3140 qua:
1581 3068 1649 3123 sit
1672 3068 1755 3122 via
1784 3068 1923 3122 bona

327 3164 383 3213 et
416 3158 689 3217 ambulate
720 3160 774 3217 in
804 3176 891 3217 ea.
926 3181 945 3213 ι
974 3162 1129 3230 Quod
1157 3162 1203 3218 si
1244 3161 1460 3233 quando
1499 3161 1825 3225 erravimus,
1866 3168 1923 3215 et

328 3250 483 3321 quasi
509 3238 1041 3333 hominesperverso
1073 3253 1268 3310 itinere
1296 3254 1642 3331 perreximus
1661 3295 1675 3319 ,
1705 3252 1920 3308 Domini

323 3355 422 3412 per
440 3341 690 3399 Ezechiel
715 3353 1093 3415 exspectemus
1118 3345 1386 3418 promissa
1410 3344 1675 3400 dicentis:
1713 3363 1731 3395 ι
1770 3342 1921 3399 Dabo

324 3437 406 3492 eis
426 3436 568 3503 viam
591 3438 841 3506 alteram,
875 3447 928 3495 et
957 3456 1053 3495 cor
1080 3441 1243 3499 aliud.
1277 3460 1294 3492 ι
1324 3441 1466 3511 Ergo
1493 3442 1792 3497 secundum
1823 3456 1915 3496 ve-

325 3542 443 3583 ram
468 3527 679 3585 Domini
707 3530 1052 3587 traditionem
1073 3533 1159 3587 via
1180 3545 1331 3589 recta
1359 3534 1542 3590 suavis
1567 3548 1630 3588 ac
1653 3532 1789 3590 levis
1811 3540 1916 3599 est,

324 3618 453 3674 licet
478 3616 694 3697 dura"et
723 3636 916 3697 aspera
943 3622 1213 3681 sentiatur
1240 3643 1252 3678 :
1281 3626 1368 3694 pie
1401 3626 1549 3680 enim
1577 3641 1640 3681 ac
1684 3624 1920 3684 ﬁdeliter

324 3709 657 3785 servientes,
704 3728 829 3793 cum
875 3713 1115 3793 tulerunt
1152 3714 1343 3789 jugum
1380 3714 1595 3770 Domini
1634 3731 1797 3786 super
1824 3729 1914 3782 se,

321 3812 376 3861 et
433 3804 722 3865 didicerint
776 3788 845 3863 ab
898 3822 964 3864 eo
1035 3788 1160 3881 quia
1212 3788 1362 3865 mins
1424 3818 1512 3866 est
1571 3817 1628 3865 et
1693 3809 1915 3865 humilis

322 3898 485 3954 corde
526 3914 542 3955 :
587 3892 703 3970 jam
743 3886 1141 3973 quodammodo
1192 3884 1532 3987 terrenarum
1597 3902 1914 3975 passionum

321 3990 589 4049 sarcinam
638 3991 994 4065 deponentes,
1054 4008 1161 4053 non
1210 3993 1475 4060 laborant,
1524 3994 1621 4051 sed
1665 3993 1911 4066 requiem

321 4081 602 4140 animabus
640 4082 788 4150 suis,
837 4068 1069 4141 Domino
1114 4080 1408 4169 praestante
1454 4089 1752 4163 reperient,
1797 4087 1907 4143 sic-

319 4184 378 4229 ut
421 4188 519 4244 per
568 4170 861 4233 Jeremiam
902 4178 1226 4249 prophetam
1264 4178 1380 4250 ipse
1428 4186 1658 4235 testatus
1707 4186 1792 4234 est
1828 4179 1909 4234 di-

319 4280 488 4322 cens:
517 4287 536 4321 ι
561 4267 714 4325 State
741 4285 904 4343 super
923 4271 1063 4341 vias,
1094 4281 1148 4328 et
1171 4273 1369 4340 videte,
1397 4281 1453 4329 et
1482 4273 1815 4345 interrogate
1840 4272 1908 4329 de

319 4362 529 4419 semitis
577 4363 836 4433 antiquis,
864 4378 983 4433 qua:
1028 4364 1099 4421 sit
1126 4364 1233 4437 _via
1282 4364 1422 4420 bona
1456 4373 1510 4422 et
1543 4367 1815 4422 ambulate
1848 4366 1905 4421 in

316 4468 379 4509 ea
409 4494 423 4518 ,
467 4462 523 4508 et
572 4454 860 4512 invenietis
912 4454 1252 4532 refrigerium
1293 4457 1576 4514 animabus
1622 4458 1838 4514 vestris.
1878 4479 1897 4511 ι

315 4545 471 4601 Fient
521 4562 755 4616 namque
800 4548 881 4613 eis
939 4550 1200 4621 continuo
1248 4566 1413 4621 prava
1473 4551 1527 4607 in
1568 4553 1795 4619 directa,
1848 4562 1905 4609 et

314 4651 508 4705 aspera
539 4636 594 4691 in
627 4637 743 4693 vias
776 4638 998 4709 planas;
1053 4648 1108 4699 et
1130 4649 1433 4718 tgustantes
1475 4642 1734 4721 videbunt
1777 4645 1901 4714 quia

314 4727 495 4783 suavis
520 4737 603 4785 est
626 4729 908 4796 Dominus,
923 4730 1312 4802 audientesque
1340 4731 1613 4791 Christum
1645 4734 1696 4788 in
1728 4732 1903 4790 Evan-

311 4820 452 4892 gelio
480 4804 911 4891 proclamantem
945 4840 960 4877 :
998 4841 1017 4874 ι
1052 4824 1241 4880 Venite
1269 4825 1337 4880 ad
1366 4840 1451 4880 me
1478 4841 1667 4881 omnes
1687 4827 1778 4897 qui
1819 4826 1902 4884 la-

310 4914 515 4970 boratis
545 4921 598 4970 et
622 4915 830 4971 onerati
857 4916 1012 4979 estis,
1036 4924 1093 4973 et
1122 4931 1222 4988 ego
1264 4917 1505 4974 reficiam
1534 4933 1631 4975 vos
1683 4917 1899 4993 (Manli.

310 5007 410 5077 ιι).
442 5024 464 5060 ι
503 5008 773 5078 Depositis
809 5009 1142 5078 ponderibus
1187 5010 1440 5067 vitiorum
1467 5053 1482 5079 ,
1540 5027 1605 5068 ea
1645 5029 1766 5085 quae
1815 5030 1903 5070 se-

308 5106 550 5168 quuntur
599 5099 921 5172 intelligent,
963 5100 1089 5171 quia
1124 5101 1315 5174 jugum
1352 5120 1531 5159 meum
1588 5121 1752 5162 suave
1777 5147 1793 5172 ,
1841 5116 1897 5164 et

308 5203 447 5244 onus
488 5204 668 5251 meum
707 5190 825 5246 leve
870 5200 975 5248 est.
1016 5190 1194 5249 Habet
1240 5208 1371 5267 ergo
1414 5194 1761 5268 refrigerium
1807 5199 1895 5254 via

310 5278 543 5346 Domini,
571 5282 616 5336 si
651 5282 947 5343 secundum
978 5282 1151 5355 legem
1181 5285 1351 5359 ipsius
1376 5294 1640 5343 teneatur.
1660 5287 1767 5346 Sed
1794 5306 1896 5348 nos

309 5387 493 5431 sumus
512 5375 605 5443 qui
631 5374 844 5435 dolores
872 5377 1028 5433 nobis
1058 5386 1221 5451 atque
1263 5388 1534 5455 tormenta
1565 5383 1894 5440 turbulentis

308 5465 721 5523 distentionibus
748 5484 1130 5538 procuramus,
1158 5474 1285 5529 dum
1315 5474 1584 5530 malumus
1629 5475 1745 5530 vias
1790 5492 1893 5533 saa-

307 5556 411 5613 culi
452 5555 609 5624 hujus
636 5573 833 5639 pravas
862 5569 1025 5630 atque
1048 5579 1352 5632 perversas,
1394 5576 1561 5624 etiam
1589 5581 1712 5622 cum
1742 5582 1891 5623 sum-

305 5664 394 5704 mo
413 5647 726 5705 discrimine
753 5665 817 5705 ac
845 5650 1184 5720 difﬁcultate,
1213 5658 1439 5713 sectari.
1468 5674 1591 5717 cum
1628 5674 1757 5714 vero
1786 5661 1891 5716 hoc

284 5793 288 5797 .
306 5742 465 5813 modo
482 5756 649 5817 grave
665 5742 822 5803 nobis
840 5759 906 5805 ac
932 5744 1322 5824 durumjugum
1340 5750 1550 5823 Domini
1570 5751 1887 5825 fecerimus,

2040 1921 2238 1976 simum
2275 1920 2469 1995 jugum
2508 1924 2755 1996 Christi,
2805 1942 3053 2001 onusque
3100 1929 3435 1991 levissimum
3473 1933 3627 1992 facil-

2037 2009 2165 2067 lime
2193 2015 2687 2084 comprobabimus.

2114 2146 2134 2179 ι
2164 2127 2304 2185 Ecce
2326 2145 2428 2202 ego
2454 2132 2719 2188 adducam
2752 2134 2891 2192 mala
2934 2152 3099 2210 super
3132 2140 3394 2211 populum
3424 2142 3620 2209 istum,

2008 2242 2011 2247 ν
2042 2238 2063 2271 ι
2095 2218 2334 2276 fructum
2358 2224 2751 2294 cogitationum
2786 2227 2915 2299 (sive
2950 2230 3273 2304 aversionis)
3301 2232 3451 2303 ejus,
3496 2234 3619 2303 quia

2041 2331 2062 2364 ‹
2095 2312 2261 2369 verba
2290 2329 2411 2371 mea
2437 2331 2544 2372 non
2571 2320 2893 2387 audierunt,
2924 2328 2982 2376 et
3017 2321 3194 2393 legem
3230 2339 3408 2381 meam
3438 2325 3619 2396 proje-

2040 2430 2059 2462 ι
2096 2418 2309 2467 cerunt.
2342 2433 2362 2466 ›
2396 2412 2668 2486 (Hieron)
2699 2415 2835 2470 Mala
2861 2417 3099 2488 appellat
3120 2419 3381 2491 supplicia
3402 2434 3618 2490 pinnas-

2036 2506 2142 2571 que
2171 2503 2494 2573 patientium
2518 2544 2533 2569 ,
2562 2518 2669 2559 non
2712 2520 2877 2576 super
2897 2516 3089 2577 gentes
3113 2524 3235 2580 quae
3264 2517 3530 2567 vocantur
3551 2512 3618 2567 ad

2032 2592 2310 2664 Evangelii
2338 2595 2655 2662 veritatem,
2683 2597 2778 2653 sed
2806 2613 2971 2670 super
2994 2600 3251 2672 populum
3274 2601 3367 2673 qui
3393 2618 3595 2674 respon

2031 2686 2144 2741 dit:
2188 2706 2206 2738 ι
2242 2686 2359 2743 Non
2402 2688 2702 2744 audiemus.
2739 2709 2758 2743 ι
2796 2690 2864 2744 Et
2893 2704 3216 2762 recepturus
3257 2701 3343 2749 est
3383 2692 3617 2751 fructum

2030 2781 2420 2850 cogitationum
2441 2821 2455 2848 ,
2486 2782 2601 2837 sive
2639 2784 2941 2841 aversionis
2970 2801 3115 2854 suae,
3155 2786 3369 2844 dicente
3406 2787 3613 2846 David:

2034 2890 2057 2926 ι
2117 2872 2359 2930 Labores
2418 2890 2678 2931 manuum
2739 2886 2953 2935 tuarum
3008 2881 3363 2938 manducabis
3423 2881 3612 2956 (Psal.

2026 2980 2207 3022 cxxvn
2230 2967 2272 3041 ).
2309 2988 2329 3022 ι
2362 2969 2647 3041 Causaque
2678 2975 2996 3044 perspicua,
3038 2976 3166 3047 quia
3191 2976 3357 3032 verba
3400 2970 3615 3033 Domini

2027 3072 2136 3113 non
2166 3060 2457 3127 audierint,
2486 3070 2542 3116 et
2566 3061 2739 3134 legem
2770 3063 2888 3133 ejus
2913 3065 3231 3137 abjeeerint.

2105 3169 2124 3202 ι
2153 3150 2356 3222 thui‘d
2390 3154 2522 3209 mihi
2552 3155 2682 3211 thus
2716 3157 2784 3213 de
2822 3156 2968 3213 Saba
3003 3158 3227 3228 atfertis,
3259 3164 3316 3216 et
3343 3161 3612 3219 calamum

2029 3259 2049 3292 ι
2084 3256 2251 3298 suave
2275 3244 2512 3301 olentem
2534 3245 2604 3302 de
2631 3256 2778 3303 terra
2806 3248 3135 3322 longinqua?
3168 3250 3494 3309 Holo'causta
3522 3268 3612 3310 ve-

2028 3351 2049 3385 ι
2083 3341 2197 3390 stra
2224 3349 2332 3390 non
2356 3345 2483 3392 sunt
2505 3348 2747 3409 accepta,
2776 3349 2832 3396 et
2864 3342 3101 3398 victima:
3126 3352 3327 3401 vestra:
3358 3360 3467 3401 non
3488 3344 3607 3416 pla-

2028 3442 2047 3476 ι
2082 3434 2313 3481 cuerunt
2348 3428 2502 3482 mihi.
2527 3448 2546 3481 ι
2568 3429 2722 3497 Quod
2752 3433 2913 3488 thura
2943 3433 3010 3489 de
3031 3432 3175 3493 Saba
3202 3436 3424 3494 veniant
3447 3453 3608 3495 nemo

2020 3512 2249 3571 dubitat.
2285 3517 2438 3573 Unde
2462 3527 2520 3574 et
2546 3521 2679 3577 illud
2701 3523 3059 3597 Virgilianum
3084 3534 3198 3584 est:

2264 3692 2434 3746 Thure
2453 3696 2617 3750 calent
2636 3637 2941 3751 £33m“
2976 3642 3150 3694 sam

2016 3795 2502 3905 Palamedi-autem
2518 3806 2677 3905 quod
2704 3806 2972 3866 Hebraice
2997 3810 3196 3905 dicitur
3219 3822 3348 3905 mp,
3375 3824 3477 3887 pro
3497 3826 3607 3887 quo

2014 3888 2159 3944 LXX
2184 3898 2241 3947 et
2267 3892 2569 3952 Theodosio
2597 3897 2898 3955 cinnamum
2922 3888 3341 3975 transtulerunt,
3368 3909 3435 3963 de
3456 3914 3600 3964 terra

2013 3982 2200 4038 venire
2230 3982 2523 4057 longinqua
2552 3990 2907 4059 propheticus
2933 4000 3114 4049 sermo
3143 3995 3499 4066 demonstrat,
3543 4007 3604 4054 ut

2013 4072 2378 4146 intelligamus
2417 4077 2652 4143 Indiam,
2690 4081 2758 4136 de
2800 4096 2939 4153 qua,
2990 4092 3090 4154 per
3122 4099 3275 4141 mare
3317 4087 3596 4156 Rubrum,

2009 4163 2166 4235 plura
2194 4167 2419 4222 veniunt
2446 4180 2711 4225 aromata.
2743 4169 2857 4229 Hoc
2893 4180 3065 4245 genus
3103 4175 3367 4250 pigmenti
3400 4181 3598 4237 medici

2010 4260 2194 4314 κασίαν
2230 4262 2478 4339 σύριγγος
2517 4264 2809 4334 appellant.
2848 4265 2916 4322 Et
2953 4274 3038 4323 est
3076 4278 3271 4327 sensus
3309 4288 3322 4326 :
3367 4271 3597 4329 Frustra

2008 4349 2140 4435 mihi
2156 4351 2209 4405 in
2224 4361 2494 4425 unguenta
2517 4356 2851 4414 conﬁcienda
2873 4374 2994 4431 quae
3010 4360 3153 4433 Lege
3166 4371 3435 4436 praecepta
3449 4373 3593 4433 sunt,

2006 4429 2314 4503 suavissimi
2341 4446 2526 4503 odoris
2559 4448 2836 4520 pigmenta
2872 4429 3133 4509 confertis
3152 4429 3252 4521 ,-et
3279 4429 3596 4517 holocausta

2025 4534 2375 4602 succenditis,
2402 4538 2492 4606 qui
2521 4552 2698 4595 meam
2740 4540 2796 4599 in
2820 4541 2965 4614 Lege
2988 4557 3096 4599 non
3136 4543 3317 4600 facitis
3342 4546 3592 4603 volunta-

2011 4628 2140 4689 tem,
2152 4623 2309 4692 juxta
2328 4627 2471 4694 quod
2494 4640 2658 4696 supra
2680 4630 2941 4699 scriptum
2967 4640 3081 4686 est:
3102 4651 3120 4683 ι
3148 4633 3321 4689 Verba
3343 4650 3460 4690 mea
3486 4652 3593 4692 non

2009 4712 2314 4778 audierunt,
2339 4720 2393 4768 et
2418 4714 2590 4784 legem
2614 4731 2788 4772 meam
2819 4720 3184 4789 projecerunt.
3211 4741 3230 4772 ι
3250 4722 3363 4778 Hoc
3385 4732 3589 4792 autem,

2006 4804 2226 4873 proprie
2253 4808 2506 4863 convenit
2537 4807 2624 4864 his
2649 4810 2742 4879 qui
2770 4812 2837 4866 de
2861 4814 3066 4884 rapinis
3093 4821 3150 4868 et
3176 4815 3468 4873 nudatione
3491 4819 3593 4874 mi-

2007 4910 2251 4952 serorum
2275 4898 2513 4955 offerunt
2532 4901 2880 4971 sacriﬁcium,
2921 4912 2977 4959 et
3004 4905 3364 4980 eleemosynis
3388 4923 3458 4964 ex
3486 4909 3593 4965 ini-

2003 4990 2213 5059 quitate
2257 5005 2316 5047 se
2341 4998 2535 5062 putant
2577 4994 2847 5051 redimere
2884 5006 3137 5067 peccata,
3179 4998 3391 5055 dicente
3437 4999 3589 5057 Scri-

2003 5091 2203 5154 ptura:
2238 5103 2256 5137 ι
2294 5084 2616 5159 Redemptio
2652 5089 2848 5144 animae
2887 5090 2990 5145 viri
3025 5092 3259 5161 prepriae
3289 5092 3526 5162 divitiae,
3562 5114 3583 5148 ι

2004 5192 2124 5249 quae
2150 5194 2258 5233 non
2292 5176 2360 5234 de
2388 5179 2697 5251 iniquitate,
2730 5183 2827 5239 sed
2852 5183 2920 5239 de
2949 5183 3136 5240 labore
3158 5182 3437 5253 etjustitia
3457 5201 3589 5244 eon-

2003 5278 2317 5343 gregantur.

1978 5382 1983 5387 ”
2079 5405 2097 5438 ι
2117 5383 2408 5457 Propterea
2436 5386 2552 5468 haec
2577 5389 2707 5445 dicit
2724 5378 3015 5448 Dominus:
3042 5386 3185 5448 Ecce
3210 5407 3309 5465 ego
3330 5392 3469 5450 dabo
3490 5409 3585 5468 po-

2006 5497 2024 5529 ι
2059 5477 2242 5551 pulum
2274 5478 2439 5536 istum
2465 5460 2521 5537 in
2548 5482 2753 5548 ruinas,
2785 5486 2840 5539 et
2888 5470 3049 5540 ruent
3086 5478 3140 5541 in
3170 5460 3406 5559 eisv(sive
3435 5460 3586 5541 inﬁr-

2006 5588 2025 5622 ι
2064 5571 2309 5626 mitatem
2347 5580 2400 5626 et
2449 5566 2869 5632 inﬁrmabuntur
2897 5574 2952 5632 in
2980 5576 3067 5649 ea)
3106 5587 3292 5650 patres
3317 5587 3374 5635 et
3393 5578 3486 5634 ﬁlii
3508 5580 3584 5634 si-

2007 5680 2025 5713 ι
2062 5662 2192 5729 mul,
2217 5660 2428 5720 vicinus
2464 5670 2519 5721 et
2550 5667 2829 5737 proximus
2871 5674 2927 5726 et
2973 5671 3245 5743 peribunt.
3292 5690 3313 5724 ι
3350 5667 3579 5742 Impleta

1998 5754 2245 5817 videmus
2264 5758 2445 5816 omnia
2465 5775 2584 5833 quae
2603 5759 2863 5820 Dominus
2888 5763 2965 5823 illi
2987 5764 3185 5841 p0pulo
3212 5763 3579 5823 comminatus
