  <div class='ocr_page' id='page_1' title='image "/cluster/home/n/w/nwhite01/storage/ocr_20150623/111/hvd.32044009716333/435.png"; bbox 0 0 4008 6340; ppageno 0'>
   <div class='ocr_carea' id='block_1_1' title="bbox 470 384 575 439">
    <p class='ocr_par' dir='ltr' id='par_1_1' title="bbox 470 384 575 439">
     <span class='ocr_line' id='line_1_1' title="bbox 470 384 575 439; baseline -0.01 0"><span class='ocrx_word' id='word_1_1' title='bbox 470 384 575 439; x_wconf 78' lang='lat'><strong>855</strong></span> 
     </span>
    </p>
   </div>
   <div class='ocr_carea' id='block_1_2' title="bbox 1088 367 3088 464">
    <p class='ocr_par' dir='ltr' id='par_1_2' title="bbox 1088 367 3088 464">
     <span class='ocr_line' id='line_1_2' title="bbox 1088 367 3088 464; baseline -0.004 -26"><span class='ocrx_word' id='word_1_2' title='bbox 1088 388 1151 439; x_wconf 69' lang='grc' dir='ltr'>ις.</span> <span class='ocrx_word' id='word_1_3' title='bbox 1191 367 1459 440; x_wconf 61' lang='lat' dir='ltr'><strong>MBAN!</strong></span> <span class='ocrx_word' id='word_1_4' title='bbox 1483 367 1704 438; x_wconf 63' lang='lat' dir='ltr'><strong>suum</strong></span> <span class='ocrx_word' id='word_1_5' title='bbox 1741 377 2061 464; x_wconf 70' lang='lat' dir='ltr'><strong>ARCHIEP.</strong></span> <span class='ocrx_word' id='word_1_6' title='bbox 2102 375 2413 434; x_wconf 73' lang='lat' dir='ltr'><strong>uocum.</strong></span> <span class='ocrx_word' id='word_1_7' title='bbox 2455 375 2746 434; x_wconf 77' lang='lat' dir='ltr'><strong>orsnuu</strong></span> <span class='ocrx_word' id='word_1_8' title='bbox 2783 376 2967 432; x_wconf 64' lang='lat' dir='ltr'><strong>rans</strong></span> <span class='ocrx_word' id='word_1_9' title='bbox 3001 375 3088 431; x_wconf 91' lang='grc' dir='ltr'>ιιι.</span> 
     </span>
    </p>
   </div>
   <div class='ocr_carea' id='block_1_3' title="bbox 3560 376 3766 432">
    <p class='ocr_par' dir='ltr' id='par_1_3' title="bbox 3560 376 3766 432">
     <span class='ocr_line' id='line_1_3' title="bbox 3560 376 3766 432; baseline -0.005 0"><span class='ocrx_word' id='word_1_10' title='bbox 3560 401 3566 407; x_wconf 62' lang='grc' dir='ltr'>-ι</span> <span class='ocrx_word' id='word_1_11' title='bbox 3634 376 3766 432; x_wconf 84' lang='lat'><strong>856</strong></span> 
     </span>
    </p>
   </div>
   <div class='ocr_carea' id='block_1_4' title="bbox 469 478 3768 569">
    <p class='ocr_par' dir='ltr' id='par_1_4' title="bbox 469 478 3768 569">
     <span class='ocr_line' id='line_1_4' title="bbox 469 478 3768 569; baseline -0.003 -13"><span class='ocrx_word' id='word_1_12' title='bbox 469 512 572 557; x_wconf 88' lang='lat' dir='ltr'><strong>est.</strong></span> <span class='ocrx_word' id='word_1_13' title='bbox 604 501 852 569; x_wconf 76' lang='lat' dir='ltr'><strong>Quotidie</strong></span> <span class='ocrx_word' id='word_1_14' title='bbox 877 501 1025 555; x_wconf 86' lang='lat' dir='ltr'><strong>enim</strong></span> <span class='ocrx_word' id='word_1_15' title='bbox 1055 478 1223 555; x_wconf 88' lang='lat' dir='ltr'><strong>ruunt</strong></span> <span class='ocrx_word' id='word_1_16' title='bbox 1247 500 1303 555; x_wconf 92' lang='lat' dir='ltr'><strong>in</strong></span> <span class='ocrx_word' id='word_1_17' title='bbox 1331 496 1683 568; x_wconf 85' lang='lat' dir='ltr'><strong>blasphemiis</strong></span> <span class='ocrx_word' id='word_1_18' title='bbox 1710 495 1845 561; x_wconf 86' lang='lat' dir='ltr'><strong>suis,</strong></span> <span class='ocrx_word' id='word_1_19' title='bbox 1881 491 2046 547; x_wconf 90' lang='lat' dir='ltr'><strong>nihil-</strong></span> <span class='ocrx_word' id='word_1_20' title='bbox 2074 480 2130 555; x_wconf 71' lang='grc' dir='ltr'><strong>Α</strong></span> <span class='ocrx_word' id='word_1_21' title='bbox 2159 509 2178 544; x_wconf 75' lang='grc' dir='ltr'><strong>ι</strong></span> <span class='ocrx_word' id='word_1_22' title='bbox 2211 491 2338 562; x_wconf 84' lang='lat' dir='ltr'><strong>quia</strong></span> <span class='ocrx_word' id='word_1_23' title='bbox 2380 498 2604 560; x_wconf 89' lang='lat' dir='ltr'><strong>repente</strong></span> <span class='ocrx_word' id='word_1_24' title='bbox 2641 491 2826 547; x_wconf 80' lang='lat' dir='ltr'><strong>veniet</strong></span> <span class='ocrx_word' id='word_1_25' title='bbox 2868 496 3111 545; x_wconf 89' lang='lat' dir='ltr'><strong>vastator</strong></span> <span class='ocrx_word' id='word_1_26' title='bbox 3156 488 3272 544; x_wconf 85' lang='lat' dir='ltr'><strong>sive</strong></span> <span class='ocrx_word' id='word_1_27' title='bbox 3311 487 3534 544; x_wconf 82' lang='lat' dir='ltr'><strong>miseria</strong></span> <span class='ocrx_word' id='word_1_28' title='bbox 3579 503 3768 560; x_wconf 82' lang='lat' dir='ltr'><strong>super</strong></span> 
     </span>
    </p>
   </div>
   <div class='ocr_carea' id='block_1_5' title="bbox 471 584 2047 661">
    <p class='ocr_par' dir='ltr' id='par_1_5' title="bbox 471 584 2047 661">
     <span class='ocr_line' id='line_1_5' title="bbox 471 584 2047 661; baseline -0.006 -15"><span class='ocrx_word' id='word_1_29' title='bbox 471 608 577 661; x_wconf 90' lang='lat' dir='ltr'><strong>que</strong></span> <span class='ocrx_word' id='word_1_30' title='bbox 604 593 658 646; x_wconf 93' lang='lat' dir='ltr'><strong>in</strong></span> <span class='ocrx_word' id='word_1_31' title='bbox 689 607 749 648; x_wconf 92' lang='lat' dir='ltr'><strong>se</strong></span> <span class='ocrx_word' id='word_1_32' title='bbox 770 592 972 647; x_wconf 89' lang='lat' dir='ltr'><strong>habent</strong></span> <span class='ocrx_word' id='word_1_33' title='bbox 999 589 1163 656; x_wconf 82' lang='lat' dir='ltr'><strong>forte,</strong></span> <span class='ocrx_word' id='word_1_34' title='bbox 1199 590 1295 646; x_wconf 84' lang='lat' dir='ltr'><strong>sed</strong></span> <span class='ocrx_word' id='word_1_35' title='bbox 1319 589 1497 644; x_wconf 93' lang='lat' dir='ltr'><strong>omnis</strong></span> <span class='ocrx_word' id='word_1_36' title='bbox 1526 588 1667 660; x_wconf 90' lang='lat' dir='ltr'><strong>apud</strong></span> <span class='ocrx_word' id='word_1_37' title='bbox 1693 601 1787 642; x_wconf 91' lang='lat' dir='ltr'><strong>eos</strong></span> <span class='ocrx_word' id='word_1_38' title='bbox 1813 584 2047 640; x_wconf 91' lang='lat' dir='ltr'><strong>inﬁrmi-</strong></span> 
     </span>
    </p>
   </div>
   <div class='ocr_carea' id='block_1_6' title="bbox 472 677 2055 753">
    <p class='ocr_par' dir='ltr' id='par_1_6' title="bbox 472 677 2055 753">
     <span class='ocr_line' id='line_1_6' title="bbox 472 677 2055 753; baseline -0.005 -16"><span class='ocrx_word' id='word_1_39' title='bbox 472 692 556 738; x_wconf 90' lang='lat' dir='ltr'><strong>tas</strong></span> <span class='ocrx_word' id='word_1_40' title='bbox 581 691 682 738; x_wconf 89' lang='lat' dir='ltr'><strong>est.</strong></span> <span class='ocrx_word' id='word_1_41' title='bbox 713 681 836 737; x_wconf 85' lang='lat' dir='ltr'><strong>Filii</strong></span> <span class='ocrx_word' id='word_1_42' title='bbox 858 691 1079 753; x_wconf 91' lang='lat' dir='ltr'><strong>patrum</strong></span> <span class='ocrx_word' id='word_1_43' title='bbox 1107 688 1409 751; x_wconf 85' lang='lat' dir='ltr'><strong>sequuntur</strong></span> <span class='ocrx_word' id='word_1_44' title='bbox 1427 677 1813 748; x_wconf 71' lang='lat' dir='ltr'><strong>blasphemiae,</strong></span> <span class='ocrx_word' id='word_1_45' title='bbox 1844 683 1900 731; x_wconf 91' lang='lat' dir='ltr'><strong>et</strong></span> <span class='ocrx_word' id='word_1_46' title='bbox 1920 689 2055 746; x_wconf 90' lang='lat' dir='ltr'><strong>quo-</strong></span> 
     </span>
    </p>
   </div>
   <div class='ocr_carea' id='block_1_7' title="bbox 468 769 2053 846">
    <p class='ocr_par' dir='ltr' id='par_1_7' title="bbox 468 769 2053 846">
     <span class='ocr_line' id='line_1_7' title="bbox 468 769 2053 846; baseline -0.003 -18"><span class='ocrx_word' id='word_1_47' title='bbox 468 775 601 830; x_wconf 87' lang='lat' dir='ltr'><strong>tidie</strong></span> <span class='ocrx_word' id='word_1_48' title='bbox 627 776 895 844; x_wconf 91' lang='lat' dir='ltr'><strong>recipiunt</strong></span> <span class='ocrx_word' id='word_1_49' title='bbox 914 775 1060 830; x_wconf 87' lang='lat' dir='ltr'><strong>illam</strong></span> <span class='ocrx_word' id='word_1_50' title='bbox 1103 774 1582 846; x_wconf 90' lang='lat' dir='ltr'><strong>imprecationem:</strong></span> <span class='ocrx_word' id='word_1_51' title='bbox 1625 793 1642 822; x_wconf 73' lang='grc' dir='ltr'><strong>ι</strong></span> <span class='ocrx_word' id='word_1_52' title='bbox 1681 770 1914 841; x_wconf 86' lang='lat' dir='ltr'><strong>Sanguis</strong></span> <span class='ocrx_word' id='word_1_53' title='bbox 1938 769 2053 839; x_wconf 89' lang='lat' dir='ltr'><strong>ejus</strong></span> 
     </span>
    </p>
   </div>
   <div class='ocr_carea' id='block_1_8' title="bbox 471 860 2054 940">
    <p class='ocr_par' dir='ltr' id='par_1_8' title="bbox 471 860 2054 940">
     <span class='ocr_line' id='line_1_8' title="bbox 471 860 2054 940; baseline -0.007 -15"><span class='ocrx_word' id='word_1_54' title='bbox 471 883 757 940; x_wconf 88' lang='lat' dir='ltr'><strong>supernos</strong></span> <span class='ocrx_word' id='word_1_55' title='bbox 783 876 839 922; x_wconf 92' lang='lat' dir='ltr'><strong>et</strong></span> <span class='ocrx_word' id='word_1_56' title='bbox 867 883 1028 938; x_wconf 77' lang='lat' dir='ltr'><strong>super</strong></span> <span class='ocrx_word' id='word_1_57' title='bbox 1054 866 1194 923; x_wconf 87' lang='lat' dir='ltr'><strong>ﬁlios</strong></span> <span class='ocrx_word' id='word_1_58' title='bbox 1218 876 1436 922; x_wconf 91' lang='lat' dir='ltr'><strong>nostros</strong></span> <span class='ocrx_word' id='word_1_59' title='bbox 1465 864 1691 938; x_wconf 79' lang='lat' dir='ltr'><strong>(Matth.</strong></span> <span class='ocrx_word' id='word_1_60' title='bbox 1721 860 1967 930; x_wconf 68' lang='lat' dir='ltr'><strong>xxvu);»</strong></span> <span class='ocrx_word' id='word_1_61' title='bbox 2000 867 2054 914; x_wconf 91' lang='lat' dir='ltr'><strong>et</strong></span> 
     </span>
    </p>
   </div>
   <div class='ocr_carea' id='block_1_9' title="bbox 472 957 2056 1029">
    <p class='ocr_par' dir='ltr' id='par_1_9' title="bbox 472 957 2056 1029">
     <span class='ocr_line' id='line_1_9' title="bbox 472 957 2056 1029; baseline -0.004 -15"><span class='ocrx_word' id='word_1_62' title='bbox 472 975 579 1015; x_wconf 87' lang='lat' dir='ltr'><strong>non</strong></span> <span class='ocrx_word' id='word_1_63' title='bbox 606 960 778 1015; x_wconf 89' lang='lat' dir='ltr'><strong>solum</strong></span> <span class='ocrx_word' id='word_1_64' title='bbox 798 960 928 1029; x_wconf 83' lang='lat' dir='ltr'><strong>ipsi,</strong></span> <span class='ocrx_word' id='word_1_65' title='bbox 960 961 1054 1015; x_wconf 92' lang='lat' dir='ltr'><strong>sed</strong></span> <span class='ocrx_word' id='word_1_66' title='bbox 1083 967 1138 1016; x_wconf 90' lang='lat' dir='ltr'><strong>et</strong></span> <span class='ocrx_word' id='word_1_67' title='bbox 1161 959 1324 1014; x_wconf 88' lang='lat' dir='ltr'><strong>vicini</strong></span> <span class='ocrx_word' id='word_1_68' title='bbox 1352 964 1406 1011; x_wconf 90' lang='lat' dir='ltr'><strong>et</strong></span> <span class='ocrx_word' id='word_1_69' title='bbox 1441 957 1676 1028; x_wconf 81' lang='lat' dir='ltr'><strong>proximi</strong></span> <span class='ocrx_word' id='word_1_70' title='bbox 1701 971 1915 1020; x_wconf 90' lang='lat' dir='ltr'><strong>eorum,</strong></span> <span class='ocrx_word' id='word_1_71' title='bbox 1940 969 2056 1008; x_wconf 86' lang='lat' dir='ltr'><strong>om-</strong></span> 
     </span>
    </p>
   </div>
   <div class='ocr_carea' id='block_1_10' title="bbox 474 1047 2056 1122">
    <p class='ocr_par' dir='ltr' id='par_1_10' title="bbox 474 1047 2056 1122">
     <span class='ocr_line' id='line_1_10' title="bbox 474 1047 2056 1122; baseline -0.004 -15"><span class='ocrx_word' id='word_1_72' title='bbox 474 1067 573 1107; x_wconf 89' lang='lat' dir='ltr'><strong>nes</strong></span> <span class='ocrx_word' id='word_1_73' title='bbox 601 1052 694 1122; x_wconf 90' lang='lat' dir='ltr'><strong>qui</strong></span> <span class='ocrx_word' id='word_1_74' title='bbox 733 1051 932 1122; x_wconf 80' lang='lat' dir='ltr'><strong>Legem</strong></span> <span class='ocrx_word' id='word_1_75' title='bbox 965 1061 1020 1106; x_wconf 92' lang='lat' dir='ltr'><strong>et</strong></span> <span class='ocrx_word' id='word_1_76' title='bbox 1059 1050 1355 1121; x_wconf 73' lang='lat' dir='ltr'><strong>prophetas</strong></span> <span class='ocrx_word' id='word_1_77' title='bbox 1392 1057 1693 1120; x_wconf 87' lang='lat' dir='ltr'><strong>sequuntur</strong></span> <span class='ocrx_word' id='word_1_78' title='bbox 1719 1049 1875 1118; x_wconf 87' lang='lat' dir='ltr'><strong>juxta</strong></span> <span class='ocrx_word' id='word_1_79' title='bbox 1912 1047 2056 1102; x_wconf 87' lang='lat' dir='ltr'><strong>occi-</strong></span> 
     </span>
    </p>
   </div>
   <div class='ocr_carea' id='block_1_11' title="bbox 476 1141 2052 1214">
    <p class='ocr_par' dir='ltr' id='par_1_11' title="bbox 476 1141 2052 1214">
     <span class='ocr_line' id='line_1_11' title="bbox 476 1141 2052 1214; baseline -0.004 -14"><span class='ocrx_word' id='word_1_80' title='bbox 476 1148 692 1201; x_wconf 77' lang='lat' dir='ltr'><strong>dentem</strong></span> <span class='ocrx_word' id='word_1_81' title='bbox 717 1145 976 1212; x_wconf 74' lang='lat' dir='ltr'><strong>litteram,</strong></span> <span class='ocrx_word' id='word_1_82' title='bbox 1011 1153 1067 1200; x_wconf 91' lang='lat' dir='ltr'><strong>et</strong></span> <span class='ocrx_word' id='word_1_83' title='bbox 1086 1161 1193 1200; x_wconf 91' lang='lat' dir='ltr'><strong>non</strong></span> <span class='ocrx_word' id='word_1_84' title='bbox 1209 1143 1365 1214; x_wconf 93' lang='lat' dir='ltr'><strong>juxta</strong></span> <span class='ocrx_word' id='word_1_85' title='bbox 1397 1142 1646 1212; x_wconf 88' lang='lat' dir='ltr'><strong>spiritum</strong></span> <span class='ocrx_word' id='word_1_86' title='bbox 1668 1141 2052 1206; x_wconf 76' lang='lat' dir='ltr'><strong>vivificantem,</strong></span> 
     </span>
    </p>
   </div>
   <div class='ocr_carea' id='block_1_12' title="bbox 471 1232 2050 1307">
    <p class='ocr_par' dir='ltr' id='par_1_12' title="bbox 471 1232 2050 1307">
     <span class='ocr_line' id='line_1_12' title="bbox 471 1232 2050 1307; baseline -0.006 -15"><span class='ocrx_word' id='word_1_87' title='bbox 471 1246 525 1291; x_wconf 89' lang='lat' dir='ltr'><strong>et</strong></span> <span class='ocrx_word' id='word_1_88' title='bbox 546 1251 734 1292; x_wconf 90' lang='lat' dir='ltr'><strong>omnes</strong></span> <span class='ocrx_word' id='word_1_89' title='bbox 759 1237 965 1306; x_wconf 91' lang='lat' dir='ltr'><strong>pariter</strong></span> <span class='ocrx_word' id='word_1_90' title='bbox 985 1235 1261 1307; x_wconf 83' lang='lat' dir='ltr'><strong>peribunt.</strong></span> <span class='ocrx_word' id='word_1_91' title='bbox 1291 1234 1416 1305; x_wconf 85' lang='lat' dir='ltr'><strong>quia</strong></span> <span class='ocrx_word' id='word_1_92' title='bbox 1441 1232 1646 1303; x_wconf 88' lang='lat' dir='ltr'><strong>pariter</strong></span> <span class='ocrx_word' id='word_1_93' title='bbox 1673 1238 2050 1301; x_wconf 89' lang='lat' dir='ltr'><strong>peccaverunt.</strong></span> 
     </span>
    </p>
   </div>
   <div class='ocr_carea' id='block_1_13' title="bbox 545 1316 2054 1395">
    <p class='ocr_par' dir='ltr' id='par_1_13' title="bbox 545 1316 2054 1395">
     <span class='ocr_line' id='line_1_13' title="bbox 545 1316 2054 1395; baseline -0.003 -15"><span class='ocrx_word' id='word_1_94' title='bbox 545 1349 564 1380; x_wconf 84' lang='grc'><em>‹</em></span> <span class='ocrx_word' id='word_1_95' title='bbox 582 1329 726 1384; x_wconf 68' lang='lat' dir='ltr'><strong>.ﬂmc</strong></span> <span class='ocrx_word' id='word_1_96' title='bbox 755 1316 882 1384; x_wconf 82' lang='lat' dir='ltr'><strong>dicit</strong></span> <span class='ocrx_word' id='word_1_97' title='bbox 911 1327 1169 1383; x_wconf 91' lang='lat' dir='ltr'><strong>Dominus</strong></span> <span class='ocrx_word' id='word_1_98' title='bbox 1193 1345 1206 1381; x_wconf 92' lang='lat'><strong>:</strong></span> <span class='ocrx_word' id='word_1_99' title='bbox 1238 1326 1380 1382; x_wconf 85' lang='lat' dir='ltr'><strong>Ecce</strong></span> <span class='ocrx_word' id='word_1_100' title='bbox 1403 1324 1632 1395; x_wconf 93' lang='lat' dir='ltr'><strong>populus</strong></span> <span class='ocrx_word' id='word_1_101' title='bbox 1649 1323 1800 1378; x_wconf 85' lang='lat' dir='ltr'><strong>venit</strong></span> <span class='ocrx_word' id='word_1_102' title='bbox 1819 1322 1884 1376; x_wconf 87' lang='lat' dir='ltr'><strong>de</strong></span> <span class='ocrx_word' id='word_1_103' title='bbox 1904 1331 2054 1376; x_wconf 87' lang='lat' dir='ltr'><strong>terra</strong></span> 
     </span>
    </p>
   </div>
   <div class='ocr_carea' id='block_1_14' title="bbox 474 1414 2050 1492">
    <p class='ocr_par' dir='ltr' id='par_1_14' title="bbox 474 1414 2050 1492">
     <span class='ocr_line' id='line_1_14' title="bbox 474 1414 2050 1492; baseline -0.005 -17"><span class='ocrx_word' id='word_1_104' title='bbox 474 1443 491 1474; x_wconf 73' lang='grc' dir='ltr'><strong>ι</strong></span> <span class='ocrx_word' id='word_1_105' title='bbox 522 1422 822 1492; x_wconf 87' lang='lat' dir='ltr'><strong>Aquilonis,</strong></span> <span class='ocrx_word' id='word_1_106' title='bbox 841 1429 896 1476; x_wconf 90' lang='lat' dir='ltr'><strong>et</strong></span> <span class='ocrx_word' id='word_1_107' title='bbox 916 1436 1048 1490; x_wconf 87' lang='lat' dir='ltr'><strong>gens</strong></span> <span class='ocrx_word' id='word_1_108' title='bbox 1068 1434 1266 1488; x_wconf 87' lang='lat' dir='ltr'><strong>magna</strong></span> <span class='ocrx_word' id='word_1_109' title='bbox 1289 1423 1578 1486; x_wconf 84' lang='lat' dir='ltr'><strong>consurget</strong></span> <span class='ocrx_word' id='word_1_110' title='bbox 1600 1431 1630 1469; x_wconf 93' lang='lat' dir='ltr'><strong>a</strong></span> <span class='ocrx_word' id='word_1_111' title='bbox 1653 1414 1851 1469; x_wconf 91' lang='lat' dir='ltr'><strong>ﬁnibus</strong></span> <span class='ocrx_word' id='word_1_112' title='bbox 1873 1422 2050 1469; x_wconf 70' lang='lat' dir='ltr'><strong>terrm.</strong></span> 
     </span>
    </p>
   </div>
   <div class='ocr_carea' id='block_1_15' title="bbox 474 1508 2055 1586">
    <p class='ocr_par' dir='ltr' id='par_1_15' title="bbox 474 1508 2055 1586">
     <span class='ocr_line' id='line_1_15' title="bbox 474 1508 2055 1586; baseline -0.001 -20"><span class='ocrx_word' id='word_1_113' title='bbox 474 1533 493 1566; x_wconf 77' lang='grc' dir='ltr'><strong>ι</strong></span> <span class='ocrx_word' id='word_1_114' title='bbox 523 1514 788 1586; x_wconf 79' lang='lat' dir='ltr'><strong>Sagittam</strong></span> <span class='ocrx_word' id='word_1_115' title='bbox 807 1523 862 1570; x_wconf 81' lang='lat' dir='ltr'><strong>et</strong></span> <span class='ocrx_word' id='word_1_116' title='bbox 876 1523 1086 1570; x_wconf 88' lang='lat' dir='ltr'><strong>scutum</strong></span> <span class='ocrx_word' id='word_1_117' title='bbox 1102 1514 1228 1585; x_wconf 86' lang='lat' dir='ltr'><strong>(sive</strong></span> <span class='ocrx_word' id='word_1_118' title='bbox 1251 1508 1840 1582; x_wconf 87' lang='lat' dir='ltr'><strong>zebynnam)arripiet:</strong></span> <span class='ocrx_word' id='word_1_119' title='bbox 1863 1511 2055 1565; x_wconf 84' lang='lat' dir='ltr'><strong>crude-</strong></span> 
     </span>
    </p>
   </div>
   <div class='ocr_carea' id='block_1_16' title="bbox 475 1598 2054 1676">
    <p class='ocr_par' dir='ltr' id='par_1_16' title="bbox 475 1598 2054 1676">
     <span class='ocr_line' id='line_1_16' title="bbox 475 1598 2054 1676; baseline -0.001 -20"><span class='ocrx_word' id='word_1_120' title='bbox 475 1623 492 1656; x_wconf 74' lang='grc' dir='ltr'><strong>ι</strong></span> <span class='ocrx_word' id='word_1_121' title='bbox 529 1605 596 1660; x_wconf 92' lang='lat' dir='ltr'><strong>lis</strong></span> <span class='ocrx_word' id='word_1_122' title='bbox 617 1613 700 1659; x_wconf 90' lang='lat' dir='ltr'><strong>est</strong></span> <span class='ocrx_word' id='word_1_123' title='bbox 726 1604 824 1676; x_wconf 84' lang='lat' dir='ltr'><strong>(vel</strong></span> <span class='ocrx_word' id='word_1_124' title='bbox 853 1601 1254 1675; x_wconf 89' lang='lat' dir='ltr'><strong>impudens,)et</strong></span> <span class='ocrx_word' id='word_1_125' title='bbox 1281 1616 1387 1655; x_wconf 91' lang='lat' dir='ltr'><strong>non</strong></span> <span class='ocrx_word' id='word_1_126' title='bbox 1421 1598 1783 1654; x_wconf 90' lang='lat' dir='ltr'><strong>miserebitur.</strong></span> <span class='ocrx_word' id='word_1_127' title='bbox 1800 1598 1915 1654; x_wconf 81' lang='lat' dir='ltr'><strong>Vox</strong></span> <span class='ocrx_word' id='word_1_128' title='bbox 1936 1598 2054 1667; x_wconf 83' lang='lat' dir='ltr'><strong>ejus</strong></span> 
     </span>
    </p>
   </div>
   <div class='ocr_carea' id='block_1_17' title="bbox 473 1692 2050 1768">
    <p class='ocr_par' dir='ltr' id='par_1_17' title="bbox 473 1692 2050 1768">
     <span class='ocr_line' id='line_1_17' title="bbox 473 1692 2050 1768; baseline -0.003 -20"><span class='ocrx_word' id='word_1_129' title='bbox 473 1715 491 1748; x_wconf 86' lang='grc'><strong><em>‹</em></strong></span> <span class='ocrx_word' id='word_1_130' title='bbox 529 1699 681 1768; x_wconf 89' lang='lat' dir='ltr'><strong>quasi</strong></span> <span class='ocrx_word' id='word_1_131' title='bbox 700 1711 850 1751; x_wconf 91' lang='lat' dir='ltr'><strong>mare</strong></span> <span class='ocrx_word' id='word_1_132' title='bbox 873 1696 1105 1760; x_wconf 91' lang='lat' dir='ltr'><strong>sonabit,</strong></span> <span class='ocrx_word' id='word_1_133' title='bbox 1121 1703 1176 1749; x_wconf 91' lang='lat' dir='ltr'><strong>et</strong></span> <span class='ocrx_word' id='word_1_134' title='bbox 1189 1707 1350 1764; x_wconf 85' lang='lat' dir='ltr'><strong>super</strong></span> <span class='ocrx_word' id='word_1_135' title='bbox 1364 1707 1535 1762; x_wconf 87' lang='lat' dir='ltr'><strong>equos</strong></span> <span class='ocrx_word' id='word_1_136' title='bbox 1549 1692 1823 1757; x_wconf 88' lang='lat' dir='ltr'><strong>ascendet,</strong></span> <span class='ocrx_word' id='word_1_137' title='bbox 1838 1706 2050 1761; x_wconf 62' lang='lat' dir='ltr'><strong>praepa-</strong></span> 
     </span>
    </p>
   </div>
   <div class='ocr_carea' id='block_1_18' title="bbox 473 1784 2044 1861">
    <p class='ocr_par' dir='ltr' id='par_1_18' title="bbox 473 1784 2044 1861">
     <span class='ocr_line' id='line_1_18' title="bbox 473 1784 2044 1861; baseline -0.004 -18"><span class='ocrx_word' id='word_1_138' title='bbox 473 1810 492 1843; x_wconf 87' lang='grc'><strong>‹</strong></span> <span class='ocrx_word' id='word_1_139' title='bbox 532 1793 634 1846; x_wconf 89' lang='lat' dir='ltr'><strong>rati</strong></span> <span class='ocrx_word' id='word_1_140' title='bbox 664 1791 820 1861; x_wconf 90' lang='lat' dir='ltr'><strong>quasi</strong></span> <span class='ocrx_word' id='word_1_141' title='bbox 838 1791 924 1845; x_wconf 89' lang='lat' dir='ltr'><strong>vir</strong></span> <span class='ocrx_word' id='word_1_142' title='bbox 944 1790 1008 1845; x_wconf 92' lang='lat' dir='ltr'><strong>ad</strong></span> <span class='ocrx_word' id='word_1_143' title='bbox 1031 1788 1276 1860; x_wconf 63' lang='lat' dir='ltr'><strong>praelium</strong></span> <span class='ocrx_word' id='word_1_144' title='bbox 1299 1786 1587 1842; x_wconf 90' lang='lat' dir='ltr'><strong>adversum</strong></span> <span class='ocrx_word' id='word_1_145' title='bbox 1617 1793 1690 1852; x_wconf 90' lang='lat' dir='ltr'><strong>te,</strong></span> <span class='ocrx_word' id='word_1_146' title='bbox 1709 1785 1817 1840; x_wconf 91' lang='lat' dir='ltr'><strong>ﬁlia</strong></span> <span class='ocrx_word' id='word_1_147' title='bbox 1839 1784 1990 1840; x_wconf 89' lang='lat' dir='ltr'><strong>Sion.</strong></span> <span class='ocrx_word' id='word_1_148' title='bbox 2026 1805 2044 1836; x_wconf 73' lang='grc' dir='ltr'><strong>ι</strong></span> 
     </span>
    </p>
   </div>
   <div class='ocr_carea' id='block_1_19' title="bbox 467 1879 2053 1953">
    <p class='ocr_par' dir='ltr' id='par_1_19' title="bbox 467 1879 2053 1953">
     <span class='ocr_line' id='line_1_19' title="bbox 467 1879 2053 1953; baseline -0.003 -15"><span class='ocrx_word' id='word_1_149' title='bbox 467 1881 692 1953; x_wconf 88' lang='lat' dir='ltr'><strong>Proprie</strong></span> <span class='ocrx_word' id='word_1_150' title='bbox 720 1883 823 1938; x_wconf 90' lang='lat' dir='ltr'><strong>hoc</strong></span> <span class='ocrx_word' id='word_1_151' title='bbox 851 1882 916 1936; x_wconf 91' lang='lat' dir='ltr'><strong>de</strong></span> <span class='ocrx_word' id='word_1_152' title='bbox 944 1880 1253 1953; x_wconf 86' lang='lat' dir='ltr'><strong>Babyloniis</strong></span> <span class='ocrx_word' id='word_1_153' title='bbox 1279 1881 1635 1949; x_wconf 90' lang='lat' dir='ltr'><strong>prophetatur</strong></span> <span class='ocrx_word' id='word_1_154' title='bbox 1653 1919 1667 1944; x_wconf 96' lang='lat'><strong>,</strong></span> <span class='ocrx_word' id='word_1_155' title='bbox 1703 1880 1797 1950; x_wconf 88' lang='lat' dir='ltr'><strong>qui</strong></span> <span class='ocrx_word' id='word_1_156' title='bbox 1840 1879 2053 1934; x_wconf 89' lang='lat' dir='ltr'><strong>venturi</strong></span> 
     </span>
    </p>
   </div>
   <div class='ocr_carea' id='block_1_20' title="bbox 466 1969 2054 2042">
    <p class='ocr_par' dir='ltr' id='par_1_20' title="bbox 466 1969 2054 2042">
     <span class='ocr_line' id='line_1_20' title="bbox 466 1969 2054 2042; baseline -0.003 -14"><span class='ocrx_word' id='word_1_157' title='bbox 466 1980 593 2029; x_wconf 89' lang='lat' dir='ltr'><strong>sunt</strong></span> <span class='ocrx_word' id='word_1_158' title='bbox 611 1981 798 2028; x_wconf 90' lang='lat' dir='ltr'><strong>contra</strong></span> <span class='ocrx_word' id='word_1_159' title='bbox 819 1971 1074 2042; x_wconf 90' lang='lat' dir='ltr'><strong>p0pulum</strong></span> <span class='ocrx_word' id='word_1_160' title='bbox 1100 1969 1434 2026; x_wconf 82' lang='lat' dir='ltr'><strong>Hierusalem</strong></span> <span class='ocrx_word' id='word_1_161' title='bbox 1455 1987 1466 2023; x_wconf 94' lang='lat'><strong>:</strong></span> <span class='ocrx_word' id='word_1_162' title='bbox 1495 1979 1552 2024; x_wconf 89' lang='lat' dir='ltr'><strong>et</strong></span> <span class='ocrx_word' id='word_1_163' title='bbox 1569 1970 1746 2024; x_wconf 89' lang='lat' dir='ltr'><strong>omnis</strong></span> <span class='ocrx_word' id='word_1_164' title='bbox 1767 1979 2054 2024; x_wconf 69' lang='lat' dir='ltr'><strong>armatum</strong></span> 
     </span>
    </p>
   </div>
   <div class='ocr_carea' id='block_1_21' title="bbox 469 2060 2052 2132">
    <p class='ocr_par' dir='ltr' id='par_1_21' title="bbox 469 2060 2052 2132">
     <span class='ocr_line' id='line_1_21' title="bbox 469 2060 2052 2132; baseline -0.003 -12"><span class='ocrx_word' id='word_1_165' title='bbox 469 2064 604 2120; x_wconf 78' lang='lat' dir='ltr'><strong>crdo</strong></span> <span class='ocrx_word' id='word_1_166' title='bbox 645 2063 1001 2128; x_wconf 86' lang='lat' dir='ltr'><strong>describitur,</strong></span> <span class='ocrx_word' id='word_1_167' title='bbox 1049 2071 1102 2118; x_wconf 90' lang='lat' dir='ltr'><strong>et</strong></span> <span class='ocrx_word' id='word_1_168' title='bbox 1131 2063 1364 2132; x_wconf 85' lang='lat' dir='ltr'><strong>impetus</strong></span> <span class='ocrx_word' id='word_1_169' title='bbox 1393 2060 1787 2132; x_wconf 66' lang='lat' dir='ltr'><strong>prazliantium,</strong></span> <span class='ocrx_word' id='word_1_170' title='bbox 1821 2069 1878 2114; x_wconf 91' lang='lat' dir='ltr'><strong>ut</strong></span> <span class='ocrx_word' id='word_1_171' title='bbox 1904 2061 2052 2116; x_wconf 85' lang='lat' dir='ltr'><strong>vocis</strong></span> 
     </span>
    </p>
   </div>
   <div class='ocr_carea' id='block_1_22' title="bbox 469 2153 2053 2227">
    <p class='ocr_par' dir='ltr' id='par_1_22' title="bbox 469 2153 2053 2227">
     <span class='ocr_line' id='line_1_22' title="bbox 469 2153 2053 2227; baseline -0.004 -14"><span class='ocrx_word' id='word_1_172' title='bbox 469 2166 676 2213; x_wconf 89' lang='lat' dir='ltr'><strong>terrore</strong></span> <span class='ocrx_word' id='word_1_173' title='bbox 713 2156 960 2212; x_wconf 90' lang='lat' dir='ltr'><strong>concussi</strong></span> <span class='ocrx_word' id='word_1_174' title='bbox 989 2163 1150 2227; x_wconf 84' lang='lat' dir='ltr'><strong>agant</strong></span> <span class='ocrx_word' id='word_1_175' title='bbox 1176 2153 1551 2223; x_wconf 79' lang='lat' dir='ltr'><strong>pcenitentiam</strong></span> <span class='ocrx_word' id='word_1_176' title='bbox 1572 2193 1587 2220; x_wconf 95' lang='lat'><strong>,</strong></span> <span class='ocrx_word' id='word_1_177' title='bbox 1618 2161 1673 2207; x_wconf 89' lang='lat' dir='ltr'><strong>et</strong></span> <span class='ocrx_word' id='word_1_178' title='bbox 1699 2153 2053 2208; x_wconf 88' lang='lat' dir='ltr'><strong>clementissi-</strong></span> 
     </span>
    </p>
   </div>
   <div class='ocr_carea' id='block_1_23' title="bbox 468 2244 2054 2318">
    <p class='ocr_par' dir='ltr' id='par_1_23' title="bbox 468 2244 2054 2318">
     <span class='ocr_line' id='line_1_23' title="bbox 468 2244 2054 2318; baseline -0.003 -16"><span class='ocrx_word' id='word_1_179' title='bbox 468 2264 614 2302; x_wconf 90' lang='lat' dir='ltr'><strong>mum</strong></span> <span class='ocrx_word' id='word_1_180' title='bbox 655 2247 868 2318; x_wconf 87' lang='lat' dir='ltr'><strong>placent</strong></span> <span class='ocrx_word' id='word_1_181' title='bbox 914 2246 1105 2301; x_wconf 92' lang='lat' dir='ltr'><strong>Deum.</strong></span> <span class='ocrx_word' id='word_1_182' title='bbox 1157 2245 1396 2314; x_wconf 88' lang='lat' dir='ltr'><strong>Denique</strong></span> <span class='ocrx_word' id='word_1_183' title='bbox 1440 2244 1533 2298; x_wconf 92' lang='lat' dir='ltr'><strong>dat</strong></span> <span class='ocrx_word' id='word_1_184' title='bbox 1575 2245 1918 2299; x_wconf 86' lang='lat' dir='ltr'><strong>occasionem</strong></span> <span class='ocrx_word' id='word_1_185' title='bbox 1964 2260 2054 2299; x_wconf 89' lang='lat' dir='ltr'><strong>ro-</strong></span> 
     </span>
    </p>
   </div>
   <div class='ocr_carea' id='block_1_24' title="bbox 465 2326 2046 2411">
    <p class='ocr_par' dir='ltr' id='par_1_24' title="bbox 465 2326 2046 2411">
     <span class='ocr_line' id='line_1_24' title="bbox 465 2326 2046 2411; baseline -0.001 -17"><span class='ocrx_word' id='word_1_186' title='bbox 465 2340 646 2411; x_wconf 86' lang='lat' dir='ltr'><strong>gandi,</strong></span> <span class='ocrx_word' id='word_1_187' title='bbox 673 2338 797 2392; x_wconf 93' lang='lat' dir='ltr'><strong>dum</strong></span> <span class='ocrx_word' id='word_1_188' title='bbox 826 2338 974 2404; x_wconf 86' lang='lat' dir='ltr'><strong>dicit,</strong></span> <span class='ocrx_word' id='word_1_189' title='bbox 1005 2356 1024 2389; x_wconf 80' lang='grc'><strong>(</strong></span> <span class='ocrx_word' id='word_1_190' title='bbox 1054 2339 1340 2393; x_wconf 89' lang='lat' dir='ltr'><strong>adversum</strong></span> <span class='ocrx_word' id='word_1_191' title='bbox 1370 2345 1443 2402; x_wconf 87' lang='lat' dir='ltr'><strong>te,</strong></span> <span class='ocrx_word' id='word_1_192' title='bbox 1469 2335 1577 2390; x_wconf 90' lang='lat' dir='ltr'><strong>ﬁlia</strong></span> <span class='ocrx_word' id='word_1_193' title='bbox 1603 2326 1752 2391; x_wconf 78' lang='lat' dir='ltr'><strong>SiOn.</strong></span> <span class='ocrx_word' id='word_1_194' title='bbox 1787 2357 1806 2388; x_wconf 71' lang='grc' dir='ltr'><strong>ι</strong></span> <span class='ocrx_word' id='word_1_195' title='bbox 1844 2336 2046 2392; x_wconf 86' lang='lat' dir='ltr'><strong>Possu-</strong></span> 
     </span>
    </p>
   </div>
   <div class='ocr_carea' id='block_1_25' title="bbox 463 2427 2048 2498">
    <p class='ocr_par' dir='ltr' id='par_1_25' title="bbox 463 2427 2048 2498">
     <span class='ocr_line' id='line_1_25' title="bbox 463 2427 2048 2498; baseline -0.003 -14"><span class='ocrx_word' id='word_1_196' title='bbox 463 2445 586 2485; x_wconf 90' lang='lat' dir='ltr'><strong>mus</strong></span> <span class='ocrx_word' id='word_1_197' title='bbox 629 2429 733 2484; x_wconf 90' lang='lat' dir='ltr'><strong>hoc</strong></span> <span class='ocrx_word' id='word_1_198' title='bbox 775 2429 1086 2485; x_wconf 89' lang='lat' dir='ltr'><strong>testimonio</strong></span> <span class='ocrx_word' id='word_1_199' title='bbox 1139 2428 1284 2483; x_wconf 87' lang='lat' dir='ltr'><strong>abuti</strong></span> <span class='ocrx_word' id='word_1_200' title='bbox 1332 2427 1723 2498; x_wconf 87' lang='lat' dir='ltr'><strong>persecutionis</strong></span> <span class='ocrx_word' id='word_1_201' title='bbox 1773 2437 2048 2497; x_wconf 87' lang='lat' dir='ltr'><strong>tempore,</strong></span> 
     </span>
    </p>
   </div>
   <div class='ocr_carea' id='block_1_26' title="bbox 463 2521 2051 2593">
    <p class='ocr_par' dir='ltr' id='par_1_26' title="bbox 463 2521 2051 2593">
     <span class='ocr_line' id='line_1_26' title="bbox 463 2521 2051 2593; baseline -0.002 -15"><span class='ocrx_word' id='word_1_202' title='bbox 463 2524 680 2593; x_wconf 89' lang='lat' dir='ltr'><strong>quando</strong></span> <span class='ocrx_word' id='word_1_203' title='bbox 704 2524 880 2579; x_wconf 91' lang='lat' dir='ltr'><strong>omnis</strong></span> <span class='ocrx_word' id='word_1_204' title='bbox 907 2525 1196 2578; x_wconf 91' lang='lat' dir='ltr'><strong>adversum</strong></span> <span class='ocrx_word' id='word_1_205' title='bbox 1222 2538 1320 2576; x_wconf 90' lang='lat' dir='ltr'><strong>nos</strong></span> <span class='ocrx_word' id='word_1_206' title='bbox 1355 2521 1554 2578; x_wconf 90' lang='lat' dir='ltr'><strong>diaboli</strong></span> <span class='ocrx_word' id='word_1_207' title='bbox 1599 2521 1776 2576; x_wconf 88' lang='lat' dir='ltr'><strong>rabies</strong></span> <span class='ocrx_word' id='word_1_208' title='bbox 1813 2521 2051 2577; x_wconf 90' lang='lat' dir='ltr'><strong>concita-</strong></span> 
     </span>
    </p>
   </div>
   <div class='ocr_carea' id='block_1_27' title="bbox 462 2614 2050 2686">
    <p class='ocr_par' dir='ltr' id='par_1_27' title="bbox 462 2614 2050 2686">
     <span class='ocr_line' id='line_1_27' title="bbox 462 2614 2050 2686; baseline 0.001 -17"><span class='ocrx_word' id='word_1_209' title='bbox 462 2624 574 2681; x_wconf 88' lang='lat' dir='ltr'><strong>tur,</strong></span> <span class='ocrx_word' id='word_1_210' title='bbox 597 2615 846 2686; x_wconf 91' lang='lat' dir='ltr'><strong>nullaque</strong></span> <span class='ocrx_word' id='word_1_211' title='bbox 870 2615 1241 2671; x_wconf 87' lang='lat' dir='ltr'><strong>misericordia</strong></span> <span class='ocrx_word' id='word_1_212' title='bbox 1267 2625 1378 2681; x_wconf 88' lang='lat' dir='ltr'><strong>est;</strong></span> <span class='ocrx_word' id='word_1_213' title='bbox 1414 2623 1469 2670; x_wconf 88' lang='lat' dir='ltr'><strong>et</strong></span> <span class='ocrx_word' id='word_1_214' title='bbox 1498 2614 1654 2684; x_wconf 89' lang='lat' dir='ltr'><strong>quasi</strong></span> <span class='ocrx_word' id='word_1_215' title='bbox 1683 2614 2050 2671; x_wconf 87' lang='lat' dir='ltr'><strong>vehementis-</strong></span> 
     </span>
    </p>
   </div>
   <div class='ocr_carea' id='block_1_28' title="bbox 467 2705 1813 2777">
    <p class='ocr_par' dir='ltr' id='par_1_28' title="bbox 467 2705 1813 2777">
     <span class='ocr_line' id='line_1_28' title="bbox 467 2705 1813 2777; baseline -0.001 -15"><span class='ocrx_word' id='word_1_216' title='bbox 467 2707 589 2762; x_wconf 89' lang='lat' dir='ltr'><strong>simi</strong></span> <span class='ocrx_word' id='word_1_217' title='bbox 619 2707 784 2762; x_wconf 91' lang='lat' dir='ltr'><strong>maris</strong></span> <span class='ocrx_word' id='word_1_218' title='bbox 805 2706 1021 2774; x_wconf 88' lang='lat' dir='ltr'><strong>ﬂuctus,</strong></span> <span class='ocrx_word' id='word_1_219' title='bbox 1045 2708 1119 2762; x_wconf 90' lang='lat' dir='ltr'><strong>ita</strong></span> <span class='ocrx_word' id='word_1_220' title='bbox 1145 2707 1458 2777; x_wconf 90' lang='lat' dir='ltr'><strong>opprimunt</strong></span> <span class='ocrx_word' id='word_1_221' title='bbox 1479 2705 1813 2761; x_wconf 88' lang='lat' dir='ltr'><strong>resistentes.</strong></span> 
     </span>
    </p>
   </div>
   <div class='ocr_carea' id='block_1_29' title="bbox 537 2794 2051 2867">
    <p class='ocr_par' dir='ltr' id='par_1_29' title="bbox 537 2794 2051 2867">
     <span class='ocr_line' id='line_1_29' title="bbox 537 2794 2051 2867; baseline 0.002 -19"><span class='ocrx_word' id='word_1_222' title='bbox 537 2813 558 2847; x_wconf 73' lang='grc' dir='ltr'><strong>ι</strong></span> <span class='ocrx_word' id='word_1_223' title='bbox 591 2794 907 2851; x_wconf 87' lang='lat' dir='ltr'><strong>Audivimus</strong></span> <span class='ocrx_word' id='word_1_224' title='bbox 950 2796 1150 2851; x_wconf 82' lang='lat' dir='ltr'><strong>famam</strong></span> <span class='ocrx_word' id='word_1_225' title='bbox 1197 2797 1345 2867; x_wconf 92' lang='lat' dir='ltr'><strong>ejus,</strong></span> <span class='ocrx_word' id='word_1_226' title='bbox 1387 2795 1664 2851; x_wconf 68' lang='lat' dir='ltr'><strong>dissolutae</strong></span> <span class='ocrx_word' id='word_1_227' title='bbox 1702 2805 1828 2851; x_wconf 91' lang='lat' dir='ltr'><strong>sunt</strong></span> <span class='ocrx_word' id='word_1_228' title='bbox 1856 2811 2051 2853; x_wconf 77' lang='lat' dir='ltr'><strong>manus</strong></span> 
     </span>
    </p>
   </div>
   <div class='ocr_carea' id='block_1_30' title="bbox 468 2888 2051 2959">
    <p class='ocr_par' dir='ltr' id='par_1_30' title="bbox 468 2888 2051 2959">
     <span class='ocr_line' id='line_1_30' title="bbox 468 2888 2051 2959; baseline 0.003 -19"><span class='ocrx_word' id='word_1_229' title='bbox 468 2907 487 2939; x_wconf 71' lang='grc' dir='ltr'><strong>ε</strong></span> <span class='ocrx_word' id='word_1_230' title='bbox 523 2897 743 2943; x_wconf 66' lang='lat' dir='ltr'><strong>nostrai.</strong></span> <span class='ocrx_word' id='word_1_231' title='bbox 776 2888 1074 2944; x_wconf 88' lang='lat' dir='ltr'><strong>Tribulatio</strong></span> <span class='ocrx_word' id='word_1_232' title='bbox 1103 2888 1458 2959; x_wconf 88' lang='lat' dir='ltr'><strong>apprehendit</strong></span> <span class='ocrx_word' id='word_1_233' title='bbox 1491 2903 1591 2944; x_wconf 92' lang='lat' dir='ltr'><strong>nos</strong></span> <span class='ocrx_word' id='word_1_234' title='bbox 1612 2928 1627 2953; x_wconf 92' lang='lat'><strong>,</strong></span> <span class='ocrx_word' id='word_1_235' title='bbox 1652 2888 1868 2945; x_wconf 90' lang='lat' dir='ltr'><strong>dolores</strong></span> <span class='ocrx_word' id='word_1_236' title='bbox 1893 2889 2051 2959; x_wconf 90' lang='lat' dir='ltr'><strong>quasi</strong></span> 
     </span>
    </p>
   </div>
   <div class='ocr_carea' id='block_1_31' title="bbox 431 2983 2046 3056">
    <p class='ocr_par' dir='ltr' id='par_1_31' title="bbox 431 2983 2046 3056">
     <span class='ocr_line' id='line_1_31' title="bbox 431 2983 2046 3056; baseline 0.005 -24"><span class='ocrx_word' id='word_1_237' title='bbox 431 2983 440 2990; x_wconf 90' lang='lat'>&#39;</span> <span class='ocrx_word' id='word_1_238' title='bbox 468 3001 486 3032; x_wconf 70' lang='grc' dir='ltr'><strong>ι</strong></span> <span class='ocrx_word' id='word_1_239' title='bbox 521 2983 892 3052; x_wconf 86' lang='lat' dir='ltr'><strong>parturientis.</strong></span> <span class='ocrx_word' id='word_1_240' title='bbox 943 3004 961 3036; x_wconf 74' lang='grc' dir='ltr'><strong>ι</strong></span> <span class='ocrx_word' id='word_1_241' title='bbox 1009 2983 1307 3054; x_wconf 86' lang='lat' dir='ltr'><strong>Respondit</strong></span> <span class='ocrx_word' id='word_1_242' title='bbox 1333 2983 1560 3054; x_wconf 90' lang='lat' dir='ltr'><strong>populus</strong></span> <span class='ocrx_word' id='word_1_243' title='bbox 1581 3025 1594 3049; x_wconf 94' lang='lat'><strong>,</strong></span> <span class='ocrx_word' id='word_1_244' title='bbox 1627 2985 1712 3039; x_wconf 91' lang='lat' dir='ltr'><strong>cui</strong></span> <span class='ocrx_word' id='word_1_245' title='bbox 1738 2986 2046 3056; x_wconf 80' lang='lat' dir='ltr'><strong>propheta,</strong></span> 
     </span>
    </p>
   </div>
   <div class='ocr_carea' id='block_1_32' title="bbox 465 3073 2049 3147">
    <p class='ocr_par' dir='ltr' id='par_1_32' title="bbox 465 3073 2049 3147">
     <span class='ocr_line' id='line_1_32' title="bbox 465 3073 2049 3147; baseline 0.005 -21"><span class='ocrx_word' id='word_1_246' title='bbox 465 3073 576 3127; x_wconf 91' lang='lat' dir='ltr'><strong>imo</strong></span> <span class='ocrx_word' id='word_1_247' title='bbox 599 3088 696 3144; x_wconf 92' lang='lat' dir='ltr'><strong>per</strong></span> <span class='ocrx_word' id='word_1_248' title='bbox 722 3075 1042 3144; x_wconf 87' lang='lat' dir='ltr'><strong>prophetam</strong></span> <span class='ocrx_word' id='word_1_249' title='bbox 1067 3076 1328 3131; x_wconf 90' lang='lat' dir='ltr'><strong>Dominus</strong></span> <span class='ocrx_word' id='word_1_250' title='bbox 1354 3075 1665 3147; x_wconf 88' lang='lat' dir='ltr'><strong>Babyloniis</strong></span> <span class='ocrx_word' id='word_1_251' title='bbox 1689 3079 2049 3135; x_wconf 83' lang='lat' dir='ltr'><strong>comminatus</strong></span> 
     </span>
    </p>
   </div>
   <div class='ocr_carea' id='block_1_33' title="bbox 458 3165 2046 3238">
    <p class='ocr_par' dir='ltr' id='par_1_33' title="bbox 458 3165 2046 3238">
     <span class='ocr_line' id='line_1_33' title="bbox 458 3165 2046 3238; baseline 0.006 -21"><span class='ocrx_word' id='word_1_252' title='bbox 458 3172 561 3226; x_wconf 89' lang='lat' dir='ltr'><strong>est,</strong></span> <span class='ocrx_word' id='word_1_253' title='bbox 589 3165 731 3234; x_wconf 91' lang='lat' dir='ltr'><strong>quod</strong></span> <span class='ocrx_word' id='word_1_254' title='bbox 754 3174 1042 3236; x_wconf 90' lang='lat' dir='ltr'><strong>antequam</strong></span> <span class='ocrx_word' id='word_1_255' title='bbox 1072 3167 1291 3222; x_wconf 86' lang='lat' dir='ltr'><strong>veniant</strong></span> <span class='ocrx_word' id='word_1_256' title='bbox 1314 3168 1504 3222; x_wconf 88' lang='lat' dir='ltr'><strong>timore</strong></span> <span class='ocrx_word' id='word_1_257' title='bbox 1529 3170 1768 3238; x_wconf 87' lang='lat' dir='ltr'><strong>superati</strong></span> <span class='ocrx_word' id='word_1_258' title='bbox 1792 3170 1921 3236; x_wconf 91' lang='lat' dir='ltr'><strong>sint,</strong></span> <span class='ocrx_word' id='word_1_259' title='bbox 1945 3187 2046 3227; x_wconf 90' lang='lat' dir='ltr'><strong>nec</strong></span> 
     </span>
    </p>
   </div>
   <div class='ocr_carea' id='block_1_34' title="bbox 457 3257 2040 3336">
    <p class='ocr_par' dir='ltr' id='par_1_34' title="bbox 457 3257 2040 3336">
     <span class='ocr_line' id='line_1_34' title="bbox 457 3257 2040 3336; baseline 0.006 -24"><span class='ocrx_word' id='word_1_260' title='bbox 457 3257 667 3326; x_wconf 89' lang='lat' dir='ltr'><strong>possint</strong></span> <span class='ocrx_word' id='word_1_261' title='bbox 686 3259 902 3315; x_wconf 89' lang='lat' dir='ltr'><strong>elevare</strong></span> <span class='ocrx_word' id='word_1_262' title='bbox 923 3277 1151 3329; x_wconf 88' lang='lat' dir='ltr'><strong>manus;</strong></span> <span class='ocrx_word' id='word_1_263' title='bbox 1191 3272 1246 3318; x_wconf 91' lang='lat' dir='ltr'><strong>et</strong></span> <span class='ocrx_word' id='word_1_264' title='bbox 1277 3264 1526 3336; x_wconf 83' lang='lat' dir='ltr'><strong>angustia</strong></span> <span class='ocrx_word' id='word_1_265' title='bbox 1559 3281 1653 3320; x_wconf 92' lang='lat' dir='ltr'><strong>eos</strong></span> <span class='ocrx_word' id='word_1_266' title='bbox 1687 3267 2040 3336; x_wconf 90' lang='lat' dir='ltr'><strong>comprehen-</strong></span> 
     </span>
    </p>
   </div>
   <div class='ocr_carea' id='block_1_35' title="bbox 457 3349 2045 3427">
    <p class='ocr_par' dir='ltr' id='par_1_35' title="bbox 457 3349 2045 3427">
     <span class='ocr_line' id='line_1_35' title="bbox 457 3349 2045 3427; baseline 0.007 -24"><span class='ocrx_word' id='word_1_267' title='bbox 457 3349 600 3405; x_wconf 91' lang='lat' dir='ltr'><strong>derit</strong></span> <span class='ocrx_word' id='word_1_268' title='bbox 620 3353 776 3422; x_wconf 91' lang='lat' dir='ltr'><strong>quasi</strong></span> <span class='ocrx_word' id='word_1_269' title='bbox 801 3352 956 3408; x_wconf 89' lang='lat' dir='ltr'><strong>dolor</strong></span> <span class='ocrx_word' id='word_1_270' title='bbox 976 3355 1386 3424; x_wconf 80' lang='lat' dir='ltr'><strong>parturientem,</strong></span> <span class='ocrx_word' id='word_1_271' title='bbox 1414 3371 1521 3427; x_wconf 91' lang='lat' dir='ltr'><strong>quo</strong></span> <span class='ocrx_word' id='word_1_272' title='bbox 1542 3357 1725 3414; x_wconf 92' lang='lat' dir='ltr'><strong>dolore</strong></span> <span class='ocrx_word' id='word_1_273' title='bbox 1743 3359 1876 3413; x_wconf 89' lang='lat' dir='ltr'><strong>nihil</strong></span> <span class='ocrx_word' id='word_1_274' title='bbox 1902 3359 2045 3414; x_wconf 85' lang='lat' dir='ltr'><strong>aﬂir-</strong></span> 
     </span>
    </p>
   </div>
   <div class='ocr_carea' id='block_1_36' title="bbox 459 3437 1996 3515">
    <p class='ocr_par' dir='ltr' id='par_1_36' title="bbox 459 3437 1996 3515">
     <span class='ocr_line' id='line_1_36' title="bbox 459 3437 1996 3515; baseline 0.008 -20"><span class='ocrx_word' id='word_1_275' title='bbox 459 3437 609 3497; x_wconf 77' lang='lat' dir='ltr'><strong>mant</strong></span> <span class='ocrx_word' id='word_1_276' title='bbox 637 3444 852 3513; x_wconf 85' lang='lat' dir='ltr'><strong>gravius</strong></span> <span class='ocrx_word' id='word_1_277' title='bbox 877 3462 996 3515; x_wconf 74' lang='lat' dir='ltr'><strong>qum</strong></span> <span class='ocrx_word' id='word_1_278' title='bbox 1021 3457 1324 3503; x_wconf 90' lang='lat' dir='ltr'><strong>senserunt.</strong></span> <span class='ocrx_word' id='word_1_279' title='bbox 1993 3493 1996 3498; x_wconf 89' lang='grc'><strong>-</strong></span> 
     </span>
    </p>
   </div>
   <div class='ocr_carea' id='block_1_37' title="bbox 541 3533 2040 3610">
    <p class='ocr_par' dir='ltr' id='par_1_37' title="bbox 541 3533 2040 3610">
     <span class='ocr_line' id='line_1_37' title="bbox 541 3533 2040 3610; baseline 0.008 -24"><span class='ocrx_word' id='word_1_280' title='bbox 541 3551 560 3584; x_wconf 76' lang='grc' dir='ltr'><strong>ι</strong></span> <span class='ocrx_word' id='word_1_281' title='bbox 593 3533 770 3591; x_wconf 88' lang='lat' dir='ltr'><strong>Nolite</strong></span> <span class='ocrx_word' id='word_1_282' title='bbox 797 3537 946 3592; x_wconf 87' lang='lat' dir='ltr'><strong>exire</strong></span> <span class='ocrx_word' id='word_1_283' title='bbox 976 3539 1042 3593; x_wconf 89' lang='lat' dir='ltr'><strong>ad</strong></span> <span class='ocrx_word' id='word_1_284' title='bbox 1082 3553 1262 3610; x_wconf 86' lang='lat' dir='ltr'><strong>agros,</strong></span> <span class='ocrx_word' id='word_1_285' title='bbox 1307 3549 1362 3595; x_wconf 90' lang='lat' dir='ltr'><strong>et</strong></span> <span class='ocrx_word' id='word_1_286' title='bbox 1401 3540 1456 3595; x_wconf 90' lang='lat' dir='ltr'><strong>in</strong></span> <span class='ocrx_word' id='word_1_287' title='bbox 1485 3541 1571 3596; x_wconf 88' lang='lat' dir='ltr'><strong>via</strong></span> <span class='ocrx_word' id='word_1_288' title='bbox 1615 3555 1685 3596; x_wconf 90' lang='lat' dir='ltr'><strong>ne</strong></span> <span class='ocrx_word' id='word_1_289' title='bbox 1720 3541 2040 3610; x_wconf 89' lang='lat' dir='ltr'><strong>ambuletis,</strong></span> 
     </span>
    </p>
   </div>
   <div class='ocr_carea' id='block_1_38' title="bbox 467 3625 2044 3700">
    <p class='ocr_par' dir='ltr' id='par_1_38' title="bbox 467 3625 2044 3700">
     <span class='ocr_line' id='line_1_38' title="bbox 467 3625 2044 3700; baseline 0.009 -25"><span class='ocrx_word' id='word_1_290' title='bbox 467 3639 487 3674; x_wconf 75' lang='grc' dir='ltr'><strong>ι</strong></span> <span class='ocrx_word' id='word_1_291' title='bbox 524 3625 777 3692; x_wconf 91' lang='lat' dir='ltr'><strong>quoniam</strong></span> <span class='ocrx_word' id='word_1_292' title='bbox 811 3626 1018 3699; x_wconf 90' lang='lat' dir='ltr'><strong>gladius</strong></span> <span class='ocrx_word' id='word_1_293' title='bbox 1038 3628 1242 3684; x_wconf 91' lang='lat' dir='ltr'><strong>inimici</strong></span> <span class='ocrx_word' id='word_1_294' title='bbox 1268 3645 1436 3700; x_wconf 89' lang='lat' dir='ltr'><strong>pavor</strong></span> <span class='ocrx_word' id='word_1_295' title='bbox 1454 3631 1508 3685; x_wconf 92' lang='lat' dir='ltr'><strong>in</strong></span> <span class='ocrx_word' id='word_1_296' title='bbox 1534 3632 1782 3687; x_wconf 91' lang='lat' dir='ltr'><strong>circuitu.</strong></span> <span class='ocrx_word' id='word_1_297' title='bbox 1822 3652 1840 3684; x_wconf 84' lang='grc'><strong>›</strong></span> <span class='ocrx_word' id='word_1_298' title='bbox 1875 3632 2044 3689; x_wconf 89' lang='lat' dir='ltr'><strong>Docet</strong></span> 
     </span>
    </p>
   </div>
   <div class='ocr_carea' id='block_1_39' title="bbox 459 3714 2041 3792">
    <p class='ocr_par' dir='ltr' id='par_1_39' title="bbox 459 3714 2041 3792">
     <span class='ocr_line' id='line_1_39' title="bbox 459 3714 2041 3792; baseline 0.006 -25"><span class='ocrx_word' id='word_1_299' title='bbox 459 3714 808 3784; x_wconf 86' lang='lat' dir='ltr'><strong>Evangelium</strong></span> <span class='ocrx_word' id='word_1_300' title='bbox 839 3715 1054 3789; x_wconf 81' lang='lat' dir='ltr'><strong>(Matth.</strong></span> <span class='ocrx_word' id='word_1_301' title='bbox 1087 3719 1273 3792; x_wconf 77' lang='lat' dir='ltr'><strong>xxw),</strong></span> <span class='ocrx_word' id='word_1_302' title='bbox 1321 3736 1427 3776; x_wconf 92' lang='lat' dir='ltr'><strong>non</strong></span> <span class='ocrx_word' id='word_1_303' title='bbox 1473 3736 1593 3777; x_wconf 90' lang='lat' dir='ltr'><strong>esse</strong></span> <span class='ocrx_word' id='word_1_304' title='bbox 1635 3724 1938 3777; x_wconf 83' lang='lat' dir='ltr'><strong>exeundum</strong></span> <span class='ocrx_word' id='word_1_305' title='bbox 1985 3723 2041 3777; x_wconf 91' lang='lat' dir='ltr'><strong>in</strong></span> 
     </span>
    </p>
   </div>
   <div class='ocr_carea' id='block_1_40' title="bbox 457 3811 2038 3883">
    <p class='ocr_par' dir='ltr' id='par_1_40' title="bbox 457 3811 2038 3883">
     <span class='ocr_line' id='line_1_40' title="bbox 457 3811 2038 3883; baseline 0.007 -22"><span class='ocrx_word' id='word_1_306' title='bbox 457 3822 676 3879; x_wconf 85' lang='lat' dir='ltr'><strong>agrum,</strong></span> <span class='ocrx_word' id='word_1_307' title='bbox 723 3825 820 3864; x_wconf 90' lang='lat' dir='ltr'><strong>nec</strong></span> <span class='ocrx_word' id='word_1_308' title='bbox 856 3811 921 3866; x_wconf 92' lang='lat' dir='ltr'><strong>de</strong></span> <span class='ocrx_word' id='word_1_309' title='bbox 958 3819 1219 3867; x_wconf 88' lang='lat' dir='ltr'><strong>tectorum</strong></span> <span class='ocrx_word' id='word_1_310' title='bbox 1252 3813 1531 3869; x_wconf 89' lang='lat' dir='ltr'><strong>altitudine</strong></span> <span class='ocrx_word' id='word_1_311' title='bbox 1567 3816 2000 3871; x_wconf 89' lang='lat' dir='ltr'><strong>descendendum</strong></span> <span class='ocrx_word' id='word_1_312' title='bbox 2022 3857 2038 3883; x_wconf 97' lang='lat'><strong>,</strong></span> 
     </span>
    </p>
   </div>
   <div class='ocr_carea' id='block_1_41' title="bbox 459 3898 2038 3969">
    <p class='ocr_par' dir='ltr' id='par_1_41' title="bbox 459 3898 2038 3969">
     <span class='ocr_line' id='line_1_41' title="bbox 459 3898 2038 3969; baseline 0.007 -16"><span class='ocrx_word' id='word_1_313' title='bbox 459 3898 553 3954; x_wconf 88' lang='lat' dir='ltr'><strong>sed</strong></span> <span class='ocrx_word' id='word_1_314' title='bbox 605 3901 928 3956; x_wconf 90' lang='lat' dir='ltr'><strong>audiendum</strong></span> <span class='ocrx_word' id='word_1_315' title='bbox 978 3902 1142 3969; x_wconf 89' lang='lat' dir='ltr'><strong>illud,</strong></span> <span class='ocrx_word' id='word_1_316' title='bbox 1201 3924 1218 3955; x_wconf 75' lang='grc' dir='ltr'><strong>ι</strong></span> <span class='ocrx_word' id='word_1_317' title='bbox 1271 3905 1330 3959; x_wconf 85' lang='grc' dir='ltr'><strong>1η</strong></span> <span class='ocrx_word' id='word_1_318' title='bbox 1378 3915 1560 3961; x_wconf 87' lang='lat' dir='ltr'><strong>monte</strong></span> <span class='ocrx_word' id='word_1_319' title='bbox 1603 3906 1811 3962; x_wconf 89' lang='lat' dir='ltr'><strong>salvum</strong></span> <span class='ocrx_word' id='word_1_320' title='bbox 1855 3916 1908 3963; x_wconf 91' lang='lat' dir='ltr'><strong>te</strong></span> <span class='ocrx_word' id='word_1_321' title='bbox 1952 3907 2038 3964; x_wconf 80' lang='lat' dir='ltr'><strong>fac</strong></span> 
     </span>
    </p>
   </div>
   <div class='ocr_carea' id='block_1_42' title="bbox 458 3989 2034 4072">
    <p class='ocr_par' dir='ltr' id='par_1_42' title="bbox 458 3989 2034 4072">
     <span class='ocr_line' id='line_1_42' title="bbox 458 3989 2034 4072; baseline 0.006 -28"><span class='ocrx_word' id='word_1_322' title='bbox 458 3989 616 4061; x_wconf 78' lang='lat' dir='ltr'><strong>(Gen.</strong></span> <span class='ocrx_word' id='word_1_323' title='bbox 648 3991 785 4064; x_wconf 82' lang='lat' dir='ltr'><strong>xix).</strong></span> <span class='ocrx_word' id='word_1_324' title='bbox 817 4013 836 4046; x_wconf 70' lang='grc' dir='ltr'><strong>ι</strong></span> <span class='ocrx_word' id='word_1_325' title='bbox 871 3993 955 4048; x_wconf 89' lang='lat' dir='ltr'><strong>Ad</strong></span> <span class='ocrx_word' id='word_1_326' title='bbox 995 4009 1155 4064; x_wconf 90' lang='lat' dir='ltr'><strong>quem</strong></span> <span class='ocrx_word' id='word_1_327' title='bbox 1189 3996 1242 4050; x_wconf 92' lang='lat' dir='ltr'><strong>in</strong></span> <span class='ocrx_word' id='word_1_328' title='bbox 1277 3997 1414 4051; x_wconf 90' lang='lat' dir='ltr'><strong>Isaia</strong></span> <span class='ocrx_word' id='word_1_329' title='bbox 1445 4007 1498 4053; x_wconf 87' lang='lat' dir='ltr'><strong>et</strong></span> <span class='ocrx_word' id='word_1_330' title='bbox 1526 3997 1748 4054; x_wconf 85' lang='lat' dir='ltr'><strong>Michaea</strong></span> <span class='ocrx_word' id='word_1_331' title='bbox 1793 3998 1929 4072; x_wconf 77' lang='lat' dir='ltr'><strong>(Isa.</strong></span> <span class='ocrx_word' id='word_1_332' title='bbox 1964 4016 2034 4067; x_wconf 90' lang='grc' dir='ltr'>ιι;</span> 
     </span>
    </p>
   </div>
   <div class='ocr_carea' id='block_1_43' title="bbox 457 4083 2034 4160">
    <p class='ocr_par' dir='ltr' id='par_1_43' title="bbox 457 4083 2034 4160">
     <span class='ocr_line' id='line_1_43' title="bbox 457 4083 2034 4160; baseline 0.004 -22"><span class='ocrx_word' id='word_1_333' title='bbox 457 4083 622 4142; x_wconf 74' lang='lat' dir='ltr'><strong>Misit.</strong></span> <span class='ocrx_word' id='word_1_334' title='bbox 674 4083 774 4156; x_wconf 84' lang='lat' dir='ltr'><strong>iv),</strong></span> <span class='ocrx_word' id='word_1_335' title='bbox 815 4084 1070 4154; x_wconf 90' lang='lat' dir='ltr'><strong>jubemur</strong></span> <span class='ocrx_word' id='word_1_336' title='bbox 1113 4103 1400 4144; x_wconf 89' lang='lat' dir='ltr'><strong>occurrere</strong></span> <span class='ocrx_word' id='word_1_337' title='bbox 1447 4097 1608 4160; x_wconf 89' lang='lat' dir='ltr'><strong>atque</strong></span> <span class='ocrx_word' id='word_1_338' title='bbox 1651 4090 2034 4146; x_wconf 90' lang='lat' dir='ltr'><strong>conscendere.</strong></span> 
     </span>
    </p>
   </div>
   <div class='ocr_carea' id='block_1_44' title="bbox 454 4172 2037 4245">
    <p class='ocr_par' dir='ltr' id='par_1_44' title="bbox 454 4172 2037 4245">
     <span class='ocr_line' id='line_1_44' title="bbox 454 4172 2037 4245; baseline 0.006 -19"><span class='ocrx_word' id='word_1_339' title='bbox 454 4172 771 4243; x_wconf 61' lang='lat' dir='ltr'><strong>Prmeipitur</strong></span> <span class='ocrx_word' id='word_1_340' title='bbox 790 4185 967 4232; x_wconf 88' lang='lat' dir='ltr'><strong>autem</strong></span> <span class='ocrx_word' id='word_1_341' title='bbox 999 4175 1151 4244; x_wconf 86' lang='lat' dir='ltr'><strong>juxta</strong></span> <span class='ocrx_word' id='word_1_342' title='bbox 1175 4177 1411 4232; x_wconf 86' lang='lat' dir='ltr'><strong>litteram</strong></span> <span class='ocrx_word' id='word_1_343' title='bbox 1434 4193 1503 4233; x_wconf 92' lang='lat' dir='ltr'><strong>ne</strong></span> <span class='ocrx_word' id='word_1_344' title='bbox 1534 4178 1680 4234; x_wconf 82' lang='lat' dir='ltr'><strong>foras</strong></span> <span class='ocrx_word' id='word_1_345' title='bbox 1700 4187 1916 4245; x_wconf 79' lang='lat' dir='ltr'><strong>exeant,</strong></span> <span class='ocrx_word' id='word_1_346' title='bbox 1938 4195 2037 4236; x_wconf 87' lang='lat' dir='ltr'><strong>nec</strong></span> 
     </span>
    </p>
   </div>
   <div class='ocr_carea' id='block_1_45' title="bbox 457 4269 2034 4335">
    <p class='ocr_par' dir='ltr' id='par_1_45' title="bbox 457 4269 2034 4335">
     <span class='ocr_line' id='line_1_45' title="bbox 457 4269 2034 4335; baseline 0.006 -13"><span class='ocrx_word' id='word_1_347' title='bbox 457 4269 713 4324; x_wconf 90' lang='lat' dir='ltr'><strong>deserant</strong></span> <span class='ocrx_word' id='word_1_348' title='bbox 743 4284 957 4335; x_wconf 91' lang='lat' dir='ltr'><strong>muros,</strong></span> <span class='ocrx_word' id='word_1_349' title='bbox 992 4270 1088 4326; x_wconf 91' lang='lat' dir='ltr'><strong>sed</strong></span> <span class='ocrx_word' id='word_1_350' title='bbox 1118 4280 1178 4326; x_wconf 90' lang='lat' dir='ltr'><strong>ut</strong></span> <span class='ocrx_word' id='word_1_351' title='bbox 1212 4281 1470 4328; x_wconf 90' lang='lat' dir='ltr'><strong>tueantur</strong></span> <span class='ocrx_word' id='word_1_352' title='bbox 1494 4288 1553 4328; x_wconf 90' lang='lat' dir='ltr'><strong>se</strong></span> <span class='ocrx_word' id='word_1_353' title='bbox 1581 4273 1753 4329; x_wconf 88' lang='lat' dir='ltr'><strong>ﬁrmis</strong></span> <span class='ocrx_word' id='word_1_354' title='bbox 1779 4276 2034 4332; x_wconf 87' lang='lat' dir='ltr'><strong>munitio-</strong></span> 
     </span>
    </p>
   </div>
   <div class='ocr_carea' id='block_1_46' title="bbox 460 4360 636 4414">
    <p class='ocr_par' dir='ltr' id='par_1_46' title="bbox 460 4360 636 4414">
     <span class='ocr_line' id='line_1_46' title="bbox 460 4360 636 4414; baseline 0.006 -2"><span class='ocrx_word' id='word_1_355' title='bbox 460 4360 636 4414; x_wconf 90' lang='lat' dir='ltr'><strong>nibus.</strong></span> 
     </span>
    </p>
   </div>
   <div class='ocr_carea' id='block_1_47' title="bbox 532 4449 2036 4527">
    <p class='ocr_par' dir='ltr' id='par_1_47' title="bbox 532 4449 2036 4527">
     <span class='ocr_line' id='line_1_47' title="bbox 532 4449 2036 4527; baseline 0.008 -27"><span class='ocrx_word' id='word_1_356' title='bbox 532 4469 551 4500; x_wconf 75' lang='grc' dir='ltr'><strong>ι</strong></span> <span class='ocrx_word' id='word_1_357' title='bbox 588 4449 724 4504; x_wconf 90' lang='lat' dir='ltr'><strong>Filia</strong></span> <span class='ocrx_word' id='word_1_358' title='bbox 750 4451 934 4520; x_wconf 87' lang='lat' dir='ltr'><strong>populi</strong></span> <span class='ocrx_word' id='word_1_359' title='bbox 960 4453 1102 4519; x_wconf 91' lang='lat' dir='ltr'><strong>mei,</strong></span> <span class='ocrx_word' id='word_1_360' title='bbox 1148 4453 1434 4524; x_wconf 86' lang='lat' dir='ltr'><strong>accingere</strong></span> <span class='ocrx_word' id='word_1_361' title='bbox 1459 4453 1634 4510; x_wconf 89' lang='lat' dir='ltr'><strong>cilicio</strong></span> <span class='ocrx_word' id='word_1_362' title='bbox 1675 4465 1732 4510; x_wconf 91' lang='lat' dir='ltr'><strong>et</strong></span> <span class='ocrx_word' id='word_1_363' title='bbox 1774 4471 2036 4527; x_wconf 91' lang='lat' dir='ltr'><strong>consper-</strong></span> 
     </span>
    </p>
   </div>
   <div class='ocr_carea' id='block_1_48' title="bbox 461 4546 2032 4622">
    <p class='ocr_par' dir='ltr' id='par_1_48' title="bbox 461 4546 2032 4622">
     <span class='ocr_line' id='line_1_48' title="bbox 461 4546 2032 4622; baseline 0.005 -26"><span class='ocrx_word' id='word_1_364' title='bbox 461 4565 480 4596; x_wconf 84' lang='grc'><em>‹</em></span> <span class='ocrx_word' id='word_1_365' title='bbox 518 4561 645 4617; x_wconf 84' lang='lat' dir='ltr'><strong>gere</strong></span> <span class='ocrx_word' id='word_1_366' title='bbox 667 4547 868 4612; x_wconf 89' lang='lat' dir='ltr'><strong>cinere,</strong></span> <span class='ocrx_word' id='word_1_367' title='bbox 895 4546 1098 4602; x_wconf 91' lang='lat' dir='ltr'><strong>luctum</strong></span> <span class='ocrx_word' id='word_1_368' title='bbox 1113 4547 1371 4620; x_wconf 89' lang='lat' dir='ltr'><strong>unigeniti</strong></span> <span class='ocrx_word' id='word_1_369' title='bbox 1401 4547 1526 4618; x_wconf 83' lang='lat' dir='ltr'><strong>(sive</strong></span> <span class='ocrx_word' id='word_1_370' title='bbox 1551 4549 1775 4622; x_wconf 89' lang='lat' dir='ltr'><strong>dilecti).</strong></span> <span class='ocrx_word' id='word_1_371' title='bbox 1803 4549 1913 4605; x_wconf 85' lang='lat' dir='ltr'><strong>Fac</strong></span> <span class='ocrx_word' id='word_1_372' title='bbox 1936 4550 2032 4604; x_wconf 90' lang='lat' dir='ltr'><strong>tibi</strong></span> 
     </span>
    </p>
   </div>
   <div class='ocr_carea' id='block_1_49' title="bbox 463 4637 2034 4712">
    <p class='ocr_par' dir='ltr' id='par_1_49' title="bbox 463 4637 2034 4712">
     <span class='ocr_line' id='line_1_49' title="bbox 463 4637 2034 4712; baseline 0.004 -23"><span class='ocrx_word' id='word_1_373' title='bbox 463 4657 482 4689; x_wconf 86' lang='grc'><em>‹</em></span> <span class='ocrx_word' id='word_1_374' title='bbox 513 4639 787 4710; x_wconf 88' lang='lat' dir='ltr'><strong>planctum</strong></span> <span class='ocrx_word' id='word_1_375' title='bbox 814 4654 1058 4694; x_wconf 89' lang='lat' dir='ltr'><strong>amarum</strong></span> <span class='ocrx_word' id='word_1_376' title='bbox 1080 4637 1205 4712; x_wconf 84' lang='lat' dir='ltr'><strong>(sive</strong></span> <span class='ocrx_word' id='word_1_377' title='bbox 1229 4639 1640 4712; x_wconf 88' lang='lat' dir='ltr'><strong>miserabilem),</strong></span> <span class='ocrx_word' id='word_1_378' title='bbox 1668 4641 1793 4710; x_wconf 89' lang='lat' dir='ltr'><strong>quia</strong></span> <span class='ocrx_word' id='word_1_379' title='bbox 1813 4649 2034 4712; x_wconf 88' lang='lat' dir='ltr'><strong>repente</strong></span> 
     </span>
    </p>
   </div>
   <div class='ocr_carea' id='block_1_50' title="bbox 459 4729 2033 4804">
    <p class='ocr_par' dir='ltr' id='par_1_50' title="bbox 459 4729 2033 4804">
     <span class='ocr_line' id='line_1_50' title="bbox 459 4729 2033 4804; baseline 0.003 -21"><span class='ocrx_word' id='word_1_380' title='bbox 459 4750 477 4782; x_wconf 75' lang='grc' dir='ltr'><strong>ι</strong></span> <span class='ocrx_word' id='word_1_381' title='bbox 515 4733 694 4786; x_wconf 83' lang='lat' dir='ltr'><strong>veniet</strong></span> <span class='ocrx_word' id='word_1_382' title='bbox 717 4739 956 4787; x_wconf 89' lang='lat' dir='ltr'><strong>vastator</strong></span> <span class='ocrx_word' id='word_1_383' title='bbox 981 4729 1107 4803; x_wconf 85' lang='lat' dir='ltr'><strong>(sive</strong></span> <span class='ocrx_word' id='word_1_384' title='bbox 1127 4730 1367 4804; x_wconf 91' lang='lat' dir='ltr'><strong>miseria)</strong></span> <span class='ocrx_word' id='word_1_385' title='bbox 1408 4747 1569 4802; x_wconf 88' lang='lat' dir='ltr'><strong>super</strong></span> <span class='ocrx_word' id='word_1_386' title='bbox 1592 4747 1690 4787; x_wconf 92' lang='lat' dir='ltr'><strong>nos</strong></span> <span class='ocrx_word' id='word_1_387' title='bbox 1711 4732 1836 4804; x_wconf 85' lang='lat' dir='ltr'><strong>(sive</strong></span> <span class='ocrx_word' id='word_1_388' title='bbox 1871 4747 2033 4803; x_wconf 90' lang='lat' dir='ltr'><strong>super</strong></span> 
     </span>
    </p>
   </div>
   <div class='ocr_carea' id='block_1_51' title="bbox 453 4824 2028 4901">
    <p class='ocr_par' dir='ltr' id='par_1_51' title="bbox 453 4824 2028 4901">
     <span class='ocr_line' id='line_1_51' title="bbox 453 4824 2028 4901; baseline 0.002 -24"><span class='ocrx_word' id='word_1_389' title='bbox 453 4846 470 4877; x_wconf 76' lang='grc' dir='ltr'><strong>ι</strong></span> <span class='ocrx_word' id='word_1_390' title='bbox 507 4827 644 4901; x_wconf 87' lang='lat' dir='ltr'><strong>vos).</strong></span> <span class='ocrx_word' id='word_1_391' title='bbox 675 4847 694 4880; x_wconf 87' lang='grc'><strong>›</strong></span> <span class='ocrx_word' id='word_1_392' title='bbox 720 4826 872 4894; x_wconf 85' lang='lat' dir='ltr'><strong>Quod</strong></span> <span class='ocrx_word' id='word_1_393' title='bbox 893 4840 1055 4896; x_wconf 89' lang='lat' dir='ltr'><strong>supra</strong></span> <span class='ocrx_word' id='word_1_394' title='bbox 1078 4825 1307 4890; x_wconf 86' lang='lat' dir='ltr'><strong>dixerat,</strong></span> <span class='ocrx_word' id='word_1_395' title='bbox 1339 4843 1357 4876; x_wconf 73' lang='grc' dir='ltr'>ί</span> <span class='ocrx_word' id='word_1_396' title='bbox 1387 4824 1562 4880; x_wconf 83' lang='lat' dir='ltr'><strong>Nolite</strong></span> <span class='ocrx_word' id='word_1_397' title='bbox 1578 4827 1729 4881; x_wconf 84' lang='lat' dir='ltr'><strong>exire</strong></span> <span class='ocrx_word' id='word_1_398' title='bbox 1752 4826 1818 4881; x_wconf 94' lang='lat' dir='ltr'><strong>ad</strong></span> <span class='ocrx_word' id='word_1_399' title='bbox 1835 4840 1993 4896; x_wconf 86' lang='lat' dir='ltr'><strong>agros</strong></span> <span class='ocrx_word' id='word_1_400' title='bbox 2011 4865 2028 4893; x_wconf 95' lang='lat'><strong>,</strong></span> 
     </span>
    </p>
   </div>
   <div class='ocr_carea' id='block_1_52' title="bbox 445 4916 2027 4987">
    <p class='ocr_par' dir='ltr' id='par_1_52' title="bbox 445 4916 2027 4987">
     <span class='ocr_line' id='line_1_52' title="bbox 445 4916 2027 4987; baseline 0 -15"><span class='ocrx_word' id='word_1_401' title='bbox 445 4925 500 4972; x_wconf 85' lang='lat' dir='ltr'><strong>et</strong></span> <span class='ocrx_word' id='word_1_402' title='bbox 528 4919 582 4972; x_wconf 89' lang='lat' dir='ltr'><strong>in</strong></span> <span class='ocrx_word' id='word_1_403' title='bbox 600 4918 688 4972; x_wconf 89' lang='lat' dir='ltr'><strong>via</strong></span> <span class='ocrx_word' id='word_1_404' title='bbox 713 4934 779 4971; x_wconf 91' lang='lat' dir='ltr'><strong>ne</strong></span> <span class='ocrx_word' id='word_1_405' title='bbox 803 4917 1107 4982; x_wconf 90' lang='lat' dir='ltr'><strong>ambuletis,</strong></span> <span class='ocrx_word' id='word_1_406' title='bbox 1127 4916 1379 4984; x_wconf 91' lang='lat' dir='ltr'><strong>quoniam</strong></span> <span class='ocrx_word' id='word_1_407' title='bbox 1403 4917 1608 4986; x_wconf 88' lang='lat' dir='ltr'><strong>gladius</strong></span> <span class='ocrx_word' id='word_1_408' title='bbox 1630 4917 1832 4971; x_wconf 90' lang='lat' dir='ltr'><strong>inimici</strong></span> <span class='ocrx_word' id='word_1_409' title='bbox 1855 4932 2027 4987; x_wconf 89' lang='lat' dir='ltr'><strong>pavor</strong></span> 
     </span>
    </p>
   </div>
   <div class='ocr_carea' id='block_1_53' title="bbox 445 5005 2027 5078">
    <p class='ocr_par' dir='ltr' id='par_1_53' title="bbox 445 5005 2027 5078">
     <span class='ocr_line' id='line_1_53' title="bbox 445 5005 2027 5078; baseline 0 -16"><span class='ocrx_word' id='word_1_410' title='bbox 445 5009 501 5062; x_wconf 91' lang='lat' dir='ltr'><strong>in</strong></span> <span class='ocrx_word' id='word_1_411' title='bbox 547 5008 808 5072; x_wconf 90' lang='lat' dir='ltr'><strong>circuitu,</strong></span> <span class='ocrx_word' id='word_1_412' title='bbox 845 5027 863 5059; x_wconf 74' lang='grc' dir='ltr'><strong>ι</strong></span> <span class='ocrx_word' id='word_1_413' title='bbox 897 5017 953 5062; x_wconf 92' lang='lat' dir='ltr'><strong>et</strong></span> <span class='ocrx_word' id='word_1_414' title='bbox 993 5006 1172 5078; x_wconf 83' lang='lat' dir='ltr'><strong>fugam</strong></span> <span class='ocrx_word' id='word_1_415' title='bbox 1209 5021 1421 5076; x_wconf 92' lang='lat' dir='ltr'><strong>quoque</strong></span> <span class='ocrx_word' id='word_1_416' title='bbox 1449 5005 1834 5075; x_wconf 90' lang='lat' dir='ltr'><strong>prohibuerat,</strong></span> <span class='ocrx_word' id='word_1_417' title='bbox 1869 5008 2027 5062; x_wconf 91' lang='lat' dir='ltr'><strong>docet</strong></span> 
     </span>
    </p>
   </div>
   <div class='ocr_carea' id='block_1_54' title="bbox 450 5094 2031 5166">
    <p class='ocr_par' dir='ltr' id='par_1_54' title="bbox 450 5094 2031 5166">
     <span class='ocr_line' id='line_1_54' title="bbox 450 5094 2031 5166; baseline -0.001 -15"><span class='ocrx_word' id='word_1_418' title='bbox 450 5097 578 5166; x_wconf 89' lang='lat' dir='ltr'><strong>quid</strong></span> <span class='ocrx_word' id='word_1_419' title='bbox 608 5095 786 5149; x_wconf 80' lang='lat' dir='ltr'><strong>facere</strong></span> <span class='ocrx_word' id='word_1_420' title='bbox 813 5097 1063 5162; x_wconf 90' lang='lat' dir='ltr'><strong>debeant,</strong></span> <span class='ocrx_word' id='word_1_421' title='bbox 1083 5104 1141 5150; x_wconf 92' lang='lat' dir='ltr'><strong>ut</strong></span> <span class='ocrx_word' id='word_1_422' title='bbox 1170 5102 1554 5150; x_wconf 86' lang='lat' dir='ltr'><strong>convertantur</strong></span> <span class='ocrx_word' id='word_1_423' title='bbox 1587 5094 1792 5149; x_wconf 89' lang='lat' dir='ltr'><strong>scilicet</strong></span> <span class='ocrx_word' id='word_1_424' title='bbox 1819 5096 1885 5149; x_wconf 90' lang='lat' dir='ltr'><strong>ad</strong></span> <span class='ocrx_word' id='word_1_425' title='bbox 1914 5108 2031 5165; x_wconf 65' lang='lat' dir='ltr'><strong>pat-</strong></span> 
     </span>
    </p>
   </div>
   <div class='ocr_carea' id='block_1_55' title="bbox 445 5185 2030 5249">
    <p class='ocr_par' dir='ltr' id='par_1_55' title="bbox 445 5185 2030 5249">
     <span class='ocr_line' id='line_1_55' title="bbox 445 5185 2030 5249; baseline -0.002 -8"><span class='ocrx_word' id='word_1_426' title='bbox 445 5186 750 5249; x_wconf 87' lang='lat' dir='ltr'><strong>nitentiam,</strong></span> <span class='ocrx_word' id='word_1_427' title='bbox 777 5194 831 5240; x_wconf 92' lang='lat' dir='ltr'><strong>et</strong></span> <span class='ocrx_word' id='word_1_428' title='bbox 873 5187 1010 5240; x_wconf 93' lang='lat' dir='ltr'><strong>hanc</strong></span> <span class='ocrx_word' id='word_1_429' title='bbox 1050 5185 1414 5241; x_wconf 90' lang='lat' dir='ltr'><strong>ﬁrmissimam</strong></span> <span class='ocrx_word' id='word_1_430' title='bbox 1440 5192 1493 5239; x_wconf 91' lang='lat' dir='ltr'><strong>et</strong></span> <span class='ocrx_word' id='word_1_431' title='bbox 1519 5199 1764 5239; x_wconf 85' lang='lat' dir='ltr'><strong>securam</strong></span> <span class='ocrx_word' id='word_1_432' title='bbox 1794 5185 2030 5239; x_wconf 88' lang='lat' dir='ltr'><strong>habeant</strong></span> 
     </span>
    </p>
   </div>
   <div class='ocr_carea' id='block_1_56' title="bbox 447 5277 2029 5351">
    <p class='ocr_par' dir='ltr' id='par_1_56' title="bbox 447 5277 2029 5351">
     <span class='ocr_line' id='line_1_56' title="bbox 447 5277 2029 5351; baseline 0.002 -19"><span class='ocrx_word' id='word_1_433' title='bbox 447 5287 795 5333; x_wconf 86' lang='lat' dir='ltr'><strong>armaturam.</strong></span> <span class='ocrx_word' id='word_1_434' title='bbox 827 5277 929 5333; x_wconf 90' lang='lat' dir='ltr'><strong>Ubi</strong></span> <span class='ocrx_word' id='word_1_435' title='bbox 961 5296 1059 5334; x_wconf 89' lang='lat' dir='ltr'><strong>nos</strong></span> <span class='ocrx_word' id='word_1_436' title='bbox 1089 5280 1322 5334; x_wconf 86' lang='lat' dir='ltr'><strong>diximus</strong></span> <span class='ocrx_word' id='word_1_437' title='bbox 1363 5298 1380 5329; x_wconf 75' lang='grc' dir='ltr'><strong>ι</strong></span> <span class='ocrx_word' id='word_1_438' title='bbox 1414 5278 1618 5333; x_wconf 90' lang='lat' dir='ltr'><strong>luctum</strong></span> <span class='ocrx_word' id='word_1_439' title='bbox 1645 5279 1908 5351; x_wconf 88' lang='lat' dir='ltr'><strong>unigeniti</strong></span> <span class='ocrx_word' id='word_1_440' title='bbox 1941 5279 2029 5335; x_wconf 82' lang='lat' dir='ltr'><strong>fac</strong></span> 
     </span>
    </p>
   </div>
   <div class='ocr_carea' id='block_1_57' title="bbox 447 5372 2026 5444">
    <p class='ocr_par' dir='ltr' id='par_1_57' title="bbox 447 5372 2026 5444">
     <span class='ocr_line' id='line_1_57' title="bbox 447 5372 2026 5444; baseline 0.001 -18"><span class='ocrx_word' id='word_1_441' title='bbox 447 5373 563 5426; x_wconf 85' lang='lat' dir='ltr'><strong>tibi.</strong></span> <span class='ocrx_word' id='word_1_442' title='bbox 589 5392 606 5425; x_wconf 74' lang='grc' dir='ltr'><strong>ι</strong></span> <span class='ocrx_word' id='word_1_443' title='bbox 635 5372 745 5427; x_wconf 87' lang='lat' dir='ltr'><strong>Pro</strong></span> <span class='ocrx_word' id='word_1_444' title='bbox 765 5373 1040 5444; x_wconf 88' lang='lat' dir='ltr'><strong>unigenito</strong></span> <span class='ocrx_word' id='word_1_445' title='bbox 1067 5374 1120 5429; x_wconf 93' lang='lat' dir='ltr'><strong>in</strong></span> <span class='ocrx_word' id='word_1_446' title='bbox 1147 5373 1414 5430; x_wconf 83' lang='lat' dir='ltr'><strong>Hebraico</strong></span> <span class='ocrx_word' id='word_1_447' title='bbox 1442 5373 1695 5429; x_wconf 87' lang='lat' dir='ltr'><strong>scribitur</strong></span> <span class='ocrx_word' id='word_1_448' title='bbox 1720 5381 1860 5439; x_wconf 64' lang='grc' dir='ltr'><strong>της-ιν,</strong></span> <span class='ocrx_word' id='word_1_449' title='bbox 1883 5373 2026 5442; x_wconf 88' lang='lat' dir='ltr'><strong>quod</strong></span> 
     </span>
    </p>
   </div>
   <div class='ocr_carea' id='block_1_58' title="bbox 445 5465 2018 5538">
    <p class='ocr_par' dir='ltr' id='par_1_58' title="bbox 445 5465 2018 5538">
     <span class='ocr_line' id='line_1_58' title="bbox 445 5465 2018 5538; baseline 0.002 -19"><span class='ocrx_word' id='word_1_450' title='bbox 445 5465 617 5535; x_wconf 87' lang='lat' dir='ltr'><strong>magis</strong></span> <span class='ocrx_word' id='word_1_451' title='bbox 655 5465 950 5520; x_wconf 83' lang='lat' dir='ltr'><strong>solitarium</strong></span> <span class='ocrx_word' id='word_1_452' title='bbox 995 5482 1156 5536; x_wconf 90' lang='lat' dir='ltr'><strong>quam</strong></span> <span class='ocrx_word' id='word_1_453' title='bbox 1199 5468 1522 5538; x_wconf 82' lang='lat' dir='ltr'><strong>unigenitum</strong></span> <span class='ocrx_word' id='word_1_454' title='bbox 1569 5475 1742 5522; x_wconf 89' lang='lat' dir='ltr'><strong>sonat.</strong></span> <span class='ocrx_word' id='word_1_455' title='bbox 1783 5465 1840 5522; x_wconf 92' lang='lat' dir='ltr'><strong>Si</strong></span> <span class='ocrx_word' id='word_1_456' title='bbox 1874 5467 2018 5522; x_wconf 91' lang='lat' dir='ltr'><strong>enim</strong></span> 
     </span>
    </p>
   </div>
   <div class='ocr_carea' id='block_1_59' title="bbox 443 5557 2017 5624">
    <p class='ocr_par' dir='ltr' id='par_1_59' title="bbox 443 5557 2017 5624">
     <span class='ocr_line' id='line_1_59' title="bbox 443 5557 2017 5624; baseline 0.001 -14"><span class='ocrx_word' id='word_1_457' title='bbox 443 5568 588 5611; x_wconf 85' lang='lat' dir='ltr'><strong>esset</strong></span> <span class='ocrx_word' id='word_1_458' title='bbox 617 5557 835 5610; x_wconf 82' lang='lat' dir='ltr'><strong>dilectus</strong></span> <span class='ocrx_word' id='word_1_459' title='bbox 866 5557 979 5610; x_wconf 88' lang='lat' dir='ltr'><strong>sive</strong></span> <span class='ocrx_word' id='word_1_460' title='bbox 1017 5557 1294 5623; x_wconf 87' lang='lat' dir='ltr'><strong>amabilis,</strong></span> <span class='ocrx_word' id='word_1_461' title='bbox 1334 5567 1393 5612; x_wconf 92' lang='lat' dir='ltr'><strong>ut</strong></span> <span class='ocrx_word' id='word_1_462' title='bbox 1417 5558 1558 5614; x_wconf 79' lang='lat' dir='ltr'><strong>LXX</strong></span> <span class='ocrx_word' id='word_1_463' title='bbox 1598 5559 2017 5624; x_wconf 89' lang='lat' dir='ltr'><strong>transtulerunt,</strong></span> 
     </span>
    </p>
   </div>
   <div class='ocr_carea' id='block_1_60' title="bbox 441 5649 2020 5720">
    <p class='ocr_par' dir='ltr' id='par_1_60' title="bbox 441 5649 2020 5720">
     <span class='ocr_line' id='line_1_60' title="bbox 441 5649 2020 5720; baseline 0.002 -19"><span class='ocrx_word' id='word_1_464' title='bbox 441 5660 553 5709; x_wconf 67' lang='grc' dir='ltr'><strong>ἰ’-τ’</strong></span> <span class='ocrx_word' id='word_1_465' title='bbox 579 5657 872 5720; x_wconf 82' lang='lat' dir='ltr'><strong>poneretur</strong></span> <span class='ocrx_word' id='word_1_466' title='bbox 905 5665 917 5700; x_wconf 90' lang='lat'><strong>:</strong></span> <span class='ocrx_word' id='word_1_467' title='bbox 959 5649 1100 5718; x_wconf 88' lang='lat' dir='ltr'><strong>quod</strong></span> <span class='ocrx_word' id='word_1_468' title='bbox 1131 5657 1184 5704; x_wconf 90' lang='lat' dir='ltr'><strong>et</strong></span> <span class='ocrx_word' id='word_1_469' title='bbox 1219 5649 1495 5705; x_wconf 89' lang='lat' dir='ltr'><strong>Salomoni</strong></span> <span class='ocrx_word' id='word_1_470' title='bbox 1534 5651 1673 5706; x_wconf 86' lang='lat' dir='ltr'><strong>Deus</strong></span> <span class='ocrx_word' id='word_1_471' title='bbox 1700 5664 1897 5705; x_wconf 90' lang='lat' dir='ltr'><strong>nomen</strong></span> <span class='ocrx_word' id='word_1_472' title='bbox 1920 5650 2020 5704; x_wconf 89' lang='lat' dir='ltr'><strong>im-</strong></span> 
     </span>
    </p>
   </div>
   <div class='ocr_carea' id='block_1_61' title="bbox 443 5739 2016 5812">
    <p class='ocr_par' dir='ltr' id='par_1_61' title="bbox 443 5739 2016 5812">
     <span class='ocr_line' id='line_1_61' title="bbox 443 5739 2016 5812; baseline 0.001 -19"><span class='ocrx_word' id='word_1_473' title='bbox 443 5741 638 5810; x_wconf 88' lang='lat' dir='ltr'><strong>posuit.</strong></span> <span class='ocrx_word' id='word_1_474' title='bbox 667 5739 807 5795; x_wconf 77' lang='lat' dir='ltr'><strong>Nihil</strong></span> <span class='ocrx_word' id='word_1_475' title='bbox 835 5749 1014 5796; x_wconf 86' lang='lat' dir='ltr'><strong>autem</strong></span> <span class='ocrx_word' id='word_1_476' title='bbox 1043 5741 1309 5796; x_wconf 78' lang='lat' dir='ltr'><strong>dolentius</strong></span> <span class='ocrx_word' id='word_1_477' title='bbox 1341 5757 1502 5812; x_wconf 90' lang='lat' dir='ltr'><strong>quam</strong></span> <span class='ocrx_word' id='word_1_478' title='bbox 1540 5758 1702 5795; x_wconf 91' lang='lat' dir='ltr'><strong>unum</strong></span> <span class='ocrx_word' id='word_1_479' title='bbox 1733 5741 1817 5797; x_wconf 90' lang='lat' dir='ltr'><strong>vel</strong></span> <span class='ocrx_word' id='word_1_480' title='bbox 1845 5740 2016 5796; x_wconf 92' lang='lat' dir='ltr'><strong>solum</strong></span> 
     </span>
    </p>
   </div>
   <div class='ocr_carea' id='block_1_62' title="bbox 442 5831 2015 5904">
    <p class='ocr_par' dir='ltr' id='par_1_62' title="bbox 442 5831 2015 5904">
     <span class='ocr_line' id='line_1_62' title="bbox 442 5831 2015 5904; baseline -0.001 -18"><span class='ocrx_word' id='word_1_481' title='bbox 442 5832 668 5898; x_wconf 87' lang='lat' dir='ltr'><strong>perdere</strong></span> <span class='ocrx_word' id='word_1_482' title='bbox 687 5831 876 5889; x_wconf 85' lang='lat' dir='ltr'><strong>ﬁlium.</strong></span> <span class='ocrx_word' id='word_1_483' title='bbox 895 5832 1132 5904; x_wconf 91' lang='lat' dir='ltr'><strong>llludque</strong></span> <span class='ocrx_word' id='word_1_484' title='bbox 1156 5832 1300 5901; x_wconf 91' lang='lat' dir='ltr'><strong>quod</strong></span> <span class='ocrx_word' id='word_1_485' title='bbox 1319 5847 1418 5886; x_wconf 89' lang='lat' dir='ltr'><strong>nos</strong></span> <span class='ocrx_word' id='word_1_486' title='bbox 1443 5831 1783 5900; x_wconf 89' lang='lat' dir='ltr'><strong>interpretati</strong></span> <span class='ocrx_word' id='word_1_487' title='bbox 1805 5846 2015 5896; x_wconf 87' lang='lat' dir='ltr'><strong>sumus,</strong></span> 
     </span>
    </p>
   </div>
   <div class='ocr_carea' id='block_1_63' title="bbox 2059 4592 2112 4651">
    <p class='ocr_par' dir='ltr' id='par_1_63' title="bbox 2059 4592 2112 4651">
     <span class='ocr_line' id='line_1_63' title="bbox 2059 4592 2112 4651; baseline 0 0"><span class='ocrx_word' id='word_1_488' title='bbox 2059 4592 2112 4651; x_wconf 91' lang='lat' dir='ltr'><strong>D</strong></span> 
     </span>
    </p>
   </div>
   <div class='ocr_carea' id='block_1_64' title="bbox 2154 580 3761 653">
    <p class='ocr_par' dir='ltr' id='par_1_64' title="bbox 2154 580 3761 653">
     <span class='ocr_line' id='line_1_64' title="bbox 2154 580 3761 653; baseline 0 -16"><span class='ocrx_word' id='word_1_489' title='bbox 2154 597 2284 646; x_wconf 88' lang='lat' dir='ltr'><strong>nos;</strong></span> <span class='ocrx_word' id='word_1_490' title='bbox 2328 601 2347 634; x_wconf 74' lang='grc' dir='ltr'><strong>ι</strong></span> <span class='ocrx_word' id='word_1_491' title='bbox 2397 580 2753 653; x_wconf 83' lang='lat' dir='ltr'><strong>Septuaginta</strong></span> <span class='ocrx_word' id='word_1_492' title='bbox 2793 600 2812 633; x_wconf 72' lang='grc' dir='ltr'><strong>ι</strong></span> <span class='ocrx_word' id='word_1_493' title='bbox 2855 595 3018 650; x_wconf 90' lang='lat' dir='ltr'><strong>super</strong></span> <span class='ocrx_word' id='word_1_494' title='bbox 3056 595 3154 636; x_wconf 92' lang='lat' dir='ltr'><strong>vos</strong></span> <span class='ocrx_word' id='word_1_495' title='bbox 3183 599 3202 632; x_wconf 73' lang='grc' dir='ltr'><strong>ι</strong></span> <span class='ocrx_word' id='word_1_496' title='bbox 3245 587 3580 650; x_wconf 88' lang='lat' dir='ltr'><strong>posuerunt,</strong></span> <span class='ocrx_word' id='word_1_497' title='bbox 3617 595 3761 637; x_wconf 89' lang='lat' dir='ltr'><strong>cum</strong></span> 
     </span>
    </p>
   </div>
   <div class='ocr_carea' id='block_1_65' title="bbox 2155 671 3763 743">
    <p class='ocr_par' dir='ltr' id='par_1_65' title="bbox 2155 671 3763 743">
     <span class='ocr_line' id='line_1_65' title="bbox 2155 671 3763 743; baseline -0.002 -13"><span class='ocrx_word' id='word_1_498' title='bbox 2155 676 2326 730; x_wconf 90' lang='lat' dir='ltr'><strong>multo</strong></span> <span class='ocrx_word' id='word_1_499' title='bbox 2347 676 2488 730; x_wconf 88' lang='lat' dir='ltr'><strong>Deus</strong></span> <span class='ocrx_word' id='word_1_500' title='bbox 2515 673 2921 730; x_wconf 90' lang='lat' dir='ltr'><strong>misericordius</strong></span> <span class='ocrx_word' id='word_1_501' title='bbox 2947 672 3162 736; x_wconf 87' lang='lat' dir='ltr'><strong>dixerit,</strong></span> <span class='ocrx_word' id='word_1_502' title='bbox 3202 679 3262 726; x_wconf 92' lang='lat' dir='ltr'><strong>ut</strong></span> <span class='ocrx_word' id='word_1_503' title='bbox 3289 671 3548 742; x_wconf 90' lang='lat' dir='ltr'><strong>quidquid</strong></span> <span class='ocrx_word' id='word_1_504' title='bbox 3581 686 3763 743; x_wconf 85' lang='lat' dir='ltr'><strong>super</strong></span> 
     </span>
    </p>
   </div>
   <div class='ocr_carea' id='block_1_66' title="bbox 2155 766 3762 837">
    <p class='ocr_par' dir='ltr' id='par_1_66' title="bbox 2155 766 3762 837">
     <span class='ocr_line' id='line_1_66' title="bbox 2155 766 3762 837; baseline -0.003 -14"><span class='ocrx_word' id='word_1_505' title='bbox 2155 784 2313 824; x_wconf 88' lang='lat' dir='ltr'><strong>suum</strong></span> <span class='ocrx_word' id='word_1_506' title='bbox 2337 775 2625 822; x_wconf 90' lang='lat' dir='ltr'><strong>venturum</strong></span> <span class='ocrx_word' id='word_1_507' title='bbox 2655 774 2744 823; x_wconf 91' lang='lat' dir='ltr'><strong>est</strong></span> <span class='ocrx_word' id='word_1_508' title='bbox 2769 766 3054 837; x_wconf 88' lang='lat' dir='ltr'><strong>populum,</strong></span> <span class='ocrx_word' id='word_1_509' title='bbox 3095 779 3259 836; x_wconf 86' lang='lat' dir='ltr'><strong>super</strong></span> <span class='ocrx_word' id='word_1_510' title='bbox 3293 779 3351 820; x_wconf 93' lang='lat' dir='ltr'><strong>se</strong></span> <span class='ocrx_word' id='word_1_511' title='bbox 3389 779 3607 835; x_wconf 91' lang='lat' dir='ltr'><strong>quoque</strong></span> <span class='ocrx_word' id='word_1_512' title='bbox 3658 780 3762 819; x_wconf 83' lang='lat' dir='ltr'><strong>ve—</strong></span> 
     </span>
    </p>
   </div>
   <div class='ocr_carea' id='block_1_67' title="bbox 2155 856 3762 929">
    <p class='ocr_par' dir='ltr' id='par_1_67' title="bbox 2155 856 3762 929">
     <span class='ocr_line' id='line_1_67' title="bbox 2155 856 3762 929; baseline -0.003 -13"><span class='ocrx_word' id='word_1_513' title='bbox 2155 862 2273 916; x_wconf 89' lang='lat' dir='ltr'><strong>nire</strong></span> <span class='ocrx_word' id='word_1_514' title='bbox 2319 867 2564 919; x_wconf 80' lang='lat' dir='ltr'><strong>testetur.</strong></span> <span class='ocrx_word' id='word_1_515' title='bbox 2601 857 2943 915; x_wconf 85' lang='lat' dir='ltr'><strong>Vastatorem</strong></span> <span class='ocrx_word' id='word_1_516' title='bbox 2989 867 3166 913; x_wconf 88' lang='lat' dir='ltr'><strong>autem</strong></span> <span class='ocrx_word' id='word_1_517' title='bbox 3197 858 3414 929; x_wconf 90' lang='lat' dir='ltr'><strong>pr0prie</strong></span> <span class='ocrx_word' id='word_1_518' title='bbox 3440 857 3523 912; x_wconf 89' lang='lat' dir='ltr'><strong>vel</strong></span> <span class='ocrx_word' id='word_1_519' title='bbox 3564 856 3762 914; x_wconf 76' lang='lat' dir='ltr'><strong>Nabu-</strong></span> 
     </span>
    </p>
   </div>
   <div class='ocr_carea' id='block_1_68' title="bbox 2157 949 3221 1020">
    <p class='ocr_par' dir='ltr' id='par_1_68' title="bbox 2157 949 3221 1020">
     <span class='ocr_line' id='line_1_68' title="bbox 2157 949 3221 1020; baseline -0.004 -14"><span class='ocrx_word' id='word_1_520' title='bbox 2157 953 2498 1007; x_wconf 89' lang='lat' dir='ltr'><strong>chodonosor</strong></span> <span class='ocrx_word' id='word_1_521' title='bbox 2524 953 2610 1006; x_wconf 91' lang='lat' dir='ltr'><strong>vel</strong></span> <span class='ocrx_word' id='word_1_522' title='bbox 2633 950 2905 1006; x_wconf 91' lang='lat' dir='ltr'><strong>diabolum</strong></span> <span class='ocrx_word' id='word_1_523' title='bbox 2934 949 3221 1020; x_wconf 89' lang='lat' dir='ltr'><strong>signiﬁcat.</strong></span> 
     </span>
    </p>
   </div>
   <div class='ocr_carea' id='block_1_69' title="bbox 2146 1043 3758 1114">
    <p class='ocr_par' dir='ltr' id='par_1_69' title="bbox 2146 1043 3758 1114">
     <span class='ocr_line' id='line_1_69' title="bbox 2146 1043 3758 1114; baseline 0.001 -17"><span class='ocrx_word' id='word_1_524' title='bbox 2146 1072 2149 1074; x_wconf 95' lang='lat'><em>-</em></span> <span class='ocrx_word' id='word_1_525' title='bbox 2233 1063 2252 1097; x_wconf 74' lang='grc' dir='ltr'><strong>ι</strong></span> <span class='ocrx_word' id='word_1_526' title='bbox 2289 1045 2640 1100; x_wconf 89' lang='lat' dir='ltr'><strong>Probatorem</strong></span> <span class='ocrx_word' id='word_1_527' title='bbox 2667 1044 2791 1100; x_wconf 90' lang='lat' dir='ltr'><strong>dedi</strong></span> <span class='ocrx_word' id='word_1_528' title='bbox 2816 1052 2868 1098; x_wconf 92' lang='lat' dir='ltr'><strong>te</strong></span> <span class='ocrx_word' id='word_1_529' title='bbox 2890 1044 2943 1097; x_wconf 91' lang='lat' dir='ltr'><strong>in</strong></span> <span class='ocrx_word' id='word_1_530' title='bbox 2971 1043 3166 1114; x_wconf 90' lang='lat' dir='ltr'><strong>populo</strong></span> <span class='ocrx_word' id='word_1_531' title='bbox 3194 1058 3315 1098; x_wconf 91' lang='lat' dir='ltr'><strong>meo</strong></span> <span class='ocrx_word' id='word_1_532' title='bbox 3351 1045 3631 1100; x_wconf 88' lang='lat' dir='ltr'><strong>robustum</strong></span> <span class='ocrx_word' id='word_1_533' title='bbox 3654 1086 3672 1109; x_wconf 88' lang='lat'><strong>,</strong></span> <span class='ocrx_word' id='word_1_534' title='bbox 3701 1055 3758 1100; x_wconf 89' lang='lat' dir='ltr'><strong>et</strong></span> 
     </span>
    </p>
   </div>
   <div class='ocr_carea' id='block_1_70' title="bbox 2162 1125 3760 1209">
    <p class='ocr_par' dir='ltr' id='par_1_70' title="bbox 2162 1125 3760 1209">
     <span class='ocr_line' id='line_1_70' title="bbox 2162 1125 3760 1209; baseline 0.002 -19"><span class='ocrx_word' id='word_1_535' title='bbox 2162 1156 2182 1190; x_wconf 85' lang='grc'><strong><em>‹</em></strong></span> <span class='ocrx_word' id='word_1_536' title='bbox 2219 1139 2382 1205; x_wconf 89' lang='lat' dir='ltr'><strong>scies,</strong></span> <span class='ocrx_word' id='word_1_537' title='bbox 2409 1147 2464 1195; x_wconf 91' lang='lat' dir='ltr'><strong>et</strong></span> <span class='ocrx_word' id='word_1_538' title='bbox 2483 1125 2741 1209; x_wconf 80' lang='lat' dir='ltr'><strong>prObabis</strong></span> <span class='ocrx_word' id='word_1_539' title='bbox 2769 1137 2886 1209; x_wconf 88' lang='lat' dir='ltr'><strong>vias</strong></span> <span class='ocrx_word' id='word_1_540' title='bbox 2903 1152 3111 1192; x_wconf 90' lang='lat' dir='ltr'><strong>eorum.</strong></span> <span class='ocrx_word' id='word_1_541' title='bbox 3135 1135 3337 1192; x_wconf 91' lang='lat' dir='ltr'><strong>Omnes</strong></span> <span class='ocrx_word' id='word_1_542' title='bbox 3361 1137 3452 1193; x_wconf 88' lang='lat' dir='ltr'><strong>isti</strong></span> <span class='ocrx_word' id='word_1_543' title='bbox 3472 1139 3760 1208; x_wconf 85' lang='lat' dir='ltr'><strong>principes</strong></span> 
     </span>
    </p>
   </div>
   <div class='ocr_carea' id='block_1_71' title="bbox 2163 1229 3758 1303">
    <p class='ocr_par' dir='ltr' id='par_1_71' title="bbox 2163 1229 3758 1303">
     <span class='ocr_line' id='line_1_71' title="bbox 2163 1229 3758 1303; baseline 0.003 -21"><span class='ocrx_word' id='word_1_544' title='bbox 2163 1249 2182 1282; x_wconf 84' lang='grc'><em>‹</em></span> <span class='ocrx_word' id='word_1_545' title='bbox 2219 1231 2549 1287; x_wconf 89' lang='lat' dir='ltr'><strong>declinantes</strong></span> <span class='ocrx_word' id='word_1_546' title='bbox 2575 1230 2699 1303; x_wconf 85' lang='lat' dir='ltr'><strong>(sive</strong></span> <span class='ocrx_word' id='word_1_547' title='bbox 2725 1229 3142 1302; x_wconf 89' lang='lat' dir='ltr'><strong>inobedientes),</strong></span> <span class='ocrx_word' id='word_1_548' title='bbox 3169 1229 3506 1286; x_wconf 84' lang='lat' dir='ltr'><strong>ambulantes</strong></span> <span class='ocrx_word' id='word_1_549' title='bbox 3531 1229 3758 1286; x_wconf 83' lang='lat' dir='ltr'><strong>fraudu-</strong></span> 
     </span>
    </p>
   </div>
   <div class='ocr_carea' id='block_1_72' title="bbox 2163 1321 3758 1396">
    <p class='ocr_par' dir='ltr' id='par_1_72' title="bbox 2163 1321 3758 1396">
     <span class='ocr_line' id='line_1_72' title="bbox 2163 1321 3758 1396; baseline 0.002 -20"><span class='ocrx_word' id='word_1_550' title='bbox 2163 1343 2181 1376; x_wconf 72' lang='grc' dir='ltr'><strong>ε</strong></span> <span class='ocrx_word' id='word_1_551' title='bbox 2218 1325 2390 1380; x_wconf 92' lang='lat' dir='ltr'><strong>lenter</strong></span> <span class='ocrx_word' id='word_1_552' title='bbox 2418 1326 2544 1396; x_wconf 85' lang='lat' dir='ltr'><strong>(sive</strong></span> <span class='ocrx_word' id='word_1_553' title='bbox 2568 1323 2867 1396; x_wconf 86' lang='lat' dir='ltr'><strong>perverse),</strong></span> <span class='ocrx_word' id='word_1_554' title='bbox 2894 1338 2967 1378; x_wconf 71' lang='lat' dir='ltr'><strong>tes</strong></span> <span class='ocrx_word' id='word_1_555' title='bbox 2995 1331 3050 1378; x_wconf 89' lang='lat' dir='ltr'><strong>et</strong></span> <span class='ocrx_word' id='word_1_556' title='bbox 3075 1321 3280 1378; x_wconf 80' lang='lat' dir='ltr'><strong>ferrum</strong></span> <span class='ocrx_word' id='word_1_557' title='bbox 3308 1342 3321 1377; x_wconf 91' lang='lat'><strong>:</strong></span> <span class='ocrx_word' id='word_1_558' title='bbox 3351 1324 3594 1379; x_wconf 88' lang='lat' dir='ltr'><strong>universi</strong></span> <span class='ocrx_word' id='word_1_559' title='bbox 3618 1340 3758 1380; x_wconf 86' lang='lat' dir='ltr'><strong>cor-</strong></span> 
     </span>
    </p>
   </div>
   <div class='ocr_carea' id='block_1_73' title="bbox 2162 1411 3760 1487">
    <p class='ocr_par' dir='ltr' id='par_1_73' title="bbox 2162 1411 3760 1487">
     <span class='ocr_line' id='line_1_73' title="bbox 2162 1411 3760 1487; baseline 0.001 -19"><span class='ocrx_word' id='word_1_560' title='bbox 2162 1435 2182 1468; x_wconf 76' lang='grc' dir='ltr'><strong>ι</strong></span> <span class='ocrx_word' id='word_1_561' title='bbox 2218 1418 2360 1487; x_wconf 90' lang='lat' dir='ltr'><strong>rupti</strong></span> <span class='ocrx_word' id='word_1_562' title='bbox 2384 1425 2525 1472; x_wconf 91' lang='lat' dir='ltr'><strong>sunt.</strong></span> <span class='ocrx_word' id='word_1_563' title='bbox 2543 1415 2749 1471; x_wconf 85' lang='lat' dir='ltr'><strong>Del&#39;ecit</strong></span> <span class='ocrx_word' id='word_1_564' title='bbox 2774 1411 3152 1481; x_wconf 84' lang='lat' dir='ltr'><strong>suﬂlatorium,</strong></span> <span class='ocrx_word' id='word_1_565' title='bbox 3183 1434 3201 1465; x_wconf 71' lang='grc' dir='ltr'><strong>ι</strong></span> <span class='ocrx_word' id='word_1_566' title='bbox 3230 1415 3413 1486; x_wconf 89' lang='lat' dir='ltr'><strong>(quem</strong></span> <span class='ocrx_word' id='word_1_567' title='bbox 3438 1415 3760 1486; x_wconf 86' lang='lat' dir='ltr'><strong>signiﬁcan-</strong></span> 
     </span>
    </p>
   </div>
   <div class='ocr_carea' id='block_1_74' title="bbox 2163 1505 3757 1585">
    <p class='ocr_par' dir='ltr' id='par_1_74' title="bbox 2163 1505 3757 1585">
     <span class='ocr_line' id='line_1_74' title="bbox 2163 1505 3757 1585; baseline 0.003 -26"><span class='ocrx_word' id='word_1_568' title='bbox 2163 1527 2182 1559; x_wconf 83' lang='grc'><em>‹</em></span> <span class='ocrx_word' id='word_1_569' title='bbox 2217 1509 2324 1563; x_wconf 89' lang='lat' dir='ltr'><strong>tius</strong></span> <span class='ocrx_word' id='word_1_570' title='bbox 2352 1507 2526 1563; x_wconf 68' lang='lat' dir='ltr'><strong>Graeci</strong></span> <span class='ocrx_word' id='word_1_571' title='bbox 2570 1517 2842 1585; x_wconf 74' lang='grc' dir='ltr'><strong>φυσητῆρα</strong></span> <span class='ocrx_word' id='word_1_572' title='bbox 2881 1505 3194 1578; x_wconf 90' lang='lat' dir='ltr'><strong>appellant).</strong></span> <span class='ocrx_word' id='word_1_573' title='bbox 3236 1505 3295 1560; x_wconf 85' lang='lat' dir='ltr'><strong>in</strong></span> <span class='ocrx_word' id='word_1_574' title='bbox 3337 1507 3460 1578; x_wconf 89' lang='lat' dir='ltr'><strong>igne</strong></span> <span class='ocrx_word' id='word_1_575' title='bbox 3490 1523 3757 1563; x_wconf 90' lang='lat' dir='ltr'><strong>consum-</strong></span> 
     </span>
    </p>
   </div>
   <div class='ocr_carea' id='block_1_75' title="bbox 2163 1596 3759 1672">
    <p class='ocr_par' dir='ltr' id='par_1_75' title="bbox 2163 1596 3759 1672">
     <span class='ocr_line' id='line_1_75' title="bbox 2163 1596 3759 1672; baseline -0.003 -16"><span class='ocrx_word' id='word_1_576' title='bbox 2163 1621 2182 1652; x_wconf 77' lang='grc' dir='ltr'><strong>ι</strong></span> <span class='ocrx_word' id='word_1_577' title='bbox 2215 1609 2366 1672; x_wconf 90' lang='lat' dir='ltr'><strong>ptum</strong></span> <span class='ocrx_word' id='word_1_578' title='bbox 2381 1609 2466 1656; x_wconf 91' lang='lat' dir='ltr'><strong>est</strong></span> <span class='ocrx_word' id='word_1_579' title='bbox 2485 1601 2784 1671; x_wconf 89' lang='lat' dir='ltr'><strong>plumbum,</strong></span> <span class='ocrx_word' id='word_1_580' title='bbox 2812 1600 3012 1654; x_wconf 83' lang='lat' dir='ltr'><strong>frustra</strong></span> <span class='ocrx_word' id='word_1_581' title='bbox 3038 1598 3293 1654; x_wconf 89' lang='lat' dir='ltr'><strong>conﬂavit</strong></span> <span class='ocrx_word' id='word_1_582' title='bbox 3321 1596 3583 1652; x_wconf 88' lang='lat' dir='ltr'><strong>conﬂator</strong></span> <span class='ocrx_word' id='word_1_583' title='bbox 3611 1597 3759 1669; x_wconf 83' lang='lat' dir='ltr'><strong>(sire</strong></span> 
     </span>
    </p>
   </div>
   <div class='ocr_carea' id='block_1_76' title="bbox 2162 1693 3759 1765">
    <p class='ocr_par' dir='ltr' id='par_1_76' title="bbox 2162 1693 3759 1765">
     <span class='ocr_line' id='line_1_76' title="bbox 2162 1693 3759 1765; baseline 0 -19"><span class='ocrx_word' id='word_1_584' title='bbox 2162 1712 2182 1746; x_wconf 76' lang='grc' dir='ltr'><strong>ι</strong></span> <span class='ocrx_word' id='word_1_585' title='bbox 2220 1694 2606 1765; x_wconf 88' lang='lat' dir='ltr'><strong>argentarius).</strong></span> <span class='ocrx_word' id='word_1_586' title='bbox 2643 1693 2858 1749; x_wconf 69' lang='lat' dir='ltr'><strong>Malitia:</strong></span> <span class='ocrx_word' id='word_1_587' title='bbox 2888 1693 3032 1748; x_wconf 93' lang='lat' dir='ltr'><strong>enim</strong></span> <span class='ocrx_word' id='word_1_588' title='bbox 3079 1709 3268 1749; x_wconf 86' lang='lat' dir='ltr'><strong>eorum</strong></span> <span class='ocrx_word' id='word_1_589' title='bbox 3313 1707 3421 1748; x_wconf 91' lang='lat' dir='ltr'><strong>non</strong></span> <span class='ocrx_word' id='word_1_590' title='bbox 3460 1701 3589 1747; x_wconf 89' lang='lat' dir='ltr'><strong>sunt</strong></span> <span class='ocrx_word' id='word_1_591' title='bbox 3617 1708 3759 1747; x_wconf 87' lang='lat' dir='ltr'><strong>con-</strong></span> 
     </span>
    </p>
   </div>
   <div class='ocr_carea' id='block_1_77' title="bbox 2164 1785 3756 1860">
    <p class='ocr_par' dir='ltr' id='par_1_77' title="bbox 2164 1785 3756 1860">
     <span class='ocr_line' id='line_1_77' title="bbox 2164 1785 3756 1860; baseline 0.001 -23"><span class='ocrx_word' id='word_1_592' title='bbox 2164 1803 2184 1837; x_wconf 71' lang='lat' dir='ltr'><strong>c</strong></span> <span class='ocrx_word' id='word_1_593' title='bbox 2220 1794 2466 1856; x_wconf 59' lang='lat' dir='ltr'><strong>sumptae.</strong></span> <span class='ocrx_word' id='word_1_594' title='bbox 2516 1787 2812 1860; x_wconf 84' lang='lat' dir='ltr'><strong>Argentum</strong></span> <span class='ocrx_word' id='word_1_595' title='bbox 2866 1785 3154 1855; x_wconf 89' lang='lat' dir='ltr'><strong>reprobum</strong></span> <span class='ocrx_word' id='word_1_596' title='bbox 3210 1794 3400 1840; x_wconf 88' lang='lat' dir='ltr'><strong>vocate</strong></span> <span class='ocrx_word' id='word_1_597' title='bbox 3446 1800 3570 1852; x_wconf 91' lang='lat' dir='ltr'><strong>eos,</strong></span> <span class='ocrx_word' id='word_1_598' title='bbox 3622 1786 3756 1854; x_wconf 88' lang='lat' dir='ltr'><strong>quia</strong></span> 
     </span>
    </p>
   </div>
   <div class='ocr_carea' id='block_1_78' title="bbox 2079 1857 3756 1949">
    <p class='ocr_par' dir='ltr' id='par_1_78' title="bbox 2079 1857 3756 1949">
     <span class='ocr_line' id='line_1_78' title="bbox 2079 1857 3756 1949; baseline 0.001 -21"><span class='ocrx_word' id='word_1_599' title='bbox 2079 1857 2129 1918; x_wconf 85' lang='grc' dir='ltr'><strong>Β</strong></span> <span class='ocrx_word' id='word_1_600' title='bbox 2162 1895 2182 1927; x_wconf 85' lang='grc'><em>‹</em></span> <span class='ocrx_word' id='word_1_601' title='bbox 2217 1877 2478 1933; x_wconf 90' lang='lat' dir='ltr'><strong>Dominus</strong></span> <span class='ocrx_word' id='word_1_602' title='bbox 2499 1857 2724 1949; x_wconf 84' lang='lat' dir='ltr'><strong>projecit</strong></span> <span class='ocrx_word' id='word_1_603' title='bbox 2751 1878 2889 1933; x_wconf 88' lang='lat' dir='ltr'><strong>illos.</strong></span> <span class='ocrx_word' id='word_1_604' title='bbox 2923 1899 2940 1931; x_wconf 69' lang='lat' dir='ltr'><strong>i</strong></span> <span class='ocrx_word' id='word_1_605' title='bbox 2967 1878 3135 1932; x_wconf 90' lang='lat' dir='ltr'><strong>Datur</strong></span> <span class='ocrx_word' id='word_1_606' title='bbox 3154 1879 3418 1948; x_wconf 89' lang='lat' dir='ltr'><strong>propheta</strong></span> <span class='ocrx_word' id='word_1_607' title='bbox 3441 1876 3640 1948; x_wconf 89' lang='lat' dir='ltr'><strong>populo</strong></span> <span class='ocrx_word' id='word_1_608' title='bbox 3664 1877 3756 1930; x_wconf 84' lang='lat' dir='ltr'><strong>in-</strong></span> 
     </span>
    </p>
   </div>
   <div class='ocr_carea' id='block_1_79' title="bbox 2155 1967 3757 2040">
    <p class='ocr_par' dir='ltr' id='par_1_79' title="bbox 2155 1967 3757 2040">
     <span class='ocr_line' id='line_1_79' title="bbox 2155 1967 3757 2040; baseline -0.002 -15"><span class='ocrx_word' id='word_1_609' title='bbox 2155 1970 2376 2026; x_wconf 90' lang='lat' dir='ltr'><strong>credulo</strong></span> <span class='ocrx_word' id='word_1_610' title='bbox 2409 1970 2666 2040; x_wconf 88' lang='lat' dir='ltr'><strong>probator</strong></span> <span class='ocrx_word' id='word_1_611' title='bbox 2710 1972 2996 2036; x_wconf 90' lang='lat' dir='ltr'><strong>robustus,</strong></span> <span class='ocrx_word' id='word_1_612' title='bbox 3047 1971 3189 2039; x_wconf 91' lang='lat' dir='ltr'><strong>quod</strong></span> <span class='ocrx_word' id='word_1_613' title='bbox 3237 1967 3503 2024; x_wconf 80' lang='lat' dir='ltr'><strong>Hebraice</strong></span> <span class='ocrx_word' id='word_1_614' title='bbox 3544 1967 3757 2022; x_wconf 85' lang='lat' dir='ltr'><strong>dicitur</strong></span> 
     </span>
    </p>
   </div>
   <div class='ocr_carea' id='block_1_80' title="bbox 2131 2058 3754 2131">
    <p class='ocr_par' dir='ltr' id='par_1_80' title="bbox 2131 2058 3754 2131">
     <span class='ocr_line' id='line_1_80' title="bbox 2131 2058 3754 2131; baseline -0.004 -13"><span class='ocrx_word' id='word_1_615' title='bbox 2131 2071 2341 2127; x_wconf 60' lang='grc' dir='ltr'><strong>,ἬτΞῇ</strong></span> <span class='ocrx_word' id='word_1_616' title='bbox 2369 2061 2512 2130; x_wconf 89' lang='lat' dir='ltr'><strong>quod</strong></span> <span class='ocrx_word' id='word_1_617' title='bbox 2538 2061 2622 2116; x_wconf 86' lang='lat' dir='ltr'><strong>vel</strong></span> <span class='ocrx_word' id='word_1_618' title='bbox 2651 2063 2907 2115; x_wconf 78' lang='lat' dir='ltr'><strong>munitum</strong></span> <span class='ocrx_word' id='word_1_619' title='bbox 2925 2059 3082 2130; x_wconf 79' lang='lat' dir='ltr'><strong>juxta</strong></span> <span class='ocrx_word' id='word_1_620' title='bbox 3104 2060 3377 2131; x_wconf 85' lang='lat' dir='ltr'><strong>Aquilam,</strong></span> <span class='ocrx_word' id='word_1_621' title='bbox 3401 2059 3488 2115; x_wconf 85' lang='lat' dir='ltr'><strong>vel</strong></span> <span class='ocrx_word' id='word_1_622' title='bbox 3507 2058 3754 2115; x_wconf 77' lang='lat' dir='ltr'><strong>clausum</strong></span> 
     </span>
    </p>
   </div>
   <div class='ocr_carea' id='block_1_81' title="bbox 2155 2152 3758 2225">
    <p class='ocr_par' dir='ltr' id='par_1_81' title="bbox 2155 2152 3758 2225">
     <span class='ocr_line' id='line_1_81' title="bbox 2155 2152 3758 2225; baseline -0.001 -17"><span class='ocrx_word' id='word_1_623' title='bbox 2155 2162 2318 2223; x_wconf 90' lang='lat' dir='ltr'><strong>atque</strong></span> <span class='ocrx_word' id='word_1_624' title='bbox 2359 2153 2778 2219; x_wconf 83' lang='lat' dir='ltr'><strong>circumdatum,</strong></span> <span class='ocrx_word' id='word_1_625' title='bbox 2817 2152 2971 2222; x_wconf 84' lang='lat' dir='ltr'><strong>juxta</strong></span> <span class='ocrx_word' id='word_1_626' title='bbox 3008 2152 3394 2225; x_wconf 86' lang='lat' dir='ltr'><strong>Symmachum</strong></span> <span class='ocrx_word' id='word_1_627' title='bbox 3422 2161 3478 2208; x_wconf 91' lang='lat' dir='ltr'><strong>et</strong></span> <span class='ocrx_word' id='word_1_628' title='bbox 3519 2152 3758 2224; x_wconf 78' lang='lat' dir='ltr'><strong>Septua-</strong></span> 
     </span>
    </p>
   </div>
   <div class='ocr_carea' id='block_1_82' title="bbox 2152 2243 3756 2314">
    <p class='ocr_par' dir='ltr' id='par_1_82' title="bbox 2152 2243 3756 2314">
     <span class='ocr_line' id='line_1_82' title="bbox 2152 2243 3756 2314; baseline -0.001 -17"><span class='ocrx_word' id='word_1_629' title='bbox 2152 2244 2323 2313; x_wconf 88' lang='lat' dir='ltr'><strong>ginta,</strong></span> <span class='ocrx_word' id='word_1_630' title='bbox 2355 2251 2533 2308; x_wconf 88' lang='lat' dir='ltr'><strong>sonat,</strong></span> <span class='ocrx_word' id='word_1_631' title='bbox 2566 2243 2740 2297; x_wconf 89' lang='lat' dir='ltr'><strong>instar</strong></span> <span class='ocrx_word' id='word_1_632' title='bbox 2776 2243 2926 2298; x_wconf 90' lang='lat' dir='ltr'><strong>urbis</strong></span> <span class='ocrx_word' id='word_1_633' title='bbox 2965 2243 3312 2307; x_wconf 73' lang='lat' dir='ltr'><strong>ﬁrmissimas,</strong></span> <span class='ocrx_word' id='word_1_634' title='bbox 3345 2253 3406 2298; x_wconf 91' lang='lat' dir='ltr'><strong>ut</strong></span> <span class='ocrx_word' id='word_1_635' title='bbox 3443 2243 3619 2298; x_wconf 84' lang='lat' dir='ltr'><strong>nullas</strong></span> <span class='ocrx_word' id='word_1_636' title='bbox 3649 2258 3756 2314; x_wconf 86' lang='lat' dir='ltr'><strong>po-</strong></span> 
     </span>
    </p>
   </div>
   <div class='ocr_carea' id='block_1_83' title="bbox 2151 2333 3756 2406">
    <p class='ocr_par' dir='ltr' id='par_1_83' title="bbox 2151 2333 3756 2406">
     <span class='ocr_line' id='line_1_83' title="bbox 2151 2333 3756 2406; baseline 0.002 -18"><span class='ocrx_word' id='word_1_637' title='bbox 2151 2335 2262 2404; x_wconf 88' lang='lat' dir='ltr'><strong>puli</strong></span> <span class='ocrx_word' id='word_1_638' title='bbox 2287 2335 2636 2404; x_wconf 75' lang='lat' dir='ltr'><strong>pertimescat</strong></span> <span class='ocrx_word' id='word_1_639' title='bbox 2665 2333 2927 2399; x_wconf 90' lang='lat' dir='ltr'><strong>insidias;</strong></span> <span class='ocrx_word' id='word_1_640' title='bbox 2967 2343 3025 2390; x_wconf 92' lang='lat' dir='ltr'><strong>ut</strong></span> <span class='ocrx_word' id='word_1_641' title='bbox 3049 2351 3171 2391; x_wconf 92' lang='lat' dir='ltr'><strong>cum</strong></span> <span class='ocrx_word' id='word_1_642' title='bbox 3211 2336 3531 2406; x_wconf 89' lang='lat' dir='ltr'><strong>probaveris</strong></span> <span class='ocrx_word' id='word_1_643' title='bbox 3559 2337 3662 2401; x_wconf 86' lang='lat' dir='ltr'><strong>ait,</strong></span> <span class='ocrx_word' id='word_1_644' title='bbox 3692 2344 3756 2392; x_wconf 84' lang='lat' dir='ltr'><strong>et</strong></span> 
     </span>
    </p>
   </div>
   <div class='ocr_carea' id='block_1_84' title="bbox 2123 2425 3754 2502">
    <p class='ocr_par' dir='ltr' id='par_1_84' title="bbox 2123 2425 3754 2502">
     <span class='ocr_line' id='line_1_84' title="bbox 2123 2425 3754 2502; baseline 0.001 -21"><span class='ocrx_word' id='word_1_645' title='bbox 2123 2427 2342 2502; x_wconf 4' lang='lat' dir='ltr'><strong>(scieris</strong></span> <span class='ocrx_word' id='word_1_646' title='bbox 2371 2427 2512 2480; x_wconf 91' lang='lat' dir='ltr'><strong>viam</strong></span> <span class='ocrx_word' id='word_1_647' title='bbox 2552 2426 2736 2496; x_wconf 90' lang='lat' dir='ltr'><strong>populi</strong></span> <span class='ocrx_word' id='word_1_648' title='bbox 2760 2426 3143 2496; x_wconf 87' lang='lat' dir='ltr'><strong>delinquentis,</strong></span> <span class='ocrx_word' id='word_1_649' title='bbox 3186 2435 3315 2482; x_wconf 91' lang='lat' dir='ltr'><strong>tunc</strong></span> <span class='ocrx_word' id='word_1_650' title='bbox 3347 2425 3614 2498; x_wconf 88' lang='lat' dir='ltr'><strong>intelligas</strong></span> <span class='ocrx_word' id='word_1_651' title='bbox 3657 2442 3754 2482; x_wconf 84' lang='lat' dir='ltr'><strong>ar-</strong></span> 
     </span>
    </p>
   </div>
   <div class='ocr_carea' id='block_1_85' title="bbox 2152 2507 3751 2590">
    <p class='ocr_par' dir='ltr' id='par_1_85' title="bbox 2152 2507 3751 2590">
     <span class='ocr_line' id='line_1_85' title="bbox 2152 2507 3751 2590; baseline 0.001 -18"><span class='ocrx_word' id='word_1_652' title='bbox 2152 2525 2374 2588; x_wconf 91' lang='lat' dir='ltr'><strong>gentum</strong></span> <span class='ocrx_word' id='word_1_653' title='bbox 2406 2532 2514 2572; x_wconf 72' lang='lat' dir='ltr'><strong>cere</strong></span> <span class='ocrx_word' id='word_1_654' title='bbox 2535 2517 2888 2572; x_wconf 82' lang='lat' dir='ltr'><strong>commixtum</strong></span> <span class='ocrx_word' id='word_1_655' title='bbox 2911 2516 3055 2571; x_wconf 89' lang='lat' dir='ltr'><strong>nulla</strong></span> <span class='ocrx_word' id='word_1_656' title='bbox 3087 2533 3244 2588; x_wconf 91' lang='lat' dir='ltr'><strong>posse</strong></span> <span class='ocrx_word' id='word_1_657' title='bbox 3273 2520 3484 2573; x_wconf 89' lang='lat' dir='ltr'><strong>ratione</strong></span> <span class='ocrx_word' id='word_1_658' title='bbox 3504 2507 3751 2590; x_wconf 85' lang='lat' dir='ltr'><strong>purgari.</strong></span> 
     </span>
    </p>
   </div>
   <div class='ocr_carea' id='block_1_86' title="bbox 2152 2610 3754 2680">
    <p class='ocr_par' dir='ltr' id='par_1_86' title="bbox 2152 2610 3754 2680">
     <span class='ocr_line' id='line_1_86' title="bbox 2152 2610 3754 2680; baseline -0.001 -13"><span class='ocrx_word' id='word_1_659' title='bbox 2152 2610 2434 2679; x_wconf 85' lang='lat' dir='ltr'><strong>Quomodo</strong></span> <span class='ocrx_word' id='word_1_660' title='bbox 2487 2611 2634 2666; x_wconf 89' lang='lat' dir='ltr'><strong>enim</strong></span> <span class='ocrx_word' id='word_1_661' title='bbox 2679 2611 2958 2680; x_wconf 88' lang='lat' dir='ltr'><strong>plumbum</strong></span> <span class='ocrx_word' id='word_1_662' title='bbox 3004 2611 3266 2667; x_wconf 89' lang='lat' dir='ltr'><strong>miscetur</strong></span> <span class='ocrx_word' id='word_1_663' title='bbox 3311 2610 3575 2676; x_wconf 89' lang='lat' dir='ltr'><strong>metallis,</strong></span> <span class='ocrx_word' id='word_1_664' title='bbox 3629 2627 3754 2680; x_wconf 76' lang='lat' dir='ltr'><strong>qua:</strong></span> 
     </span>
    </p>
   </div>
   <div class='ocr_carea' id='block_1_87' title="bbox 2153 2692 3754 2777">
    <p class='ocr_par' dir='ltr' id='par_1_87' title="bbox 2153 2692 3754 2777">
     <span class='ocr_line' id='line_1_87' title="bbox 2153 2692 3754 2777; baseline -0.001 -15"><span class='ocrx_word' id='word_1_665' title='bbox 2153 2707 2455 2763; x_wconf 82' lang='lat' dir='ltr'><strong>adulterata</strong></span> <span class='ocrx_word' id='word_1_666' title='bbox 2483 2715 2608 2762; x_wconf 93' lang='lat' dir='ltr'><strong>sunt</strong></span> <span class='ocrx_word' id='word_1_667' title='bbox 2649 2715 2811 2776; x_wconf 90' lang='lat' dir='ltr'><strong>atque</strong></span> <span class='ocrx_word' id='word_1_668' title='bbox 2838 2707 3056 2772; x_wconf 90' lang='lat' dir='ltr'><strong>violata,</strong></span> <span class='ocrx_word' id='word_1_669' title='bbox 3090 2715 3149 2762; x_wconf 92' lang='lat' dir='ltr'><strong>ut</strong></span> <span class='ocrx_word' id='word_1_670' title='bbox 3193 2692 3421 2761; x_wconf 88' lang='lat' dir='ltr'><strong>materia</strong></span> <span class='ocrx_word' id='word_1_671' title='bbox 3465 2714 3754 2777; x_wconf 87' lang='lat' dir='ltr'><strong>separetur</strong></span> 
     </span>
    </p>
   </div>
   <div class='ocr_carea' id='block_1_88' title="bbox 2155 2795 3753 2868">
    <p class='ocr_par' dir='ltr' id='par_1_88' title="bbox 2155 2795 3753 2868">
     <span class='ocr_line' id='line_1_88' title="bbox 2155 2795 3753 2868; baseline -0.001 -16"><span class='ocrx_word' id='word_1_672' title='bbox 2155 2795 2334 2854; x_wconf 87' lang='lat' dir='ltr'><strong>aliena</strong></span> <span class='ocrx_word' id='word_1_673' title='bbox 2355 2838 2373 2864; x_wconf 90' lang='lat'><strong>,</strong></span> <span class='ocrx_word' id='word_1_674' title='bbox 2402 2805 2458 2853; x_wconf 88' lang='lat' dir='ltr'><strong>et</strong></span> <span class='ocrx_word' id='word_1_675' title='bbox 2496 2798 2541 2853; x_wconf 91' lang='lat' dir='ltr'><strong>si</strong></span> <span class='ocrx_word' id='word_1_676' title='bbox 2565 2797 2795 2853; x_wconf 81' lang='lat' dir='ltr'><strong>forsitan</strong></span> <span class='ocrx_word' id='word_1_677' title='bbox 2838 2805 3068 2868; x_wconf 87' lang='lat' dir='ltr'><strong>purgata</strong></span> <span class='ocrx_word' id='word_1_678' title='bbox 3096 2812 3206 2852; x_wconf 93' lang='lat' dir='ltr'><strong>non</strong></span> <span class='ocrx_word' id='word_1_679' title='bbox 3233 2797 3430 2863; x_wconf 84' lang='lat' dir='ltr'><strong>fuerit,</strong></span> <span class='ocrx_word' id='word_1_680' title='bbox 3469 2797 3753 2867; x_wconf 89' lang='lat' dir='ltr'><strong>plumbum</strong></span> 
     </span>
    </p>
   </div>
   <div class='ocr_carea' id='block_1_89' title="bbox 2151 2891 3751 2964">
    <p class='ocr_par' dir='ltr' id='par_1_89' title="bbox 2151 2891 3751 2964">
     <span class='ocr_line' id='line_1_89' title="bbox 2151 2891 3751 2964; baseline -0.002 -16"><span class='ocrx_word' id='word_1_681' title='bbox 2151 2907 2312 2948; x_wconf 89' lang='lat' dir='ltr'><strong>omne</strong></span> <span class='ocrx_word' id='word_1_682' title='bbox 2342 2892 2678 2948; x_wconf 90' lang='lat' dir='ltr'><strong>consumitur</strong></span> <span class='ocrx_word' id='word_1_683' title='bbox 2707 2900 2762 2947; x_wconf 91' lang='lat' dir='ltr'><strong>et</strong></span> <span class='ocrx_word' id='word_1_684' title='bbox 2788 2892 2842 2946; x_wconf 94' lang='lat' dir='ltr'><strong>in</strong></span> <span class='ocrx_word' id='word_1_685' title='bbox 2867 2891 3098 2946; x_wconf 89' lang='lat' dir='ltr'><strong>nihilum</strong></span> <span class='ocrx_word' id='word_1_686' title='bbox 3130 2891 3434 2964; x_wconf 89' lang='lat' dir='ltr'><strong>redigitur:</strong></span> <span class='ocrx_word' id='word_1_687' title='bbox 3472 2891 3549 2945; x_wconf 87' lang='lat' dir='ltr'><strong>ita</strong></span> <span class='ocrx_word' id='word_1_688' title='bbox 3586 2906 3751 2945; x_wconf 88' lang='lat' dir='ltr'><strong>omne</strong></span> 
     </span>
    </p>
   </div>
   <div class='ocr_carea' id='block_1_90' title="bbox 2151 2983 3750 3054">
    <p class='ocr_par' dir='ltr' id='par_1_90' title="bbox 2151 2983 3750 3054">
     <span class='ocr_line' id='line_1_90' title="bbox 2151 2983 3750 3054; baseline -0.001 -16"><span class='ocrx_word' id='word_1_689' title='bbox 2151 2984 2425 3054; x_wconf 89' lang='lat' dir='ltr'><strong>eloquium</strong></span> <span class='ocrx_word' id='word_1_690' title='bbox 2455 2984 2847 3050; x_wconf 89' lang='lat' dir='ltr'><strong>doctrinarum,</strong></span> <span class='ocrx_word' id='word_1_691' title='bbox 2873 2992 2927 3038; x_wconf 88' lang='lat' dir='ltr'><strong>et</strong></span> <span class='ocrx_word' id='word_1_692' title='bbox 2951 2999 3131 3039; x_wconf 88' lang='lat' dir='ltr'><strong>sermo</strong></span> <span class='ocrx_word' id='word_1_693' title='bbox 3157 2983 3505 3054; x_wconf 90' lang='lat' dir='ltr'><strong>propheticus</strong></span> <span class='ocrx_word' id='word_1_694' title='bbox 3527 2983 3674 3052; x_wconf 90' lang='lat' dir='ltr'><strong>perit</strong></span> <span class='ocrx_word' id='word_1_695' title='bbox 3695 2983 3750 3037; x_wconf 91' lang='lat' dir='ltr'><strong>in</strong></span> 
     </span>
    </p>
   </div>
   <div class='ocr_carea' id='block_1_91' title="bbox 2151 3073 3746 3146">
    <p class='ocr_par' dir='ltr' id='par_1_91' title="bbox 2151 3073 3746 3146">
     <span class='ocr_line' id='line_1_91' title="bbox 2151 3073 3746 3146; baseline -0.003 -14"><span class='ocrx_word' id='word_1_696' title='bbox 2151 3077 2240 3132; x_wconf 91' lang='lat' dir='ltr'><strong>his</strong></span> <span class='ocrx_word' id='word_1_697' title='bbox 2267 3077 2358 3146; x_wconf 89' lang='lat' dir='ltr'><strong>qui</strong></span> <span class='ocrx_word' id='word_1_698' title='bbox 2389 3075 2577 3130; x_wconf 91' lang='lat' dir='ltr'><strong>audire</strong></span> <span class='ocrx_word' id='word_1_699' title='bbox 2617 3083 2992 3131; x_wconf 86' lang='lat' dir='ltr'><strong>contemnunt.</strong></span> <span class='ocrx_word' id='word_1_700' title='bbox 3040 3074 3296 3130; x_wconf 89' lang='lat' dir='ltr'><strong>Dicamus</strong></span> <span class='ocrx_word' id='word_1_701' title='bbox 3341 3083 3400 3129; x_wconf 88' lang='lat' dir='ltr'><strong>et</strong></span> <span class='ocrx_word' id='word_1_702' title='bbox 3445 3089 3605 3144; x_wconf 89' lang='lat' dir='ltr'><strong>super</strong></span> <span class='ocrx_word' id='word_1_703' title='bbox 3657 3073 3746 3127; x_wconf 88' lang='lat' dir='ltr'><strong>his</strong></span> 
     </span>
    </p>
   </div>
   <div class='ocr_carea' id='block_1_92' title="bbox 2157 3169 3751 3241">
    <p class='ocr_par' dir='ltr' id='par_1_92' title="bbox 2157 3169 3751 3241">
     <span class='ocr_line' id='line_1_92' title="bbox 2157 3169 3751 3241; baseline 0 -19"><span class='ocrx_word' id='word_1_704' title='bbox 2157 3189 2176 3222; x_wconf 73' lang='grc' dir='ltr'><strong>ι</strong></span> <span class='ocrx_word' id='word_1_705' title='bbox 2207 3171 2300 3241; x_wconf 92' lang='lat' dir='ltr'><strong>qui</strong></span> <span class='ocrx_word' id='word_1_706' title='bbox 2341 3171 2481 3225; x_wconf 91' lang='lat' dir='ltr'><strong>sicut</strong></span> <span class='ocrx_word' id='word_1_707' title='bbox 2527 3169 2743 3240; x_wconf 90' lang='lat' dir='ltr'><strong>aspides</strong></span> <span class='ocrx_word' id='word_1_708' title='bbox 2798 3169 2976 3224; x_wconf 81' lang='lat' dir='ltr'><strong>surdae</strong></span> <span class='ocrx_word' id='word_1_709' title='bbox 3017 3169 3275 3224; x_wconf 91' lang='lat' dir='ltr'><strong>obturant</strong></span> <span class='ocrx_word' id='word_1_710' title='bbox 3319 3183 3480 3223; x_wconf 92' lang='lat' dir='ltr'><strong>aures</strong></span> <span class='ocrx_word' id='word_1_711' title='bbox 3511 3182 3638 3221; x_wconf 82' lang='lat' dir='ltr'><strong>suas</strong></span> <span class='ocrx_word' id='word_1_712' title='bbox 3676 3181 3751 3222; x_wconf 89' lang='lat' dir='ltr'><strong>ne</strong></span> 
     </span>
    </p>
   </div>
   <div class='ocr_carea' id='block_1_93' title="bbox 2149 3255 3748 3330">
    <p class='ocr_par' dir='ltr' id='par_1_93' title="bbox 2149 3255 3748 3330">
     <span class='ocr_line' id='line_1_93' title="bbox 2149 3255 3748 3330; baseline -0.004 -14"><span class='ocrx_word' id='word_1_713' title='bbox 2149 3262 2369 3316; x_wconf 88' lang='lat' dir='ltr'><strong>audiant</strong></span> <span class='ocrx_word' id='word_1_714' title='bbox 2414 3275 2575 3316; x_wconf 89' lang='lat' dir='ltr'><strong>voces</strong></span> <span class='ocrx_word' id='word_1_715' title='bbox 2622 3259 3016 3314; x_wconf 89' lang='lat' dir='ltr'><strong>incantantium</strong></span> <span class='ocrx_word' id='word_1_716' title='bbox 3082 3256 3255 3330; x_wconf 85' lang='lat' dir='ltr'><strong>(Psal.</strong></span> <span class='ocrx_word' id='word_1_717' title='bbox 3307 3256 3460 3330; x_wconf 79' lang='lat' dir='ltr'><strong>Lvn).</strong></span> <span class='ocrx_word' id='word_1_718' title='bbox 3517 3255 3748 3311; x_wconf 74' lang='lat' dir='ltr'><strong>Frustra</strong></span> 
     </span>
    </p>
   </div>
   <div class='ocr_carea' id='block_1_94' title="bbox 2147 3343 3750 3421">
    <p class='ocr_par' dir='ltr' id='par_1_94' title="bbox 2147 3343 3750 3421">
     <span class='ocr_line' id='line_1_94' title="bbox 2147 3343 3750 3421; baseline -0.006 -12"><span class='ocrx_word' id='word_1_719' title='bbox 2147 3353 2293 3409; x_wconf 90' lang='lat' dir='ltr'><strong>enim</strong></span> <span class='ocrx_word' id='word_1_720' title='bbox 2339 3350 2593 3408; x_wconf 89' lang='lat' dir='ltr'><strong>conﬂavit</strong></span> <span class='ocrx_word' id='word_1_721' title='bbox 2638 3349 2977 3421; x_wconf 88' lang='lat' dir='ltr'><strong>argentarius</strong></span> <span class='ocrx_word' id='word_1_722' title='bbox 3025 3347 3141 3403; x_wconf 90' lang='lat' dir='ltr'><strong>sive</strong></span> <span class='ocrx_word' id='word_1_723' title='bbox 3187 3345 3480 3402; x_wconf 91' lang='lat' dir='ltr'><strong>conﬂator.</strong></span> <span class='ocrx_word' id='word_1_724' title='bbox 3523 3343 3750 3401; x_wconf 62' lang='lat' dir='ltr'><strong>malitia!</strong></span> 
     </span>
    </p>
   </div>
   <div class='ocr_carea' id='block_1_95' title="bbox 2147 3438 3746 3510">
    <p class='ocr_par' dir='ltr' id='par_1_95' title="bbox 2147 3438 3746 3510">
     <span class='ocr_line' id='line_1_95' title="bbox 2147 3438 3746 3510; baseline -0.004 -12"><span class='ocrx_word' id='word_1_725' title='bbox 2147 3444 2294 3498; x_wconf 90' lang='lat' dir='ltr'><strong>enim</strong></span> <span class='ocrx_word' id='word_1_726' title='bbox 2324 3458 2512 3498; x_wconf 91' lang='lat' dir='ltr'><strong>eorum</strong></span> <span class='ocrx_word' id='word_1_727' title='bbox 2539 3457 2645 3498; x_wconf 91' lang='lat' dir='ltr'><strong>non</strong></span> <span class='ocrx_word' id='word_1_728' title='bbox 2673 3447 2800 3497; x_wconf 89' lang='lat' dir='ltr'><strong>sunt</strong></span> <span class='ocrx_word' id='word_1_729' title='bbox 2827 3449 3179 3510; x_wconf 68' lang='lat' dir='ltr'><strong>consumptm.</strong></span> <span class='ocrx_word' id='word_1_730' title='bbox 3210 3438 3366 3495; x_wconf 91' lang='lat' dir='ltr'><strong>Unde</strong></span> <span class='ocrx_word' id='word_1_731' title='bbox 3397 3451 3746 3508; x_wconf 85' lang='lat' dir='ltr'><strong>nequaquam</strong></span> 
     </span>
    </p>
   </div>
   <div class='ocr_carea' id='block_1_96' title="bbox 2147 3529 3743 3606">
    <p class='ocr_par' dir='ltr' id='par_1_96' title="bbox 2147 3529 3743 3606">
     <span class='ocr_line' id='line_1_96' title="bbox 2147 3529 3743 3606; baseline -0.006 -15"><span class='ocrx_word' id='word_1_732' title='bbox 2147 3544 2463 3606; x_wconf 88' lang='lat' dir='ltr'><strong>argentum,</strong></span> <span class='ocrx_word' id='word_1_733' title='bbox 2517 3536 2610 3590; x_wconf 91' lang='lat' dir='ltr'><strong>sed</strong></span> <span class='ocrx_word' id='word_1_734' title='bbox 2666 3542 2954 3604; x_wconf 83' lang='lat' dir='ltr'><strong>argentum</strong></span> <span class='ocrx_word' id='word_1_735' title='bbox 3005 3533 3297 3602; x_wconf 87' lang='lat' dir='ltr'><strong>reprobum</strong></span> <span class='ocrx_word' id='word_1_736' title='bbox 3356 3540 3480 3586; x_wconf 90' lang='lat' dir='ltr'><strong>sunt</strong></span> <span class='ocrx_word' id='word_1_737' title='bbox 3526 3529 3743 3595; x_wconf 89' lang='lat' dir='ltr'><strong>vocati,</strong></span> 
     </span>
    </p>
   </div>
   <div class='ocr_carea' id='block_1_97' title="bbox 2146 3623 3743 3701">
    <p class='ocr_par' dir='ltr' id='par_1_97' title="bbox 2146 3623 3743 3701">
     <span class='ocr_line' id='line_1_97' title="bbox 2146 3623 3743 3701; baseline -0.003 -20"><span class='ocrx_word' id='word_1_738' title='bbox 2146 3628 2270 3697; x_wconf 89' lang='lat' dir='ltr'><strong>quia</strong></span> <span class='ocrx_word' id='word_1_739' title='bbox 2313 3628 2573 3701; x_wconf 88' lang='lat' dir='ltr'><strong>Dominus</strong></span> <span class='ocrx_word' id='word_1_740' title='bbox 2611 3625 2807 3695; x_wconf 91' lang='lat' dir='ltr'><strong>abjecit</strong></span> <span class='ocrx_word' id='word_1_741' title='bbox 2848 3640 2962 3680; x_wconf 90' lang='lat' dir='ltr'><strong>eos.</strong></span> <span class='ocrx_word' id='word_1_742' title='bbox 3000 3623 3280 3693; x_wconf 88' lang='lat' dir='ltr'><strong>Principes</strong></span> <span class='ocrx_word' id='word_1_743' title='bbox 3315 3632 3495 3678; x_wconf 88' lang='lat' dir='ltr'><strong>autem</strong></span> <span class='ocrx_word' id='word_1_744' title='bbox 3539 3631 3664 3685; x_wconf 81' lang='lat' dir='ltr'><strong>sunt</strong></span> <span class='ocrx_word' id='word_1_745' title='bbox 3710 3637 3743 3676; x_wconf 87' lang='lat' dir='ltr'><strong>a</strong></span> 
     </span>
    </p>
   </div>
   <div class='ocr_carea' id='block_1_98' title="bbox 2145 3714 3743 3786">
    <p class='ocr_par' dir='ltr' id='par_1_98' title="bbox 2145 3714 3743 3786">
     <span class='ocr_line' id='line_1_98' title="bbox 2145 3714 3743 3786; baseline -0.004 -11"><span class='ocrx_word' id='word_1_746' title='bbox 2145 3721 2376 3776; x_wconf 90' lang='lat' dir='ltr'><strong>Domino</strong></span> <span class='ocrx_word' id='word_1_747' title='bbox 2416 3719 2733 3775; x_wconf 88' lang='lat' dir='ltr'><strong>recedentes</strong></span> <span class='ocrx_word' id='word_1_748' title='bbox 2780 3718 2894 3773; x_wconf 86' lang='lat' dir='ltr'><strong>sive</strong></span> <span class='ocrx_word' id='word_1_749' title='bbox 2939 3716 3331 3781; x_wconf 79' lang='lat' dir='ltr'><strong>inobedient‘es,</strong></span> <span class='ocrx_word' id='word_1_750' title='bbox 3363 3714 3453 3786; x_wconf 93' lang='lat' dir='ltr'><strong>qui</strong></span> <span class='ocrx_word' id='word_1_751' title='bbox 3483 3727 3743 3772; x_wconf 85' lang='lat' dir='ltr'><strong>perverse</strong></span> 
     </span>
    </p>
   </div>
   <div class='ocr_carea' id='block_1_99' title="bbox 2114 3803 3742 3895">
    <p class='ocr_par' dir='ltr' id='par_1_99' title="bbox 2114 3803 3742 3895">
     <span class='ocr_line' id='line_1_99' title="bbox 2114 3803 3742 3895; baseline -0.004 -29"><span class='ocrx_word' id='word_1_752' title='bbox 2114 3803 2422 3867; x_wconf 48' lang='lat' dir='ltr'><strong>&#39;ambulant</strong></span> <span class='ocrx_word' id='word_1_753' title='bbox 2448 3820 2504 3866; x_wconf 92' lang='lat' dir='ltr'><strong>et</strong></span> <span class='ocrx_word' id='word_1_754' title='bbox 2543 3809 2937 3866; x_wconf 80' lang='lat' dir='ltr'><strong>fraudulenter.</strong></span> <span class='ocrx_word' id='word_1_755' title='bbox 2967 3805 3231 3895; x_wconf 68' lang='lat' dir='ltr'><strong>(Cragon)</strong></span> <span class='ocrx_word' id='word_1_756' title='bbox 3275 3807 3353 3863; x_wconf 91' lang='lat' dir='ltr'><strong>De</strong></span> <span class='ocrx_word' id='word_1_757' title='bbox 3395 3808 3499 3863; x_wconf 91' lang='lat' dir='ltr'><strong>hac</strong></span> <span class='ocrx_word' id='word_1_758' title='bbox 3536 3805 3742 3877; x_wconf 85' lang='lat' dir='ltr'><strong>quippe</strong></span> 
     </span>
    </p>
   </div>
   <div class='ocr_carea' id='block_1_100' title="bbox 2145 3900 3742 3974">
    <p class='ocr_par' dir='ltr' id='par_1_100' title="bbox 2145 3900 3742 3974">
     <span class='ocr_line' id='line_1_100' title="bbox 2145 3900 3742 3974; baseline -0.003 -14"><span class='ocrx_word' id='word_1_759' title='bbox 2145 3905 2467 3960; x_wconf 85' lang='lat' dir='ltr'><strong>conﬂatione</strong></span> <span class='ocrx_word' id='word_1_760' title='bbox 2493 3904 2546 3958; x_wconf 89' lang='lat' dir='ltr'><strong>in</strong></span> <span class='ocrx_word' id='word_1_761' title='bbox 2568 3901 2669 3959; x_wconf 81' lang='lat' dir='ltr'><strong>Job</strong></span> <span class='ocrx_word' id='word_1_762' title='bbox 2699 3903 2773 3957; x_wconf 89' lang='lat' dir='ltr'><strong>ita</strong></span> <span class='ocrx_word' id='word_1_763' title='bbox 2804 3902 3032 3974; x_wconf 87' lang='lat' dir='ltr'><strong>legitur:</strong></span> <span class='ocrx_word' id='word_1_764' title='bbox 3062 3922 3080 3954; x_wconf 80' lang='grc' dir='ltr'><strong>ι</strong></span> <span class='ocrx_word' id='word_1_765' title='bbox 3126 3900 3303 3956; x_wconf 82' lang='lat' dir='ltr'><strong>Habet</strong></span> <span class='ocrx_word' id='word_1_766' title='bbox 3337 3909 3620 3973; x_wconf 85' lang='lat' dir='ltr'><strong>argentum</strong></span> <span class='ocrx_word' id='word_1_767' title='bbox 3642 3914 3742 3956; x_wconf 80' lang='lat' dir='ltr'><strong>ve-</strong></span> 
     </span>
    </p>
   </div>
   <div class='ocr_carea' id='block_1_101' title="bbox 2143 3993 3739 4066">
    <p class='ocr_par' dir='ltr' id='par_1_101' title="bbox 2143 3993 3739 4066">
     <span class='ocr_line' id='line_1_101' title="bbox 2143 3993 3739 4066; baseline -0.003 -14"><span class='ocrx_word' id='word_1_768' title='bbox 2143 4013 2335 4053; x_wconf 89' lang='lat' dir='ltr'><strong>narum</strong></span> <span class='ocrx_word' id='word_1_769' title='bbox 2363 4012 2582 4052; x_wconf 91' lang='lat' dir='ltr'><strong>suarum</strong></span> <span class='ocrx_word' id='word_1_770' title='bbox 2607 3995 2910 4066; x_wconf 90' lang='lat' dir='ltr'><strong>principia,</strong></span> <span class='ocrx_word' id='word_1_771' title='bbox 2954 4002 3008 4050; x_wconf 90' lang='lat' dir='ltr'><strong>et</strong></span> <span class='ocrx_word' id='word_1_772' title='bbox 3047 4009 3180 4049; x_wconf 91' lang='lat' dir='ltr'><strong>auro</strong></span> <span class='ocrx_word' id='word_1_773' title='bbox 3225 3993 3376 4049; x_wconf 91' lang='lat' dir='ltr'><strong>locus</strong></span> <span class='ocrx_word' id='word_1_774' title='bbox 3417 4001 3500 4048; x_wconf 90' lang='lat' dir='ltr'><strong>est</strong></span> <span class='ocrx_word' id='word_1_775' title='bbox 3541 3993 3598 4046; x_wconf 91' lang='lat' dir='ltr'><strong>in</strong></span> <span class='ocrx_word' id='word_1_776' title='bbox 3625 4006 3739 4060; x_wconf 88' lang='lat' dir='ltr'><strong>quo</strong></span> 
     </span>
    </p>
   </div>
   <div class='ocr_carea' id='block_1_102' title="bbox 2143 4085 3738 4160">
    <p class='ocr_par' dir='ltr' id='par_1_102' title="bbox 2143 4085 3738 4160">
     <span class='ocr_line' id='line_1_102' title="bbox 2143 4085 3738 4160; baseline -0.003 -14"><span class='ocrx_word' id='word_1_777' title='bbox 2143 4089 2410 4146; x_wconf 88' lang='lat' dir='ltr'><strong>conﬂatur</strong></span> <span class='ocrx_word' id='word_1_778' title='bbox 2454 4088 2596 4159; x_wconf 88' lang='lat' dir='ltr'><strong>(Job.</strong></span> <span class='ocrx_word' id='word_1_779' title='bbox 2629 4085 2845 4160; x_wconf 82' lang='lat' dir='ltr'><strong>xxvni).</strong></span> <span class='ocrx_word' id='word_1_780' title='bbox 2870 4085 2929 4141; x_wconf 90' lang='lat' dir='ltr'><strong>1n</strong></span> <span class='ocrx_word' id='word_1_781' title='bbox 2956 4093 3180 4157; x_wconf 88' lang='lat' dir='ltr'><strong>argento</strong></span> <span class='ocrx_word' id='word_1_782' title='bbox 3203 4085 3498 4154; x_wconf 90' lang='lat' dir='ltr'><strong>eloquium,</strong></span> <span class='ocrx_word' id='word_1_783' title='bbox 3521 4085 3575 4138; x_wconf 94' lang='lat' dir='ltr'><strong>in</strong></span> <span class='ocrx_word' id='word_1_784' title='bbox 3599 4099 3738 4141; x_wconf 88' lang='lat' dir='ltr'><strong>auro</strong></span> 
     </span>
    </p>
   </div>
   <div class='ocr_carea' id='block_1_103' title="bbox 2140 4167 3734 4249">
    <p class='ocr_par' dir='ltr' id='par_1_103' title="bbox 2140 4167 3734 4249">
     <span class='ocr_line' id='line_1_103' title="bbox 2140 4167 3734 4249; baseline -0.002 -15"><span class='ocrx_word' id='word_1_785' title='bbox 2140 4181 2266 4234; x_wconf 74' lang='lat' dir='ltr'><strong>vitae</strong></span> <span class='ocrx_word' id='word_1_786' title='bbox 2291 4179 2376 4234; x_wconf 89' lang='lat' dir='ltr'><strong>vel</strong></span> <span class='ocrx_word' id='word_1_787' title='bbox 2403 4177 2682 4249; x_wconf 79' lang='lat' dir='ltr'><strong>sapientia:</strong></span> <span class='ocrx_word' id='word_1_788' title='bbox 2719 4167 3254 4249; x_wconf 89' lang='lat' dir='ltr'><strong>claritasdesignari</strong></span> <span class='ocrx_word' id='word_1_789' title='bbox 3301 4175 3456 4231; x_wconf 84' lang='lat' dir='ltr'><strong>solet.</strong></span> <span class='ocrx_word' id='word_1_790' title='bbox 3499 4175 3565 4230; x_wconf 84' lang='lat' dir='ltr'><strong>Et</strong></span> <span class='ocrx_word' id='word_1_791' title='bbox 3601 4177 3734 4245; x_wconf 89' lang='lat' dir='ltr'><strong>quia</strong></span> 
     </span>
    </p>
   </div>
   <div class='ocr_carea' id='block_1_104' title="bbox 2141 4265 3736 4344">
    <p class='ocr_par' dir='ltr' id='par_1_104' title="bbox 2141 4265 3736 4344">
     <span class='ocr_line' id='line_1_104' title="bbox 2141 4265 3736 4344; baseline -0.003 -20"><span class='ocrx_word' id='word_1_792' title='bbox 2141 4270 2386 4325; x_wconf 76' lang='lat' dir='ltr'><strong>haeretici</strong></span> <span class='ocrx_word' id='word_1_793' title='bbox 2414 4269 2493 4324; x_wconf 91' lang='lat' dir='ltr'><strong>sic</strong></span> <span class='ocrx_word' id='word_1_794' title='bbox 2522 4270 2589 4324; x_wconf 92' lang='lat' dir='ltr'><strong>de</strong></span> <span class='ocrx_word' id='word_1_795' title='bbox 2618 4268 2818 4336; x_wconf 89' lang='lat' dir='ltr'><strong>eloquii</strong></span> <span class='ocrx_word' id='word_1_796' title='bbox 2845 4267 2927 4324; x_wconf 92' lang='lat' dir='ltr'><strong>sui</strong></span> <span class='ocrx_word' id='word_1_797' title='bbox 2954 4267 3131 4323; x_wconf 79' lang='lat' dir='ltr'><strong>nitore</strong></span> <span class='ocrx_word' id='word_1_798' title='bbox 3155 4266 3495 4338; x_wconf 87' lang='lat' dir='ltr'><strong>superbiunt,</strong></span> <span class='ocrx_word' id='word_1_799' title='bbox 3509 4272 3567 4320; x_wconf 93' lang='lat' dir='ltr'><strong>ut</strong></span> <span class='ocrx_word' id='word_1_800' title='bbox 3583 4265 3736 4344; x_wconf 78' lang='lat' dir='ltr'><strong>nulla</strong></span> 
     </span>
    </p>
   </div>
   <div class='ocr_carea' id='block_1_105' title="bbox 2141 4357 3732 4429">
    <p class='ocr_par' dir='ltr' id='par_1_105' title="bbox 2141 4357 3732 4429">
     <span class='ocr_line' id='line_1_105' title="bbox 2141 4357 3732 4429; baseline -0.003 -12"><span class='ocrx_word' id='word_1_801' title='bbox 2141 4377 2419 4417; x_wconf 90' lang='lat' dir='ltr'><strong>sacrorum</strong></span> <span class='ocrx_word' id='word_1_802' title='bbox 2446 4360 2708 4416; x_wconf 91' lang='lat' dir='ltr'><strong>librorum</strong></span> <span class='ocrx_word' id='word_1_803' title='bbox 2750 4359 3073 4415; x_wconf 91' lang='lat' dir='ltr'><strong>auctoritate</strong></span> <span class='ocrx_word' id='word_1_804' title='bbox 3116 4359 3446 4426; x_wconf 86' lang='lat' dir='ltr'><strong>solidentur;</strong></span> <span class='ocrx_word' id='word_1_805' title='bbox 3480 4358 3566 4429; x_wconf 91' lang='lat' dir='ltr'><strong>qui</strong></span> <span class='ocrx_word' id='word_1_806' title='bbox 3602 4357 3732 4413; x_wconf 85' lang='lat' dir='ltr'><strong>libri</strong></span> 
     </span>
    </p>
   </div>
   <div class='ocr_carea' id='block_1_106' title="bbox 2139 4448 3736 4520">
    <p class='ocr_par' dir='ltr' id='par_1_106' title="bbox 2139 4448 3736 4520">
     <span class='ocr_line' id='line_1_106' title="bbox 2139 4448 3736 4520; baseline -0.001 -15"><span class='ocrx_word' id='word_1_807' title='bbox 2139 4452 2207 4506; x_wconf 89' lang='lat' dir='ltr'><strong>ad</strong></span> <span class='ocrx_word' id='word_1_808' title='bbox 2255 4450 2582 4520; x_wconf 88' lang='lat' dir='ltr'><strong>loquendum</strong></span> <span class='ocrx_word' id='word_1_809' title='bbox 2633 4450 2790 4505; x_wconf 91' lang='lat' dir='ltr'><strong>nobis</strong></span> <span class='ocrx_word' id='word_1_810' title='bbox 2834 4449 2990 4520; x_wconf 91' lang='lat' dir='ltr'><strong>quasi</strong></span> <span class='ocrx_word' id='word_1_811' title='bbox 3035 4450 3282 4519; x_wconf 69' lang='lat' dir='ltr'><strong>qumdam</strong></span> <span class='ocrx_word' id='word_1_812' title='bbox 3327 4448 3536 4520; x_wconf 90' lang='lat' dir='ltr'><strong>argenti</strong></span> <span class='ocrx_word' id='word_1_813' title='bbox 3573 4463 3736 4504; x_wconf 56' lang='lat' dir='ltr'><strong>vena</strong></span> 
     </span>
    </p>
   </div>
   <div class='ocr_carea' id='block_1_107' title="bbox 2141 4540 3729 4613">
    <p class='ocr_par' dir='ltr' id='par_1_107' title="bbox 2141 4540 3729 4613">
     <span class='ocr_line' id='line_1_107' title="bbox 2141 4540 3729 4613; baseline -0.004 -15"><span class='ocrx_word' id='word_1_814' title='bbox 2141 4552 2285 4608; x_wconf 91' lang='lat' dir='ltr'><strong>sunt,</strong></span> <span class='ocrx_word' id='word_1_815' title='bbox 2319 4543 2444 4613; x_wconf 90' lang='lat' dir='ltr'><strong>quia</strong></span> <span class='ocrx_word' id='word_1_816' title='bbox 2489 4543 2554 4596; x_wconf 94' lang='lat' dir='ltr'><strong>de</strong></span> <span class='ocrx_word' id='word_1_817' title='bbox 2602 4542 2734 4612; x_wconf 90' lang='lat' dir='ltr'><strong>ipsis</strong></span> <span class='ocrx_word' id='word_1_818' title='bbox 2763 4540 3054 4597; x_wconf 89' lang='lat' dir='ltr'><strong>locutionis</strong></span> <span class='ocrx_word' id='word_1_819' title='bbox 3083 4549 3284 4595; x_wconf 74' lang='lat' dir='ltr'><strong>nostra:</strong></span> <span class='ocrx_word' id='word_1_820' title='bbox 3311 4540 3576 4611; x_wconf 87' lang='lat' dir='ltr'><strong>originem</strong></span> <span class='ocrx_word' id='word_1_821' title='bbox 3613 4547 3729 4593; x_wconf 84' lang='lat' dir='ltr'><strong>tra-</strong></span> 
     </span>
    </p>
   </div>
   <div class='ocr_carea' id='block_1_108' title="bbox 2141 4632 3727 4703">
    <p class='ocr_par' dir='ltr' id='par_1_108' title="bbox 2141 4632 3727 4703">
     <span class='ocr_line' id='line_1_108' title="bbox 2141 4632 3727 4703; baseline -0.003 -13"><span class='ocrx_word' id='word_1_822' title='bbox 2141 4635 2340 4701; x_wconf 91' lang='lat' dir='ltr'><strong>himus,</strong></span> <span class='ocrx_word' id='word_1_823' title='bbox 2379 4649 2472 4690; x_wconf 90' lang='lat' dir='ltr'><strong>eos</strong></span> <span class='ocrx_word' id='word_1_824' title='bbox 2501 4634 2570 4688; x_wconf 90' lang='lat' dir='ltr'><strong>ad</strong></span> <span class='ocrx_word' id='word_1_825' title='bbox 2597 4648 2767 4688; x_wconf 69' lang='lat' dir='ltr'><strong>sacrae</strong></span> <span class='ocrx_word' id='word_1_826' title='bbox 2794 4632 3134 4688; x_wconf 89' lang='lat' dir='ltr'><strong>auctoritatis</strong></span> <span class='ocrx_word' id='word_1_827' title='bbox 3153 4632 3380 4703; x_wconf 87' lang='lat' dir='ltr'><strong>paginas</strong></span> <span class='ocrx_word' id='word_1_828' title='bbox 3408 4639 3727 4696; x_wconf 85' lang='lat' dir='ltr'><strong>revocat,ut</strong></span> 
     </span>
    </p>
   </div>
   <div class='ocr_carea' id='block_1_109' title="bbox 2139 4725 3724 4798">
    <p class='ocr_par' dir='ltr' id='par_1_109' title="bbox 2139 4725 3724 4798">
     <span class='ocr_line' id='line_1_109' title="bbox 2139 4725 3724 4798; baseline -0.003 -14"><span class='ocrx_word' id='word_1_829' title='bbox 2139 4729 2182 4784; x_wconf 91' lang='lat' dir='ltr'><strong>si</strong></span> <span class='ocrx_word' id='word_1_830' title='bbox 2208 4743 2336 4784; x_wconf 90' lang='lat' dir='ltr'><strong>vera</strong></span> <span class='ocrx_word' id='word_1_831' title='bbox 2369 4727 2519 4798; x_wconf 89' lang='lat' dir='ltr'><strong>loqui</strong></span> <span class='ocrx_word' id='word_1_832' title='bbox 2540 4725 2879 4791; x_wconf 88' lang='lat' dir='ltr'><strong>desiderant,</strong></span> <span class='ocrx_word' id='word_1_833' title='bbox 2920 4725 3049 4781; x_wconf 90' lang='lat' dir='ltr'><strong>inde</strong></span> <span class='ocrx_word' id='word_1_834' title='bbox 3090 4740 3306 4780; x_wconf 89' lang='lat' dir='ltr'><strong>sumere</strong></span> <span class='ocrx_word' id='word_1_835' title='bbox 3331 4725 3565 4781; x_wconf 85' lang='lat' dir='ltr'><strong>debeant</strong></span> <span class='ocrx_word' id='word_1_836' title='bbox 3592 4725 3724 4795; x_wconf 90' lang='lat' dir='ltr'><strong>quid</strong></span> 
     </span>
    </p>
   </div>
   <div class='ocr_carea' id='block_1_110' title="bbox 2137 4812 3725 4890">
    <p class='ocr_par' dir='ltr' id='par_1_110' title="bbox 2137 4812 3725 4890">
     <span class='ocr_line' id='line_1_110' title="bbox 2137 4812 3725 4890; baseline -0.003 -18"><span class='ocrx_word' id='word_1_837' title='bbox 2137 4820 2448 4890; x_wconf 91' lang='lat' dir='ltr'><strong>loquantur.</strong></span> <span class='ocrx_word' id='word_1_838' title='bbox 2483 4834 2501 4867; x_wconf 85' lang='grc'><strong>‹</strong></span> <span class='ocrx_word' id='word_1_839' title='bbox 2537 4815 2604 4870; x_wconf 88' lang='lat' dir='ltr'><strong>Et</strong></span> <span class='ocrx_word' id='word_1_840' title='bbox 2629 4831 2782 4880; x_wconf 89' lang='lat' dir='ltr'><strong>auro,</strong></span> <span class='ocrx_word' id='word_1_841' title='bbox 2811 4815 3007 4886; x_wconf 89' lang='lat' dir='ltr'><strong>inquit,</strong></span> <span class='ocrx_word' id='word_1_842' title='bbox 3035 4814 3188 4870; x_wconf 90' lang='lat' dir='ltr'><strong>locus</strong></span> <span class='ocrx_word' id='word_1_843' title='bbox 3209 4823 3294 4869; x_wconf 92' lang='lat' dir='ltr'><strong>est</strong></span> <span class='ocrx_word' id='word_1_844' title='bbox 3313 4815 3368 4869; x_wconf 91' lang='lat' dir='ltr'><strong>in</strong></span> <span class='ocrx_word' id='word_1_845' title='bbox 3393 4829 3500 4885; x_wconf 90' lang='lat' dir='ltr'><strong>quo</strong></span> <span class='ocrx_word' id='word_1_846' title='bbox 3528 4812 3725 4870; x_wconf 79' lang='lat' dir='ltr'><strong>conﬂa-</strong></span> 
     </span>
    </p>
   </div>
   <div class='ocr_carea' id='block_1_111' title="bbox 2135 4903 3718 4977">
    <p class='ocr_par' dir='ltr' id='par_1_111' title="bbox 2135 4903 3718 4977">
     <span class='ocr_line' id='line_1_111' title="bbox 2135 4903 3718 4977; baseline -0.004 -12"><span class='ocrx_word' id='word_1_847' title='bbox 2135 4919 2244 4965; x_wconf 88' lang='lat' dir='ltr'><strong>tur.</strong></span> <span class='ocrx_word' id='word_1_848' title='bbox 2282 4929 2302 4962; x_wconf 75' lang='grc' dir='ltr'><strong>ι</strong></span> <span class='ocrx_word' id='word_1_849' title='bbox 2338 4910 2417 4963; x_wconf 89' lang='lat' dir='ltr'><strong>Ac</strong></span> <span class='ocrx_word' id='word_1_850' title='bbox 2445 4907 2492 4961; x_wconf 90' lang='lat' dir='ltr'><strong>si</strong></span> <span class='ocrx_word' id='word_1_851' title='bbox 2539 4915 2723 4976; x_wconf 90' lang='lat' dir='ltr'><strong>aperte</strong></span> <span class='ocrx_word' id='word_1_852' title='bbox 2753 4904 2936 4960; x_wconf 89' lang='lat' dir='ltr'><strong>dicat:</strong></span> <span class='ocrx_word' id='word_1_853' title='bbox 2980 4903 3121 4960; x_wconf 85' lang='lat' dir='ltr'><strong>Vera</strong></span> <span class='ocrx_word' id='word_1_854' title='bbox 3165 4904 3405 4960; x_wconf 88' lang='lat' dir='ltr'><strong>ﬁdelium</strong></span> <span class='ocrx_word' id='word_1_855' title='bbox 3431 4905 3718 4977; x_wconf 88' lang='lat' dir='ltr'><strong>sapientia,</strong></span> 
     </span>
    </p>
   </div>
   <div class='ocr_carea' id='block_1_112' title="bbox 2134 4995 3720 5062">
    <p class='ocr_par' dir='ltr' id='par_1_112' title="bbox 2134 4995 3720 5062">
     <span class='ocr_line' id='line_1_112' title="bbox 2134 4995 3720 5062; baseline -0.003 -6"><span class='ocrx_word' id='word_1_856' title='bbox 2134 5000 2220 5056; x_wconf 92' lang='lat' dir='ltr'><strong>cui</strong></span> <span class='ocrx_word' id='word_1_857' title='bbox 2251 4996 2575 5054; x_wconf 87' lang='lat' dir='ltr'><strong>universalis</strong></span> <span class='ocrx_word' id='word_1_858' title='bbox 2598 4995 2857 5051; x_wconf 83' lang='lat' dir='ltr'><strong>Ecclesiae</strong></span> <span class='ocrx_word' id='word_1_859' title='bbox 2884 4995 3036 5052; x_wconf 89' lang='lat' dir='ltr'><strong>locus</strong></span> <span class='ocrx_word' id='word_1_860' title='bbox 3065 5004 3168 5062; x_wconf 85' lang='lat' dir='ltr'><strong>est,</strong></span> <span class='ocrx_word' id='word_1_861' title='bbox 3195 4997 3598 5052; x_wconf 87' lang='lat' dir='ltr'><strong>tribulationem</strong></span> <span class='ocrx_word' id='word_1_862' title='bbox 3623 5012 3720 5052; x_wconf 80' lang='lat' dir='ltr'><strong>vo-</strong></span> 
     </span>
    </p>
   </div>
   <div class='ocr_carea' id='block_1_113' title="bbox 2132 5086 3714 5160">
    <p class='ocr_par' dir='ltr' id='par_1_113' title="bbox 2132 5086 3714 5160">
     <span class='ocr_line' id='line_1_113' title="bbox 2132 5086 3714 5160; baseline -0.004 -14"><span class='ocrx_word' id='word_1_863' title='bbox 2132 5092 2216 5147; x_wconf 91' lang='lat' dir='ltr'><strong>bis</strong></span> <span class='ocrx_word' id='word_1_864' title='bbox 2241 5087 2693 5160; x_wconf 89' lang='lat' dir='ltr'><strong>persequentibus</strong></span> <span class='ocrx_word' id='word_1_865' title='bbox 2719 5087 2941 5157; x_wconf 89' lang='lat' dir='ltr'><strong>patitur,</strong></span> <span class='ocrx_word' id='word_1_866' title='bbox 2967 5086 3061 5142; x_wconf 90' lang='lat' dir='ltr'><strong>sed</strong></span> <span class='ocrx_word' id='word_1_867' title='bbox 3086 5101 3117 5140; x_wconf 90' lang='lat' dir='ltr'><strong>a</strong></span> <span class='ocrx_word' id='word_1_868' title='bbox 3145 5087 3351 5142; x_wconf 91' lang='lat' dir='ltr'><strong>cunctis</strong></span> <span class='ocrx_word' id='word_1_869' title='bbox 3372 5096 3714 5156; x_wconf 89' lang='lat' dir='ltr'><strong>peccatorum</strong></span> 
     </span>
    </p>
   </div>
   <div class='ocr_carea' id='block_1_114' title="bbox 2133 5165 3716 5252">
    <p class='ocr_par' dir='ltr' id='par_1_114' title="bbox 2133 5165 3716 5252">
     <span class='ocr_line' id='line_1_114' title="bbox 2133 5165 3716 5252; baseline -0.003 -13"><span class='ocrx_word' id='word_1_870' title='bbox 2133 5183 2381 5239; x_wconf 88' lang='lat' dir='ltr'><strong>sordibus</strong></span> <span class='ocrx_word' id='word_1_871' title='bbox 2400 5180 2792 5252; x_wconf 87' lang='lat' dir='ltr'><strong>persecutionis</strong></span> <span class='ocrx_word' id='word_1_872' title='bbox 2815 5165 3010 5236; x_wconf 64' lang='lat' dir='ltr'><strong>vestrae</strong></span> <span class='ocrx_word' id='word_1_873' title='bbox 3037 5181 3160 5249; x_wconf 80' lang='lat' dir='ltr'><strong>igne</strong></span> <span class='ocrx_word' id='word_1_874' title='bbox 3193 5181 3530 5252; x_wconf 87' lang='lat' dir='ltr'><strong>purgabitur.</strong></span> <span class='ocrx_word' id='word_1_875' title='bbox 3564 5179 3716 5236; x_wconf 88' lang='lat' dir='ltr'><strong>Unde</strong></span> 
     </span>
    </p>
   </div>
   <div class='ocr_carea' id='block_1_115' title="bbox 2132 5270 3713 5343">
    <p class='ocr_par' dir='ltr' id='par_1_115' title="bbox 2132 5270 3713 5343">
     <span class='ocr_line' id='line_1_115' title="bbox 2132 5270 3713 5343; baseline -0.001 -16"><span class='ocrx_word' id='word_1_876' title='bbox 2132 5273 2392 5343; x_wconf 90' lang='lat' dir='ltr'><strong>scriptum</strong></span> <span class='ocrx_word' id='word_1_877' title='bbox 2419 5280 2542 5326; x_wconf 90' lang='lat' dir='ltr'><strong>est:</strong></span> <span class='ocrx_word' id='word_1_878' title='bbox 2592 5289 2610 5320; x_wconf 74' lang='grc' dir='ltr'><strong>ε</strong></span> <span class='ocrx_word' id='word_1_879' title='bbox 2645 5270 2704 5325; x_wconf 87' lang='lat' dir='ltr'><strong>In</strong></span> <span class='ocrx_word' id='word_1_880' title='bbox 2746 5271 2870 5342; x_wconf 86' lang='lat' dir='ltr'><strong>igne</strong></span> <span class='ocrx_word' id='word_1_881' title='bbox 2898 5271 3160 5341; x_wconf 91' lang='lat' dir='ltr'><strong>probatur</strong></span> <span class='ocrx_word' id='word_1_882' title='bbox 3194 5286 3384 5326; x_wconf 90' lang='lat' dir='ltr'><strong>aurum</strong></span> <span class='ocrx_word' id='word_1_883' title='bbox 3423 5279 3480 5326; x_wconf 91' lang='lat' dir='ltr'><strong>et</strong></span> <span class='ocrx_word' id='word_1_884' title='bbox 3521 5287 3713 5342; x_wconf 85' lang='lat' dir='ltr'><strong>argen-</strong></span> 
     </span>
    </p>
   </div>
   <div class='ocr_carea' id='block_1_116' title="bbox 2131 5363 3713 5434">
    <p class='ocr_par' dir='ltr' id='par_1_116' title="bbox 2131 5363 3713 5434">
     <span class='ocr_line' id='line_1_116' title="bbox 2131 5363 3713 5434; baseline -0.001 -15"><span class='ocrx_word' id='word_1_885' title='bbox 2131 5373 2244 5420; x_wconf 89' lang='lat' dir='ltr'><strong>tum</strong></span> <span class='ocrx_word' id='word_1_886' title='bbox 2269 5384 2283 5431; x_wconf 92' lang='lat'>;</span> <span class='ocrx_word' id='word_1_887' title='bbox 2327 5365 2574 5420; x_wconf 88' lang='lat' dir='ltr'><strong>homines</strong></span> <span class='ocrx_word' id='word_1_888' title='bbox 2600 5378 2730 5419; x_wconf 90' lang='lat' dir='ltr'><strong>vero</strong></span> <span class='ocrx_word' id='word_1_889' title='bbox 2760 5363 3112 5434; x_wconf 88' lang='lat' dir='ltr'><strong>receptabiles</strong></span> <span class='ocrx_word' id='word_1_890' title='bbox 3138 5364 3194 5419; x_wconf 89' lang='lat' dir='ltr'><strong>in</strong></span> <span class='ocrx_word' id='word_1_891' title='bbox 3227 5365 3440 5420; x_wconf 89' lang='lat' dir='ltr'><strong>camino</strong></span> <span class='ocrx_word' id='word_1_892' title='bbox 3465 5363 3713 5418; x_wconf 85' lang='lat' dir='ltr'><strong>humilia-</strong></span> 
     </span>
    </p>
   </div>
   <div class='ocr_carea' id='block_1_117' title="bbox 2131 5456 3713 5530">
    <p class='ocr_par' dir='ltr' id='par_1_117' title="bbox 2131 5456 3713 5530">
     <span class='ocr_line' id='line_1_117' title="bbox 2131 5456 3713 5530; baseline 0.001 -18"><span class='ocrx_word' id='word_1_893' title='bbox 2131 5459 2295 5513; x_wconf 92' lang='lat' dir='ltr'><strong>tionis</strong></span> <span class='ocrx_word' id='word_1_894' title='bbox 2320 5457 2511 5529; x_wconf 82' lang='lat' dir='ltr'><strong>(Eccli.</strong></span> <span class='ocrx_word' id='word_1_895' title='bbox 2551 5457 2637 5530; x_wconf 84' lang='grc' dir='ltr'>ιι).</span> <span class='ocrx_word' id='word_1_896' title='bbox 2683 5477 2702 5511; x_wconf 77' lang='grc' dir='ltr'><strong>ι</strong></span> <span class='ocrx_word' id='word_1_897' title='bbox 2734 5456 2852 5524; x_wconf 84' lang='lat' dir='ltr'><strong>Quo</strong></span> <span class='ocrx_word' id='word_1_898' title='bbox 2897 5457 2952 5511; x_wconf 94' lang='lat' dir='ltr'><strong>in</strong></span> <span class='ocrx_word' id='word_1_899' title='bbox 2995 5456 3113 5513; x_wconf 93' lang='lat' dir='ltr'><strong>loco</strong></span> <span class='ocrx_word' id='word_1_900' title='bbox 3153 5465 3331 5528; x_wconf 88' lang='lat' dir='ltr'><strong>potest</strong></span> <span class='ocrx_word' id='word_1_901' title='bbox 3371 5458 3474 5512; x_wconf 91' lang='lat' dir='ltr'><strong>hoc</strong></span> <span class='ocrx_word' id='word_1_902' title='bbox 3497 5472 3713 5527; x_wconf 85' lang='lat' dir='ltr'><strong>quoque</strong></span> 
     </span>
    </p>
   </div>
   <div class='ocr_carea' id='block_1_118' title="bbox 2129 5549 3712 5620">
    <p class='ocr_par' dir='ltr' id='par_1_118' title="bbox 2129 5549 3712 5620">
     <span class='ocr_line' id='line_1_118' title="bbox 2129 5549 3712 5620; baseline -0.001 -14"><span class='ocrx_word' id='word_1_903' title='bbox 2129 5550 2515 5606; x_wconf 81' lang='lat' dir='ltr'><strong>convenienter</strong></span> <span class='ocrx_word' id='word_1_904' title='bbox 2539 5549 2789 5620; x_wconf 89' lang='lat' dir='ltr'><strong>intelligi,</strong></span> <span class='ocrx_word' id='word_1_905' title='bbox 2821 5557 2880 5604; x_wconf 92' lang='lat' dir='ltr'><strong>ut</strong></span> <span class='ocrx_word' id='word_1_906' title='bbox 2913 5549 2980 5604; x_wconf 89' lang='lat' dir='ltr'><strong>de</strong></span> <span class='ocrx_word' id='word_1_907' title='bbox 3004 5564 3100 5603; x_wconf 88' lang='lat' dir='ltr'><strong>sua</strong></span> <span class='ocrx_word' id='word_1_908' title='bbox 3129 5549 3365 5604; x_wconf 62' lang='lat' dir='ltr'><strong>heretici</strong></span> <span class='ocrx_word' id='word_1_909' title='bbox 3393 5549 3557 5604; x_wconf 90' lang='lat' dir='ltr'><strong>stulta</strong></span> <span class='ocrx_word' id='word_1_910' title='bbox 3586 5564 3712 5619; x_wconf 84' lang='lat' dir='ltr'><strong>pas-</strong></span> 
     </span>
    </p>
   </div>
   <div class='ocr_carea' id='block_1_119' title="bbox 2129 5637 3711 5710">
    <p class='ocr_par' dir='ltr' id='par_1_119' title="bbox 2129 5637 3711 5710">
     <span class='ocr_line' id='line_1_119' title="bbox 2129 5637 3711 5710; baseline -0.001 -14"><span class='ocrx_word' id='word_1_911' title='bbox 2129 5642 2279 5697; x_wconf 91' lang='lat' dir='ltr'><strong>sione</strong></span> <span class='ocrx_word' id='word_1_912' title='bbox 2308 5642 2594 5697; x_wconf 92' lang='lat' dir='ltr'><strong>videantur</strong></span> <span class='ocrx_word' id='word_1_913' title='bbox 2623 5640 2910 5709; x_wconf 88' lang='lat' dir='ltr'><strong>increpari.</strong></span> <span class='ocrx_word' id='word_1_914' title='bbox 2940 5637 3077 5694; x_wconf 85' lang='lat' dir='ltr'><strong>Nam</strong></span> <span class='ocrx_word' id='word_1_915' title='bbox 3103 5655 3243 5710; x_wconf 70' lang='lat' dir='ltr'><strong>smpe</strong></span> <span class='ocrx_word' id='word_1_916' title='bbox 3269 5654 3368 5710; x_wconf 90' lang='lat' dir='ltr'><strong>pro</strong></span> <span class='ocrx_word' id='word_1_917' title='bbox 3391 5639 3519 5696; x_wconf 88' lang='lat' dir='ltr'><strong>Jesu</strong></span> <span class='ocrx_word' id='word_1_918' title='bbox 3553 5639 3711 5695; x_wconf 90' lang='lat' dir='ltr'><strong>Chri-</strong></span> 
     </span>
    </p>
   </div>
   <div class='ocr_carea' id='block_1_120' title="bbox 2128 5731 3710 5802">
    <p class='ocr_par' dir='ltr' id='par_1_120' title="bbox 2128 5731 3710 5802">
     <span class='ocr_line' id='line_1_120' title="bbox 2128 5731 3710 5802; baseline -0.002 -14"><span class='ocrx_word' id='word_1_919' title='bbox 2128 5735 2198 5788; x_wconf 88' lang='lat' dir='ltr'><strong>sti</strong></span> <span class='ocrx_word' id='word_1_920' title='bbox 2234 5734 2448 5789; x_wconf 90' lang='lat' dir='ltr'><strong>Domini</strong></span> <span class='ocrx_word' id='word_1_921' title='bbox 2475 5749 2539 5788; x_wconf 91' lang='lat' dir='ltr'><strong>ac</strong></span> <span class='ocrx_word' id='word_1_922' title='bbox 2568 5732 2944 5802; x_wconf 80' lang='lat' dir='ltr'><strong>Redemptoris</strong></span> <span class='ocrx_word' id='word_1_923' title='bbox 2974 5731 3143 5786; x_wconf 90' lang='lat' dir='ltr'><strong>nostri</strong></span> <span class='ocrx_word' id='word_1_924' title='bbox 3173 5732 3392 5787; x_wconf 91' lang='lat' dir='ltr'><strong>nomine</strong></span> <span class='ocrx_word' id='word_1_925' title='bbox 3423 5731 3592 5787; x_wconf 86' lang='lat' dir='ltr'><strong>multa</strong></span> <span class='ocrx_word' id='word_1_926' title='bbox 3615 5745 3710 5801; x_wconf 82' lang='lat' dir='ltr'><strong>pa-</strong></span> 
     </span>
    </p>
   </div>
   <div class='ocr_carea' id='block_1_121' title="bbox 2123 5823 3710 5898">
    <p class='ocr_par' dir='ltr' id='par_1_121' title="bbox 2123 5823 3710 5898">
     <span class='ocr_line' id='line_1_121' title="bbox 2123 5823 3710 5898; baseline -0.002 -15"><span class='ocrx_word' id='word_1_927' title='bbox 2123 5829 2354 5894; x_wconf 88' lang='lat' dir='ltr'><strong>tiuntur,</strong></span> <span class='ocrx_word' id='word_1_928' title='bbox 2369 5843 2595 5898; x_wconf 87' lang='lat' dir='ltr'><strong>seseque</strong></span> <span class='ocrx_word' id='word_1_929' title='bbox 2615 5826 2859 5897; x_wconf 88' lang='lat' dir='ltr'><strong>ejusdem</strong></span> <span class='ocrx_word' id='word_1_930' title='bbox 2880 5826 3146 5897; x_wconf 89' lang='lat' dir='ltr'><strong>passionis</strong></span> <span class='ocrx_word' id='word_1_931' title='bbox 3161 5823 3277 5894; x_wconf 88' lang='lat' dir='ltr'><strong>ejus</strong></span> <span class='ocrx_word' id='word_1_932' title='bbox 3301 5824 3418 5882; x_wconf 86' lang='lat' dir='ltr'><strong>ﬁeri</strong></span> <span class='ocrx_word' id='word_1_933' title='bbox 3439 5834 3710 5896; x_wconf 86' lang='lat' dir='ltr'><strong>martyres</strong></span> 
     </span>
    </p>
   </div>
  </div>
