4008 6340
329 363 436 421 857

1239 355 1607 415 EXPOSITIO
1644 355 1876 414 SUPER
1908 353 2276 412 JEREMIAM.
2316 386 2386 398 —-—
2423 358 2554 415 LIB.
2595 359 2689 419 IV.

3494 370 3600 428 858
3616 348 3621 358 ’

328 485 572 553 sperant,
595 475 793 548 quibus
815 474 989 532 sancti
1014 473 1117 529 viri
1139 488 1272 529 voce
1299 490 1445 530 nunc
1465 474 1691 530 dicitur:
1715 492 1734 526 ‹
1766 473 1916 529 Auro
1940 474 1997 537 Α
2019 473 2163 542 quod
2184 475 2337 543 quasi
2369 477 2660 534 mendaces
2699 486 2862 550 atque
2900 495 3130 540 vesanos
3152 484 3443 542 habuerint
3473 479 3614 558 pro-'

330 573 482 630 locus
507 569 670 628 estin
691 584 798 640 quo
819 566 1100 624 conﬂatur.
1134 588 1153 620 ›
1182 565 1316 622 Nam
1333 566 1491 636 juxta
1513 567 1616 624 hoc
1636 569 1779 638 quod
1795 567 1911 638 jam

331 675 387 722 et
408 675 533 720 ante
560 678 659 718 nos
686 661 888 716 dictum
911 667 994 714 est
1018 677 1030 712 :
1056 657 1311 728 Quisquis
1336 667 1488 713 extra
1508 659 1766 714 Ecclesia
1795 658 1916 712 uni-

332 765 499 812 tatem
538 752 760 824 patitur,
801 764 992 820 poenas
1035 749 1149 819 pati
1189 755 1398 819 potest,
1427 760 1634 820 martyr
1661 749 1778 804 fieri
1811 764 1915 804 non

330 854 526 918 potest,
567 843 691 914 quia
731 834 866 896 auro
906 840 1057 896 locus
1086 847 1170 896 est
1219 840 1273 895 in
1304 855 1412 910 quo
1459 840 1744 896 conﬂatur.
1776 839 1916 907 Quid

332 942 516 1011 itaque
556 936 623 992 ad
665 935 803 1000 haec,
843 932 1120 998 haeretici,
1149 931 1366 988 dicitis?
1402 930 1634 988 Conﬂari
1662 947 1760 1002 per
1788 930 1918 986 allii-

331 1035 561 1092 ctionem
589 1031 772 1087 carnis
805 1036 866 1084 ut
899 1028 1063 1083 etiam
1091 1042 1190 1098 per
1221 1027 1546 1100 martyrium
1586 1027 1781 1092 vultis,
1821 1027 1915 1082 sed

327 1125 502 1181 locum
540 1137 647 1194 quo
687 1119 931 1177 debeatis
978 1118 1203 1175 conﬂari
1244 1119 1485 1175 nescitis.
1533 1118 1726 1173 Audite
1769 1119 1914 1189 quod

328 1216 500 1274 sancti
525 1213 897 1287 prmdicatoris
924 1227 1059 1268 voce
1080 1211 1308 1266 dicitur.
1344 1231 1363 1264 ι
1394 1210 1544 1266 Auro
1571 1211 1722 1266 locus
1747 1217 1833 1266 est
1857 1211 1914 1265 in

327 1323 436 1378 quo
461 1305 747 1363 conﬂatur.
778 1324 797 1357 ι
831 1303 986 1359 Nunc
1021 1316 1153 1372 ergo
1191 1301 1532 1376 conﬂationis
1563 1304 1739 1358 locum
1766 1318 1914 1374 quae-

219 1419 238 1438 ·
326 1403 450 1467 rite,
491 1401 631 1456 hanc
659 1399 933 1455 fornacem
973 1413 1080 1468 qua
1107 1413 1300 1452 aurum
1330 1406 1453 1468 apte
1481 1397 1701 1468 purgari
1735 1396 1917 1450 valeat

327 1492 584 1548 invenite.
617 1489 736 1546 Una
763 1499 848 1546 est
886 1489 1146 1556 Ecclesia,
1180 1490 1233 1544 in
1267 1504 1372 1559 qua
1413 1488 1661 1559 quisquis
1691 1486 1914 1542 conﬂari

325 1584 581 1649 voluerit,
608 1584 676 1637 ab
695 1581 842 1637 omni
870 1581 1034 1637 etiam
1057 1581 1257 1652 poterit
1279 1588 1622 1651 peccatorum
1649 1578 1768 1634 labe
1792 1594 1917 1649 pur-

327 1677 466 1748 gari.
498 1673 556 1729 Si
587 1674 714 1744 quid
736 1688 837 1743 pro
864 1672 976 1728 Deo
1001 1673 1414 1739 amaritudinis,
1446 1673 1492 1727 si
1534 1672 1664 1743 quid
1691 1671 1913 1727 tribula-

325 1767 511 1831 tionis,
547 1774 702 1821 extra
734 1764 873 1819 hanc
908 1763 1065 1834 positi
1098 1763 1399 1828 sustinetis,
1433 1763 1645 1818 incendi
1682 1762 1910 1834 potestis

2018 562 2230 632 phetas,
2256 565 2382 619 dum
2410 581 2508 636 per
2532 569 2873 625 occasionem
2899 580 2954 626 et
2976 572 3346 630 celebritatem
3375 575 3479 632 loci
3501 593 3600 632 au-

2018 654 2135 710 dire
2157 665 2422 728 coguntur
2441 660 2605 714 verba
2627 661 2860 729 Domini,
2888 669 2944 718 et
2963 678 3073 722 non
3091 675 3314 738 propter
3333 668 3437 724 hoc
3459 669 3603 740 quod

2019 748 2185 803 verba
2211 749 2320 806 sint
2343 750 2579 809 Domini.
3610 757 3615 766 ’

2095 859 2113 892 ι
2150 840 2276 896 Haec
2301 843 2433 898 dicit
2458 845 2720 904 Dominus
2745 850 3080 906 exercituum
3110 851 3255 909 Deus
3279 852 3480 910 Israel:
3506 854 3604 911 Bo-

2022 951 2043 986 ‹
2079 950 2178 990 nas
2203 934 2368 992 facite
2396 939 2525 1010 (sive
2551 939 2789 1012 dirigite)
2835 943 2953 998 vias
2979 952 3214 1011 vestras,
3235 954 3292 1001 et
3317 947 3495 1002 studia
3517 963 3609 1003 ve-

2022 1043 2042 1077 ‹
2079 1035 2192 1081 stra
2223 1028 2352 1097 (sive
2382 1029 2796 1088 adinventiones
2817 1034 3048 1108 vestras)
3074 1045 3128 1092 et
3151 1037 3410 1093 habitabo
3428 1038 3610 1094 vobis-

2023 1137 2042 1172 ι
2079 1137 2202 1177 cum
2232 1123 2286 1178 in
2317 1123 2435 1181 loco
2477 1126 2581 1182 isto
2607 1125 2734 1199 (sive
2766 1128 3014 1188 habitare
3040 1139 3135 1188 vos
3161 1133 3354 1190 faciam
3395 1135 3448 1189 in
3490 1135 3608 1191 loco

2022 1230 2041 1264 ι
2076 1214 2258 1286 isto)»
2278 1215 2746 1276 Clementissimus
2764 1222 3005 1279 medicus
3023 1225 3171 1280 omni
3188 1226 3497 1282 vulneratos
3519 1243 3609 1283 cu-

2015 1304 2096 1374 pit
2119 1320 2313 1363 sanare
2336 1309 2716 1367 medicamine.
2751 1311 2975 1378 Quando
2997 1327 3179 1372 autem
3201 1318 3365 1373 dicit:
3389 1337 3407 1369 ι
3430 1318 3608 1375 Bonas

2016 1396 2180 1454 facite
2231 1400 2252 1471 (
2265 1401 2370 1456 sive
2413 1404 2701 1476 corrigite)
2751 1407 2868 1462 vias
2913 1418 3142 1476 vestras,
3175 1431 3195 1464 ι
3240 1413 3474 1467 ostendit
3512 1428 3607 1468 eas

2017 1505 2138 1546 esse
2162 1505 2467 1561 perversos,
2513 1503 2568 1549 et
2596 1494 2729 1550 nihil
2768 1496 2823 1551 in
2865 1513 2924 1553 se
2965 1500 3164 1556 habere
3198 1501 3346 1556 boni.
3378 1501 3444 1556 Et
3479 1502 3608 1572 quia

2017 1584 2263 1640 naturale
2291 1593 2377 1641 est
2408 1595 2471 1641 ut
2496 1588 2870 1658 unusquisque
2910 1591 3146 1660 genitale
3183 1592 3371 1664 diligat
3399 1592 3607 1660 solum,

2016 1687 2072 1734 et
2116 1679 2253 1735 nihil
2288 1680 2500 1737 dulcius
2547 1682 2746 1738 habeat
2788 1685 3003 1753 patria,
3051 1685 3338 1756 pollicetur
3383 1685 3608 1756 praemia

2015 1771 2414 1828 ohedientihus.
2445 1792 2463 1825 ι
2500 1772 2788 1840 llahitabo,
2830 1775 3025 1845 inquit,
3056 1763 3355 1841 vobiscum,
3388 1797 3407 1830 ›
3439 1785 3499 1832 ut
3525 1792 3610 1833 se-

326 1859 721 1924 tantummodo,
741 1873 846 1914 non
867 1857 1108 1929 purgari.
1134 1857 1581 1922 DicatJeremias,
1609 1857 1754 1913 dicat
1778 1872 1911 1927 quo—
1937 1849 1988 1910 Β
2014 1876 2174 1917 curos
2224 1863 2292 1919 de
2341 1863 2678 1919 habitatione
2716 1879 2814 1920 vos
2858 1864 3092 1921 faciam:
3133 1866 3246 1920 sive
3289 1881 3388 1922 vos
3435 1868 3605 1938 ipsos,

326 1952 490 2007 modo
505 1949 842 2006 conﬂationis
855 1959 1048 2004 vestra:
1069 1949 1208 2020 ignis
1220 1950 1365 2005 omni
1382 1949 1583 2004 virtute
1597 1950 1670 2004 sit
1685 1964 1907 2004 vacuus.

332 2061 352 2095 ι
391 2042 612 2098 Frustra
638 2041 890 2097 conﬂavit
930 2039 1220 2107 conﬂator,
1268 2040 1492 2096 malitia:
1535 2040 1681 2094 enim
1722 2055 1912 2096 eorum

326 2151 436 2192 non
465 2143 591 2191 sunt
619 2142 974 2205 consumptae.
1010 2155 1028 2187 ι
1060 2134 1202 2189 Ecce
1238 2133 1379 2206 ignis
1408 2135 1648 2189 exterius
1671 2132 1912 2189 conﬂans

324 2236 382 2286 et
408 2230 556 2284 durae
582 2227 850 2300 passionis
877 2229 1128 2284 admovet
1150 2243 1388 2299 poenam,
1417 2235 1471 2282 et
1499 2236 1679 2282 tamen
1706 2227 1912 2283 erroris

323 2337 434 2378 non
471 2322 724 2391 excoquit
771 2319 1025 2390 culpam;
1073 2329 1129 2375 et
1166 2327 1433 2375 tormenta
1469 2317 1769 2374 crudelium
1819 2319 1914 2374 dat

320 2428 628 2487 poenarum,
656 2421 713 2468 et
738 2420 920 2468 tamen
952 2413 1218 2469 bonorum
1256 2427 1362 2467 non
1408 2410 1536 2467 facit
1576 2411 1910 2466 incrementa

323 2509 662 2564 meritorum.
695 2505 865 2575 Hujus
894 2507 1060 2562 etiam
1086 2504 1426 2561 conﬂationis
1453 2506 1612 2577 ignis,
1640 2504 1732 2574 qui
1756 2511 1911 2574 extra

323 2600 647 2657 catholicam
690 2597 956 2654 toleratur
996 2597 1317 2664 Ecclesiam,
1358 2613 1519 2667 quam
1561 2596 1760 2652 nullius
1794 2610 1912 2651 om-

324 2693 454 2749 nino
476 2692 696 2748 virtutis
728 2693 819 2757 sit,
847 2691 1047 2747 Paulus
1087 2690 1364 2761 apostolus
1405 2690 1649 2746 insinuat
1683 2689 1908 2746 dicens:

328 2805 346 2838 σ
378 2786 436 2842 Si
485 2787 758 2842 tradidero
802 2799 998 2855 corpus
1035 2800 1217 2841 meum
1246 2793 1308 2840 ut
1333 2784 1552 2849 ardeat,
1586 2784 1910 2840 charitatem

321 2885 502 2935 autem
529 2893 637 2934 non
662 2876 1065 2943 habeam,nihil
1087 2877 1218 2931 mihi
1249 2876 1471 2948 prodest
1496 2872 1550 2948 (Ι
1579 2874 1702 2930 Cor.
1724 2873 1905 2946 xm)»

321 2971 428 3026 Alii
456 2971 652 3042 quippe
679 2986 847 3042 prava
876 2971 941 3026 de
970 2970 1081 3026 Deo
1109 2970 1380 3034 sentiunt,
1413 2969 1504 3024 alii
1541 2976 1691 3023 recta
1719 2969 1786 3024 de
1811 2983 1908 3022 au-

320 3072 471 3121 ctore
498 3071 706 3130 tenent,
727 3063 821 3120 sed
841 3063 1104 3118 unitatem
1126 3078 1250 3118 cum
1273 3061 1535 3117 fratribus
1553 3075 1660 3116 non
1684 3059 1907 3128 tenenti:

321 3155 397 3210 illi
423 3169 608 3211 errore
630 3153 776 3222 ﬁdei,
799 3153 888 3211 isti
916 3168 1047 3211 vero
1073 3153 1380 3211 schismatis
1405 3151 1808 3223 perpetratione
1830 3152 1912 3206 di-

2010 1951 2165 2022 juxta
2197 1953 2615 2026 Symmachum,
2661 1955 2819 2010 firma
2853 1956 3190 2012 habitatione
3225 1956 3484 2023 fundabo,
3515 1957 3608 2027 qui

2015 2044 2092 2099 ait
2119 2060 2134 2099 :
2172 2064 2191 2096 ι
2228 2044 2297 2100 Et
2324 2045 2660 2102 conﬁrmabo
2681 2061 2780 2102 vos
2810 2046 2864 2101 in
2887 2047 3007 2102 loco
3031 2047 3153 2103 isto.
3188 2066 3206 2099 ι

2091 2153 2110 2187 ι
2141 2135 2319 2191 lVolite
2365 2135 2639 2192 confidere
2682 2137 2737 2192 in
2773 2137 2954 2194 verbis
2997 2137 3286 2205 mendacii,
3317 2137 3559 2195 dicentes
3590 2155 3606 2194 τ

2020 2248 2048 2290 ι,
2073 2229 2356 2300 Templum
2383 2229 2620 2295 Domini,
2650 2228 2909 2300 templum
2936 2227 3173 2296 Domini,
3205 2229 3464 2300 templum
3502 2228 3610 2284 Do-

2020 2340 2039 2374 ι
2072 2321 2208 2377 mini
2236 2329 2361 2378 est:
2399 2321 2657 2393 quoniam
2685 2322 2732 2378 si
2767 2321 2904 2378 bene
2941 2322 3189 2378 dixeritis
3230 2321 3364 2395 (sive
3390 2322 3608 2377 direxe-

2020 2431 2042 2464 ι
2077 2413 2218 2487 ritis)
2251 2414 2367 2470 vias
2408 2421 2657 2480 vestras,
2706 2422 2764 2470 et
2808 2413 2987 2470 studia
3017 2423 3198 2470 vestra
3230 2431 3244 2480 ;
3284 2414 3331 2469 si
3367 2411 3609 2470 feceritis

2020 2525 2039 2559 ι
2069 2507 2333 2578 judicium
2364 2507 2507 2563 inter
2543 2507 2718 2562 virum
2754 2515 2810 2562 et
2849 2507 3155 2578 proximum
3187 2505 3303 2576 ejus
3332 2523 3345 2561 :
3388 2507 3609 2562 advena:

2019 2618 2039 2651 ι
2079 2607 2132 2655 et
2154 2599 2378 2670 pupillo,
2407 2608 2462 2655 et
2502 2600 2679 2655 viduae
2707 2615 2815 2656 non
2844 2599 3086 2656 feceritis
3115 2598 3441 2656 calumniam
3471 2598 3610 2671 (sive

2019 2709 2038 2742 ι
2075 2706 2184 2747 non
2210 2691 2591 2762 oppresseritis
2617 2691 2755 2764 eos),
2788 2707 2890 2748 nec
2919 2692 3242 2764 sanguinem
3263 2692 3607 2748 innocentem

2019 2801 2038 2834 α
2074 2780 2371 2838 eﬂ‘uderitis
2405 2784 2459 2838 in
2489 2783 2608 2840 loco
2638 2784 2773 2851 hoc,
2805 2792 2860 2841 et
2900 2793 3025 2856 post
3073 2783 3206 2841 deos
3255 2785 3462 2841 alienos
3497 2798 3609 2840 non

2019 2892 2038 2925 ι
2077 2873 2480 2931 ambulaveritis
2529 2875 2586 2930 in
2633 2876 2838 2932 malum
2862 2876 3308 2949 vobismetipsis;
3351 2876 3609 2949 habitabo

2019 2985 2040 3019 ι
2077 2967 2355 3024 vobiscum
2383 2967 2510 3041 (sive
2535 2969 2783 3026 habitare
2807 2985 2903 3026 vos
2931 2969 3152 3043 faciam)
3180 2971 3236 3025 in
3259 2969 3380 3026 loco
3413 2969 3534 3034 isto,
3551 2969 3607 3023 in

2019 3078 2039 3111 ι
2076 3068 2223 3116 terra
2251 3076 2412 3132 quam
2436 3059 2558 3116 dedi
2582 3060 2830 3132 patribus
2874 3061 3072 3116 vestris
3117 3075 3149 3115 a
3193 3060 3392 3116 saeculo
3435 3073 3606 3129 usque

2019 3170 2038 3202 ‹
2076 3151 2132 3206 in
2168 3151 2474 3207 saeculum.»
2517 3151 2632 3208 Hoc
2654 3151 2798 3223 quod
2815 3150 3168 3223 Septuaginta
3191 3151 3247 3206 iu
3276 3148 3435 3220 hujus
3463 3150 3610 3221 capi-

319 3250 421 3306 visi
444 3258 588 3306 sunt.
614 3219 770 3306 Unde
817 3250 947 3305 etin
973 3251 1089 3320 ipsa
1115 3249 1291 3320 prima
1316 3219 1471 3320 parte
1493 3219 1743 3318 Decalogi
1767 3255 1915 3302 utra—
1939 3219 1984 3284 (ἶ
2016 3243 2113 3299 tuli
2135 3243 2391 3300 addidere
2428 3219 2716 3315 principio,
2769 3234 2790 3295 ἱ
2839 3219 2905 3298 ἱππ.
2941 3219 3122 3300 verbis
3167 3242 3437 3298 mendacii
3489 3219 3608 3312 quae

320 3355 550 3412 rumque
563 3339 801 3410 partium
823 3339 993 3410 culpa:
1018 3339 1411 3411 reprimuntur,
1433 3354 1560 3395 cum
1582 3339 1763 3394 divina
1783 3353 1917 3394 voce

319 3431 552 3488 dicitur:
583 3449 601 3482 ε
631 3430 834 3502 Diliges
847 3430 1135 3484 Dominum
1159 3428 1332 3484 Deum
1355 3437 1505 3485 tuum
1528 3445 1594 3485 ex
1620 3436 1735 3485 toto
1753 3428 1918 3484 corde

323 3531 434 3587 tuo,
471 3530 526 3577 et
552 3537 620 3577 ex
657 3529 772 3577 tota
802 3521 982 3576 anima
1018 3529 1131 3586 tua,
1157 3528 1212 3576 et
1237 3537 1306 3576 ex
1341 3529 1453 3576 tota
1483 3520 1685 3576 virtute
1720 3528 1846 3587 tua;
1889 3539 1910 3574 ι

321 3623 482 3685 atque
508 3628 634 3669 mox
661 3613 911 3669 subditur
936 3633 949 3667 :
979 3632 998 3665 ι
1027 3611 1224 3683 Diliges
1249 3612 1556 3682 proximum
1592 3621 1748 3668 tuum
1776 3612 1918 3668 sicut

322 3715 377 3763 te
398 3707 572 3779 ipsum
589 3705 782 3778 (Marc.
805 3707 928 3778 xu).
955 3725 974 3760 ι
993 3705 1097 3773 Qui
1118 3706 1262 3761 enim
1286 3707 1352 3761 de
1376 3705 1487 3762 Deo
1514 3721 1772 3776 perversa
1793 3721 1917 3762 sen-

321 3798 408 3866 tit,
425 3798 595 3869 liquet
613 3797 860 3871 profecto
887 3798 1013 3869 quia
1033 3797 1202 3853 Deum
1223 3813 1333 3853 non
1357 3797 1559 3869 diligit;
1585 3797 1678 3868 qui
1697 3811 1829 3853 vero
1849 3796 1917 3852 de

322 3891 435 3949 Deo
461 3901 610 3948 recta
632 3893 894 3959 sentiens,
916 3907 947 3946 a
972 3899 1172 3947 sanctae
1192 3891 1450 3948 Ecclesiae
1471 3893 1678 3948 unitate
1713 3871 1918 3946 divisus

322 3993 426 4051 est,
453 3992 666 4041 constat
689 3984 932 4057 profecto
952 3985 1078 4054 quia
1104 3983 1410 4055 proximum
1435 3998 1543 4038 non
1567 3991 1732 4049 amat,
1755 3997 1914 4052 quem

325 4075 526 4130 habere
540 4075 746 4131 socium
759 4082 996 4130 recusat.
1019 4073 1274 4145 Quisquis
1294 4075 1362 4130 ab
1386 4074 1488 4129 hac
1500 4073 1707 4129 unitate
1726 4073 1914 4128 matris

325 4169 578 4226 Ecclesia:
597 4171 711 4226 sive
723 4184 820 4240 per
841 4170 1092 4226 haeresim
1119 4170 1186 4226 de
1205 4170 1316 4226 Deo
1333 4185 1589 4242 perversa
1611 4171 1910 4236 sentiendo,

325 4276 420 4316 seu
451 4276 637 4317 errore
663 4261 970 4324 schismatis
994 4261 1304 4331 proximum
1337 4277 1446 4318 non
1473 4259 1744 4334 diligendo
1774 4261 1911 4316 divi-

326 4353 492 4421 ditur,
517 4353 796 4408 charitatis
819 4352 976 4423 hujus
1007 4353 1182 4425 gratia
1206 4354 1452 4423 privatur
1476 4355 1544 4412 de
1569 4370 1677 4426 qua
1713 4353 1912 4412 Paulus

329 4444 406 4499 ait
433 4460 448 4500 :
482 4443 546 4500 Si
578 4443 869 4499 tradidero.
899 4452 1006 4499 etc.
1032 4443 1086 4514 (Ι
1112 4442 1236 4498 Cor.
1263 4443 1410 4515 xm).

930 4554 1158 4611 CAPUT
1194 4553 1306 4611 Vl].

334 4669 456 4724 Non
476 4667 844 4739 conﬁdendum
880 4669 938 4722 in
967 4665 1298 4739 templo,_sed
1345 4669 1402 4739 in
1447 4668 1591 4722 bonis
1628 4669 1904 4739 operibus;

397 4736 786 4810 non_orandum
823 4755 915 4810 pro
951 4736 1142 4810 populo
1175 4736 1267 4792 illo
1287 4751 1306 4790 :
1343 4738 1408 4794 de
1435 4736 1794 4809 reprobatione
1819 4757 1909 4794 sa-

400 4808 741 4878 criﬁciorum.

404 4921 422 4954 ι
457 4900 691 4957 Verbum
717 4903 859 4972 quod
880 4901 1082 4957 factum
1103 4910 1188 4958 est
1214 4903 1282 4957 ad
1311 4900 1601 4958 Jeremiam
1620 4917 1652 4958 a
1679 4902 1908 4960 Domino

330 5015 348 5050 ι
387 4997 606 5051 dicens:
648 4993 743 5050 Sta
789 4995 843 5049 in
881 5003 1037 5065 porta
1080 4994 1273 5050 domus
1310 4995 1558 5061 Domini,
1587 5005 1642 5051 et
1676 4997 1910 5067 praedica

330 5109 348 5140 ε
381 5085 482 5157 (vel
505 5085 642 5158 lege)
673 5085 748 5141 ibi
772 5085 996 5140 verbum
1023 5085 1164 5140 istud
1197 5094 1252 5140 et
1288 5086 1411 5140 dic:
1451 5086 1644 5142 Audite
1681 5087 1907 5143 verbum

330 5199 351 5234 r
381 5178 629 5246 Domini,
679 5179 856 5234 omnis
896 5177 1064 5244 Juda,
1098 5179 1188 5249 qui
1218 5179 1562 5252 ingredimini
1591 5197 1689 5251 per
1724 5167 1909 5250 portas

331 5287 352 5320 ι
388 5271 508 5336 has,
529 5276 591 5324 ut
611 5269 849 5327 adoretis
870 5269 1180 5325 Dominum.
1218 5289 1236 5324 ι
1271 5269 1541 5343 (Ηὶενοη.)
1571 5271 1684 5327 Hoc
1710 5272 1764 5326 in
1787 5273 1907 5328 edi-

325 5361 473 5418 tione
512 5359 858 5434 Septuaginta
885 5379 991 5420 non
1021 5363 1272 5431 habetur,
1308 5366 1401 5422 sed
1441 5365 1508 5421 de
1541 5365 1908 5422 Theodotione

324 5464 391 5506 ex
421 5449 686 5508 Hebraico
707 5453 942 5508 additum
965 5461 1066 5510 est.
1091 5455 1391 5525 lmperatur
1424 5463 1606 5511 autem
1631 5458 1906 5528 prophetae

326 5549 386 5596 ut
429 5548 535 5596 stet
573 5541 628 5597 in
670 5552 828 5613 porta
875 5544 1114 5610 Domini,
1146 5561 1244 5616 per
1271 5563 1432 5616 quam
1462 5547 1530 5602 ad
1574 5548 1906 5603 adorandum

325 5631 609 5687 Dominum
642 5632 944 5705 ingreditur
973 5635 1155 5705 populi
1193 5636 1511 5703 multitudo,
1541 5645 1599 5691 ut
1636 5653 1734 5708 per
1765 5639 1906 5694 hanc

324 5721 662 5778 occasionem
706 5723 912 5794 possint
950 5725 1136 5780 audire
1179 5742 1298 5796 qua
1340 5728 1598 5783 Dominus
1640 5729 1901 5799 prmcipit.

231 5853 238 5862 .
279 5807 284 5810 ’
327 5815 434 5869 Per
473 5816 614 5886 quod
661 5816 1009 5890 intelligimus
1053 5817 1306 5874 duritiam
1345 5820 1527 5892 populi
1555 5819 1902 5890 Judzcorum,

1931 4586 1985 4646 D

2015 3336 2170 3393 vobis
2199 3337 2421 3393 omnino
2449 3352 2556 3392 non
2585 3337 2881 3407 proderunt
2911 3355 2929 3388 ι
2951 3377 2966 3402 ,
2998 3336 3054 3391 ἰη
3083 3335 3350 3392 Hebraico
3376 3350 3485 3390 non
3510 3334 3610 3388 ha-

2014 3430 2192 3486 betur.
2226 3429 2478 3499 Praecipit
2505 3438 2688 3485 autem
2716 3438 2773 3486 et
2805 3436 2935 3485 tunc
2963 3429 3162 3500 populo
3185 3427 3520 3493 Iudaeorum,
3550 3435 3610 3483 et

2014 3521 2176 3576 hodie
2202 3521 2379 3587 nobis,
2411 3521 2504 3591 qui
2530 3522 2777 3576 videmur
2815 3521 2871 3576 in
2896 3518 3142 3576 Ecclesia
3173 3519 3494 3584 constituti,
3534 3532 3605 3574 ne

2014 3612 2268 3668 ﬁduciam
2296 3612 2595 3668 habeamus
2619 3613 2673 3667 in
2700 3611 3050 3668 aediﬁciorum
3089 3612 3408 3682 splendore,
3442 3623 3606 3664 aura-

2014 3704 2193 3774 tisque
2221 3703 2588 3774 laquearibus,
2615 3711 2670 3758 et
2700 3704 2916 3760 vestitis
2944 3703 3243 3774 parietibus
3272 3715 3608 3757 marmorum

2013 3795 2232 3850 crustis.
2264 3794 2332 3849 Et
2361 3793 2638 3851 dicamus:
2667 3795 2925 3867 templum
2953 3795 3191 3861 Domini,
3217 3793 3477 3863 templum
3505 3793 3608 3849 Do-

2013 3888 2170 3956 mini,
2204 3887 2464 3959 templum
2488 3888 2703 3945 Domini
2735 3897 2838 3945 est.
2879 3889 3015 3945 lllud
3042 3887 3189 3943 enim
3217 3885 3477 3956 templum
3498 3883 3608 3941 Do-

2012 3981 2147 4038 mini
2178 3989 2282 4044 est,
2329 3980 2384 4036 in
2431 3996 2540 4051 quo
2577 3980 2792 4036 habitat
2817 3995 2949 4036 vera
2979 3979 3133 4046 ﬂdes,
3163 3987 3350 4035 sancta
3381 3991 3610 4033 conver-

2013 4075 2173 4142 satio,
2203 4074 2557 4146 omniumque
2583 4075 2848 4130 virtutum
2877 4076 3100 4132 chorus.
3134 4075 3376 4144 Denique
3398 4071 3604 4129 infert:

2015 4171 2072 4227 Si
2113 4180 2292 4228 rectas
2335 4171 2576 4228 feceritis
2611 4171 2730 4228 vias
2768 4181 3012 4238 vestras,
3053 4179 3110 4226 et
3138 4169 3394 4242 cogitatio
3420 4176 3603 4224 vestra

2012 4281 2120 4322 non
2144 4265 2343 4322 abierit
2369 4274 2493 4337 post
2517 4280 2781 4332 errorem,
2807 4273 2862 4320 et
2888 4265 3057 4321 secuti
3084 4261 3296 4319 fueritis
3315 4261 3603 4331 justitiam,

2011 4365 2067 4413 et
2086 4357 2288 4412 malum
2310 4372 2420 4414 non
2440 4355 2750 4424 effeceritis,
2765 4371 2944 4428 neque
2965 4354 3266 4413 eﬂ‘uderitis
3289 4353 3606 4425 sanguinem

2011 4451 2375 4517 innocentem,
2406 4449 2679 4521 simplices
2701 4465 2916 4521 quoque
2940 4463 3048 4505 non
3078 4445 3605 4511 scandalizantes,et

2010 4552 2132 4614 post
2162 4545 2289 4599 deos
2330 4542 2537 4597 alienos
2562 4557 2669 4597 non
2697 4539 3128 4605 ambulaveritis,
3171 4552 3429 4609 perversa
3475 4535 3607 4591 ado-

2010 4643 2199 4690 rantes
2226 4631 2504 4705 dogmata,
2532 4647 2653 4702 quaa
2691 4632 2759 4687 de
2799 4641 2985 4688 vestro
3025 4631 3190 4686 corde
3214 4628 3514 4685 simulastis
3549 4626 3606 4682 in

2010 4724 2212 4778 malum
2261 4723 2706 4793 vobismetipsis:
2762 4721 2847 4776 vel
2896 4721 3155 4776 habitabo
3210 4718 3498 4776 vobiscum
3550 4716 3606 4774 in

2010 4814 2130 4868 loco
2158 4812 2284 4877 isto,
2299 4826 2458 4882 quem
2472 4811 2680 4868 vocatis
2702 4811 2961 4881 templum
2981 4810 3100 4876 Dei,
3117 4810 3247 4866 etin
3274 4817 3416 4864 terra
3439 4821 3604 4878 quam

2011 4903 2134 4960 dedi
2161 4903 2407 4974 patribus
2435 4903 2657 4968 vestris,
2692 4900 2956 4973 apostolis
2984 4899 3238 4956 videlicet
3263 4907 3319 4955 et
3343 4897 3574 4970 apostoli

2013 4999 2092 5055 cis
2120 4999 2292 5054 viris:
2324 4998 2410 5053 vel
2440 5005 2588 5052 certe
2633 4995 2788 5050 firma
2828 4993 3062 5050 statione
3107 4992 3359 5048 habitare
3394 5007 3492 5048 vos
3522 4989 3605 5045 fa-

2016 5093 2156 5148 ciam
2187 5108 2218 5147 a
2243 5093 2512 5164 principio
2538 5105 2713 5163 usque
2741 5089 2810 5144 ad
2858 5088 3042 5143 linem.
3071 5087 3257 5144 Potest
3283 5089 3388 5143 hoc
3417 5095 3473 5142 et
3498 5085 3604 5142 illis

2013 5185 2315 5255 virginibus
2341 5184 2653 5248 convenire,
2684 5197 2806 5253 qum
2829 5180 3043 5250 jactant
3064 5179 3402 5252 pudicitiam,
3430 5190 3486 5234 et
3510 5179 3607 5234 im-

2013 5275 2234 5348 pudenti
2268 5274 2418 5330 vultu
2445 5273 2744 5344 praeferunt
2771 5272 3105 5335 castitatem,
3155 5285 3278 5325 cum
3322 5269 3467 5324 aliud
3504 5269 3605 5324 ha-

2014 5371 2139 5425 beat
2193 5368 2566 5424 conscientia:
2618 5376 2674 5423 et
2726 5367 2979 5422 nesciunt
3028 5365 3175 5420 illam
3228 5363 3648 5422 diﬂinitionem~

2011 5457 2254 5529 Apostoli
2283 5458 2637 5530 virginalem,
2683 5476 2703 5510 ‹
2738 5467 2799 5514 ut
2824 5459 2895 5514 sit
2925 5467 3113 5515 sancta
3139 5475 3365 5530 corpore
3404 5466 3461 5514 et
3488 5456 3604 5529 spi-

2011 5551 2118 5605 ritu
2149 5548 2200 5622 (Ι
2225 5547 2346 5604 Cor.
2376 5549 2439 5620 ι).
2464 5569 2482 5602 ι
2503 5549 2642 5616 Quid
2665 5549 2809 5605 enim
2831 5549 3052 5620 prodest
3077 5549 3322 5620 corporis
3344 5547 3605 5619 pudicitia

2011 5642 2192 5696 animo
2221 5650 2594 5712 constuprato,
2627 5642 2671 5697 si
2698 5650 2925 5697 caeteras
2954 5642 3184 5697 virtutes
3209 5655 3346 5712 quas
3371 5637 3608 5711 prophe-

2012 5734 2151 5788 ticus
2177 5747 2356 5788 sermo
2388 5733 2697 5803 descripsit,
2723 5749 2831 5788 non
2857 5733 3143 5789 habuerit?
3543 5718 3551 5726 ’

2087 5843 2106 5878 ι
2138 5823 2278 5883 Ecce
2307 5839 2401 5881 vos
2427 5825 2698 5889 confiditis
2723 5826 2876 5882 vobis
2904 5825 2957 5881 in
2992 5823 3334 5883 sermonibus
3375 5816 3608 5885 menda-
