4008 6340
425 312 550 378 859~

1071 307 1428 379 Ε-ἮΑΒΑΝι
1465 312 1685 375 MAURI
1724 312 2046 373 ARCHIEP.
2084 311 2396 375 κοθυΝΤ.
2437 311 2727 373 ΟΡΕΒΙΝ
2764 311 2945 370 PARS
2979 313 3069 370 Ill.

3618 319 3751 379 860

432 441 454 477 ι
488 426 559 483 cii
587 425 696 499 (vel
731 427 1121 503 mendacibus)
1141 469 1157 495 ,
1190 444 1312 513 qua:
1352 443 1459 491 non
1492 428 1789 499 proderunt
1816 427 2008 484 vobis:
2041 427 2094 495 Α
2124 443 2143 478 ι
2175 433 2231 481 et
2264 424 2383 479 loco
2412 439 2573 513 quem
2605 424 2726 481 dedi
2758 426 2910 513 vobis
2942 432 3001 481 et
3035 424 3281 496 patribus
3308 427 3538 494 vestris.
3580 430 3744 485 sicut

433 536 455 572 ι
484 514 685 607 furari,
710 521 1008 607 occidere,
1043 523 1369 591 adulterari.
1408 521 1596 593 iurare
1650 520 2015 589 mendaciter,

432 628 455 667 ι
491 610 661 669 libare
694 613 932 695 Baalim,
957 622 1011 695 et
1048 613 1129 693 ire
1160 622 1282 695 post
1304 613 1433 670 deos
1454 613 1680 680 alienos,
1703 628 1840 684 quos
1862 612 2017 684 igno-

433 724 453 758 ι
492 707 643 761 ratis.
688 694 759 761 Et
804 692 1053 771 venistis,
1086 692 1141 761 et
1171 692 1403 761 stetistis
1433 722 1617 763 coram
1658 723 1746 765 me
1773 706 1826 762 in
1858 706 2018 763 domo

433 815 452 851 ι
490 798 614 887 hac.
654 799 853 886 inqua
883 801 1189 883 invocatum
1219 808 1302 861 est
1338 784 1535 857 nomen
1560 816 1760 867 meum,
1790 809 1845 859 et
1874 800 2019 871 diri-

437 910 455 967 ᾳ
494 893 626 957 stis:
656 892 897 955 Liberali
927 908 1113 959 sumus
1144 894 1270 965 (sive
1302 893 1641 967 t'esivimus),
1671 909 1736 951 eu
1770 892 1913 967 quod
1944 891 2021 947 fe-

433 1002 452 1036 t
488 983 722 1047 cerimus
749 968 939 1043 otnnes
968 982 1401 1045 abominationes
1430 985 1582 1040 istas.
1620 1004 1637 1049 ρ
1670 983 1894 1040 Frustra
1924 998 2020 1041 eos

414 1068 485 1132 in
510 1076 710 1150 templo
759 1076 960 1161 habere
1010 1075 1299 1141 fiduciam,
1353 1077 1635 1155 sequentia
1670 1084 1893 1148 peccata
1927 1076 2021 1131 de-

427 1178 754 1227 monstrant.
788 1168 927 1239 Quid
979 1169 1121 1230 enim
1153 1170 1373 1239 prodest
1408 1169 1665 1231 audacter
1710 1169 1919 1239 ingredi
1958 1168 2019 1227 li-

434 1278 559 1321 men
583 1264 774 1319 domus
804 1263 919 1323 Dei.
950 1274 1134 1320 erecta
1163 1263 1377 1319 cervice
1404 1250 1573 1330 stare,
1619 1270 1674 1317 et
1711 1246 1817 1319 non
1845 1260 2017 1319 Solum

428 1375 542 1423 cor,
578 1359 671 1413 sed
695 1366 748 1413 et
774 1373 968 1435 manus
993 1357 1195 1413 habere
1218 1357 1486 1427 pollutas:
1516 1354 1683 1420 furto,
1701 1353 2015 1435 homicidio,

427 1448 714 1512 adulterio,
746 1432 1009 1527 periurio,
1039 1448 1357 1520 sacrilegio,
1403 1456 1452 1503 et
1493 1447 1637 1502 cultu
1668 1432 1855 1503 eorum
1891 1446 2019 1501 deo-

426 1559 570 1607 rum,
603 1559 739 1614 quos
764 1544 1009 1601 nescias?
1040 1543 1166 1603 Haec
1213 1542 1531 1613 spiritaliter
1565 1541 1811 1599 accidere
1834 1540 1886 1595 in
1916 1539 2019 1596 Ec-

426 1622 591 1689 clesia
645 1648 804 1692 nemo
856 1634 1103 1689 dubitat:
1154 1632 1370 1702 quando
1423 1630 1707 1702 prrescntis
1759 1628 2016 1703 temporis

427 1712 836 1795 considerantes
862 1712 1201 1790 felicitatem,
1236 1739 1332 1779 sua
1353 1733 1577 1795 peccata
1602 1738 1709 1777 non
1737 1727 2009 1795 reputant,

2124 537 2143 572 ι
2178 518 2279 579 feci
2309 506 2420 575 Silo
2447 536 2459 573 :
2495 527 2550 574 et
2574 518 2861 591 projiciam
2888 504 2987 575 vos
3017 536 3047 575 a
3080 516 3218 575 facie
3248 536 3390 587 mea,
3423 521 3566 578 sicut
3594 522 3743 599 prd-

2123 629 2142 662 ι
2168 608 2277 680 jeci
2304 624 2494 665 omnes
2525 608 2721 666 fratres
2751 619 2965 667 vestros
2993 612 3304 667 universum
3336 608 3520 676 senmn
3554 612 3745 673 Israel

2125 722 2143 756 ι
2179 702 2314 778 [Λι.,
2340 701 2644 775 Ephraitn].
2673 723 2690 755 ι
2722 701 2841 767 Hoc
2865 704 3011 773 quod
3041 703 3322 778 posuimus
3349 722 3367 756 ‹
3397 722 3561 762 mane
3587 722 3743 763 eon-

2120 772 2346 867 surgens
2384 772 2440 851 et
2472 772 2720 875 loquens,
2756 813 2775 846 ι
2831 772 2897 848 in
2930 772 3284 865 Septuaginta
3315 811 3421 849 non
3458 796 3734 851 habetur.

2119 887 2274 943 Mane
2316 896 2497 945 autem
2540 886 2819 958 consurgit
2877 886 3043 954 Deus,
3090 903 3199 945 non
3240 902 3347 958 quo
3407 884 3629 958 aliqtmd
3683 889 3743 944 ei

2120 988 2335 1049 tempus
2379 980 2584 1055 absque
2630 968 2867 1039 diluculo
2917 978 3026 1047 sit,
3085 978 3178 1033 sed
3222 994 3332 1049 quo
3374 976 3497 1054 post
3543 980 3741 1035 noctis

2119 1076 2358 1151 quietem
2390 1075 2597 1130 viribus
2631 1060 2951 1149 corporibus
2995 1064 3341 1138 instauratis,
3387 1073 3572 1127 anima
3619 1073 3737 1127 lio-

2120 1168 2328 1225 minum
2380 1167 2622 1239 vegetior
2671 1168 2779 1233 sit,
2844 1175 2898 1223 et
2947 1182 3291 1238 nequaquam
3344 1164 3733 1237 voluptatibus

2104 1244 2401 1329 occupata,
2436 1257 2652 1331 cibique
2681 1257 2967 1345 desiderio,
3003 1257 3191 1333 audire
3218 1265 3273 1312 et
3304 1252 3483 1311 facere
3511 1256 3731 1322 valeat,

2121 1366 2243 1425 quae
2271 1350 2545 1407 dicuntur.
2608 1349 2760 1407 Unde
2804 1357 2860 1405 et
2905 1348 3035 1404 illud
3085 1348 3139 1403 in
3190 1348 3398 1423 psalmo
3444 1346 3730 1419 legimus:

2127 1459 2147 1491 ι
2179 1440 2333 1496 Mane
2363 1438 2623 1497 exandies
2653 1455 2843 1494 vocem
2874 1454 3048 1495 meam
3069 1480 3084 1505 ,
3126 1455 3286 1497 mane
3314 1436 3508 1493 astabo
3537 1439 3634 1493 tibi
3674 1446 3735 1492 et

2117 1534 2311 1603 videbo
2349 1531 2520 1607 (Psal.
2556 1533 2632 1609 v).
2670 1555 2687 1587 ι
2748 1530 2814 1591 Et
2860 1532 2914 1589 in
2962 1530 3139 1588 Isaia:
3193 1552 3212 1584 ‹
3259 1531 3335 1586 De
3385 1534 3544 1588 nocte
3598 1532 3736 1603 (sive

2120 1621 2380 1695 diluculo)
2439 1631 2731 1694 consurget
2780 1616 3006 1694 spiritus
3057 1638 3210 1677 meus
3264 1622 3330 1676 ad
3387 1628 3478 1687 te,
3533 1623 3683 1677 Deus
3714 1664 3731 1687 ,

2119 1714 2375 1785 quoniam
2399 1712 2487 1770 lux
2513 1722 2783 1797 prteeepta
2810 1724 2899 1768 tua
2925 1729 3088 1785 super
3111 1722 3312 1768 terram
3336 1711 3469 1785 (Im.
3497 1720 3675 1782 xxvi).
3705 1732 3728 1768 ι

426 1826 480 1875 et
509 1817 679 1875 latere
701 1816 1038 1877 arbitrantur
1064 1815 1400 1886 Deum,quia
1432 1831 1537 1873 non
1566 1814 1748 1870 statim
1778 1814 2017 1871 vindicta
2044 1795 2094 1863 Β
2124 1805 2278 1863 Unde
2304 1814 2359 1862 et
2389 1795 2527 1862 ﬁlios
2554 1800 2688 1891 lucis
2717 1802 2918 1869 Paulus
2945 1805 3220 1878 apostolus
3251 1804 3733 1879 appellat(Ephes.

428 1909 818 1987 consequitur;
873 1909 1005 1987 quin
1056 1909 1238 1985 potius
1288 1910 1341 1964 in
1395 1916 1601 1963 tantam
1657 1915 2020 1979 prorumpunt

427 2000 743 2064 amentiam,
783 2007 840 2053 ut
878 1999 1136 2075 liberatos
1173 2015 1233 2057 se
1259 2007 1479 2073 putant,
1528 1999 1654 2069 quia
1700 2007 1825 2071 post
1876 1997 2019 2056 mala

425 2107 591 2170 opera
622 2092 791 2169 etiam
810 2106 845 2169 a
870 2091 1019 2169 cultu
1048 2091 1259 2155 Domini
1294 2099 1657 2151 recesserunt.
1710 2078 1713 2079 ⁷

488 2202 522 2253 ,σ
549 2183 797 2255 Nunquid
826 2198 958 2263 ergo
980 2184 1233 2255 spelunca
1259 2183 1529 2245 latronum
1553 2183 1697 2245 facta
1723 2191 1807 2239 est
1830 2184 2020 2266 domus

429 2297 449 2335 ι
482 2277 583 2341 ista
612 2277 737 2351 (sive
765 2278 933 2351 mea),
952 2278 1006 2343 in
1030 2294 1134 2351 qua
1163 2279 1473 2355 invocatum
1502 2285 1583 2355 est
1612 2293 1808 2356 nomen
1839 2293 2021 2357 meum

428 2387 448 2421 ι
482 2368 535 2433 in
580 2367 752 2424 oculis
800 2368 1021 2447 vestris,
1080 2368 1217 2449 Ego,
1271 2384 1371 2449 ego
1419 2384 1562 2437 sum,
1604 2368 1858 2451 ego‘vidi,
1890 2368 2022 2433 dicit

431 2481 450 2519 ι
482 2460 765 2537 Dominus.
802 2480 820 2539 ξ
882 2461 959 2539 De
1001 2460 1105 2525 hoc
1152 2460 1273 2539 loco
1321 2460 1451 2517 illud
1499 2461 1553 2519 in
1597 2459 1889 2533 Evangelio
1928 2475 2017 2516 as-

425 2560 700 2623 sumptum
730 2559 879 2633 puto,
905 2552 994 2609 ubi
1027 2553 1100 2611 ita
1131 2552 1392 2633 scriptum
1418 2560 1539 2615 est;
1574 2572 1593 2604 ‹
1624 2553 1825 2633 Domus
1851 2553 2020 2631 patris

422 2644 529 2699 mei
550 2684 565 2709 ,
607 2643 799 2701 domus
830 2643 1096 2700 orationis
1122 2644 1427 2712 vocabitur,
1465 2659 1561 2700 vos
1595 2651 1773 2703 autem
1815 2642 2019 2725 fecistis

423 2750 542 2797 eam
572 2736 886 2819 speluncam
920 2736 1197 2817 latronum
1224 2735 1439 2817 (Matth.
1470 2735 1622 2817 xxi);
1656 2758 1674 2789 ›
1712 2735 1845 2819 sive,
1877 2737 2018 2815 utin

422 2824 529 2901 alio
562 2816 853 2913 Evangelio
881 2828 1144 2911 scriptum
1173 2816 1293 2901 est;
1327 2848 1344 2883 ι
1375 2816 1607 2907 Domum
1639 2818 2019 2909 negotiationis

425 2919 609 2997 (Joan.
634 2920 716 2999 ll).
742 2940 760 2975 ι
799 2920 1044 3001 Ecclesia
1065 2920 1161 2977 Dei
1183 2920 1413 3003 vertitur
1439 2920 1493 2979 in
1520 2921 1832 2992 speluncam
1858 2921 2021 3003 latro-

424 3026 577 3083 num,
609 2998 824 3081 quando
856 2998 1031 3087 furta,
1062 2998 1391 3082 homicidia,
1426 3008 1721 3079 adulteria,
1757 2998 2019 3093 periuria,

425 3099 804 3179 sacrilegium,
850 3105 1123 3165 hatreseos
1169 3106 1512 3173 adinventio,
1555 3114 1609 3161 et
1646 3106 1826 3167 omnia
1864 3106 1918 3165 in
1953 3121 2016 3167 ea

427 3196 633 3253 scelera
661 3205 967 3266 versantur,
995 3198 1213 3273 quando
1239 3198 1481 3255 avaritia:
1510 3196 1721 3254 facibus
1746 3197 2017 3269 principes

427 3290 774 3349 inardescunt
799 3308 812 3363 ς
846 3299 901 3346 et
926 3308 1114 3365 regum
1141 3291 1415 3365 quondam
1444 3307 1597 3363 opes,
1618 3291 1725 3349 vile
1751 3301 1843 3349 aut
1872 3274 2019 3349 certe

427 3396 534 3451 non
578 3382 682 3436 vile
726 3381 999 3457 palliolum
1046 3385 1304 3461 possidet.
1360 3384 1512 3442 Unde
1557 3384 1721 3441 infert
1764 3402 1778 3439 :
1820 3403 1839 3436 ι
1870 3385 2014 3459 Ego,

427 3485 528 3545 ego
548 3488 701 3551 sum,
734 3488 834 3551 ego
862 3473 1004 3551 vidi,
1038 3472 1169 3529 dicit
1198 3460 1491 3549 Dominus;
1522 3493 1539 3526 ι
1580 3474 1687 3530 mei
1717 3474 1860 3535 oculi
1889 3491 2018 3531 con-

430 3563 673 3637 templati
705 3572 859 3635 sunt,
898 3565 1042 3647 quod
1071 3581 1168 3622 vos
1195 3567 1399 3648 putatis
1427 3565 1698 3621 occultum
1725 3584 1737 3621 :
1783 3556 2019 3648 tenebras

426 3655 809 3713 thesaurorum
835 3670 1011 3717 meam
1041 3672 1147 3713 non
1178 3656 1390 3729 fugiunt
1414 3657 1802 3715 conscientiam
1829 3673 1843 3712 :
1872 3679 1889 3709 ι
1915 3658 2017 3729 Qui

427 3763 551 3805 cum
600 3748 751 3813 dives
798 3758 981 3829 esset,
1032 3766 1131 3829 pro
1162 3750 1319 3807 nobis
1347 3766 1553 3829 pauper
1595 3750 1770 3831 factus
1815 3740 1899 3813 eSt
1929 3750 2017 3824 (II

426 3837 549 3895 Cor.
596 3839 788 3915 vim,»
849 3828 992 3909 nunc
1039 3828 1091 3901 in
1144 3844 1345 3901 nostris
1396 3843 1601 3925 divitiis
1646 3828 1923 3925 erubescit
1954 3852 2018 3923 et

426 3931 586 4007 dicit;
613 3951 632 3984 ί
658 3930 748 4011 Vae
768 3934 921 4013 vobis
938 3934 1218 4003 divitibus,
1240 3935 1333 4006 qui
1358 3936 1570 3995 habetis
1591 3934 2014 3999 consolationem

424 4033 659 4099 vestram
688 4022 840 4097 (Luc.
869 4026 965 4105 vt),
1003 4046 1022 4081 ι
1270 4100 1273 4105 _

502 4132 520 4166 ι
551 4114 627 4173 lte
652 4117 718 4171 ad
746 4115 921 4175 locum
954 4133 1130 4195 meum
1160 4118 1214 4191 in
1243 4116 1381 4195 Silo,
1404 4117 1494 4189 ubi
1523 4106 1789 4193 habitavit
1818 4133 2013 4174 nomen

432 4225 451 4291 φ
485 4221 665 4267 meum
687 4222 717 4260 a
740 4208 1025 4293 principio,
1050 4188 1104 4271 et
1126 4188 1303 4265 videte
1329 4188 1449 4291 quae
1478 4188 1697 4279 fecerim
1721 4188 1769 4263 ei
1797 4219 2016 4295 propter

438 4297 755 4375 tmalitiatn
783 4299 963 4375 populi
996 4298 1099 4375 mei
1130 4298 1317 4375 Israel.
1351 4321 1371 4375 ib
1426 4298 1503 4373 Ex
1535 4300 1825 4371 prmteritis
1855 4302 2014 4369 docet

430 4372 735 4471 prteSetttia,
752 4370 1150 4469 etdiccntibus:
1178 4409 1195 4439 ι
1208 4370 1486 4463 Templum
1505 4370 1737 4459 Domini,
1754 4391 2012 4469 templum

434 4478 665 4553 Domini,
690 4478 945 4549 templum
964 4479 1202 4555 Domini,
1224 4502 1240 4533 ι
1259 4491 1310 4536 et
1328 4480 1577 4555 pretiosa:
1596 4480 1787 4537 domus
1808 4480 2012 4553 fulgore

428 4548 804 4655 gaudentibus,
823 4568 955 4647 Silo,
974 4568 1063 4625 ubi
1084 4548 1439 4655 primum—fuit
1458 4548 1863 4643 tabernaculum
1888 4548 2006 4650 Dei,

429 4650 741 4717 recordatur
772 4661 1036 4727 historiae,
1069 4650 1133 4717 tle
1162 4650 1267 4739 qua
1291 4662 1341 4717 in
1371 4662 1582 4739 psalmo
1602 4666 1863 4736 scriptum
1889 4674 2005 4720 est:

433 4774 450 4807 ι
485 4755 549 4810 Ει
582 4755 779 4825 repulit
808 4756 1218 4811 tabernaculum
1249 4757 1360 4812 Silo
1385 4756 1557 4830 (Psal.
1585 4774 1795 4823 Lxxvn;
1823 4756 1849 4811 1
1877 4756 2006 4828 Reg.

428 4852 538 4921 tv),
581 4872 599 4917 ty
637 4861 695 4907 ut
719 4852 988 4931 quomodo
1024 4853 1122 4929 ille
1168 4853 1315 4909 locus
1359 4854 1414 4907 in
1461 4853 1648 4908 ruinas
1690 4854 2008 4925 cineresque

426 4944 693 5014 collapsus
725 4952 843 5019 est,
879 4945 952 5005 ita
982 4954 1035 5001 et
1066 4946 1320 5017 templum
1350 4954 1568 5001 corruat
1598 4961 1721 5011 cmn
1753 4945 2009 5015 similium

426 5031 590 5086 fuerit
619 5033 883 5088 habitatio
910 5044 1270 5107 peccatorum,
1307 5034 1460 5089 Sicut
1491 5033 1653 5105 igitur
1681 5031 1792 5087 Silo
1823 5033 2008 5103 templi

425 5121 730 5195 exemplum
760 5131 843 5179 est
868 5163 883 5189 ,
931 5124 1004 5181 ita
1052 5125 1307 5196 templum
1338 5124 1512 5189 nobis,
1545 5122 1761 5194 quando
1798 5130 2010 5199 tempus

429 5214 708 5269 advenerit
758 5200 897 5271 illius
948 5216 1279 5272 testimonii:
1326 5236 1343 5267 ί
1383 5215 1549 5291 Putas
1595 5214 1818 5285 veniens
1869 5204 2010 5271 ﬁlius

430 5303 681 5371 hominis,
708 5306 944 5363 inveniet
968 5308 1125 5365 fidem
1154 5324 1315 5383 super
1338 5307 1575 5363 terram?
1600 5304 1751 5380 (Luc.
1779 5305 1955 5379 xvnt.)
1984 5327 2002 5358 ι

504 5418 522 5449 ς
555 5398 621 5454 Ει
662 5416 803 5456 nunc
844 5403 968 5473 quia
1016 5402 1222 5461 fecistis
1260 5388 1440 5455 omnia
1476 5388 1641 5473 opera
1679 5396 1831 5462 haec,
1878 5396 2007 5453 dicit

433 5509 451 5543 ι
487 5476 761 5559 Dominus,
786 5502 839 5549 et
869 5476 1078 5571 locutus
1107 5509 1223 5549 sum
1250 5494 1318 5547 ad
1343 5508 1438 5547 vos
1470 5508 1626 5546 mane
1648 5505 1998 5561 consurgens,

434 5604 451 5637 ι
486 5591 539 5640 et
566 5583 811 5656 loquens,
844 5597 898 5642 et
928 5602 1035 5641 non
1071 5585 1299 5643 audistis
1327 5603 1338 5638 :
1378 5594 1432 5640 et
1462 5582 1646 5639 vocavi
1677 5600 1771 5639 vos
1808 5591 1863 5639 ct
1895 5600 2000 5638 non

433 5696 453 5731 ‹
488 5684 837 5752 respondistis
864 5702 875 5737 :
908 5682 1101 5738 faciam
1128 5683 1307 5739 domui
1335 5682 1461 5765 ltnic
1488 5683 1539 5737 in
1568 5699 1671 5753 qua
1697 5684 2002 5737 invocatum

438 5787 456 5849 ς
488 5782 571 5839 cst
598 5790 794 5847 nomen
823 5789 1021 5855 meum,
1053 5782 1107 5833 et
1133 5775 1189 5853 in
1217 5790 1323 5859 qua
1347 5791 1444 5835 vos
1470 5775 1683 5853 balistis
1712 5776 1998 5844 ﬁduciam.

2119 1904 2199 1975 v),
2225 1912 2281 1961 et
2306 1919 2414 1961 non
2440 1902 2618 1965 noctis
2642 1918 2816 1977 neque
2844 1902 3208 1981 tenebrarum,
3237 1894 3339 1957 nec
3364 1900 3732 1969 dormientes,

2121 1995 2260 2055 sicut
2306 2004 2362 2052 et
2407 1995 2593 2051 czeteri
2625 1995 3000 2060 dormierunt,
3045 1995 3135 2066 qui
3177 1994 3271 2050 Dei
3296 1995 3567 2052 .mandata
3616 2010 3733 2050 non

2120 2090 2381 2145 sentiunt.
2416 2089 2553 2158 Quia
2583 2089 2749 2161 igitur
2776 2080 2921 2159 Deus
2944 2089 3159 2145 vocavit
3186 2104 3282 2145 eos
3310 2083 3376 2143 de
3404 2084 3563 2147 noete
3595 2084 3735 2143 con;

2121 2200 2371 2255 surgens,
2401 2195 2461 2245 nt
2489 2193 2544 2243 et
2576 2184 2722 2255 ipsos
2753 2182 2818 2238 de
2847 2184 3086 2239 tenebris
3108 2183 3393 2247 liberaret,
3419 2183 3733 2238 commina-

2121 2286 2211 2353 tur
2239 2279 2320 2335 eis
2348 2278 2545 2335 similia
2579 2294 2638 2334 se
2670 2293 2789 2333 esse
2821 2277 3089 2333 facturum
3122 2275 3322 2350 templo
3364 2277 3418 2343 in
3463 2275 3729 2331 Hieroso-

2121 2372 2171 2445 1y
2182 2373 2284 2429 mis
2304 2388 2424 2445 qua}
2446 2371 2578 2429 fecit
2606 2371 2725 2429 loco
2748 2369 2860 2426 Silo
2884 2370 2932 2443 (Ι
2960 2368 3085 2441 Reg.
3109 2386 3163 2424 ιν
3184 2378 3230 2424 et
3255 2370 3338 2441 v),
3365 2370 3455 2424 ubi
3482 2354 3731 2443 primum

2120 2462 2224 2525 fuit
2253 2462 2692 2526 tabernaculum,
2736 2471 2795 2519 ut
2820 2470 3041 2533 peccata
3073 2460 3268 2517 similia
3299 2461 3420 2537 pari
3450 2460 3727 2515 sententia

2121 2554 2405 2619 feriantur.
2474 2554 2541 2608 Et
2586 2554 2855 2624 quomodo
2913 2551 3143 2627 projecit
3214 2550 3476 2606 Dominus
3527 2566 3720 2606 semen

2120 2645 2411 2725 prraim,
2459 2644 2513 2701 id
2561 2653 2679 2711 est,
2731 2644 2937 2727 decem
2970 2642 3167 2711 tribus,
3217 2642 3726 2727 qumvocabautur

2119 2738 2304 2813 Israel,
2321 2744 2374 2794 et
2394 2738 2664 2795 habebant
2679 2738 2951 2819 principes
2966 2744 3186 2813 propter
3200 2732 3467 2791 llieroboa
3476 2752 3525 2788 m
3549 2734 3726 2790 ﬁlium

2121 2831 2332 2893 Nahath
2362 2835 2426 2889 de
2456 2831 2602 2909 tribu
2634 2831 2889 2902 prraim
2909 2872 2924 2899 ,
2965 2845 3085 2911 qua:
3115 2829 3306 2901 eadem
3343 2828 3726 2911 appellabatur

2123 2923 2294 2981 tribus
2320 2922 2519 2994 Joseph
2545 2942 2559 2981 :
2594 2924 2673 2981 sic
2701 2924 2863 2978 etiam
2896 2920 3231 2997 Hierusalem
3259 2930 3314 2976 et
3345 2920 3545 2993 tribum
3574 2916 3607 2973 Ι
3613 2920 3718 2975 uda

2121 3031 2243 3071 cum
2273 3015 2557 3087 Beniamin
2591 3031 2648 3071 se
2679 3014 3017 3087 abjecturum
3048 3029 3169 3069 esse
3200 3021 3450 3083 testatur.
3507 3010 3725 3080 Abiecit

2122 3108 2286 3180 igitur
2322 3108 2465 3183 Silo,
2511 3107 2821 3178 abjecturus
2856 3115 2914 3164 et
2949 3106 3245 3185 templum;
3292 3092 3501 3175 abjecit,
3528 3106 3721 3163 decem

2122 3202 2334 3268 tribus,
2389 3182 2698 3275 abjecturus
2747 3211 2803 3257 et
2855 3204 3008 3257 duas.
3066 3182 3467 3295 Quidquidtilli
3515 3200 3722 3295 populo

2122 3296 2341 3364 dicitur,
2384 3296 2746 3370 intelligamus
2793 3303 2849 3357 et
2894 3295 2961 3357 de
3007 3294 3196 3363 nobis,
3241 3293 3287 3350 si
3330 3282 3529 3357 similia
3569 3282 3720 3349 fece-

2120 3388 2314 3465 Ῑίηὲωῧτ
2342 3456 2346 3459 .

2130 3532 2143 3557 ί
2254 3460 2334 3559 'l‘u
2362 3492 2493 3550 ergo
2511 3478 2621 3535 noli
2651 3460 2811 3553 orare
2842 3476 3165 3564 pro‘popullo‘
3186 3478 3309 3542 hoc,
3339 3493 3442 3541 nec
3466 3472 3719 3563 assumas

2124 3554 2278 3654 “ire
2322 3572 2402 3627 eis
2453 3572 2666 3637 laudem
2707 3580 2762 3643 et
2807 3554 3107 3657 orationem
3149 3570 3284 3659 (sine
3317 3586 3416 3659 pec
3457 3554 3611 3642 roges
3656 3579 3719 3626 ut

2123 3680 2144 3735 ε
2179 3663 2608 3747 misericordiam
2641 3663 3061 3741 cnnsequatur):
3093 3671 3147 3718 et
3183 3679 3287 3731 non
3313 3661 3548 3735 obsistas
3576 3661 3717 3743 mihi

2122 3771 2143 3821 ί
2179 3755 2304 3835 quia
2336 3744 2445 3837 non
2478 3754 2764 3839 exaudiam
2798 3764 2867 3810 te.
2901 3775 2920 3839 ξ
2964 3754 3039 3839 Ne
3075 3744 3323 3839 videatur
3361 3768 3559 3822 rogans
3585 3750 3717 3835 pro.

2114 3832 2279 3927 pheta
2325 3832 2433 3905 non
2488 3836 2781 3935 impetrare
2810 3836 2955 3919 quod
2999 3832 3257 3927 postulat,
3293 3844 3537 3939 praecipit
3566 3832 3719 3923 Deus

2115 3953 2184 4021 ne
2211 3955 2310 4022 pro
2333 3940 2530 4013 populo
2567 3926 2873 4023 peccatore,
2900 3947 2954 3995 et
2983 3926 3185 4001 nullam
3217 3926 3411 4013 agente
3437 3937 3711 4011 paeniten-

2114 4032 2264 4103 tiam,
2292 4032 2629 4109 deprecetur.
2675 4024 2828 4117 Quod
2876 4040 3058 4107 autem
3089 4031 3219 4103 dicit
3252 4049 3265 4084 :
3298 4049 3324 4105 ¹‹
3364 4023 3430 4099 Et
3465 4045 3570 4113 non
3614 4046 3713 4084 rc-

2113 4122 2274 4187 sistas
2319 4124 2473 4189 mihi,
2520 4122 2650 4201 illud
2695 4124 2933 4201 ostendit
2974 4123 3115 4201 quod
3154 4129 3467 4181 sanctorum
3508 4135 3710 4193 preces

2116 4215 2212 4271 ira;
2240 4214 2336 4271 Dei
2364 4200 2574 4287 possint
2605 4204 2879 4281 resistere.
2912 4213 3067 4281 Unde
3088 4200 3142 4271 et
3177 4212 3417 4285 loquitur
3448 4208 3714 4285 Dominus

2113 4308 2181 4363 ad
2214 4307 2432 4393 bloysen
2474 4322 2487 4361 :
2529 4326 2548 4359 ι
2602 4298 2822 4383 Dimitte
2862 4323 2947 4387 me
2998 4314 3056 4361 ut
3101 4305 3405 4379 percutiam
3447 4288 3711 4377 populum

2090 4400 2298 4463 istum,
2361 4407 2416 4453 et
2476 4397 2671 4453 faciam
2732 4406 2781 4463 te
2835 4396 2889 4452 in
2933 4405 3146 4467 gentem
3198 4394 3446 4468 magnam
3501 4395 3707 4469 (Exod.

2116 4488 2311 4559 xxx").
2359 4508 2377 4540 ι
2412 4488 2480 4542 Et
2521 4488 2574 4541 in
2623 4474 2854 4542 Psalmis
2889 4486 3191 4557 scribitur:
3229 4505 3248 4537 ‹
3286 4474 3354 4539 Et
3398 4485 3546 4539 stetit
3576 4484 3711 4539 Phi-

2115 4596 2242 4637 nees
2270 4589 2326 4635 et
2345 4566 2603 4649 placavit,
2636 4589 2691 4635 et
2720 4575 2955 4635 cessavit
2981 4580 3278 4649 quassatio,
3303 4588 3361 4635 et
3397 4589 3707 4650 reputatum

2110 4682 2190 4729 est
2238 4673 2313 4728 illi
2344 4674 2411 4728 ad
2453 4672 2721 4741 justitiam
2753 4672 2928 4744 (Psal.
2961 4673 3071 4744 cv).
3111 4692 3129 4726 ι
3162 4674 3338 4728 Aaron
3367 4689 3582 4745 quoque
3610 4689 3709 4727 ar—

2114 4773 2268 4835 repto
2299 4763 2575 4818 tburibulo
2616 4765 2755 4818 inter
2798 4763 2978 4833 ignem
3028 4778 3391 4833 arsurumque
3442 4764 3704 4837 populum

2115 4856 2327 4912 medius
2360 4855 2533 4931 stetit,
2565 4864 2621 4910 et
2650 4854 2854 4929 Deijra
2888 4855 3117 4909 cessavit
3151 4852 3339 4926 (Num.
3373 4842 3506 4926 xvi).
3562 4854 3704 4911 Hinc

2116 4948 2169 5002 in
2199 4948 2335 5003 lsaia
2372 4948 2566 5018 legitur
2600 4964 2613 4997 :
2654 4965 2672 4997 ι
2718 4946 3091 5001 Fundamenta
3128 4947 3495 5019 generationis
3521 4956 3577 5025 et
3608 4960 3705 5023 ge-

2111 5039 2407 5094 nerationis
2461 5038 2771 5103 suscitabis,
2830 5046 2886 5094 et
2938 5038 3221 5103 vocaberis
3271 5039 3568 5096 :ediﬁCator
3614 5055 3704 5095 se-

2110 5132 2281 5221 pium,
2309 5139 2631 5186 convertens
2658 5130 2882 5185 semitas
2927 5131 2980 5184 in
3011 5131 3247 5201 quietem
3277 5130 3413 5217 (Ita.
3460 5134 3634 5221 tvm).
3670 5154 3693 5186 ι

2113 5196 2382 5293 (Hier-on.)
2414 5219 2518 5275 Pro
2546 5240 2563 5272 c
2603 5219 2932 5275 acditicatore
2980 5196 3212 5297 sepium,
3256 5196 3503 5307 {Aquila

2109 5322 2353 5389 pretatus
2391 5321 2475 5381 est
2526 5330 2538 5366 :
2574 5332 2593 5363 ‹
2629 5312 2721 5384 qui
2754 5328 2812 5366 se
2856 5321 3092 5382 Opponat
3119 5313 3213 5367 Dei
3252 5313 3547 5395 iracundiae
3591 5331 3698 5369 sa:-

2112 5384 2298 5475 vicnti.
2353 5427 2371 5458 ι
2420 5407 2660 5478 Denique
2700 5405 3059 5479 Symmachus
3095 5426 3113 5459 ε
3151 5384 3449 5481 transtulit,
3481 5384 3697 5466 murum

2111 5514 2387 5570 opponens
2409 5499 2657 5563 caedenti,
2673 5519 2689 5550 ι
2716 5501 2903 5569 quales
2926 5498 3144 5553 fuerunt
3165 5498 3397 5574 Moyses,
3417 5508 3472 5574 ct
3489 5499 3692 5567 Aaron,

2110 5600 2165 5646 et
2190 5586 2426 5661 Samuel,
2454 5590 2544 5659 qui
2568 5590 2660 5644 ira:
2688 5589 2899 5655 Domini
2931 5589 3265 5652 restiterunt,
3297 5572 3353 5643 et
3378 5572 3532 5660 quasi
3559 5589 3663 5645 aedi

2112 5682 2268 5737 licato
2319 5696 2473 5735 muro
2529 5680 2887 5750 indignationi
2941 5680 3057 5751 ejus
3107 5680 3335 5750 posuere
3376 5681 3688 5735 terminum.

2110 5770 2264 5863 Quod
2290 5778 2344 5831 et
2371 5770 2617 5842 Jeretuiae
2647 5770 2867 5843 dicitur,
2921 5756 3001 5829 Ne
3045 5758 3299 5831 occurrat
3326 5762 3576 5843 Domino.
3622 5789 3695 5843 ne
