  <div class='ocr_page' id='page_1' title='image "/cluster/home/n/w/nwhite01/storage/ocr_20150623/111/hvd.32044009716333/438.png"; bbox 0 0 4008 6340; ppageno 0'>
   <div class='ocr_carea' id='block_1_1' title="bbox 1152 420 2589 485">
    <p class='ocr_par' dir='ltr' id='par_1_1' title="bbox 1152 420 2589 485">
     <span class='ocr_line' id='line_1_1' title="bbox 1152 420 2589 485; baseline 0 -3"><span class='ocrx_word' id='word_1_1' title='bbox 1152 421 1516 485; x_wconf 66' lang='grc' dir='ltr'>εχιιθειτιο</span> <span class='ocrx_word' id='word_1_2' title='bbox 1554 422 1782 482; x_wconf 69' lang='lat' dir='ltr'><strong>SUPER</strong></span> <span class='ocrx_word' id='word_1_3' title='bbox 1818 420 2187 482; x_wconf 71' lang='lat' dir='ltr'><strong>IEREIIAI.</strong></span> <span class='ocrx_word' id='word_1_4' title='bbox 2225 434 2297 482; x_wconf 75' lang='lat'><strong>-:-</strong></span> <span class='ocrx_word' id='word_1_5' title='bbox 2332 423 2463 481; x_wconf 74' lang='lat' dir='ltr'><strong>LIB.</strong></span> <span class='ocrx_word' id='word_1_6' title='bbox 2499 423 2589 482; x_wconf 77' lang='grc' dir='ltr'><strong>Π.</strong></span> 
     </span>
    </p>
   </div>
   <div class='ocr_carea' id='block_1_2' title="bbox 232 541 3506 620">
    <p class='ocr_par' dir='ltr' id='par_1_2' title="bbox 232 541 3506 620">
     <span class='ocr_line' id='line_1_2' title="bbox 232 541 3506 620; baseline -0.002 -10"><span class='ocrx_word' id='word_1_7' title='bbox 232 553 331 610; x_wconf 72' lang='lat' dir='ltr'><strong>ine</strong></span> <span class='ocrx_word' id='word_1_8' title='bbox 377 548 496 620; x_wconf 78' lang='lat' dir='ltr'><strong>ejus</strong></span> <span class='ocrx_word' id='word_1_9' title='bbox 522 546 654 604; x_wconf 83' lang='lat' dir='ltr'><strong>velit</strong></span> <span class='ocrx_word' id='word_1_10' title='bbox 680 545 957 611; x_wconf 80' lang='lat' dir='ltr'><strong>resistere,</strong></span> <span class='ocrx_word' id='word_1_11' title='bbox 1008 552 1067 599; x_wconf 92' lang='lat' dir='ltr'><strong>et</strong></span> <span class='ocrx_word' id='word_1_12' title='bbox 1118 543 1543 614; x_wconf 70' lang='lat' dir='ltr'><strong>indignationem</strong></span> <span class='ocrx_word' id='word_1_13' title='bbox 1582 542 1657 598; x_wconf 82' lang='lat' dir='ltr'><strong>ita</strong></span> <span class='ocrx_word' id='word_1_14' title='bbox 1687 557 1811 613; x_wconf 89' lang='lat' dir='ltr'><strong>pre-</strong></span> <span class='ocrx_word' id='word_1_15' title='bbox 1841 541 2033 603; x_wconf 74' lang='lat' dir='ltr'><strong>Aiare</strong></span> <span class='ocrx_word' id='word_1_16' title='bbox 2079 542 2474 614; x_wconf 78' lang='lat' dir='ltr'><strong>biaspheniiam</strong></span> <span class='ocrx_word' id='word_1_17' title='bbox 2498 546 2555 598; x_wconf 83' lang='lat' dir='ltr'><strong>et</strong></span> <span class='ocrx_word' id='word_1_18' title='bbox 2580 543 2808 600; x_wconf 79' lang='lat' dir='ltr'><strong>verbum</strong></span> <span class='ocrx_word' id='word_1_19' title='bbox 2852 544 3047 609; x_wconf 79' lang='lat' dir='ltr'><strong>contra</strong></span> <span class='ocrx_word' id='word_1_20' title='bbox 3075 544 3506 619; x_wconf 63' lang='lat' dir='ltr'><strong>Spiritmusan—</strong></span> 
     </span>
    </p>
   </div>
   <div class='ocr_carea' id='block_1_3' title="bbox 231 633 1815 712">
    <p class='ocr_par' dir='ltr' id='par_1_3' title="bbox 231 633 1815 712">
     <span class='ocr_line' id='line_1_3' title="bbox 231 633 1815 712; baseline -0.007 -11"><span class='ocrx_word' id='word_1_21' title='bbox 231 643 388 701; x_wconf 73' lang='lat' dir='ltr'><strong>cibus</strong></span> <span class='ocrx_word' id='word_1_22' title='bbox 416 640 571 712; x_wconf 80' lang='lat' dir='ltr'><strong>quasi</strong></span> <span class='ocrx_word' id='word_1_23' title='bbox 615 638 852 710; x_wconf 84' lang='lat' dir='ltr'><strong>quedam</strong></span> <span class='ocrx_word' id='word_1_24' title='bbox 894 640 1065 693; x_wconf 79' lang='lat' dir='ltr'><strong>muro</strong></span> <span class='ocrx_word' id='word_1_25' title='bbox 1118 636 1509 701; x_wconf 73' lang='lat' dir='ltr'><strong>intercluderet</strong></span> <span class='ocrx_word' id='word_1_26' title='bbox 1546 645 1603 692; x_wconf 87' lang='lat' dir='ltr'><strong>et</strong></span> <span class='ocrx_word' id='word_1_27' title='bbox 1642 633 1815 707; x_wconf 73' lang='lat' dir='ltr'><strong>Moysi</strong></span> 
     </span>
    </p>
   </div>
   <div class='ocr_carea' id='block_1_4' title="bbox 231 726 1815 809">
    <p class='ocr_par' dir='ltr' id='par_1_4' title="bbox 231 726 1815 809">
     <span class='ocr_line' id='line_1_4' title="bbox 231 726 1815 809; baseline -0.005 -18"><span class='ocrx_word' id='word_1_28' title='bbox 231 736 388 809; x_wconf 66' lang='lat' dir='ltr'><strong>quasi</strong></span> <span class='ocrx_word' id='word_1_29' title='bbox 430 740 709 789; x_wconf 85' lang='lat' dir='ltr'><strong>teneretur</strong></span> <span class='ocrx_word' id='word_1_30' title='bbox 734 731 803 785; x_wconf 76' lang='lat' dir='ltr'><strong>ab</strong></span> <span class='ocrx_word' id='word_1_31' title='bbox 836 742 903 785; x_wconf 88' lang='lat' dir='ltr'><strong>eo</strong></span> <span class='ocrx_word' id='word_1_32' title='bbox 935 729 1242 784; x_wconf 77' lang='lat' dir='ltr'><strong>Deminus:</strong></span> <span class='ocrx_word' id='word_1_33' title='bbox 1283 747 1304 782; x_wconf 79' lang='grc' dir='ltr'><strong>ι</strong></span> <span class='ocrx_word' id='word_1_34' title='bbox 1341 726 1561 784; x_wconf 76' lang='lat' dir='ltr'><strong>Dimitte</strong></span> <span class='ocrx_word' id='word_1_35' title='bbox 1587 744 1694 793; x_wconf 87' lang='lat' dir='ltr'><strong>me,</strong></span> <span class='ocrx_word' id='word_1_36' title='bbox 1726 729 1815 783; x_wconf 88' lang='lat' dir='ltr'><strong>in-</strong></span> 
     </span>
    </p>
   </div>
   <div class='ocr_carea' id='block_1_5' title="bbox 232 819 1808 899">
    <p class='ocr_par' dir='ltr' id='par_1_5' title="bbox 232 819 1808 899">
     <span class='ocr_line' id='line_1_5' title="bbox 232 819 1808 899; baseline -0.007 -16"><span class='ocrx_word' id='word_1_37' title='bbox 232 831 372 899; x_wconf 80' lang='lat' dir='ltr'><strong>quit.</strong></span> <span class='ocrx_word' id='word_1_38' title='bbox 424 834 481 881; x_wconf 89' lang='lat' dir='ltr'><strong>et</strong></span> <span class='ocrx_word' id='word_1_39' title='bbox 519 823 817 896; x_wconf 79' lang='lat' dir='ltr'><strong>percutiam</strong></span> <span class='ocrx_word' id='word_1_40' title='bbox 870 821 1034 875; x_wconf 87' lang='lat' dir='ltr'><strong>istum</strong></span> <span class='ocrx_word' id='word_1_41' title='bbox 1087 819 1345 891; x_wconf 76' lang='lat' dir='ltr'><strong>populum</strong></span> <span class='ocrx_word' id='word_1_42' title='bbox 1389 820 1571 893; x_wconf 72' lang='lat' dir='ltr'><strong>(Beat.</strong></span> <span class='ocrx_word' id='word_1_43' title='bbox 1626 819 1727 892; x_wconf 78' lang='lat' dir='ltr'><strong>ix).</strong></span> <span class='ocrx_word' id='word_1_44' title='bbox 1787 834 1808 872; x_wconf 73' lang='grc' dir='ltr'><strong>ο</strong></span> 
     </span>
    </p>
   </div>
   <div class='ocr_carea' id='block_1_6' title="bbox 231 912 1818 982">
    <p class='ocr_par' dir='ltr' id='par_1_6' title="bbox 231 912 1818 982">
     <span class='ocr_line' id='line_1_6' title="bbox 231 912 1818 982; baseline -0.008 -4"><span class='ocrx_word' id='word_1_45' title='bbox 231 918 540 978; x_wconf 80' lang='lat' dir='ltr'><strong>istiusmodi</strong></span> <span class='ocrx_word' id='word_1_46' title='bbox 577 914 876 971; x_wconf 69' lang='lat' dir='ltr'><strong>:edilieate‘r</strong></span> <span class='ocrx_word' id='word_1_47' title='bbox 915 912 1277 967; x_wconf 80' lang='lat' dir='ltr'><strong>maceriamm</strong></span> <span class='ocrx_word' id='word_1_48' title='bbox 1322 927 1712 982; x_wconf 85' lang='lat' dir='ltr'><strong>murorumque</strong></span> <span class='ocrx_word' id='word_1_49' title='bbox 1759 917 1818 965; x_wconf 89' lang='lat' dir='ltr'><strong>et</strong></span> 
     </span>
    </p>
   </div>
   <div class='ocr_carea' id='block_1_7' title="bbox 234 1006 1815 1083">
    <p class='ocr_par' dir='ltr' id='par_1_7' title="bbox 234 1006 1815 1083">
     <span class='ocr_line' id='line_1_7' title="bbox 234 1006 1815 1083; baseline -0.007 -14"><span class='ocrx_word' id='word_1_50' title='bbox 234 1014 442 1083; x_wconf 90' lang='lat' dir='ltr'><strong>scpium</strong></span> <span class='ocrx_word' id='word_1_51' title='bbox 474 1009 742 1067; x_wconf 77' lang='lat' dir='ltr'><strong>convertit</strong></span> <span class='ocrx_word' id='word_1_52' title='bbox 763 1007 989 1064; x_wconf 77' lang='lat' dir='ltr'><strong>semitas</strong></span> <span class='ocrx_word' id='word_1_53' title='bbox 1017 1006 1073 1060; x_wconf 88' lang='lat' dir='ltr'><strong>in</strong></span> <span class='ocrx_word' id='word_1_54' title='bbox 1095 1006 1357 1075; x_wconf 84' lang='lat' dir='ltr'><strong>quietem,</strong></span> <span class='ocrx_word' id='word_1_55' title='bbox 1386 1014 1448 1060; x_wconf 92' lang='lat' dir='ltr'><strong>ut</strong></span> <span class='ocrx_word' id='word_1_56' title='bbox 1471 1018 1815 1076; x_wconf 83' lang='lat' dir='ltr'><strong>nequaquam</strong></span> 
     </span>
    </p>
   </div>
   <div class='ocr_carea' id='block_1_8' title="bbox 231 1093 1816 1168">
    <p class='ocr_par' dir='ltr' id='par_1_8' title="bbox 231 1093 1816 1168">
     <span class='ocr_line' id='line_1_8' title="bbox 231 1093 1816 1168; baseline -0.006 -8"><span class='ocrx_word' id='word_1_57' title='bbox 231 1105 328 1160; x_wconf 87' lang='lat' dir='ltr'><strong>Dei</strong></span> <span class='ocrx_word' id='word_1_58' title='bbox 368 1104 448 1158; x_wconf 85' lang='lat' dir='ltr'><strong>ira</strong></span> <span class='ocrx_word' id='word_1_59' title='bbox 478 1101 753 1165; x_wconf 53' lang='lat' dir='ltr'><strong>decertati</strong></span> <span class='ocrx_word' id='word_1_60' title='bbox 792 1098 889 1155; x_wconf 83' lang='lat' dir='ltr'><strong>sed</strong></span> <span class='ocrx_word' id='word_1_61' title='bbox 937 1097 1186 1168; x_wconf 88' lang='lat' dir='ltr'><strong>placatus</strong></span> <span class='ocrx_word' id='word_1_62' title='bbox 1231 1096 1302 1151; x_wconf 89' lang='lat' dir='ltr'><strong>sit</strong></span> <span class='ocrx_word' id='word_1_63' title='bbox 1347 1096 1428 1152; x_wconf 89' lang='lat' dir='ltr'><strong>eis</strong></span> <span class='ocrx_word' id='word_1_64' title='bbox 1455 1093 1736 1160; x_wconf 86' lang='lat' dir='ltr'><strong>Dominus,</strong></span> <span class='ocrx_word' id='word_1_65' title='bbox 1760 1102 1816 1150; x_wconf 90' lang='lat' dir='ltr'><strong>et</strong></span> 
     </span>
    </p>
   </div>
   <div class='ocr_carea' id='block_1_9' title="bbox 230 1186 1813 1265">
    <p class='ocr_par' dir='ltr' id='par_1_9' title="bbox 230 1186 1813 1265">
     <span class='ocr_line' id='line_1_9' title="bbox 230 1186 1813 1265; baseline -0.008 -11"><span class='ocrx_word' id='word_1_66' title='bbox 230 1211 420 1254; x_wconf 84' lang='lat' dir='ltr'><strong>omnes</strong></span> <span class='ocrx_word' id='word_1_67' title='bbox 442 1192 823 1265; x_wconf 77' lang='lat' dir='ltr'><strong>indignationis</strong></span> <span class='ocrx_word' id='word_1_68' title='bbox 843 1188 1052 1246; x_wconf 84' lang='lat' dir='ltr'><strong>semitae</strong></span> <span class='ocrx_word' id='word_1_69' title='bbox 1072 1187 1499 1259; x_wconf 78' lang='lat' dir='ltr'><strong>conquiescant?</strong></span> <span class='ocrx_word' id='word_1_70' title='bbox 1521 1186 1813 1242; x_wconf 88' lang='lat' dir='ltr'><strong>Sciendum</strong></span> 
     </span>
    </p>
   </div>
   <div class='ocr_carea' id='block_1_10' title="bbox 231 1282 1814 1358">
    <p class='ocr_par' dir='ltr' id='par_1_10' title="bbox 231 1282 1814 1358">
     <span class='ocr_line' id='line_1_10' title="bbox 231 1282 1814 1358; baseline -0.008 -11"><span class='ocrx_word' id='word_1_71' title='bbox 231 1305 364 1347; x_wconf 71' lang='lat' dir='ltr'><strong>vero</strong></span> <span class='ocrx_word' id='word_1_72' title='bbox 411 1297 494 1346; x_wconf 85' lang='lat' dir='ltr'><strong>est</strong></span> <span class='ocrx_word' id='word_1_73' title='bbox 537 1288 679 1358; x_wconf 87' lang='lat' dir='ltr'><strong>quod</strong></span> <span class='ocrx_word' id='word_1_74' title='bbox 709 1288 816 1342; x_wconf 88' lang='lat' dir='ltr'><strong>duo</strong></span> <span class='ocrx_word' id='word_1_75' title='bbox 842 1292 969 1341; x_wconf 91' lang='lat' dir='ltr'><strong>sunt</strong></span> <span class='ocrx_word' id='word_1_76' title='bbox 1017 1299 1138 1353; x_wconf 64' lang='lat' dir='ltr'><strong>qua:</strong></span> <span class='ocrx_word' id='word_1_77' title='bbox 1177 1282 1450 1337; x_wconf 82' lang='lat' dir='ltr'><strong>obsistunt</strong></span> <span class='ocrx_word' id='word_1_78' title='bbox 1476 1282 1814 1337; x_wconf 78' lang='lat' dir='ltr'><strong>orationibus</strong></span> 
     </span>
    </p>
   </div>
   <div class='ocr_carea' id='block_1_11' title="bbox 226 1374 1811 1441">
    <p class='ocr_par' dir='ltr' id='par_1_11' title="bbox 226 1374 1811 1441">
     <span class='ocr_line' id='line_1_11' title="bbox 226 1374 1811 1441; baseline -0.008 -1"><span class='ocrx_word' id='word_1_79' title='bbox 226 1384 431 1441; x_wconf 85' lang='lat' dir='ltr'><strong>nostris</strong></span> <span class='ocrx_word' id='word_1_80' title='bbox 458 1397 527 1438; x_wconf 90' lang='lat' dir='ltr'><strong>ne</strong></span> <span class='ocrx_word' id='word_1_81' title='bbox 569 1380 930 1436; x_wconf 73' lang='lat' dir='ltr'><strong>exaudiantur</strong></span> <span class='ocrx_word' id='word_1_82' title='bbox 973 1393 1005 1431; x_wconf 86' lang='lat' dir='ltr'><strong>a</strong></span> <span class='ocrx_word' id='word_1_83' title='bbox 1033 1378 1267 1432; x_wconf 76' lang='lat' dir='ltr'><strong>[tornino</strong></span> <span class='ocrx_word' id='word_1_84' title='bbox 1294 1395 1307 1431; x_wconf 90' lang='lat'><strong>:</strong></span> <span class='ocrx_word' id='word_1_85' title='bbox 1339 1377 1443 1432; x_wconf 85' lang='lat' dir='ltr'><strong>hoc</strong></span> <span class='ocrx_word' id='word_1_86' title='bbox 1477 1385 1585 1441; x_wconf 84' lang='lat' dir='ltr'><strong>est,</strong></span> <span class='ocrx_word' id='word_1_87' title='bbox 1628 1374 1811 1429; x_wconf 89' lang='lat' dir='ltr'><strong>incor-</strong></span> 
     </span>
    </p>
   </div>
   <div class='ocr_carea' id='block_1_12' title="bbox 226 1465 1814 1545">
    <p class='ocr_par' dir='ltr' id='par_1_12' title="bbox 226 1465 1814 1545">
     <span class='ocr_line' id='line_1_12' title="bbox 226 1465 1814 1545; baseline -0.008 -14"><span class='ocrx_word' id='word_1_88' title='bbox 226 1483 410 1531; x_wconf 85' lang='lat' dir='ltr'><strong>rectns</strong></span> <span class='ocrx_word' id='word_1_89' title='bbox 437 1484 492 1530; x_wconf 89' lang='lat' dir='ltr'><strong>et</strong></span> <span class='ocrx_word' id='word_1_90' title='bbox 512 1486 836 1545; x_wconf 82' lang='lat' dir='ltr'><strong>permanens</strong></span> <span class='ocrx_word' id='word_1_91' title='bbox 862 1485 1039 1535; x_wconf 88' lang='lat' dir='ltr'><strong>error,</strong></span> <span class='ocrx_word' id='word_1_92' title='bbox 1067 1477 1122 1524; x_wconf 89' lang='lat' dir='ltr'><strong>et</strong></span> <span class='ocrx_word' id='word_1_93' title='bbox 1140 1483 1232 1523; x_wconf 90' lang='lat' dir='ltr'><strong>cor</strong></span> <span class='ocrx_word' id='word_1_94' title='bbox 1251 1467 1613 1537; x_wconf 82' lang='lat' dir='ltr'><strong>impamitens.</strong></span> <span class='ocrx_word' id='word_1_95' title='bbox 1650 1465 1814 1520; x_wconf 88' lang='lat' dir='ltr'><strong>Error</strong></span> 
     </span>
    </p>
   </div>
   <div class='ocr_carea' id='block_1_13' title="bbox 226 1557 1810 1635">
    <p class='ocr_par' dir='ltr' id='par_1_13' title="bbox 226 1557 1810 1635">
     <span class='ocr_line' id='line_1_13' title="bbox 226 1557 1810 1635; baseline -0.006 -14"><span class='ocrx_word' id='word_1_96' title='bbox 226 1566 373 1621; x_wconf 83' lang='lat' dir='ltr'><strong>enim</strong></span> <span class='ocrx_word' id='word_1_97' title='bbox 420 1565 538 1635; x_wconf 85' lang='lat' dir='ltr'><strong>ipse</strong></span> <span class='ocrx_word' id='word_1_98' title='bbox 584 1578 863 1633; x_wconf 85' lang='lat' dir='ltr'><strong>nunquam</strong></span> <span class='ocrx_word' id='word_1_99' title='bbox 902 1562 1116 1617; x_wconf 85' lang='lat' dir='ltr'><strong>veniam</strong></span> <span class='ocrx_word' id='word_1_100' title='bbox 1167 1564 1550 1629; x_wconf 84' lang='lat' dir='ltr'><strong>promcrethr:</strong></span> <span class='ocrx_word' id='word_1_101' title='bbox 1584 1557 1678 1613; x_wconf 87' lang='lat' dir='ltr'><strong>sed</strong></span> <span class='ocrx_word' id='word_1_102' title='bbox 1719 1557 1810 1627; x_wconf 89' lang='lat' dir='ltr'><strong>qui</strong></span> 
     </span>
    </p>
   </div>
   <div class='ocr_carea' id='block_1_14' title="bbox 227 1650 1813 1723">
    <p class='ocr_par' dir='ltr' id='par_1_14' title="bbox 227 1650 1813 1723">
     <span class='ocr_line' id='line_1_14' title="bbox 227 1650 1813 1723; baseline -0.005 -10"><span class='ocrx_word' id='word_1_103' title='bbox 227 1672 294 1713; x_wconf 87' lang='lat' dir='ltr'><strong>eo</strong></span> <span class='ocrx_word' id='word_1_104' title='bbox 338 1657 612 1712; x_wconf 75' lang='lat' dir='ltr'><strong>veraciter</strong></span> <span class='ocrx_word' id='word_1_105' title='bbox 648 1654 907 1720; x_wconf 87' lang='lat' dir='ltr'><strong>caruerit,</strong></span> <span class='ocrx_word' id='word_1_106' title='bbox 955 1662 1119 1723; x_wconf 83' lang='lat' dir='ltr'><strong>atque</strong></span> <span class='ocrx_word' id='word_1_107' title='bbox 1155 1652 1224 1708; x_wconf 89' lang='lat' dir='ltr'><strong>ab</strong></span> <span class='ocrx_word' id='word_1_108' title='bbox 1251 1651 1368 1720; x_wconf 89' lang='lat' dir='ltr'><strong>ejus</strong></span> <span class='ocrx_word' id='word_1_109' title='bbox 1394 1650 1813 1720; x_wconf 88' lang='lat' dir='ltr'><strong>participatione</strong></span> 
     </span>
    </p>
   </div>
   <div class='ocr_carea' id='block_1_15' title="bbox 227 1740 1812 1813">
    <p class='ocr_par' dir='ltr' id='par_1_15' title="bbox 227 1740 1812 1813">
     <span class='ocr_line' id='line_1_15' title="bbox 227 1740 1812 1813; baseline -0.004 -10"><span class='ocrx_word' id='word_1_110' title='bbox 227 1748 478 1813; x_wconf 88' lang='lat' dir='ltr'><strong>discedit,</strong></span> <span class='ocrx_word' id='word_1_111' title='bbox 504 1747 718 1802; x_wconf 82' lang='lat' dir='ltr'><strong>veniam</strong></span> <span class='ocrx_word' id='word_1_112' title='bbox 741 1744 978 1800; x_wconf 83' lang='lat' dir='ltr'><strong>habebit.</strong></span> <span class='ocrx_word' id='word_1_113' title='bbox 1007 1744 1254 1811; x_wconf 79' lang='lat' dir='ltr'><strong>Quandin</strong></span> <span class='ocrx_word' id='word_1_114' title='bbox 1277 1758 1405 1812; x_wconf 78' lang='lat' dir='ltr'><strong>ergo</strong></span> <span class='ocrx_word' id='word_1_115' title='bbox 1429 1742 1483 1796; x_wconf 90' lang='lat' dir='ltr'><strong>in</strong></span> <span class='ocrx_word' id='word_1_116' title='bbox 1503 1740 1812 1796; x_wconf 85' lang='lat' dir='ltr'><strong>hominibus</strong></span> 
     </span>
    </p>
   </div>
   <div class='ocr_carea' id='block_1_16' title="bbox 225 1839 1809 1908">
    <p class='ocr_par' dir='ltr' id='par_1_16' title="bbox 225 1839 1809 1908">
     <span class='ocr_line' id='line_1_16' title="bbox 225 1839 1809 1908; baseline -0.009 -10"><span class='ocrx_word' id='word_1_117' title='bbox 225 1851 311 1899; x_wconf 81' lang='lat' dir='ltr'><strong>est</strong></span> <span class='ocrx_word' id='word_1_118' title='bbox 340 1843 441 1898; x_wconf 88' lang='lat' dir='ltr'><strong>iste</strong></span> <span class='ocrx_word' id='word_1_119' title='bbox 464 1856 643 1908; x_wconf 79' lang='lat' dir='ltr'><strong>error.</strong></span> <span class='ocrx_word' id='word_1_120' title='bbox 671 1839 1075 1899; x_wconf 77' lang='lat' dir='ltr'><strong>damnationem</strong></span> <span class='ocrx_word' id='word_1_121' title='bbox 1098 1851 1251 1897; x_wconf 83' lang='lat' dir='ltr'><strong>suam</strong></span> <span class='ocrx_word' id='word_1_122' title='bbox 1274 1841 1438 1899; x_wconf 87' lang='lat' dir='ltr'><strong>tenet,</strong></span> <span class='ocrx_word' id='word_1_123' title='bbox 1462 1841 1515 1889; x_wconf 90' lang='lat' dir='ltr'><strong>et</strong></span> <span class='ocrx_word' id='word_1_124' title='bbox 1536 1847 1809 1903; x_wconf 86' lang='lat' dir='ltr'><strong>nunquam</strong></span> 
     </span>
    </p>
   </div>
   <div class='ocr_carea' id='block_1_17' title="bbox 1917 636 3499 709">
    <p class='ocr_par' dir='ltr' id='par_1_17' title="bbox 1917 636 3499 709">
     <span class='ocr_line' id='line_1_17' title="bbox 1917 636 3499 709; baseline 0.003 -15"><span class='ocrx_word' id='word_1_125' title='bbox 1917 649 2085 706; x_wconf 86' lang='lat' dir='ltr'><strong>etum,</strong></span> <span class='ocrx_word' id='word_1_126' title='bbox 2119 636 2264 709; x_wconf 87' lang='lat' dir='ltr'><strong>quod</strong></span> <span class='ocrx_word' id='word_1_127' title='bbox 2314 638 2691 695; x_wconf 81' lang='lat' dir='ltr'><strong>remissionem</strong></span> <span class='ocrx_word' id='word_1_128' title='bbox 2738 652 2845 693; x_wconf 84' lang='lat' dir='ltr'><strong>non</strong></span> <span class='ocrx_word' id='word_1_129' title='bbox 2890 640 3056 695; x_wconf 78' lang='lat' dir='ltr'><strong>habet</strong></span> <span class='ocrx_word' id='word_1_130' title='bbox 3102 641 3157 695; x_wconf 81' lang='lat' dir='ltr'><strong>in</strong></span> <span class='ocrx_word' id='word_1_131' title='bbox 3184 638 3499 699; x_wconf 63' lang='lat' dir='ltr'><strong>atomum:</strong></span> 
     </span>
    </p>
   </div>
   <div class='ocr_carea' id='block_1_18' title="bbox 1916 720 3501 802">
    <p class='ocr_par' dir='ltr' id='par_1_18' title="bbox 1916 720 3501 802">
     <span class='ocr_line' id='line_1_18' title="bbox 1916 720 3501 802; baseline 0 -14"><span class='ocrx_word' id='word_1_132' title='bbox 1916 720 2053 797; x_wconf 66' lang='lat' dir='ltr'><strong>haec,</strong></span> <span class='ocrx_word' id='word_1_133' title='bbox 2100 731 2344 802; x_wconf 77' lang='lat' dir='ltr'><strong>inquam,</strong></span> <span class='ocrx_word' id='word_1_134' title='bbox 2383 729 2775 801; x_wconf 70' lang='lat' dir='ltr'><strong>impmnitentia</strong></span> <span class='ocrx_word' id='word_1_135' title='bbox 2803 739 2994 785; x_wconf 85' lang='lat' dir='ltr'><strong>contra</strong></span> <span class='ocrx_word' id='word_1_136' title='bbox 3038 728 3202 801; x_wconf 73' lang='lat' dir='ltr'><strong>quam</strong></span> <span class='ocrx_word' id='word_1_137' title='bbox 3231 732 3501 788; x_wconf 85' lang='lat' dir='ltr'><strong>clamabat</strong></span> 
     </span>
    </p>
   </div>
   <div class='ocr_carea' id='block_1_19' title="bbox 1916 822 3495 895">
    <p class='ocr_par' dir='ltr' id='par_1_19' title="bbox 1916 822 3495 895">
     <span class='ocr_line' id='line_1_19' title="bbox 1916 822 3495 895; baseline 0 -15"><span class='ocrx_word' id='word_1_138' title='bbox 1916 834 1970 880; x_wconf 90' lang='lat' dir='ltr'><strong>et</strong></span> <span class='ocrx_word' id='word_1_139' title='bbox 1995 824 2175 895; x_wconf 52' lang='lat' dir='ltr'><strong>pnes</strong></span> <span class='ocrx_word' id='word_1_140' title='bbox 2198 830 2252 879; x_wconf 92' lang='lat' dir='ltr'><strong>et</strong></span> <span class='ocrx_word' id='word_1_141' title='bbox 2292 823 2458 895; x_wconf 68' lang='lat' dir='ltr'><strong>index</strong></span> <span class='ocrx_word' id='word_1_142' title='bbox 2504 824 2748 879; x_wconf 76' lang='lat' dir='ltr'><strong>dicentes</strong></span> <span class='ocrx_word' id='word_1_143' title='bbox 2775 841 2789 877; x_wconf 88' lang='lat'><strong>:</strong></span> <span class='ocrx_word' id='word_1_144' title='bbox 2822 841 2842 874; x_wconf 81' lang='grc' dir='ltr'><strong>ι</strong></span> <span class='ocrx_word' id='word_1_145' title='bbox 2878 822 3259 880; x_wconf 72' lang='lat' dir='ltr'><strong>Pmaitentiam</strong></span> <span class='ocrx_word' id='word_1_146' title='bbox 3307 825 3451 895; x_wconf 73' lang='lat' dir='ltr'><strong>agite</strong></span> <span class='ocrx_word' id='word_1_147' title='bbox 3482 842 3495 880; x_wconf 89' lang='lat'>:</span> 
     </span>
    </p>
   </div>
   <div class='ocr_carea' id='block_1_20' title="bbox 1916 912 3494 990">
    <p class='ocr_par' dir='ltr' id='par_1_20' title="bbox 1916 912 3494 990">
     <span class='ocr_line' id='line_1_20' title="bbox 1916 912 3494 990; baseline 0 -17"><span class='ocrx_word' id='word_1_148' title='bbox 1916 912 2373 988; x_wconf 71' lang='lat' dir='ltr'><strong>appropinquabit</strong></span> <span class='ocrx_word' id='word_1_149' title='bbox 2421 917 2566 973; x_wconf 92' lang='lat' dir='ltr'><strong>enim</strong></span> <span class='ocrx_word' id='word_1_150' title='bbox 2610 926 2903 988; x_wconf 73' lang='lat' dir='ltr'><strong>regnorum</strong></span> <span class='ocrx_word' id='word_1_151' title='bbox 2958 917 3221 973; x_wconf 66' lang='lat' dir='ltr'><strong>coriorum</strong></span> <span class='ocrx_word' id='word_1_152' title='bbox 3277 914 3494 990; x_wconf 75' lang='lat' dir='ltr'><strong>(Matth.</strong></span> 
     </span>
    </p>
   </div>
   <div class='ocr_carea' id='block_1_21' title="bbox 1916 1002 3498 1081">
    <p class='ocr_par' dir='ltr' id='par_1_21' title="bbox 1916 1002 3498 1081">
     <span class='ocr_line' id='line_1_21' title="bbox 1916 1002 3498 1081; baseline 0 -16"><span class='ocrx_word' id='word_1_153' title='bbox 1916 1009 2033 1080; x_wconf 75' lang='lat' dir='ltr'><strong>in);</strong></span> <span class='ocrx_word' id='word_1_154' title='bbox 2065 1023 2083 1060; x_wconf 70' lang='grc' dir='ltr'>δ</span> <span class='ocrx_word' id='word_1_155' title='bbox 2111 1019 2298 1065; x_wconf 84' lang='lat' dir='ltr'><strong>cont-ra</strong></span> <span class='ocrx_word' id='word_1_156' title='bbox 2323 1024 2486 1080; x_wconf 85' lang='lat' dir='ltr'><strong>quam</strong></span> <span class='ocrx_word' id='word_1_157' title='bbox 2513 1009 2773 1065; x_wconf 88' lang='lat' dir='ltr'><strong>Dominus</strong></span> <span class='ocrx_word' id='word_1_158' title='bbox 2793 1018 2855 1065; x_wconf 85' lang='lat' dir='ltr'><strong>os</strong></span> <span class='ocrx_word' id='word_1_159' title='bbox 2878 1009 3206 1081; x_wconf 70' lang='lat' dir='ltr'><strong>evangeliete</strong></span> <span class='ocrx_word' id='word_1_160' title='bbox 3234 1002 3498 1081; x_wconf 67' lang='lat' dir='ltr'><strong>praedica-</strong></span> 
     </span>
    </p>
   </div>
   <div class='ocr_carea' id='block_1_22' title="bbox 1915 1101 3501 1175">
    <p class='ocr_par' dir='ltr' id='par_1_22' title="bbox 1915 1101 3501 1175">
     <span class='ocr_line' id='line_1_22' title="bbox 1915 1101 3501 1175; baseline 0.002 -18"><span class='ocrx_word' id='word_1_161' title='bbox 1915 1101 2080 1158; x_wconf 73' lang='lat' dir='ltr'><strong>tionis</strong></span> <span class='ocrx_word' id='word_1_162' title='bbox 2102 1103 2340 1175; x_wconf 87' lang='lat' dir='ltr'><strong>aperuit,</strong></span> <span class='ocrx_word' id='word_1_163' title='bbox 2369 1110 2423 1157; x_wconf 92' lang='lat' dir='ltr'><strong>et</strong></span> <span class='ocrx_word' id='word_1_164' title='bbox 2454 1111 2642 1159; x_wconf 86' lang='lat' dir='ltr'><strong>contra</strong></span> <span class='ocrx_word' id='word_1_165' title='bbox 2666 1116 2832 1175; x_wconf 81' lang='lat' dir='ltr'><strong>quant</strong></span> <span class='ocrx_word' id='word_1_166' title='bbox 2860 1104 3035 1174; x_wconf 81' lang='lat' dir='ltr'><strong>ipsum</strong></span> <span class='ocrx_word' id='word_1_167' title='bbox 3066 1103 3412 1175; x_wconf 65' lang='lat' dir='ltr'><strong>Etrangcliutn</strong></span> <span class='ocrx_word' id='word_1_168' title='bbox 3445 1104 3501 1160; x_wconf 87' lang='lat' dir='ltr'><strong>in</strong></span> 
     </span>
    </p>
   </div>
   <div class='ocr_carea' id='block_1_23' title="bbox 1916 1187 3505 1266">
    <p class='ocr_par' dir='ltr' id='par_1_23' title="bbox 1916 1187 3505 1266">
     <span class='ocr_line' id='line_1_23' title="bbox 1916 1187 3505 1266; baseline 0.002 -19"><span class='ocrx_word' id='word_1_169' title='bbox 1916 1200 2029 1248; x_wconf 87' lang='lat' dir='ltr'><strong>toto</strong></span> <span class='ocrx_word' id='word_1_170' title='bbox 2051 1193 2185 1250; x_wconf 87' lang='lat' dir='ltr'><strong>orbe</strong></span> <span class='ocrx_word' id='word_1_171' title='bbox 2231 1195 2631 1265; x_wconf 64' lang='lat' dir='ltr'><strong>praedicandum</strong></span> <span class='ocrx_word' id='word_1_172' title='bbox 2676 1192 2799 1250; x_wconf 85' lang='lat' dir='ltr'><strong>esse</strong></span> <span class='ocrx_word' id='word_1_173' title='bbox 2841 1195 3110 1266; x_wconf 66' lang='lat' dir='ltr'><strong>pradirit,</strong></span> <span class='ocrx_word' id='word_1_174' title='bbox 3160 1194 3250 1249; x_wconf 88' lang='lat' dir='ltr'><strong>ubi</strong></span> <span class='ocrx_word' id='word_1_175' title='bbox 3283 1187 3505 1265; x_wconf 79' lang='lat' dir='ltr'><strong>postea-</strong></span> 
     </span>
    </p>
   </div>
   <div class='ocr_carea' id='block_1_24' title="bbox 1915 1286 3499 1358">
    <p class='ocr_par' dir='ltr' id='par_1_24' title="bbox 1915 1286 3499 1358">
     <span class='ocr_line' id='line_1_24' title="bbox 1915 1286 3499 1358; baseline 0.001 -18"><span class='ocrx_word' id='word_1_176' title='bbox 1915 1296 2076 1358; x_wconf 84' lang='lat' dir='ltr'><strong>quam</strong></span> <span class='ocrx_word' id='word_1_177' title='bbox 2130 1289 2428 1343; x_wconf 78' lang='lat' dir='ltr'><strong>resurrexit</strong></span> <span class='ocrx_word' id='word_1_178' title='bbox 2481 1304 2511 1342; x_wconf 92' lang='lat' dir='ltr'><strong>a</strong></span> <span class='ocrx_word' id='word_1_179' title='bbox 2571 1286 2820 1355; x_wconf 86' lang='lat' dir='ltr'><strong>mortuis,</strong></span> <span class='ocrx_word' id='word_1_180' title='bbox 2867 1287 2944 1342; x_wconf 82' lang='lat' dir='ltr'><strong>ait</strong></span> <span class='ocrx_word' id='word_1_181' title='bbox 2991 1286 3267 1357; x_wconf 79' lang='lat' dir='ltr'><strong>discipulis</strong></span> <span class='ocrx_word' id='word_1_182' title='bbox 3315 1288 3428 1343; x_wconf 86' lang='lat' dir='ltr'><strong>suis</strong></span> <span class='ocrx_word' id='word_1_183' title='bbox 3482 1302 3499 1342; x_wconf 91' lang='lat'><strong>:</strong></span> 
     </span>
    </p>
   </div>
   <div class='ocr_carea' id='block_1_25' title="bbox 1920 1378 3504 1453">
    <p class='ocr_par' dir='ltr' id='par_1_25' title="bbox 1920 1378 3504 1453">
     <span class='ocr_line' id='line_1_25' title="bbox 1920 1378 3504 1453; baseline 0.004 -21"><span class='ocrx_word' id='word_1_184' title='bbox 1920 1399 1941 1432; x_wconf 81' lang='grc'><strong><em>‹</em></strong></span> <span class='ocrx_word' id='word_1_185' title='bbox 1969 1379 2266 1451; x_wconf 77' lang='lat' dir='ltr'><strong>Oportebat</strong></span> <span class='ocrx_word' id='word_1_186' title='bbox 2298 1380 2577 1437; x_wconf 87' lang='lat' dir='ltr'><strong>Christum</strong></span> <span class='ocrx_word' id='word_1_187' title='bbox 2622 1382 2734 1453; x_wconf 89' lang='lat' dir='ltr'><strong>pati</strong></span> <span class='ocrx_word' id='word_1_188' title='bbox 2778 1388 2834 1437; x_wconf 88' lang='lat' dir='ltr'><strong>et</strong></span> <span class='ocrx_word' id='word_1_189' title='bbox 2880 1392 3167 1451; x_wconf 76' lang='lat' dir='ltr'><strong>resurgere</strong></span> <span class='ocrx_word' id='word_1_190' title='bbox 3197 1394 3226 1436; x_wconf 84' lang='lat' dir='ltr'><strong>a</strong></span> <span class='ocrx_word' id='word_1_191' title='bbox 3275 1378 3504 1439; x_wconf 83' lang='lat' dir='ltr'><strong>mortuis</strong></span> 
     </span>
    </p>
   </div>
   <div class='ocr_carea' id='block_1_26' title="bbox 1917 1471 3501 1545">
    <p class='ocr_par' dir='ltr' id='par_1_26' title="bbox 1917 1471 3501 1545">
     <span class='ocr_line' id='line_1_26' title="bbox 1917 1471 3501 1545; baseline 0.001 -18"><span class='ocrx_word' id='word_1_192' title='bbox 1917 1474 2073 1528; x_wconf 87' lang='lat' dir='ltr'><strong>tertia</strong></span> <span class='ocrx_word' id='word_1_193' title='bbox 2105 1474 2211 1538; x_wconf 92' lang='lat' dir='ltr'><strong>die,</strong></span> <span class='ocrx_word' id='word_1_194' title='bbox 2239 1482 2295 1528; x_wconf 88' lang='lat' dir='ltr'><strong>et</strong></span> <span class='ocrx_word' id='word_1_195' title='bbox 2320 1474 2604 1543; x_wconf 70' lang='lat' dir='ltr'><strong>praedicari</strong></span> <span class='ocrx_word' id='word_1_196' title='bbox 2640 1476 2692 1529; x_wconf 90' lang='lat' dir='ltr'><strong>in</strong></span> <span class='ocrx_word' id='word_1_197' title='bbox 2720 1471 2942 1530; x_wconf 88' lang='lat' dir='ltr'><strong>nomine</strong></span> <span class='ocrx_word' id='word_1_198' title='bbox 2970 1473 3086 1543; x_wconf 75' lang='lat' dir='ltr'><strong>eius</strong></span> <span class='ocrx_word' id='word_1_199' title='bbox 3124 1475 3501 1545; x_wconf 67' lang='lat' dir='ltr'><strong>paenitentiam</strong></span> 
     </span>
    </p>
   </div>
   <div class='ocr_carea' id='block_1_27' title="bbox 1915 1565 3502 1636">
    <p class='ocr_par' dir='ltr' id='par_1_27' title="bbox 1915 1565 3502 1636">
     <span class='ocr_line' id='line_1_27' title="bbox 1915 1565 3502 1636; baseline -0.001 -15"><span class='ocrx_word' id='word_1_200' title='bbox 1915 1573 1970 1621; x_wconf 89' lang='lat' dir='ltr'><strong>et</strong></span> <span class='ocrx_word' id='word_1_201' title='bbox 1995 1565 2368 1619; x_wconf 82' lang='lat' dir='ltr'><strong>remissionem</strong></span> <span class='ocrx_word' id='word_1_202' title='bbox 2398 1574 2744 1634; x_wconf 83' lang='lat' dir='ltr'><strong>peccatorum</strong></span> <span class='ocrx_word' id='word_1_203' title='bbox 2774 1578 2874 1636; x_wconf 83' lang='lat' dir='ltr'><strong>per</strong></span> <span class='ocrx_word' id='word_1_204' title='bbox 2903 1576 3095 1621; x_wconf 85' lang='lat' dir='ltr'><strong>omnes</strong></span> <span class='ocrx_word' id='word_1_205' title='bbox 3126 1574 3335 1635; x_wconf 78' lang='lat' dir='ltr'><strong>gentes,</strong></span> <span class='ocrx_word' id='word_1_206' title='bbox 3365 1565 3502 1620; x_wconf 87' lang='lat' dir='ltr'><strong>inci—</strong></span> 
     </span>
    </p>
   </div>
   <div class='ocr_carea' id='block_1_28' title="bbox 1913 1656 3501 1730">
    <p class='ocr_par' dir='ltr' id='par_1_28' title="bbox 1913 1656 3501 1730">
     <span class='ocr_line' id='line_1_28' title="bbox 1913 1656 3501 1730; baseline 0 -18"><span class='ocrx_word' id='word_1_207' title='bbox 1913 1658 2187 1730; x_wconf 85' lang='lat' dir='ltr'><strong>pientibus</strong></span> <span class='ocrx_word' id='word_1_208' title='bbox 2236 1658 2305 1713; x_wconf 90' lang='lat' dir='ltr'><strong>ab</strong></span> <span class='ocrx_word' id='word_1_209' title='bbox 2356 1656 2656 1713; x_wconf 82' lang='lat' dir='ltr'><strong>Jerusalem</strong></span> <span class='ocrx_word' id='word_1_210' title='bbox 2708 1656 2860 1729; x_wconf 80' lang='lat' dir='ltr'><strong>(Luc.</strong></span> <span class='ocrx_word' id='word_1_211' title='bbox 2894 1658 3076 1729; x_wconf 79' lang='lat' dir='ltr'><strong>xxrv);</strong></span> <span class='ocrx_word' id='word_1_212' title='bbox 3131 1658 3249 1715; x_wconf 82' lang='lat' dir='ltr'><strong>haec</strong></span> <span class='ocrx_word' id='word_1_213' title='bbox 3275 1657 3501 1713; x_wconf 91' lang='lat' dir='ltr'><strong>omnino</strong></span> 
     </span>
    </p>
   </div>
   <div class='ocr_carea' id='block_1_29' title="bbox 1914 1750 3505 1821">
    <p class='ocr_par' dir='ltr' id='par_1_29' title="bbox 1914 1750 3505 1821">
     <span class='ocr_line' id='line_1_29' title="bbox 1914 1750 3505 1821; baseline 0 -15"><span class='ocrx_word' id='word_1_214' title='bbox 1914 1750 2308 1821; x_wconf 70' lang='lat' dir='ltr'><strong>impmnitentia</strong></span> <span class='ocrx_word' id='word_1_215' title='bbox 2349 1762 2456 1805; x_wconf 88' lang='lat' dir='ltr'><strong>non</strong></span> <span class='ocrx_word' id='word_1_216' title='bbox 2488 1751 2654 1806; x_wconf 82' lang='lat' dir='ltr'><strong>habet</strong></span> <span class='ocrx_word' id='word_1_217' title='bbox 2684 1750 3058 1806; x_wconf 85' lang='lat' dir='ltr'><strong>remissionem</strong></span> <span class='ocrx_word' id='word_1_218' title='bbox 3111 1762 3290 1821; x_wconf 86' lang='lat' dir='ltr'><strong>neque</strong></span> <span class='ocrx_word' id='word_1_219' title='bbox 3314 1751 3367 1804; x_wconf 91' lang='lat' dir='ltr'><strong>in</strong></span> <span class='ocrx_word' id='word_1_220' title='bbox 3400 1751 3505 1806; x_wconf 82' lang='lat' dir='ltr'><strong>hoc</strong></span> 
     </span>
    </p>
   </div>
   <div class='ocr_carea' id='block_1_30' title="bbox 1915 1840 3506 1912">
    <p class='ocr_par' dir='ltr' id='par_1_30' title="bbox 1915 1840 3506 1912">
     <span class='ocr_line' id='line_1_30' title="bbox 1915 1840 3506 1912; baseline -0.002 -14"><span class='ocrx_word' id='word_1_221' title='bbox 1915 1842 2116 1898; x_wconf 64' lang='lat' dir='ltr'><strong>smculo</strong></span> <span class='ocrx_word' id='word_1_222' title='bbox 2152 1855 2329 1912; x_wconf 88' lang='lat' dir='ltr'><strong>neque</strong></span> <span class='ocrx_word' id='word_1_223' title='bbox 2376 1842 2430 1896; x_wconf 91' lang='lat' dir='ltr'><strong>in</strong></span> <span class='ocrx_word' id='word_1_224' title='bbox 2465 1841 2646 1897; x_wconf 80' lang='lat' dir='ltr'><strong>futuro</strong></span> <span class='ocrx_word' id='word_1_225' title='bbox 2676 1858 2689 1895; x_wconf 74' lang='grc' dir='ltr'><em>ε</em></span> <span class='ocrx_word' id='word_1_226' title='bbox 2721 1843 2848 1911; x_wconf 85' lang='lat' dir='ltr'><strong>quia</strong></span> <span class='ocrx_word' id='word_1_227' title='bbox 2892 1842 3211 1912; x_wconf 76' lang='lat' dir='ltr'><strong>pmnitentia</strong></span> <span class='ocrx_word' id='word_1_228' title='bbox 3249 1840 3506 1911; x_wconf 84' lang='lat' dir='ltr'><strong>lmpetrat</strong></span> 
     </span>
    </p>
   </div>
   <div class='ocr_carea' id='block_1_31' title="bbox 227 1920 1819 2005">
    <p class='ocr_par' dir='ltr' id='par_1_31' title="bbox 227 1922 1816 2001">
     <span class='ocr_line' id='line_1_31' title="bbox 227 1922 1816 2001; baseline -0.009 -12"><span class='ocrx_word' id='word_1_229' title='bbox 227 1932 551 1997; x_wconf 76' lang='lat' dir='ltr'><strong>resolvetur,</strong></span> <span class='ocrx_word' id='word_1_230' title='bbox 576 1931 705 2001; x_wconf 86' lang='lat' dir='ltr'><strong>quia</strong></span> <span class='ocrx_word' id='word_1_231' title='bbox 728 1945 881 1985; x_wconf 86' lang='lat' dir='ltr'><strong>error</strong></span> <span class='ocrx_word' id='word_1_232' title='bbox 908 1942 1124 1999; x_wconf 84' lang='lat' dir='ltr'><strong>semper</strong></span> <span class='ocrx_word' id='word_1_233' title='bbox 1145 1940 1358 1997; x_wconf 74' lang='lat' dir='ltr'><strong>pmnam</strong></span> <span class='ocrx_word' id='word_1_234' title='bbox 1387 1932 1644 1981; x_wconf 89' lang='lat' dir='ltr'><strong>meretur.</strong></span> <span class='ocrx_word' id='word_1_235' title='bbox 1671 1922 1816 1977; x_wconf 79' lang='lat' dir='ltr'><strong>Dixit</strong></span> 
     </span>
    </p>
   </div>
   <div class='ocr_carea' id='block_1_32' title="bbox 1924 1920 3507 2005">
    <p class='ocr_par' dir='ltr' id='par_1_32' title="bbox 1924 1931 3507 2005">
     <span class='ocr_line' id='line_1_32' title="bbox 1924 1931 3507 2005; baseline -0.001 -16"><span class='ocrx_word' id='word_1_236' title='bbox 1924 1932 2297 1989; x_wconf 84' lang='lat' dir='ltr'><strong>remissionem</strong></span> <span class='ocrx_word' id='word_1_237' title='bbox 2325 1934 2380 1988; x_wconf 89' lang='lat' dir='ltr'><strong>in</strong></span> <span class='ocrx_word' id='word_1_238' title='bbox 2403 1934 2507 1989; x_wconf 75' lang='lat' dir='ltr'><strong>hoc</strong></span> <span class='ocrx_word' id='word_1_239' title='bbox 2528 1933 2747 1999; x_wconf 65' lang='lat' dir='ltr'><strong>saeculo,</strong></span> <span class='ocrx_word' id='word_1_240' title='bbox 2766 1942 2886 2005; x_wconf 80' lang='lat' dir='ltr'><strong>qum</strong></span> <span class='ocrx_word' id='word_1_241' title='bbox 2912 1934 3057 1988; x_wconf 86' lang='lat' dir='ltr'><strong>valet</strong></span> <span class='ocrx_word' id='word_1_242' title='bbox 3078 1933 3133 1987; x_wconf 91' lang='lat' dir='ltr'><strong>in</strong></span> <span class='ocrx_word' id='word_1_243' title='bbox 3159 1931 3359 1988; x_wconf 80' lang='lat' dir='ltr'><strong>futuro.</strong></span> <span class='ocrx_word' id='word_1_244' title='bbox 3398 1932 3507 1987; x_wconf 78' lang='lat' dir='ltr'><strong>Sed</strong></span> 
     </span>
    </p>
   </div>
   <div class='ocr_carea' id='block_1_33' title="bbox 226 2014 1814 2093">
    <p class='ocr_par' dir='ltr' id='par_1_33' title="bbox 226 2014 1814 2093">
     <span class='ocr_line' id='line_1_33' title="bbox 226 2014 1814 2093; baseline -0.007 -14"><span class='ocrx_word' id='word_1_245' title='bbox 226 2021 512 2089; x_wconf 88' lang='lat' dir='ltr'><strong>Dominus,</strong></span> <span class='ocrx_word' id='word_1_246' title='bbox 576 2022 719 2093; x_wconf 88' lang='lat' dir='ltr'><strong>quod</strong></span> <span class='ocrx_word' id='word_1_247' title='bbox 765 2021 818 2075; x_wconf 93' lang='lat' dir='ltr'><strong>in</strong></span> <span class='ocrx_word' id='word_1_248' title='bbox 874 2019 1133 2091; x_wconf 86' lang='lat' dir='ltr'><strong>Spiritum</strong></span> <span class='ocrx_word' id='word_1_249' title='bbox 1180 2026 1428 2077; x_wconf 87' lang='lat' dir='ltr'><strong>sanctum</strong></span> <span class='ocrx_word' id='word_1_250' title='bbox 1463 2014 1814 2089; x_wconf 82' lang='lat' dir='ltr'><strong>peccantibus</strong></span> 
     </span>
    </p>
   </div>
   <div class='ocr_carea' id='block_1_34' title="bbox 226 2110 1810 2185">
    <p class='ocr_par' dir='ltr' id='par_1_34' title="bbox 226 2110 1810 2185">
     <span class='ocr_line' id='line_1_34' title="bbox 226 2110 1810 2185; baseline -0.008 -10"><span class='ocrx_word' id='word_1_251' title='bbox 226 2134 329 2175; x_wconf 88' lang='lat' dir='ltr'><strong>nec</strong></span> <span class='ocrx_word' id='word_1_252' title='bbox 368 2119 455 2175; x_wconf 86' lang='lat' dir='ltr'><strong>hic</strong></span> <span class='ocrx_word' id='word_1_253' title='bbox 492 2128 659 2185; x_wconf 84' lang='lat' dir='ltr'><strong>esset,</strong></span> <span class='ocrx_word' id='word_1_254' title='bbox 701 2132 799 2173; x_wconf 86' lang='lat' dir='ltr'><strong>nec</strong></span> <span class='ocrx_word' id='word_1_255' title='bbox 852 2115 907 2175; x_wconf 88' lang='lat' dir='ltr'><strong>in</strong></span> <span class='ocrx_word' id='word_1_256' title='bbox 956 2115 1139 2173; x_wconf 78' lang='lat' dir='ltr'><strong>l‘ntnro</strong></span> <span class='ocrx_word' id='word_1_257' title='bbox 1163 2113 1364 2171; x_wconf 73' lang='lat' dir='ltr'><strong>szeculo</strong></span> <span class='ocrx_word' id='word_1_258' title='bbox 1402 2110 1810 2167; x_wconf 88' lang='lat' dir='ltr'><strong>remittendum.</strong></span> 
     </span>
    </p>
   </div>
   <div class='ocr_carea' id='block_1_35' title="bbox 227 2202 1819 2280">
    <p class='ocr_par' dir='ltr' id='par_1_35' title="bbox 227 2202 1819 2280">
     <span class='ocr_line' id='line_1_35' title="bbox 227 2202 1819 2280; baseline -0.007 -15"><span class='ocrx_word' id='word_1_259' title='bbox 227 2211 472 2279; x_wconf 84' lang='lat' dir='ltr'><strong>Quantos</strong></span> <span class='ocrx_word' id='word_1_260' title='bbox 501 2217 682 2267; x_wconf 84' lang='lat' dir='ltr'><strong>autem</strong></span> <span class='ocrx_word' id='word_1_261' title='bbox 707 2208 1085 2280; x_wconf 74' lang='lat' dir='ltr'><strong>cognoscimus</strong></span> <span class='ocrx_word' id='word_1_262' title='bbox 1108 2207 1165 2265; x_wconf 88' lang='lat' dir='ltr'><strong>in</strong></span> <span class='ocrx_word' id='word_1_263' title='bbox 1203 2206 1410 2277; x_wconf 87' lang='lat' dir='ltr'><strong>Spiritu</strong></span> <span class='ocrx_word' id='word_1_264' title='bbox 1440 2212 1649 2267; x_wconf 88' lang='lat' dir='ltr'><strong>sancto,</strong></span> <span class='ocrx_word' id='word_1_265' title='bbox 1675 2202 1819 2269; x_wconf 77' lang='lat' dir='ltr'><strong>sicut,</strong></span> 
     </span>
    </p>
   </div>
   <div class='ocr_carea' id='block_1_36' title="bbox 226 2291 1813 2366">
    <p class='ocr_par' dir='ltr' id='par_1_36' title="bbox 226 2291 1813 2366">
     <span class='ocr_line' id='line_1_36' title="bbox 226 2291 1813 2366; baseline -0.008 -7"><span class='ocrx_word' id='word_1_266' title='bbox 226 2302 512 2359; x_wconf 73' lang='lat' dir='ltr'><strong>hmreticos</strong></span> <span class='ocrx_word' id='word_1_267' title='bbox 558 2301 823 2366; x_wconf 83' lang='lat' dir='ltr'><strong>diversos,</strong></span> <span class='ocrx_word' id='word_1_268' title='bbox 855 2298 1109 2366; x_wconf 82' lang='lat' dir='ltr'><strong>Arianos,</strong></span> <span class='ocrx_word' id='word_1_269' title='bbox 1136 2296 1525 2361; x_wconf 85' lang='lat' dir='ltr'><strong>Eunomianos,</strong></span> <span class='ocrx_word' id='word_1_270' title='bbox 1564 2291 1813 2351; x_wconf 80' lang='lat' dir='ltr'><strong>Macedo-</strong></span> 
     </span>
    </p>
   </div>
   <div class='ocr_carea' id='block_1_37' title="bbox 225 2388 1812 2461">
    <p class='ocr_par' dir='ltr' id='par_1_37' title="bbox 225 2388 1812 2461">
     <span class='ocr_line' id='line_1_37' title="bbox 225 2388 1812 2461; baseline -0.008 -9"><span class='ocrx_word' id='word_1_271' title='bbox 225 2396 437 2461; x_wconf 89' lang='lat' dir='ltr'><strong>nianos,</strong></span> <span class='ocrx_word' id='word_1_272' title='bbox 478 2395 545 2450; x_wconf 90' lang='lat' dir='ltr'><strong>ad</strong></span> <span class='ocrx_word' id='word_1_273' title='bbox 588 2395 749 2455; x_wconf 87' lang='lat' dir='ltr'><strong>iidem</strong></span> <span class='ocrx_word' id='word_1_274' title='bbox 792 2392 1115 2449; x_wconf 86' lang='lat' dir='ltr'><strong>catholicam</strong></span> <span class='ocrx_word' id='word_1_275' title='bbox 1142 2398 1491 2451; x_wconf 74' lang='lat' dir='ltr'><strong>revertentes,</strong></span> <span class='ocrx_word' id='word_1_276' title='bbox 1519 2398 1575 2444; x_wconf 91' lang='lat' dir='ltr'><strong>et</strong></span> <span class='ocrx_word' id='word_1_277' title='bbox 1602 2388 1690 2443; x_wconf 91' lang='lat' dir='ltr'><strong>hic</strong></span> <span class='ocrx_word' id='word_1_278' title='bbox 1723 2400 1812 2441; x_wconf 89' lang='lat' dir='ltr'><strong>re-</strong></span> 
     </span>
    </p>
   </div>
   <div class='ocr_carea' id='block_1_38' title="bbox 222 2479 1815 2557">
    <p class='ocr_par' dir='ltr' id='par_1_38' title="bbox 222 2479 1815 2557">
     <span class='ocr_line' id='line_1_38' title="bbox 222 2479 1815 2557; baseline -0.006 -14"><span class='ocrx_word' id='word_1_279' title='bbox 222 2488 535 2545; x_wconf 80' lang='lat' dir='ltr'><strong>missionem</strong></span> <span class='ocrx_word' id='word_1_280' title='bbox 556 2502 666 2542; x_wconf 65' lang='lat' dir='ltr'><strong>snre</strong></span> <span class='ocrx_word' id='word_1_281' title='bbox 689 2486 994 2557; x_wconf 84' lang='lat' dir='ltr'><strong>percepisse</strong></span> <span class='ocrx_word' id='word_1_282' title='bbox 1016 2483 1380 2553; x_wconf 58' lang='lat' dir='ltr'><strong>blasphemia,</strong></span> <span class='ocrx_word' id='word_1_283' title='bbox 1406 2489 1461 2537; x_wconf 86' lang='lat' dir='ltr'><strong>et</strong></span> <span class='ocrx_word' id='word_1_284' title='bbox 1490 2481 1545 2535; x_wconf 92' lang='lat' dir='ltr'><strong>in</strong></span> <span class='ocrx_word' id='word_1_285' title='bbox 1573 2479 1815 2535; x_wconf 80' lang='lat' dir='ltr'><strong>futurum</strong></span> 
     </span>
    </p>
   </div>
   <div class='ocr_carea' id='block_1_39' title="bbox 225 2572 1815 2649">
    <p class='ocr_par' dir='ltr' id='par_1_39' title="bbox 225 2572 1815 2649">
     <span class='ocr_line' id='line_1_39' title="bbox 225 2572 1815 2649; baseline -0.004 -16"><span class='ocrx_word' id='word_1_286' title='bbox 225 2592 375 2648; x_wconf 88' lang='lat' dir='ltr'><strong>spem</strong></span> <span class='ocrx_word' id='word_1_287' title='bbox 415 2578 710 2649; x_wconf 80' lang='lat' dir='ltr'><strong>sumpsisse</strong></span> <span class='ocrx_word' id='word_1_288' title='bbox 736 2576 1084 2646; x_wconf 65' lang='lat' dir='ltr'><strong>indulgentia)</strong></span> <span class='ocrx_word' id='word_1_289' title='bbox 1104 2575 1519 2646; x_wconf 71' lang='lat' dir='ltr'><strong>consequendm.</strong></span> <span class='ocrx_word' id='word_1_290' title='bbox 1552 2572 1662 2628; x_wconf 85' lang='lat' dir='ltr'><strong>Nec</strong></span> <span class='ocrx_word' id='word_1_291' title='bbox 1692 2572 1815 2629; x_wconf 84' lang='lat' dir='ltr'><strong>ideo</strong></span> 
     </span>
    </p>
   </div>
   <div class='ocr_carea' id='block_1_40' title="bbox 224 2667 1815 2741">
    <p class='ocr_par' dir='ltr' id='par_1_40' title="bbox 224 2667 1815 2741">
     <span class='ocr_line' id='line_1_40' title="bbox 224 2667 1815 2741; baseline -0.004 -15"><span class='ocrx_word' id='word_1_292' title='bbox 224 2687 332 2726; x_wconf 92' lang='lat' dir='ltr'><strong>non</strong></span> <span class='ocrx_word' id='word_1_293' title='bbox 364 2687 493 2727; x_wconf 81' lang='lat' dir='ltr'><strong>vera</strong></span> <span class='ocrx_word' id='word_1_294' title='bbox 529 2680 612 2727; x_wconf 92' lang='lat' dir='ltr'><strong>est</strong></span> <span class='ocrx_word' id='word_1_295' title='bbox 650 2670 864 2729; x_wconf 86' lang='lat' dir='ltr'><strong>Domini</strong></span> <span class='ocrx_word' id='word_1_296' title='bbox 909 2670 1203 2737; x_wconf 86' lang='lat' dir='ltr'><strong>sententia,</strong></span> <span class='ocrx_word' id='word_1_297' title='bbox 1237 2677 1331 2724; x_wconf 91' lang='lat' dir='ltr'><strong>aut</strong></span> <span class='ocrx_word' id='word_1_298' title='bbox 1382 2667 1659 2741; x_wconf 86' lang='lat' dir='ltr'><strong>potabitur</strong></span> <span class='ocrx_word' id='word_1_299' title='bbox 1694 2681 1815 2721; x_wconf 90' lang='lat' dir='ltr'><strong>esse</strong></span> 
     </span>
    </p>
   </div>
   <div class='ocr_carea' id='block_1_41' title="bbox 227 2760 1815 2833">
    <p class='ocr_par' dir='ltr' id='par_1_41' title="bbox 227 2760 1815 2833">
     <span class='ocr_line' id='line_1_41' title="bbox 227 2760 1815 2833; baseline -0.001 -15"><span class='ocrx_word' id='word_1_300' title='bbox 227 2760 498 2821; x_wconf 89' lang='lat' dir='ltr'><strong>ullatenus</strong></span> <span class='ocrx_word' id='word_1_301' title='bbox 542 2762 803 2833; x_wconf 76' lang='lat' dir='ltr'><strong>reSOIuta,</strong></span> <span class='ocrx_word' id='word_1_302' title='bbox 852 2781 974 2823; x_wconf 89' lang='lat' dir='ltr'><strong>cum</strong></span> <span class='ocrx_word' id='word_1_303' title='bbox 1021 2765 1167 2822; x_wconf 88' lang='lat' dir='ltr'><strong>circa</strong></span> <span class='ocrx_word' id='word_1_304' title='bbox 1222 2764 1381 2830; x_wconf 88' lang='lat' dir='ltr'><strong>tales,</strong></span> <span class='ocrx_word' id='word_1_305' title='bbox 1439 2764 1483 2823; x_wconf 88' lang='lat' dir='ltr'><strong>si</strong></span> <span class='ocrx_word' id='word_1_306' title='bbox 1541 2763 1644 2820; x_wconf 89' lang='lat' dir='ltr'><strong>hoc</strong></span> <span class='ocrx_word' id='word_1_307' title='bbox 1698 2778 1815 2818; x_wconf 89' lang='lat' dir='ltr'><strong>esse</strong></span> 
     </span>
    </p>
   </div>
   <div class='ocr_carea' id='block_1_42' title="bbox 224 2855 1817 2937">
    <p class='ocr_par' dir='ltr' id='par_1_42' title="bbox 224 2855 1817 2937">
     <span class='ocr_line' id='line_1_42' title="bbox 224 2855 1817 2937; baseline -0.001 -26"><span class='ocrx_word' id='word_1_308' title='bbox 224 2866 601 2937; x_wconf 74' lang='lat' dir='ltr'><strong>permaneant,</strong></span> <span class='ocrx_word' id='word_1_309' title='bbox 655 2873 927 2929; x_wconf 86' lang='lat' dir='ltr'><strong>nunquam</strong></span> <span class='ocrx_word' id='word_1_310' title='bbox 974 2857 1195 2917; x_wconf 90' lang='lat' dir='ltr'><strong>omnino</strong></span> <span class='ocrx_word' id='word_1_311' title='bbox 1233 2856 1491 2913; x_wconf 89' lang='lat' dir='ltr'><strong>solvenda</strong></span> <span class='ocrx_word' id='word_1_312' title='bbox 1535 2855 1817 2927; x_wconf 78' lang='lat' dir='ltr'><strong>persistat,</strong></span> 
     </span>
    </p>
   </div>
   <div class='ocr_carea' id='block_1_43' title="bbox 227 2937 1819 3020">
    <p class='ocr_par' dir='ltr' id='par_1_43' title="bbox 227 2937 1819 3020">
     <span class='ocr_line' id='line_1_43' title="bbox 227 2937 1819 3020; baseline 0.003 -17"><span class='ocrx_word' id='word_1_313' title='bbox 227 2946 448 3003; x_wconf 77' lang='lat' dir='ltr'><strong>Ell‘ectis</strong></span> <span class='ocrx_word' id='word_1_314' title='bbox 478 2957 659 3006; x_wconf 83' lang='lat' dir='ltr'><strong>autem</strong></span> <span class='ocrx_word' id='word_1_315' title='bbox 688 2964 796 3007; x_wconf 87' lang='lat' dir='ltr'><strong>non</strong></span> <span class='ocrx_word' id='word_1_316' title='bbox 829 2948 1048 3017; x_wconf 82' lang='lat' dir='ltr'><strong>talibus,</strong></span> <span class='ocrx_word' id='word_1_317' title='bbox 1081 2947 1318 3020; x_wconf 78' lang='lat' dir='ltr'><strong>irrogata</strong></span> <span class='ocrx_word' id='word_1_318' title='bbox 1372 2948 1511 3007; x_wconf 88' lang='lat' dir='ltr'><strong>sicut</strong></span> <span class='ocrx_word' id='word_1_319' title='bbox 1537 2948 1699 3003; x_wconf 89' lang='lat' dir='ltr'><strong>etiam</strong></span> <span class='ocrx_word' id='word_1_320' title='bbox 1734 2937 1819 3007; x_wconf 73' lang='lat' dir='ltr'><strong>esi</strong></span> 
     </span>
    </p>
   </div>
   <div class='ocr_carea' id='block_1_44' title="bbox 227 3022 1819 3117">
    <p class='ocr_par' dir='ltr' id='par_1_44' title="bbox 227 3022 1819 3117">
     <span class='ocr_line' id='line_1_44' title="bbox 227 3022 1819 3117; baseline -0.001 -24"><span class='ocrx_word' id='word_1_321' title='bbox 227 3047 643 3117; x_wconf 69' lang='lat' dir='ltr'><strong>consequenter,</strong></span> <span class='ocrx_word' id='word_1_322' title='bbox 683 3039 747 3097; x_wconf 88' lang='lat' dir='ltr'><strong>Et</strong></span> <span class='ocrx_word' id='word_1_323' title='bbox 776 3038 906 3103; x_wconf 87' lang='lat' dir='ltr'><strong>illud</strong></span> <span class='ocrx_word' id='word_1_324' title='bbox 941 3026 1086 3097; x_wconf 87' lang='lat' dir='ltr'><strong>beati</strong></span> <span class='ocrx_word' id='word_1_325' title='bbox 1108 3022 1332 3096; x_wconf 66' lang='lat' dir='ltr'><strong>Joannis</strong></span> <span class='ocrx_word' id='word_1_326' title='bbox 1368 3036 1632 3111; x_wconf 85' lang='lat' dir='ltr'><strong>apostoli:</strong></span> <span class='ocrx_word' id='word_1_327' title='bbox 1669 3057 1688 3089; x_wconf 78' lang='grc' dir='ltr'><strong>ι</strong></span> <span class='ocrx_word' id='word_1_328' title='bbox 1722 3034 1819 3103; x_wconf 88' lang='lat' dir='ltr'><strong>Est,</strong></span> 
     </span>
    </p>
   </div>
   <div class='ocr_carea' id='block_1_45' title="bbox 223 3124 1812 3205">
    <p class='ocr_par' dir='ltr' id='par_1_45' title="bbox 223 3124 1812 3205">
     <span class='ocr_line' id='line_1_45' title="bbox 223 3124 1812 3205; baseline -0.001 -21"><span class='ocrx_word' id='word_1_329' title='bbox 223 3138 509 3200; x_wconf 83' lang='lat' dir='ltr'><strong>peccatum</strong></span> <span class='ocrx_word' id='word_1_330' title='bbox 558 3127 627 3193; x_wconf 79' lang='lat' dir='ltr'><strong>ad</strong></span> <span class='ocrx_word' id='word_1_331' title='bbox 654 3138 884 3187; x_wconf 87' lang='lat' dir='ltr'><strong>mortem</strong></span> <span class='ocrx_word' id='word_1_332' title='bbox 913 3171 929 3195; x_wconf 91' lang='lat'><strong>,</strong></span> <span class='ocrx_word' id='word_1_333' title='bbox 978 3146 1087 3189; x_wconf 91' lang='lat' dir='ltr'><strong>non</strong></span> <span class='ocrx_word' id='word_1_334' title='bbox 1145 3128 1267 3189; x_wconf 86' lang='lat' dir='ltr'><strong>dico</strong></span> <span class='ocrx_word' id='word_1_335' title='bbox 1293 3124 1351 3185; x_wconf 88' lang='lat' dir='ltr'><strong>ut</strong></span> <span class='ocrx_word' id='word_1_336' title='bbox 1378 3137 1567 3191; x_wconf 84' lang='lat' dir='ltr'><strong>oretur</strong></span> <span class='ocrx_word' id='word_1_337' title='bbox 1600 3144 1699 3205; x_wconf 88' lang='lat' dir='ltr'><strong>pro</strong></span> <span class='ocrx_word' id='word_1_338' title='bbox 1728 3144 1812 3193; x_wconf 86' lang='lat' dir='ltr'><strong>eo,</strong></span> 
     </span>
    </p>
   </div>
   <div class='ocr_carea' id='block_1_46' title="bbox 225 3210 1817 3294">
    <p class='ocr_par' dir='ltr' id='par_1_46' title="bbox 225 3210 1817 3294">
     <span class='ocr_line' id='line_1_46' title="bbox 225 3210 1817 3294; baseline -0.003 -17"><span class='ocrx_word' id='word_1_339' title='bbox 225 3231 280 3277; x_wconf 90' lang='lat' dir='ltr'><strong>et</strong></span> <span class='ocrx_word' id='word_1_340' title='bbox 314 3230 396 3279; x_wconf 91' lang='lat' dir='ltr'><strong>est</strong></span> <span class='ocrx_word' id='word_1_341' title='bbox 430 3230 709 3294; x_wconf 88' lang='lat' dir='ltr'><strong>peccatum</strong></span> <span class='ocrx_word' id='word_1_342' title='bbox 741 3238 850 3278; x_wconf 92' lang='lat' dir='ltr'><strong>non</strong></span> <span class='ocrx_word' id='word_1_343' title='bbox 888 3216 956 3277; x_wconf 90' lang='lat' dir='ltr'><strong>ad</strong></span> <span class='ocrx_word' id='word_1_344' title='bbox 998 3229 1262 3288; x_wconf 89' lang='lat' dir='ltr'><strong>mortem,</strong></span> <span class='ocrx_word' id='word_1_345' title='bbox 1300 3228 1362 3277; x_wconf 86' lang='lat' dir='ltr'><strong>ut</strong></span> <span class='ocrx_word' id='word_1_346' title='bbox 1388 3227 1574 3276; x_wconf 90' lang='lat' dir='ltr'><strong>oretur</strong></span> <span class='ocrx_word' id='word_1_347' title='bbox 1606 3210 1705 3291; x_wconf 84' lang='lat' dir='ltr'><strong>pro</strong></span> <span class='ocrx_word' id='word_1_348' title='bbox 1751 3234 1817 3274; x_wconf 91' lang='lat' dir='ltr'><strong>eo</strong></span> 
     </span>
    </p>
   </div>
   <div class='ocr_carea' id='block_1_47' title="bbox 226 3288 1888 3389">
    <p class='ocr_par' dir='ltr' id='par_1_47' title="bbox 226 3288 1888 3389">
     <span class='ocr_line' id='line_1_47' title="bbox 226 3288 1888 3389; baseline -0.002 -20"><span class='ocrx_word' id='word_1_349' title='bbox 226 3314 281 3387; x_wconf 91' lang='grc'><strong>(1</strong></span> <span class='ocrx_word' id='word_1_350' title='bbox 307 3288 468 3373; x_wconf 68' lang='lat' dir='ltr'><strong>Icari.</strong></span> <span class='ocrx_word' id='word_1_351' title='bbox 499 3314 553 3388; x_wconf 77' lang='grc' dir='ltr'><strong>γ)</strong></span> <span class='ocrx_word' id='word_1_352' title='bbox 595 3334 608 3375; x_wconf 73' lang='grc' dir='ltr'>ς</span> <span class='ocrx_word' id='word_1_353' title='bbox 657 3336 676 3370; x_wconf 74' lang='grc' dir='ltr'><strong>ι</strong></span> <span class='ocrx_word' id='word_1_354' title='bbox 712 3324 795 3373; x_wconf 88' lang='lat' dir='ltr'><strong>est</strong></span> <span class='ocrx_word' id='word_1_355' title='bbox 835 3324 1118 3389; x_wconf 88' lang='lat' dir='ltr'><strong>peccatum</strong></span> <span class='ocrx_word' id='word_1_356' title='bbox 1158 3316 1226 3372; x_wconf 90' lang='lat' dir='ltr'><strong>ad</strong></span> <span class='ocrx_word' id='word_1_357' title='bbox 1257 3323 1487 3370; x_wconf 92' lang='lat' dir='ltr'><strong>mortem</strong></span> <span class='ocrx_word' id='word_1_358' title='bbox 1529 3313 1582 3375; x_wconf 88' lang='lat' dir='ltr'><strong>in</strong></span> <span class='ocrx_word' id='word_1_359' title='bbox 1608 3288 1814 3370; x_wconf 27' lang='lat' dir='ltr'><strong>“eodem</strong></span> <span class='ocrx_word' id='word_1_360' title='bbox 1842 3288 1888 3353; x_wconf 64' lang='grc' dir='ltr'><strong>(ἶ</strong></span> 
     </span>
    </p>
   </div>
   <div class='ocr_carea' id='block_1_48' title="bbox 224 3408 1812 3480">
    <p class='ocr_par' dir='ltr' id='par_1_48' title="bbox 224 3408 1812 3480">
     <span class='ocr_line' id='line_1_48' title="bbox 224 3408 1812 3480; baseline -0.001 -18"><span class='ocrx_word' id='word_1_361' title='bbox 224 3416 449 3479; x_wconf 84' lang='lat' dir='ltr'><strong>peccato</strong></span> <span class='ocrx_word' id='word_1_362' title='bbox 471 3408 898 3467; x_wconf 85' lang='lat' dir='ltr'><strong>remanentibus.</strong></span> <span class='ocrx_word' id='word_1_363' title='bbox 926 3408 1141 3463; x_wconf 87' lang='lat' dir='ltr'><strong>Nullum</strong></span> <span class='ocrx_word' id='word_1_364' title='bbox 1168 3415 1251 3463; x_wconf 91' lang='lat' dir='ltr'><strong>est</strong></span> <span class='ocrx_word' id='word_1_365' title='bbox 1288 3408 1486 3480; x_wconf 89' lang='lat' dir='ltr'><strong>quippe</strong></span> <span class='ocrx_word' id='word_1_366' title='bbox 1511 3416 1812 3478; x_wconf 87' lang='lat' dir='ltr'><strong>peccatum,</strong></span> 
     </span>
    </p>
   </div>
   <div class='ocr_carea' id='block_1_49' title="bbox 225 3490 1818 3570">
    <p class='ocr_par' dir='ltr' id='par_1_49' title="bbox 225 3490 1818 3570">
     <span class='ocr_line' id='line_1_49' title="bbox 225 3490 1818 3570; baseline 0.001 -18"><span class='ocrx_word' id='word_1_367' title='bbox 225 3513 325 3568; x_wconf 89' lang='lat' dir='ltr'><strong>pro</strong></span> <span class='ocrx_word' id='word_1_368' title='bbox 352 3514 459 3570; x_wconf 91' lang='lat' dir='ltr'><strong>quo</strong></span> <span class='ocrx_word' id='word_1_369' title='bbox 480 3506 573 3554; x_wconf 89' lang='lat' dir='ltr'><strong>aut</strong></span> <span class='ocrx_word' id='word_1_370' title='bbox 593 3515 700 3559; x_wconf 89' lang='lat' dir='ltr'><strong>non</strong></span> <span class='ocrx_word' id='word_1_371' title='bbox 730 3508 849 3559; x_wconf 87' lang='lat' dir='ltr'><strong>oret</strong></span> <span class='ocrx_word' id='word_1_372' title='bbox 869 3499 1101 3556; x_wconf 84' lang='lat' dir='ltr'><strong>ecclesia</strong></span> <span class='ocrx_word' id='word_1_373' title='bbox 1124 3497 1530 3566; x_wconf 81' lang='lat' dir='ltr'><strong>remittendum,</strong></span> <span class='ocrx_word' id='word_1_374' title='bbox 1556 3490 1646 3554; x_wconf 82' lang='lat' dir='ltr'><strong>aut</strong></span> <span class='ocrx_word' id='word_1_375' title='bbox 1674 3496 1818 3568; x_wconf 87' lang='lat' dir='ltr'><strong>quod</strong></span> 
     </span>
    </p>
   </div>
   <div class='ocr_carea' id='block_1_50' title="bbox 228 3576 1816 3662">
    <p class='ocr_par' dir='ltr' id='par_1_50' title="bbox 228 3576 1816 3662">
     <span class='ocr_line' id='line_1_50' title="bbox 228 3576 1816 3662; baseline -0.001 -15"><span class='ocrx_word' id='word_1_376' title='bbox 228 3590 354 3647; x_wconf 87' lang='lat' dir='ltr'><strong>data</strong></span> <span class='ocrx_word' id='word_1_377' title='bbox 387 3591 491 3647; x_wconf 92' lang='lat' dir='ltr'><strong>sibi</strong></span> <span class='ocrx_word' id='word_1_378' title='bbox 537 3576 797 3651; x_wconf 86' lang='lat' dir='ltr'><strong>divinitus</strong></span> <span class='ocrx_word' id='word_1_379' title='bbox 821 3602 1090 3662; x_wconf 81' lang='lat' dir='ltr'><strong>potestate</strong></span> <span class='ocrx_word' id='word_1_380' title='bbox 1123 3588 1509 3651; x_wconf 84' lang='lat' dir='ltr'><strong>desistentibus</strong></span> <span class='ocrx_word' id='word_1_381' title='bbox 1534 3578 1602 3651; x_wconf 84' lang='lat' dir='ltr'><strong>ab</strong></span> <span class='ocrx_word' id='word_1_382' title='bbox 1629 3590 1816 3653; x_wconf 86' lang='lat' dir='ltr'><strong>eodem</strong></span> 
     </span>
    </p>
   </div>
   <div class='ocr_carea' id='block_1_51' title="bbox 227 3674 1813 3757">
    <p class='ocr_par' dir='ltr' id='par_1_51' title="bbox 227 3674 1813 3757">
     <span class='ocr_line' id='line_1_51' title="bbox 227 3674 1813 3757; baseline -0.001 -20"><span class='ocrx_word' id='word_1_383' title='bbox 227 3697 338 3737; x_wconf 89' lang='lat' dir='ltr'><strong>non</strong></span> <span class='ocrx_word' id='word_1_384' title='bbox 390 3682 564 3751; x_wconf 86' lang='lat' dir='ltr'><strong>possit</strong></span> <span class='ocrx_word' id='word_1_385' title='bbox 613 3674 912 3748; x_wconf 83' lang='lat' dir='ltr'><strong>absolvere,</strong></span> <span class='ocrx_word' id='word_1_386' title='bbox 970 3682 1057 3737; x_wconf 87' lang='lat' dir='ltr'><strong>vel</strong></span> <span class='ocrx_word' id='word_1_387' title='bbox 1097 3683 1489 3757; x_wconf 76' lang='lat' dir='ltr'><strong>ptenitcntibus</strong></span> <span class='ocrx_word' id='word_1_388' title='bbox 1531 3680 1813 3749; x_wconf 54' lang='lat' dir='ltr'><strong>relatore;</strong></span> 
     </span>
    </p>
   </div>
   <div class='ocr_carea' id='block_1_52' title="bbox 229 3764 1816 3847">
    <p class='ocr_par' dir='ltr' id='par_1_52' title="bbox 229 3764 1816 3847">
     <span class='ocr_line' id='line_1_52' title="bbox 229 3764 1816 3847; baseline -0.002 -16"><span class='ocrx_word' id='word_1_389' title='bbox 229 3774 318 3831; x_wconf 91' lang='lat' dir='ltr'><strong>cui</strong></span> <span class='ocrx_word' id='word_1_390' title='bbox 348 3764 547 3833; x_wconf 84' lang='lat' dir='ltr'><strong>dicitur</strong></span> <span class='ocrx_word' id='word_1_391' title='bbox 578 3793 591 3829; x_wconf 89' lang='lat'><strong>:</strong></span> <span class='ocrx_word' id='word_1_392' title='bbox 630 3794 648 3828; x_wconf 84' lang='grc' dir='ltr'><strong>ι</strong></span> <span class='ocrx_word' id='word_1_393' title='bbox 682 3775 1031 3846; x_wconf 68' lang='lat' dir='ltr'><strong>Quaecunque</strong></span> <span class='ocrx_word' id='word_1_394' title='bbox 1058 3775 1374 3832; x_wconf 89' lang='lat' dir='ltr'><strong>dimiseritis</strong></span> <span class='ocrx_word' id='word_1_395' title='bbox 1402 3790 1562 3847; x_wconf 89' lang='lat' dir='ltr'><strong>super</strong></span> <span class='ocrx_word' id='word_1_396' title='bbox 1591 3784 1816 3841; x_wconf 86' lang='lat' dir='ltr'><strong>terram,</strong></span> 
     </span>
    </p>
   </div>
   <div class='ocr_carea' id='block_1_53' title="bbox 230 3860 1822 3941">
    <p class='ocr_par' dir='ltr' id='par_1_53' title="bbox 230 3860 1822 3941">
     <span class='ocr_line' id='line_1_53' title="bbox 230 3860 1822 3941; baseline 0.001 -19"><span class='ocrx_word' id='word_1_397' title='bbox 230 3860 453 3924; x_wconf 83' lang='lat' dir='ltr'><strong>dimissa</strong></span> <span class='ocrx_word' id='word_1_398' title='bbox 494 3877 657 3927; x_wconf 90' lang='lat' dir='ltr'><strong>erunt</strong></span> <span class='ocrx_word' id='word_1_399' title='bbox 682 3878 738 3926; x_wconf 89' lang='lat' dir='ltr'><strong>et</strong></span> <span class='ocrx_word' id='word_1_400' title='bbox 774 3868 827 3931; x_wconf 90' lang='lat' dir='ltr'><strong>in</strong></span> <span class='ocrx_word' id='word_1_401' title='bbox 865 3870 1048 3938; x_wconf 74' lang='lat' dir='ltr'><strong>cmlis;</strong></span> <span class='ocrx_word' id='word_1_402' title='bbox 1092 3877 1148 3926; x_wconf 91' lang='lat' dir='ltr'><strong>et</strong></span> <span class='ocrx_word' id='word_1_403' title='bbox 1177 3884 1513 3941; x_wconf 82' lang='lat' dir='ltr'><strong>quaecunque</strong></span> <span class='ocrx_word' id='word_1_404' title='bbox 1549 3867 1822 3925; x_wconf 88' lang='lat' dir='ltr'><strong>solveritis</strong></span> 
     </span>
    </p>
   </div>
   <div class='ocr_carea' id='block_1_54' title="bbox 231 3956 1814 4033">
    <p class='ocr_par' dir='ltr' id='par_1_54' title="bbox 231 3956 1814 4033">
     <span class='ocr_line' id='line_1_54' title="bbox 231 3956 1814 4033; baseline -0.003 -18"><span class='ocrx_word' id='word_1_405' title='bbox 231 3974 394 4033; x_wconf 90' lang='lat' dir='ltr'><strong>super</strong></span> <span class='ocrx_word' id='word_1_406' title='bbox 416 3967 616 4015; x_wconf 88' lang='lat' dir='ltr'><strong>terram</strong></span> <span class='ocrx_word' id='word_1_407' title='bbox 644 3961 816 4021; x_wconf 86' lang='lat' dir='ltr'><strong>soluta</strong></span> <span class='ocrx_word' id='word_1_408' title='bbox 845 3970 1007 4018; x_wconf 88' lang='lat' dir='ltr'><strong>erunt</strong></span> <span class='ocrx_word' id='word_1_409' title='bbox 1037 3968 1091 4017; x_wconf 88' lang='lat' dir='ltr'><strong>et</strong></span> <span class='ocrx_word' id='word_1_410' title='bbox 1118 3959 1171 4017; x_wconf 93' lang='lat' dir='ltr'><strong>in</strong></span> <span class='ocrx_word' id='word_1_411' title='bbox 1199 3958 1351 4016; x_wconf 68' lang='lat' dir='ltr'><strong>cadis</strong></span> <span class='ocrx_word' id='word_1_412' title='bbox 1383 3956 1600 4032; x_wconf 70' lang='lat' dir='ltr'><strong>(.llaulz.</strong></span> <span class='ocrx_word' id='word_1_413' title='bbox 1629 3962 1760 4029; x_wconf 79' lang='lat' dir='ltr'><strong>xvi).</strong></span> <span class='ocrx_word' id='word_1_414' title='bbox 1795 3977 1814 4010; x_wconf 74' lang='grc' dir='ltr'><strong>ι</strong></span> 
     </span>
    </p>
   </div>
   <div class='ocr_carea' id='block_1_55' title="bbox 230 4049 1817 4129">
    <p class='ocr_par' dir='ltr' id='par_1_55' title="bbox 230 4049 1817 4129">
     <span class='ocr_line' id='line_1_55' title="bbox 230 4049 1817 4129; baseline -0.002 -22"><span class='ocrx_word' id='word_1_415' title='bbox 230 4049 295 4107; x_wconf 86' lang='lat' dir='ltr'><strong>In</strong></span> <span class='ocrx_word' id='word_1_416' title='bbox 340 4054 752 4129; x_wconf 87' lang='lat' dir='ltr'><strong>quibuscunque</strong></span> <span class='ocrx_word' id='word_1_417' title='bbox 794 4054 977 4111; x_wconf 88' lang='lat' dir='ltr'><strong>omnia</strong></span> <span class='ocrx_word' id='word_1_418' title='bbox 1026 4062 1171 4119; x_wconf 87' lang='lat' dir='ltr'><strong>sunt,</strong></span> <span class='ocrx_word' id='word_1_419' title='bbox 1213 4062 1631 4129; x_wconf 87' lang='lat' dir='ltr'><strong>quantacunque</strong></span> <span class='ocrx_word' id='word_1_420' title='bbox 1670 4058 1817 4117; x_wconf 89' lang='lat' dir='ltr'><strong>sunt,</strong></span> 
     </span>
    </p>
   </div>
   <div class='ocr_carea' id='block_1_56' title="bbox 232 4133 1822 4221">
    <p class='ocr_par' dir='ltr' id='par_1_56' title="bbox 232 4133 1822 4221">
     <span class='ocr_line' id='line_1_56' title="bbox 232 4133 1822 4221; baseline -0.003 -19"><span class='ocrx_word' id='word_1_421' title='bbox 232 4153 287 4202; x_wconf 85' lang='lat' dir='ltr'><strong>et</strong></span> <span class='ocrx_word' id='word_1_422' title='bbox 315 4133 711 4221; x_wconf 79' lang='lat' dir='ltr'><strong>qualiacunque</strong></span> <span class='ocrx_word' id='word_1_423' title='bbox 734 4149 864 4214; x_wconf 89' lang='lat' dir='ltr'><strong>sint,</strong></span> <span class='ocrx_word' id='word_1_424' title='bbox 889 4146 1070 4203; x_wconf 81' lang='lat' dir='ltr'><strong>veraci</strong></span> <span class='ocrx_word' id='word_1_425' title='bbox 1108 4145 1457 4209; x_wconf 65' lang='lat' dir='ltr'><strong>nihilominus</strong></span> <span class='ocrx_word' id='word_1_426' title='bbox 1486 4160 1675 4199; x_wconf 87' lang='lat' dir='ltr'><strong>eorum</strong></span> <span class='ocrx_word' id='word_1_427' title='bbox 1707 4160 1822 4198; x_wconf 83' lang='lat' dir='ltr'><strong>ma-</strong></span> 
     </span>
    </p>
   </div>
   <div class='ocr_carea' id='block_1_57' title="bbox 233 4233 1819 4313">
    <p class='ocr_par' dir='ltr' id='par_1_57' title="bbox 233 4233 1819 4313">
     <span class='ocr_line' id='line_1_57' title="bbox 233 4233 1819 4313; baseline -0.002 -22"><span class='ocrx_word' id='word_1_428' title='bbox 233 4245 397 4292; x_wconf 88' lang='lat' dir='ltr'><strong>nente</strong></span> <span class='ocrx_word' id='word_1_429' title='bbox 435 4237 725 4305; x_wconf 84' lang='lat' dir='ltr'><strong>sententia,</strong></span> <span class='ocrx_word' id='word_1_430' title='bbox 766 4252 873 4311; x_wconf 89' lang='lat' dir='ltr'><strong>qua</strong></span> <span class='ocrx_word' id='word_1_431' title='bbox 923 4252 1195 4313; x_wconf 85' lang='lat' dir='ltr'><strong>nunquam</strong></span> <span class='ocrx_word' id='word_1_432' title='bbox 1248 4235 1504 4293; x_wconf 90' lang='lat' dir='ltr'><strong>solvenda</strong></span> <span class='ocrx_word' id='word_1_433' title='bbox 1551 4250 1674 4303; x_wconf 85' lang='lat' dir='ltr'><strong>esse</strong></span> <span class='ocrx_word' id='word_1_434' title='bbox 1724 4233 1819 4289; x_wconf 89' lang='lat' dir='ltr'><strong>de-</strong></span> 
     </span>
    </p>
   </div>
   <div class='ocr_carea' id='block_1_58' title="bbox 235 4326 1820 4397">
    <p class='ocr_par' dir='ltr' id='par_1_58' title="bbox 235 4326 1820 4397">
     <span class='ocr_line' id='line_1_58' title="bbox 235 4326 1820 4397; baseline -0.002 -12"><span class='ocrx_word' id='word_1_435' title='bbox 235 4331 549 4395; x_wconf 85' lang='lat' dir='ltr'><strong>nuntiatur,</strong></span> <span class='ocrx_word' id='word_1_436' title='bbox 576 4331 627 4386; x_wconf 93' lang='lat' dir='ltr'><strong>in</strong></span> <span class='ocrx_word' id='word_1_437' title='bbox 655 4347 840 4386; x_wconf 88' lang='lat' dir='ltr'><strong>eorum</strong></span> <span class='ocrx_word' id='word_1_438' title='bbox 866 4340 1053 4387; x_wconf 81' lang='lat' dir='ltr'><strong>tenore</strong></span> <span class='ocrx_word' id='word_1_439' title='bbox 1082 4330 1405 4397; x_wconf 87' lang='lat' dir='ltr'><strong>consistens,</strong></span> <span class='ocrx_word' id='word_1_440' title='bbox 1430 4347 1536 4384; x_wconf 89' lang='lat' dir='ltr'><strong>non</strong></span> <span class='ocrx_word' id='word_1_441' title='bbox 1560 4329 1725 4384; x_wconf 87' lang='lat' dir='ltr'><strong>etiam</strong></span> <span class='ocrx_word' id='word_1_442' title='bbox 1752 4326 1820 4383; x_wconf 89' lang='lat' dir='ltr'><strong>ab</strong></span> 
     </span>
    </p>
   </div>
   <div class='ocr_carea' id='block_1_59' title="bbox 235 4419 1818 4495">
    <p class='ocr_par' dir='ltr' id='par_1_59' title="bbox 235 4419 1818 4495">
     <span class='ocr_line' id='line_1_59' title="bbox 235 4419 1818 4495; baseline 0.003 -21"><span class='ocrx_word' id='word_1_443' title='bbox 235 4419 344 4475; x_wconf 91' lang='lat' dir='ltr'><strong>hoc</strong></span> <span class='ocrx_word' id='word_1_444' title='bbox 369 4422 556 4479; x_wconf 87' lang='lat' dir='ltr'><strong>eodem</strong></span> <span class='ocrx_word' id='word_1_445' title='bbox 600 4430 723 4492; x_wconf 88' lang='lat' dir='ltr'><strong>post</strong></span> <span class='ocrx_word' id='word_1_446' title='bbox 754 4422 1028 4479; x_wconf 85' lang='lat' dir='ltr'><strong>recedens.</strong></span> <span class='ocrx_word' id='word_1_447' title='bbox 1054 4421 1323 4495; x_wconf 81' lang='lat' dir='ltr'><strong>(August.)</strong></span> <span class='ocrx_word' id='word_1_448' title='bbox 1350 4421 1405 4475; x_wconf 90' lang='lat' dir='ltr'><strong>lo</strong></span> <span class='ocrx_word' id='word_1_449' title='bbox 1439 4420 1642 4493; x_wconf 90' lang='lat' dir='ltr'><strong>Spiritu</strong></span> <span class='ocrx_word' id='word_1_450' title='bbox 1671 4421 1818 4479; x_wconf 86' lang='lat' dir='ltr'><strong>enim</strong></span> 
     </span>
    </p>
   </div>
   <div class='ocr_carea' id='block_1_60' title="bbox 235 4509 1820 4587">
    <p class='ocr_par' dir='ltr' id='par_1_60' title="bbox 235 4509 1820 4587">
     <span class='ocr_line' id='line_1_60' title="bbox 235 4509 1820 4587; baseline -0.001 -20"><span class='ocrx_word' id='word_1_451' title='bbox 235 4520 423 4567; x_wconf 88' lang='lat' dir='ltr'><strong>sancto</strong></span> <span class='ocrx_word' id='word_1_452' title='bbox 465 4528 573 4582; x_wconf 89' lang='lat' dir='ltr'><strong>quo</strong></span> <span class='ocrx_word' id='word_1_453' title='bbox 598 4512 652 4573; x_wconf 82' lang='lat' dir='ltr'><strong>in</strong></span> <span class='ocrx_word' id='word_1_454' title='bbox 684 4528 848 4571; x_wconf 81' lang='lat' dir='ltr'><strong>utnon</strong></span> <span class='ocrx_word' id='word_1_455' title='bbox 876 4512 968 4569; x_wconf 89' lang='lat' dir='ltr'><strong>Dei</strong></span> <span class='ocrx_word' id='word_1_456' title='bbox 1005 4509 1234 4587; x_wconf 85' lang='lat' dir='ltr'><strong>pepuius</strong></span> <span class='ocrx_word' id='word_1_457' title='bbox 1286 4522 1662 4582; x_wconf 76' lang='lat' dir='ltr'><strong>congregatur,</strong></span> <span class='ocrx_word' id='word_1_458' title='bbox 1721 4510 1820 4582; x_wconf 88' lang='lat' dir='ltr'><strong>eji-</strong></span> 
     </span>
    </p>
   </div>
   <div class='ocr_carea' id='block_1_61' title="bbox 236 4586 1816 4679">
    <p class='ocr_par' dir='ltr' id='par_1_61' title="bbox 236 4586 1816 4679">
     <span class='ocr_line' id='line_1_61' title="bbox 236 4586 1816 4679; baseline 0.001 -23"><span class='ocrx_word' id='word_1_459' title='bbox 236 4603 379 4656; x_wconf 90' lang='lat' dir='ltr'><strong>citur</strong></span> <span class='ocrx_word' id='word_1_460' title='bbox 428 4586 652 4672; x_wconf 88' lang='lat' dir='ltr'><strong>spiritus</strong></span> <span class='ocrx_word' id='word_1_461' title='bbox 679 4586 1019 4667; x_wconf 72' lang='lat' dir='ltr'><strong>immundus,</strong></span> <span class='ocrx_word' id='word_1_462' title='bbox 1043 4586 1134 4679; x_wconf 86' lang='lat' dir='ltr'><strong>qui</strong></span> <span class='ocrx_word' id='word_1_463' title='bbox 1158 4603 1211 4657; x_wconf 94' lang='lat' dir='ltr'><strong>in</strong></span> <span class='ocrx_word' id='word_1_464' title='bbox 1241 4612 1298 4657; x_wconf 80' lang='lat' dir='ltr'><strong>Se</strong></span> <span class='ocrx_word' id='word_1_465' title='bbox 1338 4603 1512 4673; x_wconf 89' lang='lat' dir='ltr'><strong>ipsum</strong></span> <span class='ocrx_word' id='word_1_466' title='bbox 1542 4602 1816 4658; x_wconf 79' lang='lat' dir='ltr'><strong>dividitur.</strong></span> 
     </span>
    </p>
   </div>
   <div class='ocr_carea' id='block_1_62' title="bbox 236 4686 1825 4763">
    <p class='ocr_par' dir='ltr' id='par_1_62' title="bbox 236 4686 1825 4763">
     <span class='ocr_line' id='line_1_62' title="bbox 236 4686 1825 4763; baseline 0.003 -18"><span class='ocrx_word' id='word_1_467' title='bbox 236 4686 439 4745; x_wconf 85' lang='lat' dir='ltr'><strong>Contra</strong></span> <span class='ocrx_word' id='word_1_468' title='bbox 467 4692 570 4746; x_wconf 92' lang='lat' dir='ltr'><strong>hoc</strong></span> <span class='ocrx_word' id='word_1_469' title='bbox 601 4692 798 4747; x_wconf 92' lang='lat' dir='ltr'><strong>donum</strong></span> <span class='ocrx_word' id='word_1_470' title='bbox 828 4695 1144 4763; x_wconf 78' lang='lat' dir='ltr'><strong>gratuitum,</strong></span> <span class='ocrx_word' id='word_1_471' title='bbox 1174 4703 1363 4749; x_wconf 89' lang='lat' dir='ltr'><strong>contra</strong></span> <span class='ocrx_word' id='word_1_472' title='bbox 1392 4695 1550 4749; x_wconf 88' lang='lat' dir='ltr'><strong>istam</strong></span> <span class='ocrx_word' id='word_1_473' title='bbox 1580 4692 1675 4749; x_wconf 90' lang='lat' dir='ltr'><strong>Dei</strong></span> <span class='ocrx_word' id='word_1_474' title='bbox 1701 4710 1825 4763; x_wconf 83' lang='lat' dir='ltr'><strong>gra-</strong></span> 
     </span>
    </p>
   </div>
   <div class='ocr_carea' id='block_1_63' title="bbox 238 4782 1825 4857">
    <p class='ocr_par' dir='ltr' id='par_1_63' title="bbox 238 4782 1825 4857">
     <span class='ocr_line' id='line_1_63' title="bbox 238 4782 1825 4857; baseline 0.003 -21"><span class='ocrx_word' id='word_1_475' title='bbox 238 4783 370 4836; x_wconf 88' lang='lat' dir='ltr'><strong>tiam</strong></span> <span class='ocrx_word' id='word_1_476' title='bbox 424 4782 659 4852; x_wconf 87' lang='lat' dir='ltr'><strong>loqnitnr</strong></span> <span class='ocrx_word' id='word_1_477' title='bbox 686 4799 780 4837; x_wconf 92' lang='lat' dir='ltr'><strong>cor</strong></span> <span class='ocrx_word' id='word_1_478' title='bbox 835 4784 1201 4855; x_wconf 71' lang='lat' dir='ltr'><strong>impmnitens.</strong></span> <span class='ocrx_word' id='word_1_479' title='bbox 1256 4784 1374 4856; x_wconf 88' lang='lat' dir='ltr'><strong>Ipsa</strong></span> <span class='ocrx_word' id='word_1_480' title='bbox 1426 4785 1825 4857; x_wconf 72' lang='lat' dir='ltr'><strong>impmnitentia</strong></span> 
     </span>
    </p>
   </div>
   <div class='ocr_carea' id='block_1_64' title="bbox 238 4866 1826 4947">
    <p class='ocr_par' dir='ltr' id='par_1_64' title="bbox 238 4866 1826 4947">
     <span class='ocr_line' id='line_1_64' title="bbox 238 4866 1826 4947; baseline 0.003 -19"><span class='ocrx_word' id='word_1_481' title='bbox 238 4866 327 4928; x_wconf 84' lang='lat' dir='ltr'><strong>cst</strong></span> <span class='ocrx_word' id='word_1_482' title='bbox 350 4873 574 4943; x_wconf 89' lang='lat' dir='ltr'><strong>spiritus</strong></span> <span class='ocrx_word' id='word_1_483' title='bbox 604 4872 971 4947; x_wconf 63' lang='lat' dir='ltr'><strong>blasphemiae,</strong></span> <span class='ocrx_word' id='word_1_484' title='bbox 1011 4890 1131 4946; x_wconf 71' lang='lat' dir='ltr'><strong>qua:</strong></span> <span class='ocrx_word' id='word_1_485' title='bbox 1153 4886 1259 4931; x_wconf 88' lang='lat' dir='ltr'><strong>non</strong></span> <span class='ocrx_word' id='word_1_486' title='bbox 1294 4877 1618 4941; x_wconf 87' lang='lat' dir='ltr'><strong>remittetur,</strong></span> <span class='ocrx_word' id='word_1_487' title='bbox 1649 4890 1826 4947; x_wconf 86' lang='lat' dir='ltr'><strong>neque</strong></span> 
     </span>
    </p>
   </div>
   <div class='ocr_carea' id='block_1_65' title="bbox 243 4954 1827 5041">
    <p class='ocr_par' dir='ltr' id='par_1_65' title="bbox 243 4954 1827 5041">
     <span class='ocr_line' id='line_1_65' title="bbox 243 4954 1827 5041; baseline 0.003 -22"><span class='ocrx_word' id='word_1_488' title='bbox 243 4965 298 5019; x_wconf 90' lang='lat' dir='ltr'><strong>in</strong></span> <span class='ocrx_word' id='word_1_489' title='bbox 329 4966 431 5020; x_wconf 90' lang='lat' dir='ltr'><strong>hoc</strong></span> <span class='ocrx_word' id='word_1_490' title='bbox 460 4954 867 5039; x_wconf 32' lang='lat' dir='ltr'><strong>smculoineqne</strong></span> <span class='ocrx_word' id='word_1_491' title='bbox 914 4968 966 5021; x_wconf 87' lang='lat' dir='ltr'><strong>in</strong></span> <span class='ocrx_word' id='word_1_492' title='bbox 1002 4967 1182 5023; x_wconf 75' lang='lat' dir='ltr'><strong>futuro</strong></span> <span class='ocrx_word' id='word_1_493' title='bbox 1208 4986 1220 5023; x_wconf 92' lang='lat'>:</span> <span class='ocrx_word' id='word_1_494' title='bbox 1252 4978 1440 5025; x_wconf 85' lang='lat' dir='ltr'><strong>contra</strong></span> <span class='ocrx_word' id='word_1_495' title='bbox 1469 4971 1612 5025; x_wconf 81' lang='lat' dir='ltr'><strong>enim</strong></span> <span class='ocrx_word' id='word_1_496' title='bbox 1651 4968 1827 5041; x_wconf 64' lang='lat' dir='ltr'><strong>Spiri-i</strong></span> 
     </span>
    </p>
   </div>
   <div class='ocr_carea' id='block_1_66' title="bbox 248 5050 1829 5137">
    <p class='ocr_par' dir='ltr' id='par_1_66' title="bbox 248 5050 1829 5137">
     <span class='ocr_line' id='line_1_66' title="bbox 248 5050 1829 5137; baseline 0.004 -25"><span class='ocrx_word' id='word_1_497' title='bbox 248 5060 360 5112; x_wconf 89' lang='lat' dir='ltr'><strong>tum</strong></span> <span class='ocrx_word' id='word_1_498' title='bbox 403 5062 646 5113; x_wconf 84' lang='lat' dir='ltr'><strong>sanctum</strong></span> <span class='ocrx_word' id='word_1_499' title='bbox 677 5074 783 5131; x_wconf 90' lang='lat' dir='ltr'><strong>quo</strong></span> <span class='ocrx_word' id='word_1_500' title='bbox 809 5050 1171 5131; x_wconf 85' lang='lat' dir='ltr'><strong>baptizantur,</strong></span> <span class='ocrx_word' id='word_1_501' title='bbox 1209 5077 1434 5132; x_wconf 83' lang='lat' dir='ltr'><strong>quorum</strong></span> <span class='ocrx_word' id='word_1_502' title='bbox 1467 5068 1686 5137; x_wconf 84' lang='lat' dir='ltr'><strong>peccata</strong></span> <span class='ocrx_word' id='word_1_503' title='bbox 1714 5079 1829 5119; x_wconf 88' lang='lat' dir='ltr'><strong>om-</strong></span> 
     </span>
    </p>
   </div>
   <div class='ocr_carea' id='block_1_67' title="bbox 246 5149 1824 5224">
    <p class='ocr_par' dir='ltr' id='par_1_67' title="bbox 246 5149 1824 5224">
     <span class='ocr_line' id='line_1_67' title="bbox 246 5149 1824 5224; baseline 0.006 -23"><span class='ocrx_word' id='word_1_504' title='bbox 246 5149 395 5202; x_wconf 87' lang='lat' dir='ltr'><strong>nium</strong></span> <span class='ocrx_word' id='word_1_505' title='bbox 437 5149 803 5216; x_wconf 75' lang='lat' dir='ltr'><strong>dimittuntur,</strong></span> <span class='ocrx_word' id='word_1_506' title='bbox 852 5159 905 5207; x_wconf 88' lang='lat' dir='ltr'><strong>et</strong></span> <span class='ocrx_word' id='word_1_507' title='bbox 930 5168 1091 5223; x_wconf 90' lang='lat' dir='ltr'><strong>quem</strong></span> <span class='ocrx_word' id='word_1_508' title='bbox 1127 5153 1325 5224; x_wconf 89' lang='lat' dir='ltr'><strong>accipit</strong></span> <span class='ocrx_word' id='word_1_509' title='bbox 1355 5154 1618 5222; x_wconf 82' lang='lat' dir='ltr'><strong>Ecclesia,</strong></span> <span class='ocrx_word' id='word_1_510' title='bbox 1651 5162 1711 5211; x_wconf 88' lang='lat' dir='ltr'><strong>ut</strong></span> <span class='ocrx_word' id='word_1_511' title='bbox 1740 5154 1824 5211; x_wconf 91' lang='lat' dir='ltr'><strong>cui</strong></span> 
     </span>
    </p>
   </div>
   <div class='ocr_carea' id='block_1_68' title="bbox 245 5240 1829 5323">
    <p class='ocr_par' dir='ltr' id='par_1_68' title="bbox 245 5240 1829 5323">
     <span class='ocr_line' id='line_1_68' title="bbox 245 5240 1829 5323; baseline 0.005 -28"><span class='ocrx_word' id='word_1_512' title='bbox 245 5240 551 5298; x_wconf 84' lang='lat' dir='ltr'><strong>dimiserint</strong></span> <span class='ocrx_word' id='word_1_513' title='bbox 595 5250 815 5323; x_wconf 81' lang='lat' dir='ltr'><strong>peccata</strong></span> <span class='ocrx_word' id='word_1_514' title='bbox 874 5244 1216 5300; x_wconf 82' lang='lat' dir='ltr'><strong>dimittantur</strong></span> <span class='ocrx_word' id='word_1_515' title='bbox 1263 5246 1333 5301; x_wconf 90' lang='lat' dir='ltr'><strong>ei.</strong></span> <span class='ocrx_word' id='word_1_516' title='bbox 1384 5247 1622 5303; x_wconf 70' lang='lat' dir='ltr'><strong>Verbum</strong></span> <span class='ocrx_word' id='word_1_517' title='bbox 1670 5247 1829 5303; x_wconf 85' lang='lat' dir='ltr'><strong>valde</strong></span> 
     </span>
    </p>
   </div>
   <div class='ocr_carea' id='block_1_69' title="bbox 245 5334 1831 5415">
    <p class='ocr_par' dir='ltr' id='par_1_69' title="bbox 245 5334 1831 5415">
     <span class='ocr_line' id='line_1_69' title="bbox 245 5334 1831 5415; baseline 0.009 -27"><span class='ocrx_word' id='word_1_518' title='bbox 245 5334 447 5388; x_wconf 87' lang='lat' dir='ltr'><strong>malum</strong></span> <span class='ocrx_word' id='word_1_519' title='bbox 478 5343 532 5391; x_wconf 90' lang='lat' dir='ltr'><strong>et</strong></span> <span class='ocrx_word' id='word_1_520' title='bbox 554 5336 714 5393; x_wconf 89' lang='lat' dir='ltr'><strong>nimis</strong></span> <span class='ocrx_word' id='word_1_521' title='bbox 744 5339 986 5411; x_wconf 91' lang='lat' dir='ltr'><strong>impium,</strong></span> <span class='ocrx_word' id='word_1_522' title='bbox 1012 5342 1126 5397; x_wconf 90' lang='lat' dir='ltr'><strong>sive</strong></span> <span class='ocrx_word' id='word_1_523' title='bbox 1150 5340 1494 5415; x_wconf 83' lang='lat' dir='ltr'><strong>cogitatione,</strong></span> <span class='ocrx_word' id='word_1_524' title='bbox 1529 5344 1643 5401; x_wconf 91' lang='lat' dir='ltr'><strong>sive</strong></span> <span class='ocrx_word' id='word_1_525' title='bbox 1666 5345 1831 5403; x_wconf 89' lang='lat' dir='ltr'><strong>etiam</strong></span> 
     </span>
    </p>
   </div>
   <div class='ocr_carea' id='block_1_70' title="bbox 245 5420 1832 5513">
    <p class='ocr_par' dir='ltr' id='par_1_70' title="bbox 245 5420 1832 5513">
     <span class='ocr_line' id='line_1_70' title="bbox 245 5420 1832 5513; baseline 0.012 -37"><span class='ocrx_word' id='word_1_526' title='bbox 245 5420 426 5493; x_wconf 79' lang='lat' dir='ltr'><strong>lingua</strong></span> <span class='ocrx_word' id='word_1_527' title='bbox 455 5436 549 5480; x_wconf 89' lang='lat' dir='ltr'><strong>sua</strong></span> <span class='ocrx_word' id='word_1_528' title='bbox 575 5427 704 5483; x_wconf 89' lang='lat' dir='ltr'><strong>dicit</strong></span> <span class='ocrx_word' id='word_1_529' title='bbox 733 5447 744 5484; x_wconf 94' lang='lat'><strong>:</strong></span> <span class='ocrx_word' id='word_1_530' title='bbox 769 5430 939 5498; x_wconf 87' lang='lat' dir='ltr'><strong>Quem</strong></span> <span class='ocrx_word' id='word_1_531' title='bbox 965 5434 1226 5502; x_wconf 84' lang='lat' dir='ltr'><strong>patientia</strong></span> <span class='ocrx_word' id='word_1_532' title='bbox 1268 5435 1363 5493; x_wconf 90' lang='lat' dir='ltr'><strong>Dei</strong></span> <span class='ocrx_word' id='word_1_533' title='bbox 1386 5452 1509 5491; x_wconf 92' lang='lat' dir='ltr'><strong>cum</strong></span> <span class='ocrx_word' id='word_1_534' title='bbox 1550 5438 1618 5494; x_wconf 87' lang='lat' dir='ltr'><strong>ad</strong></span> <span class='ocrx_word' id='word_1_535' title='bbox 1655 5441 1832 5513; x_wconf 63' lang='lat' dir='ltr'><strong>paeni-</strong></span> 
     </span>
    </p>
   </div>
   <div class='ocr_carea' id='block_1_71' title="bbox 248 5515 1832 5595">
    <p class='ocr_par' dir='ltr' id='par_1_71' title="bbox 248 5515 1832 5595">
     <span class='ocr_line' id='line_1_71' title="bbox 248 5515 1832 5595; baseline 0.011 -24"><span class='ocrx_word' id='word_1_536' title='bbox 248 5515 473 5571; x_wconf 83' lang='lat' dir='ltr'><strong>tentiam</strong></span> <span class='ocrx_word' id='word_1_537' title='bbox 500 5519 739 5586; x_wconf 86' lang='lat' dir='ltr'><strong>adducit,</strong></span> <span class='ocrx_word' id='word_1_538' title='bbox 770 5523 881 5593; x_wconf 88' lang='lat' dir='ltr'><strong>ipse</strong></span> <span class='ocrx_word' id='word_1_539' title='bbox 906 5527 1203 5581; x_wconf 88' lang='lat' dir='ltr'><strong>secundum</strong></span> <span class='ocrx_word' id='word_1_540' title='bbox 1243 5528 1500 5585; x_wconf 88' lang='lat' dir='ltr'><strong>duritiam</strong></span> <span class='ocrx_word' id='word_1_541' title='bbox 1546 5532 1726 5595; x_wconf 83' lang='lat' dir='ltr'><strong>cordis</strong></span> <span class='ocrx_word' id='word_1_542' title='bbox 1750 5533 1832 5589; x_wconf 92' lang='lat' dir='ltr'><strong>sui</strong></span> 
     </span>
    </p>
   </div>
   <div class='ocr_carea' id='block_1_72' title="bbox 246 5610 1832 5683">
    <p class='ocr_par' dir='ltr' id='par_1_72' title="bbox 246 5610 1832 5683">
     <span class='ocr_line' id='line_1_72' title="bbox 246 5610 1832 5683; baseline 0.011 -18"><span class='ocrx_word' id='word_1_543' title='bbox 246 5616 302 5665; x_wconf 87' lang='lat' dir='ltr'><strong>et</strong></span> <span class='ocrx_word' id='word_1_544' title='bbox 352 5624 448 5665; x_wconf 90' lang='lat' dir='ltr'><strong>cor</strong></span> <span class='ocrx_word' id='word_1_545' title='bbox 490 5610 834 5680; x_wconf 76' lang='lat' dir='ltr'><strong>imposnitcns</strong></span> <span class='ocrx_word' id='word_1_546' title='bbox 864 5616 1194 5677; x_wconf 82' lang='lat' dir='ltr'><strong>thesaurizat</strong></span> <span class='ocrx_word' id='word_1_547' title='bbox 1227 5621 1326 5677; x_wconf 87' lang='lat' dir='ltr'><strong>sibi</strong></span> <span class='ocrx_word' id='word_1_548' title='bbox 1365 5624 1501 5683; x_wconf 86' lang='lat' dir='ltr'><strong>iram</strong></span> <span class='ocrx_word' id='word_1_549' title='bbox 1542 5624 1596 5680; x_wconf 91' lang='lat' dir='ltr'><strong>in</strong></span> <span class='ocrx_word' id='word_1_550' title='bbox 1627 5626 1717 5682; x_wconf 88' lang='lat' dir='ltr'><strong>die</strong></span> <span class='ocrx_word' id='word_1_551' title='bbox 1737 5628 1832 5683; x_wconf 78' lang='lat' dir='ltr'><strong>irae</strong></span> 
     </span>
    </p>
   </div>
   <div class='ocr_carea' id='block_1_73' title="bbox 248 5701 1831 5793">
    <p class='ocr_par' dir='ltr' id='par_1_73' title="bbox 248 5701 1831 5793">
     <span class='ocr_line' id='line_1_73' title="bbox 248 5701 1831 5793; baseline 0.014 -38"><span class='ocrx_word' id='word_1_552' title='bbox 248 5706 304 5755; x_wconf 87' lang='lat' dir='ltr'><strong>et</strong></span> <span class='ocrx_word' id='word_1_553' title='bbox 335 5701 679 5759; x_wconf 87' lang='lat' dir='ltr'><strong>rcvclationis</strong></span> <span class='ocrx_word' id='word_1_554' title='bbox 701 5703 832 5777; x_wconf 79' lang='lat' dir='ltr'><strong>justi</strong></span> <span class='ocrx_word' id='word_1_555' title='bbox 849 5708 1038 5779; x_wconf 89' lang='lat' dir='ltr'><strong>judicii</strong></span> <span class='ocrx_word' id='word_1_556' title='bbox 1073 5709 1297 5785; x_wconf 87' lang='lat' dir='ltr'><strong>Dei,qni</strong></span> <span class='ocrx_word' id='word_1_557' title='bbox 1322 5717 1511 5773; x_wconf 83' lang='lat' dir='ltr'><strong>reddet</strong></span> <span class='ocrx_word' id='word_1_558' title='bbox 1540 5721 1831 5793; x_wconf 84' lang='lat' dir='ltr'><strong>unicuique</strong></span> 
     </span>
    </p>
   </div>
   <div class='ocr_carea' id='block_1_74' title="bbox 248 5794 1835 5883">
    <p class='ocr_par' dir='ltr' id='par_1_74' title="bbox 248 5794 1835 5883">
     <span class='ocr_line' id='line_1_74' title="bbox 248 5794 1835 5883; baseline 0.013 -32"><span class='ocrx_word' id='word_1_559' title='bbox 248 5794 543 5851; x_wconf 85' lang='lat' dir='ltr'><strong>secundum</strong></span> <span class='ocrx_word' id='word_1_560' title='bbox 593 5813 757 5870; x_wconf 88' lang='lat' dir='ltr'><strong>opera</strong></span> <span class='ocrx_word' id='word_1_561' title='bbox 788 5800 922 5871; x_wconf 86' lang='lat' dir='ltr'><strong>ejus.</strong></span> <span class='ocrx_word' id='word_1_562' title='bbox 959 5800 1084 5859; x_wconf 80' lang='lat' dir='ltr'><strong>Haec</strong></span> <span class='ocrx_word' id='word_1_563' title='bbox 1109 5808 1239 5883; x_wconf 75' lang='lat' dir='ltr'><strong>ergo</strong></span> <span class='ocrx_word' id='word_1_564' title='bbox 1289 5808 1709 5881; x_wconf 70' lang='lat' dir='ltr'><strong>impcenitentia,</strong></span> <span class='ocrx_word' id='word_1_565' title='bbox 1755 5815 1835 5872; x_wconf 90' lang='lat' dir='ltr'><strong>sic</strong></span> 
     </span>
    </p>
   </div>
   <div class='ocr_carea' id='block_1_75' title="bbox 247 5888 1809 5992">
    <p class='ocr_par' dir='ltr' id='par_1_75' title="bbox 247 5888 1809 5992">
     <span class='ocr_line' id='line_1_75' title="bbox 247 5888 1809 5992; baseline 0.007 -33"><span class='ocrx_word' id='word_1_566' title='bbox 247 5888 393 5959; x_wconf 65' lang='lat' dir='ltr'><strong>enim</strong></span> <span class='ocrx_word' id='word_1_567' title='bbox 421 5904 530 5970; x_wconf 81' lang='lat' dir='ltr'><strong>uno</strong></span> <span class='ocrx_word' id='word_1_568' title='bbox 555 5891 735 5977; x_wconf 83' lang='lat' dir='ltr'><strong>aliquo</strong></span> <span class='ocrx_word' id='word_1_569' title='bbox 774 5894 993 5957; x_wconf 86' lang='lat' dir='ltr'><strong>nomine</strong></span> <span class='ocrx_word' id='word_1_570' title='bbox 1021 5908 1309 5983; x_wconf 80' lang='lat' dir='ltr'><strong>possumus</strong></span> <span class='ocrx_word' id='word_1_571' title='bbox 1348 5911 1623 5985; x_wconf 79' lang='lat' dir='ltr'><strong>utcunque</strong></span> <span class='ocrx_word' id='word_1_572' title='bbox 1651 5907 1809 5992; x_wconf 79' lang='lat' dir='ltr'><strong>appei</strong></span> 
     </span>
    </p>
   </div>
   <div class='ocr_carea' id='block_1_76' title="bbox 1916 2025 3506 2096">
    <p class='ocr_par' dir='ltr' id='par_1_76' title="bbox 1916 2025 3506 2096">
     <span class='ocr_line' id='line_1_76' title="bbox 1916 2025 3506 2096; baseline -0.001 -15"><span class='ocrx_word' id='word_1_573' title='bbox 1916 2025 2021 2081; x_wconf 78' lang='lat' dir='ltr'><strong>ista</strong></span> <span class='ocrx_word' id='word_1_574' title='bbox 2090 2025 2489 2096; x_wconf 68' lang='lat' dir='ltr'><strong>impmnitentia</strong></span> <span class='ocrx_word' id='word_1_575' title='bbox 2552 2025 2639 2081; x_wconf 88' lang='lat' dir='ltr'><strong>vel</strong></span> <span class='ocrx_word' id='word_1_576' title='bbox 2691 2041 2787 2082; x_wconf 87' lang='lat' dir='ltr'><strong>cor</strong></span> <span class='ocrx_word' id='word_1_577' title='bbox 2843 2025 3209 2096; x_wconf 78' lang='lat' dir='ltr'><strong>impccoitens,</strong></span> <span class='ocrx_word' id='word_1_578' title='bbox 3265 2025 3506 2095; x_wconf 88' lang='lat' dir='ltr'><strong>quandin</strong></span> 
     </span>
    </p>
   </div>
   <div class='ocr_carea' id='block_1_77' title="bbox 1915 2114 3507 2189">
    <p class='ocr_par' dir='ltr' id='par_1_77' title="bbox 1915 2114 3507 2189">
     <span class='ocr_line' id='line_1_77' title="bbox 1915 2114 3507 2189; baseline 0.004 -18"><span class='ocrx_word' id='word_1_579' title='bbox 1915 2117 2142 2187; x_wconf 81' lang='lat' dir='ltr'><strong>quisque</strong></span> <span class='ocrx_word' id='word_1_580' title='bbox 2182 2119 2235 2172; x_wconf 92' lang='lat' dir='ltr'><strong>in</strong></span> <span class='ocrx_word' id='word_1_581' title='bbox 2266 2119 2368 2173; x_wconf 88' lang='lat' dir='ltr'><strong>hac</strong></span> <span class='ocrx_word' id='word_1_582' title='bbox 2395 2128 2562 2173; x_wconf 81' lang='lat' dir='ltr'><strong>carne</strong></span> <span class='ocrx_word' id='word_1_583' title='bbox 2608 2118 2745 2173; x_wconf 87' lang='lat' dir='ltr'><strong>vivit</strong></span> <span class='ocrx_word' id='word_1_584' title='bbox 2772 2114 2881 2173; x_wconf 81' lang='lat' dir='ltr'><strong>bon</strong></span> <span class='ocrx_word' id='word_1_585' title='bbox 2918 2128 3097 2189; x_wconf 85' lang='lat' dir='ltr'><strong>potest</strong></span> <span class='ocrx_word' id='word_1_586' title='bbox 3134 2117 3394 2189; x_wconf 64' lang='lat' dir='ltr'><strong>indicari.</strong></span> <span class='ocrx_word' id='word_1_587' title='bbox 3428 2117 3507 2177; x_wconf 83' lang='lat' dir='ltr'><strong>De</strong></span> 
     </span>
    </p>
   </div>
   <div class='ocr_carea' id='block_1_78' title="bbox 1914 2208 3506 2281">
    <p class='ocr_par' dir='ltr' id='par_1_78' title="bbox 1914 2208 3506 2281">
     <span class='ocr_line' id='line_1_78' title="bbox 1914 2208 3506 2281; baseline 0.001 -18"><span class='ocrx_word' id='word_1_588' title='bbox 1914 2208 2063 2263; x_wconf 78' lang='lat' dir='ltr'><strong>nullo</strong></span> <span class='ocrx_word' id='word_1_589' title='bbox 2091 2209 2238 2262; x_wconf 87' lang='lat' dir='ltr'><strong>enim</strong></span> <span class='ocrx_word' id='word_1_590' title='bbox 2272 2208 2670 2279; x_wconf 83' lang='lat' dir='ltr'><strong>desperandum</strong></span> <span class='ocrx_word' id='word_1_591' title='bbox 2701 2220 2808 2274; x_wconf 89' lang='lat' dir='ltr'><strong>est,</strong></span> <span class='ocrx_word' id='word_1_592' title='bbox 2854 2209 3091 2278; x_wconf 81' lang='lat' dir='ltr'><strong>quandiu</strong></span> <span class='ocrx_word' id='word_1_593' title='bbox 3120 2209 3380 2281; x_wconf 82' lang='lat' dir='ltr'><strong>patientia</strong></span> <span class='ocrx_word' id='word_1_594' title='bbox 3409 2210 3506 2265; x_wconf 87' lang='lat' dir='ltr'><strong>Dei</strong></span> 
     </span>
    </p>
   </div>
   <div class='ocr_carea' id='block_1_79' title="bbox 1916 2300 3508 2373">
    <p class='ocr_par' dir='ltr' id='par_1_79' title="bbox 1916 2300 3508 2373">
     <span class='ocr_line' id='line_1_79' title="bbox 1916 2300 3508 2373; baseline 0.001 -16"><span class='ocrx_word' id='word_1_595' title='bbox 1916 2300 1985 2357; x_wconf 90' lang='lat' dir='ltr'><strong>ad</strong></span> <span class='ocrx_word' id='word_1_596' title='bbox 2018 2302 2397 2372; x_wconf 65' lang='lat' dir='ltr'><strong>paenitentiam</strong></span> <span class='ocrx_word' id='word_1_597' title='bbox 2431 2302 2669 2357; x_wconf 88' lang='lat' dir='ltr'><strong>adducit.</strong></span> <span class='ocrx_word' id='word_1_598' title='bbox 2703 2300 2813 2357; x_wconf 80' lang='lat' dir='ltr'><strong>Nec</strong></span> <span class='ocrx_word' id='word_1_599' title='bbox 2839 2301 2905 2357; x_wconf 84' lang='lat' dir='ltr'><strong>de</strong></span> <span class='ocrx_word' id='word_1_600' title='bbox 2953 2302 3053 2357; x_wconf 89' lang='lat' dir='ltr'><strong>hac</strong></span> <span class='ocrx_word' id='word_1_601' title='bbox 3084 2303 3193 2357; x_wconf 90' lang='lat' dir='ltr'><strong>vita</strong></span> <span class='ocrx_word' id='word_1_602' title='bbox 3238 2303 3379 2373; x_wconf 86' lang='lat' dir='ltr'><strong>rapit</strong></span> <span class='ocrx_word' id='word_1_603' title='bbox 3407 2302 3508 2360; x_wconf 82' lang='lat' dir='ltr'><strong>im~</strong></span> 
     </span>
    </p>
   </div>
   <div class='ocr_carea' id='block_1_80' title="bbox 1914 2380 3510 2466">
    <p class='ocr_par' dir='ltr' id='par_1_80' title="bbox 1914 2380 3510 2466">
     <span class='ocr_line' id='line_1_80' title="bbox 1914 2380 3510 2466; baseline 0.001 -17"><span class='ocrx_word' id='word_1_604' title='bbox 1914 2395 2083 2465; x_wconf 74' lang='lat' dir='ltr'><strong>pium;</strong></span> <span class='ocrx_word' id='word_1_605' title='bbox 2108 2395 2199 2466; x_wconf 83' lang='lat' dir='ltr'><strong>qui</strong></span> <span class='ocrx_word' id='word_1_606' title='bbox 2223 2404 2330 2450; x_wconf 84' lang='lat' dir='ltr'><strong>non</strong></span> <span class='ocrx_word' id='word_1_607' title='bbox 2353 2395 2465 2450; x_wconf 90' lang='lat' dir='ltr'><strong>vttlt</strong></span> <span class='ocrx_word' id='word_1_608' title='bbox 2486 2402 2715 2450; x_wconf 89' lang='lat' dir='ltr'><strong>mortem</strong></span> <span class='ocrx_word' id='word_1_609' title='bbox 2739 2380 2891 2465; x_wconf 79' lang='lat' dir='ltr'><strong>impii</strong></span> <span class='ocrx_word' id='word_1_610' title='bbox 2913 2402 3174 2465; x_wconf 84' lang='lat' dir='ltr'><strong>quantum</strong></span> <span class='ocrx_word' id='word_1_611' title='bbox 3202 2398 3510 2450; x_wconf 81' lang='lat' dir='ltr'><strong>revertatur</strong></span> 
     </span>
    </p>
   </div>
   <div class='ocr_carea' id='block_1_81' title="bbox 1915 2484 3503 2558">
    <p class='ocr_par' dir='ltr' id='par_1_81' title="bbox 1915 2484 3503 2558">
     <span class='ocr_line' id='line_1_81' title="bbox 1915 2484 3503 2558; baseline -0.001 -17"><span class='ocrx_word' id='word_1_612' title='bbox 1915 2490 1969 2541; x_wconf 91' lang='lat' dir='ltr'><strong>et</strong></span> <span class='ocrx_word' id='word_1_613' title='bbox 1995 2487 2158 2541; x_wconf 71' lang='lat' dir='ltr'><strong>vitat.</strong></span> <span class='ocrx_word' id='word_1_614' title='bbox 2191 2486 2440 2558; x_wconf 83' lang='lat' dir='ltr'><strong>Paganus</strong></span> <span class='ocrx_word' id='word_1_615' title='bbox 2465 2494 2549 2542; x_wconf 87' lang='lat' dir='ltr'><strong>est</strong></span> <span class='ocrx_word' id='word_1_616' title='bbox 2571 2484 2752 2551; x_wconf 86' lang='lat' dir='ltr'><strong>hodie,</strong></span> <span class='ocrx_word' id='word_1_617' title='bbox 2785 2496 2890 2541; x_wconf 89' lang='lat' dir='ltr'><strong>non</strong></span> <span class='ocrx_word' id='word_1_618' title='bbox 2917 2487 3025 2541; x_wconf 86' lang='lat' dir='ltr'><strong>scis</strong></span> <span class='ocrx_word' id='word_1_619' title='bbox 3055 2491 3234 2540; x_wconf 86' lang='lat' dir='ltr'><strong>utrum</strong></span> <span class='ocrx_word' id='word_1_620' title='bbox 3263 2486 3334 2541; x_wconf 88' lang='lat' dir='ltr'><strong>sit</strong></span> <span class='ocrx_word' id='word_1_621' title='bbox 3360 2484 3503 2540; x_wconf 58' lang='lat' dir='ltr'><strong>nitu.</strong></span> 
     </span>
    </p>
   </div>
   <div class='ocr_carea' id='block_1_82' title="bbox 1916 2575 3500 2644">
    <p class='ocr_par' dir='ltr' id='par_1_82' title="bbox 1916 2575 3500 2644">
     <span class='ocr_line' id='line_1_82' title="bbox 1916 2575 3500 2644; baseline -0.001 -13"><span class='ocrx_word' id='word_1_622' title='bbox 1916 2588 2011 2632; x_wconf 86' lang='lat' dir='ltr'><strong>rus</strong></span> <span class='ocrx_word' id='word_1_623' title='bbox 2034 2578 2275 2633; x_wconf 83' lang='lat' dir='ltr'><strong>crastino</strong></span> <span class='ocrx_word' id='word_1_624' title='bbox 2303 2575 2670 2633; x_wconf 86' lang='lat' dir='ltr'><strong>Christianus.</strong></span> <span class='ocrx_word' id='word_1_625' title='bbox 2704 2576 2923 2632; x_wconf 65' lang='lat' dir='ltr'><strong>intimus</strong></span> <span class='ocrx_word' id='word_1_626' title='bbox 2952 2576 3185 2632; x_wconf 87' lang='lat' dir='ltr'><strong>iniidelis</strong></span> <span class='ocrx_word' id='word_1_627' title='bbox 3206 2584 3291 2632; x_wconf 90' lang='lat' dir='ltr'><strong>est</strong></span> <span class='ocrx_word' id='word_1_628' title='bbox 3320 2576 3500 2644; x_wconf 86' lang='lat' dir='ltr'><strong>hodie,</strong></span> 
     </span>
    </p>
   </div>
   <div class='ocr_carea' id='block_1_83' title="bbox 1916 2666 3509 2741">
    <p class='ocr_par' dir='ltr' id='par_1_83' title="bbox 1916 2666 3509 2741">
     <span class='ocr_line' id='line_1_83' title="bbox 1916 2666 3509 2741; baseline 0.002 -19"><span class='ocrx_word' id='word_1_629' title='bbox 1916 2670 2045 2741; x_wconf 82' lang='lat' dir='ltr'><strong>quid</strong></span> <span class='ocrx_word' id='word_1_630' title='bbox 2087 2670 2132 2725; x_wconf 83' lang='lat' dir='ltr'><strong>si</strong></span> <span class='ocrx_word' id='word_1_631' title='bbox 2181 2684 2306 2725; x_wconf 88' lang='lat' dir='ltr'><strong>cras</strong></span> <span class='ocrx_word' id='word_1_632' title='bbox 2329 2666 2503 2725; x_wconf 84' lang='lat' dir='ltr'><strong>credit</strong></span> <span class='ocrx_word' id='word_1_633' title='bbox 2530 2669 2585 2724; x_wconf 87' lang='lat' dir='ltr'><strong>in</strong></span> <span class='ocrx_word' id='word_1_634' title='bbox 2613 2668 2928 2725; x_wconf 76' lang='lat' dir='ltr'><strong>Christum?</strong></span> <span class='ocrx_word' id='word_1_635' title='bbox 2955 2670 3254 2726; x_wconf 73' lang='lat' dir='ltr'><strong>[hereticus</strong></span> <span class='ocrx_word' id='word_1_636' title='bbox 3299 2679 3383 2724; x_wconf 82' lang='lat' dir='ltr'><strong>est</strong></span> <span class='ocrx_word' id='word_1_637' title='bbox 3408 2670 3509 2725; x_wconf 86' lang='lat' dir='ltr'><strong>ho-</strong></span> 
     </span>
    </p>
   </div>
   <div class='ocr_carea' id='block_1_84' title="bbox 1917 2761 3511 2833">
    <p class='ocr_par' dir='ltr' id='par_1_84' title="bbox 1917 2761 3511 2833">
     <span class='ocr_line' id='line_1_84' title="bbox 1917 2761 3511 2833; baseline -0.002 -15"><span class='ocrx_word' id='word_1_638' title='bbox 1917 2763 2026 2829; x_wconf 65' lang='lat' dir='ltr'><strong>die;</strong></span> <span class='ocrx_word' id='word_1_639' title='bbox 2058 2763 2186 2833; x_wconf 85' lang='lat' dir='ltr'><strong>quid</strong></span> <span class='ocrx_word' id='word_1_640' title='bbox 2226 2764 2270 2819; x_wconf 88' lang='lat' dir='ltr'><strong>si</strong></span> <span class='ocrx_word' id='word_1_641' title='bbox 2334 2776 2459 2818; x_wconf 87' lang='lat' dir='ltr'><strong>cras</strong></span> <span class='ocrx_word' id='word_1_642' title='bbox 2506 2769 2767 2833; x_wconf 84' lang='lat' dir='ltr'><strong>sequetur</strong></span> <span class='ocrx_word' id='word_1_643' title='bbox 2810 2762 3136 2817; x_wconf 86' lang='lat' dir='ltr'><strong>catholicam</strong></span> <span class='ocrx_word' id='word_1_644' title='bbox 3194 2761 3511 2816; x_wconf 78' lang='lat' dir='ltr'><strong>veritatem?</strong></span> 
     </span>
    </p>
   </div>
   <div class='ocr_carea' id='block_1_85' title="bbox 1918 2851 3512 2924">
    <p class='ocr_par' dir='ltr' id='par_1_85' title="bbox 1918 2851 3512 2924">
     <span class='ocr_line' id='line_1_85' title="bbox 1918 2851 3512 2924; baseline -0.003 -15"><span class='ocrx_word' id='word_1_645' title='bbox 1918 2852 2310 2910; x_wconf 81' lang='lat' dir='ltr'><strong>Schismaticus</strong></span> <span class='ocrx_word' id='word_1_646' title='bbox 2360 2861 2444 2908; x_wconf 89' lang='lat' dir='ltr'><strong>est</strong></span> <span class='ocrx_word' id='word_1_647' title='bbox 2476 2853 2656 2918; x_wconf 88' lang='lat' dir='ltr'><strong>hodie,</strong></span> <span class='ocrx_word' id='word_1_648' title='bbox 2704 2853 2836 2924; x_wconf 88' lang='lat' dir='ltr'><strong>quid</strong></span> <span class='ocrx_word' id='word_1_649' title='bbox 2894 2851 2940 2908; x_wconf 84' lang='lat' dir='ltr'><strong>si</strong></span> <span class='ocrx_word' id='word_1_650' title='bbox 2983 2864 3104 2908; x_wconf 84' lang='lat' dir='ltr'><strong>cras</strong></span> <span class='ocrx_word' id='word_1_651' title='bbox 3151 2852 3512 2922; x_wconf 85' lang='lat' dir='ltr'><strong>amplectetur</strong></span> 
     </span>
    </p>
   </div>
   <div class='ocr_carea' id='block_1_86' title="bbox 1917 2936 3512 3018">
    <p class='ocr_par' dir='ltr' id='par_1_86' title="bbox 1917 2936 3512 3018">
     <span class='ocr_line' id='line_1_86' title="bbox 1917 2936 3512 3018; baseline -0.002 -16"><span class='ocrx_word' id='word_1_652' title='bbox 1917 2936 2245 3003; x_wconf 87' lang='lat' dir='ltr'><strong>catholicam</strong></span> <span class='ocrx_word' id='word_1_653' title='bbox 2276 2945 2503 3017; x_wconf 79' lang='lat' dir='ltr'><strong>pacem?</strong></span> <span class='ocrx_word' id='word_1_654' title='bbox 2531 2946 2673 3014; x_wconf 82' lang='lat' dir='ltr'><strong>Quid</strong></span> <span class='ocrx_word' id='word_1_655' title='bbox 2706 2946 2751 3002; x_wconf 92' lang='lat' dir='ltr'><strong>si</strong></span> <span class='ocrx_word' id='word_1_656' title='bbox 2805 2942 2895 3001; x_wconf 89' lang='lat' dir='ltr'><strong>isti</strong></span> <span class='ocrx_word' id='word_1_657' title='bbox 2933 2950 3070 3017; x_wconf 83' lang='lat' dir='ltr'><strong>quos</strong></span> <span class='ocrx_word' id='word_1_658' title='bbox 3098 2946 3154 3018; x_wconf 79' lang='lat' dir='ltr'><strong>ip</strong></span> <span class='ocrx_word' id='word_1_659' title='bbox 3184 2952 3512 3015; x_wconf 84' lang='lat' dir='ltr'><strong>quocunque</strong></span> 
     </span>
    </p>
   </div>
   <div class='ocr_carea' id='block_1_87' title="bbox 1916 3034 3513 3111">
    <p class='ocr_par' dir='ltr' id='par_1_87' title="bbox 1916 3034 3513 3111">
     <span class='ocr_line' id='line_1_87' title="bbox 1916 3034 3513 3111; baseline -0.003 -17"><span class='ocrx_word' id='word_1_660' title='bbox 1916 3042 2115 3111; x_wconf 74' lang='lat' dir='ltr'><strong>genere</strong></span> <span class='ocrx_word' id='word_1_661' title='bbox 2156 3036 2364 3094; x_wconf 90' lang='lat' dir='ltr'><strong>erroris</strong></span> <span class='ocrx_word' id='word_1_662' title='bbox 2416 3045 2599 3104; x_wconf 88' lang='lat' dir='ltr'><strong>notas,</strong></span> <span class='ocrx_word' id='word_1_663' title='bbox 2653 3042 2707 3094; x_wconf 90' lang='lat' dir='ltr'><strong>et</strong></span> <span class='ocrx_word' id='word_1_664' title='bbox 2734 3034 2995 3107; x_wconf 79' lang='lat' dir='ltr'><strong>tanquam</strong></span> <span class='ocrx_word' id='word_1_665' title='bbox 3037 3035 3513 3106; x_wconf 82' lang='lat' dir='ltr'><strong>desperatissimos</strong></span> 
     </span>
    </p>
   </div>
   <div class='ocr_carea' id='block_1_88' title="bbox 1918 3129 3514 3203">
    <p class='ocr_par' dir='ltr' id='par_1_88' title="bbox 1918 3129 3514 3203">
     <span class='ocr_line' id='line_1_88' title="bbox 1918 3129 3514 3203; baseline -0.004 -15"><span class='ocrx_word' id='word_1_666' title='bbox 1918 3130 2079 3188; x_wconf 89' lang='lat' dir='ltr'><strong>modo</strong></span> <span class='ocrx_word' id='word_1_667' title='bbox 2108 3132 2359 3200; x_wconf 80' lang='lat' dir='ltr'><strong>damnas,</strong></span> <span class='ocrx_word' id='word_1_668' title='bbox 2394 3138 2689 3203; x_wconf 86' lang='lat' dir='ltr'><strong>antequam</strong></span> <span class='ocrx_word' id='word_1_669' title='bbox 2719 3129 2911 3186; x_wconf 79' lang='lat' dir='ltr'><strong>ﬁniant</strong></span> <span class='ocrx_word' id='word_1_670' title='bbox 2934 3130 3095 3185; x_wconf 82' lang='lat' dir='ltr'><strong>istam</strong></span> <span class='ocrx_word' id='word_1_671' title='bbox 3129 3130 3319 3193; x_wconf 80' lang='lat' dir='ltr'><strong>vitam,</strong></span> <span class='ocrx_word' id='word_1_672' title='bbox 3348 3133 3514 3201; x_wconf 74' lang='lat' dir='ltr'><strong>agant</strong></span> 
     </span>
    </p>
   </div>
   <div class='ocr_carea' id='block_1_89' title="bbox 1917 3212 3513 3295">
    <p class='ocr_par' dir='ltr' id='par_1_89' title="bbox 1917 3212 3513 3295">
     <span class='ocr_line' id='line_1_89' title="bbox 1917 3212 3513 3295; baseline -0.001 -16"><span class='ocrx_word' id='word_1_673' title='bbox 1917 3223 2315 3295; x_wconf 67' lang='lat' dir='ltr'><strong>paenitentiam,</strong></span> <span class='ocrx_word' id='word_1_674' title='bbox 2346 3228 2403 3279; x_wconf 92' lang='lat' dir='ltr'><strong>et</strong></span> <span class='ocrx_word' id='word_1_675' title='bbox 2433 3224 2717 3279; x_wconf 89' lang='lat' dir='ltr'><strong>inveniunt</strong></span> <span class='ocrx_word' id='word_1_676' title='bbox 2743 3222 2929 3278; x_wconf 82' lang='lat' dir='ltr'><strong>veram</strong></span> <span class='ocrx_word' id='word_1_677' title='bbox 2964 3212 3170 3277; x_wconf 68' lang='lat' dir='ltr'><strong>vitant?</strong></span> <span class='ocrx_word' id='word_1_678' title='bbox 3200 3220 3513 3277; x_wconf 80' lang='lat' dir='ltr'><strong>Misericors</strong></span> 
     </span>
    </p>
   </div>
   <div class='ocr_carea' id='block_1_90' title="bbox 1919 3314 3514 3386">
    <p class='ocr_par' dir='ltr' id='par_1_90' title="bbox 1919 3314 3514 3386">
     <span class='ocr_line' id='line_1_90' title="bbox 1919 3314 3514 3386; baseline 0.001 -16"><span class='ocrx_word' id='word_1_679' title='bbox 1919 3316 2062 3371; x_wconf 85' lang='lat' dir='ltr'><strong>enim</strong></span> <span class='ocrx_word' id='word_1_680' title='bbox 2093 3322 2177 3371; x_wconf 86' lang='lat' dir='ltr'><strong>est</strong></span> <span class='ocrx_word' id='word_1_681' title='bbox 2220 3314 2500 3374; x_wconf 88' lang='lat' dir='ltr'><strong>Dominus.</strong></span> <span class='ocrx_word' id='word_1_682' title='bbox 2531 3321 2587 3371; x_wconf 92' lang='lat' dir='ltr'><strong>et</strong></span> <span class='ocrx_word' id='word_1_683' title='bbox 2624 3315 2916 3371; x_wconf 84' lang='lat' dir='ltr'><strong>miserator</strong></span> <span class='ocrx_word' id='word_1_684' title='bbox 2935 3316 3171 3386; x_wconf 88' lang='lat' dir='ltr'><strong>patiens,</strong></span> <span class='ocrx_word' id='word_1_685' title='bbox 3198 3322 3253 3371; x_wconf 89' lang='lat' dir='ltr'><strong>et</strong></span> <span class='ocrx_word' id='word_1_686' title='bbox 3282 3314 3514 3371; x_wconf 86' lang='lat' dir='ltr'><strong>multum</strong></span> 
     </span>
    </p>
   </div>
   <div class='ocr_carea' id='block_1_91' title="bbox 1917 3406 3512 3479">
    <p class='ocr_par' dir='ltr' id='par_1_91' title="bbox 1917 3406 3512 3479">
     <span class='ocr_line' id='line_1_91' title="bbox 1917 3406 3512 3479; baseline 0.001 -16"><span class='ocrx_word' id='word_1_687' title='bbox 1917 3407 2254 3475; x_wconf 87' lang='lat' dir='ltr'><strong>misericors,</strong></span> <span class='ocrx_word' id='word_1_688' title='bbox 2304 3407 2371 3464; x_wconf 89' lang='lat' dir='ltr'><strong>de</strong></span> <span class='ocrx_word' id='word_1_689' title='bbox 2398 3406 2552 3478; x_wconf 70' lang='lat' dir='ltr'><strong>cuius</strong></span> <span class='ocrx_word' id='word_1_690' title='bbox 2583 3407 2959 3464; x_wconf 75' lang='lat' dir='ltr'><strong>misericordia</strong></span> <span class='ocrx_word' id='word_1_691' title='bbox 3004 3410 3279 3478; x_wconf 65' lang='lat' dir='ltr'><strong>iiiihttuant</strong></span> <span class='ocrx_word' id='word_1_692' title='bbox 3316 3406 3512 3479; x_wconf 83' lang='lat' dir='ltr'><strong>despe—</strong></span> 
     </span>
    </p>
   </div>
   <div class='ocr_carea' id='block_1_92' title="bbox 1917 3498 3511 3572">
    <p class='ocr_par' dir='ltr' id='par_1_92' title="bbox 1917 3498 3511 3572">
     <span class='ocr_line' id='line_1_92' title="bbox 1917 3498 3511 3572; baseline -0.001 -16"><span class='ocrx_word' id='word_1_693' title='bbox 1917 3498 2170 3556; x_wconf 76' lang='lat' dir='ltr'><strong>randum.</strong></span> <span class='ocrx_word' id='word_1_694' title='bbox 2205 3499 2361 3557; x_wconf 87' lang='lat' dir='ltr'><strong>Unde</strong></span> <span class='ocrx_word' id='word_1_695' title='bbox 2385 3500 2652 3556; x_wconf 79' lang='lat' dir='ltr'><strong>Jeremias</strong></span> <span class='ocrx_word' id='word_1_696' title='bbox 2682 3503 2972 3572; x_wconf 80' lang='lat' dir='ltr'><strong>praphcta,</strong></span> <span class='ocrx_word' id='word_1_697' title='bbox 3005 3516 3076 3556; x_wconf 87' lang='lat' dir='ltr'><strong>ne</strong></span> <span class='ocrx_word' id='word_1_698' title='bbox 3104 3502 3356 3571; x_wconf 84' lang='lat' dir='ltr'><strong>putenius</strong></span> <span class='ocrx_word' id='word_1_699' title='bbox 3382 3516 3511 3557; x_wconf 89' lang='lat' dir='ltr'><strong>cru-</strong></span> 
     </span>
    </p>
   </div>
   <div class='ocr_carea' id='block_1_93' title="bbox 1920 3592 3512 3663">
    <p class='ocr_par' dir='ltr' id='par_1_93' title="bbox 1920 3592 3512 3663">
     <span class='ocr_line' id='line_1_93' title="bbox 1920 3592 3512 3663; baseline -0.001 -15"><span class='ocrx_word' id='word_1_700' title='bbox 1920 3592 2194 3648; x_wconf 85' lang='lat' dir='ltr'><strong>delitatem</strong></span> <span class='ocrx_word' id='word_1_701' title='bbox 2227 3592 2346 3657; x_wconf 89' lang='lat' dir='ltr'><strong>Dei,</strong></span> <span class='ocrx_word' id='word_1_702' title='bbox 2378 3592 2469 3661; x_wconf 90' lang='lat' dir='ltr'><strong>qni</strong></span> <span class='ocrx_word' id='word_1_703' title='bbox 2520 3606 2589 3646; x_wconf 91' lang='lat' dir='ltr'><strong>ne</strong></span> <span class='ocrx_word' id='word_1_704' title='bbox 2636 3593 2816 3662; x_wconf 80' lang='lat' dir='ltr'><strong>rogari</strong></span> <span class='ocrx_word' id='word_1_705' title='bbox 2846 3592 3065 3663; x_wconf 88' lang='lat' dir='ltr'><strong>quidem</strong></span> <span class='ocrx_word' id='word_1_706' title='bbox 3107 3604 3167 3646; x_wconf 89' lang='lat' dir='ltr'><strong>se</strong></span> <span class='ocrx_word' id='word_1_707' title='bbox 3205 3592 3512 3663; x_wconf 87' lang='lat' dir='ltr'><strong>permittat,</strong></span> 
     </span>
    </p>
   </div>
   <div class='ocr_carea' id='block_1_94' title="bbox 1919 3680 3125 3749">
    <p class='ocr_par' dir='ltr' id='par_1_94' title="bbox 1919 3680 3125 3749">
     <span class='ocr_line' id='line_1_94' title="bbox 1919 3680 3125 3749; baseline 0.001 -13"><span class='ocrx_word' id='word_1_708' title='bbox 1919 3680 2095 3736; x_wconf 77' lang='lat' dir='ltr'><strong>reddit</strong></span> <span class='ocrx_word' id='word_1_709' title='bbox 2122 3686 2317 3736; x_wconf 71' lang='lat' dir='ltr'><strong>Causas</strong></span> <span class='ocrx_word' id='word_1_710' title='bbox 2336 3692 2436 3736; x_wconf 87' lang='lat' dir='ltr'><strong>cur</strong></span> <span class='ocrx_word' id='word_1_711' title='bbox 2460 3695 2567 3735; x_wconf 90' lang='lat' dir='ltr'><strong>non</strong></span> <span class='ocrx_word' id='word_1_712' title='bbox 2590 3682 2865 3749; x_wconf 78' lang='lat' dir='ltr'><strong>exaudiat,</strong></span> <span class='ocrx_word' id='word_1_713' title='bbox 2892 3681 3080 3737; x_wconf 85' lang='lat' dir='ltr'><strong>dicens</strong></span> <span class='ocrx_word' id='word_1_714' title='bbox 3111 3699 3125 3736; x_wconf 92' lang='lat'><strong>:</strong></span> 
     </span>
    </p>
   </div>
   <div class='ocr_carea' id='block_1_95' title="bbox 1996 3778 3517 3873">
    <p class='ocr_par' dir='ltr' id='par_1_95' title="bbox 1996 3778 3517 3873">
     <span class='ocr_line' id='line_1_95' title="bbox 1996 3778 3517 3873; baseline 0.003 -27"><span class='ocrx_word' id='word_1_715' title='bbox 1996 3814 2015 3846; x_wconf 75' lang='grc' dir='ltr'><strong>ι</strong></span> <span class='ocrx_word' id='word_1_716' title='bbox 2051 3792 2242 3873; x_wconf 66' lang='lat' dir='ltr'><strong>Nonne</strong></span> <span class='ocrx_word' id='word_1_717' title='bbox 2269 3792 2420 3863; x_wconf 83' lang='lat' dir='ltr'><strong>vides</strong></span> <span class='ocrx_word' id='word_1_718' title='bbox 2452 3792 2580 3867; x_wconf 89' lang='lat' dir='ltr'><strong>quid</strong></span> <span class='ocrx_word' id='word_1_719' title='bbox 2615 3795 2705 3851; x_wconf 90' lang='lat' dir='ltr'><strong>isti</strong></span> <span class='ocrx_word' id='word_1_720' title='bbox 2732 3794 2935 3852; x_wconf 81' lang='lat' dir='ltr'><strong>faciunt</strong></span> <span class='ocrx_word' id='word_1_721' title='bbox 2966 3796 3018 3850; x_wconf 93' lang='lat' dir='ltr'><strong>in</strong></span> <span class='ocrx_word' id='word_1_722' title='bbox 3044 3778 3356 3851; x_wconf 76' lang='lat' dir='ltr'><strong>civitatibus</strong></span> <span class='ocrx_word' id='word_1_723' title='bbox 3379 3786 3517 3851; x_wconf 70' lang='grc' dir='ltr'>ιιιάά</span> 
     </span>
    </p>
   </div>
   <div class='ocr_carea' id='block_1_96' title="bbox 1926 3876 3516 3959">
    <p class='ocr_par' dir='ltr' id='par_1_96' title="bbox 1926 3876 3516 3959">
     <span class='ocr_line' id='line_1_96' title="bbox 1926 3876 3516 3959; baseline -0.001 -14"><span class='ocrx_word' id='word_1_724' title='bbox 1926 3905 1945 3945; x_wconf 80' lang='lat' dir='ltr'><strong>t</strong></span> <span class='ocrx_word' id='word_1_725' title='bbox 1978 3880 2030 3941; x_wconf 77' lang='lat' dir='ltr'><strong>et</strong></span> <span class='ocrx_word' id='word_1_726' title='bbox 2061 3883 2112 3940; x_wconf 93' lang='lat' dir='ltr'><strong>in</strong></span> <span class='ocrx_word' id='word_1_727' title='bbox 2144 3886 2336 3958; x_wconf 83' lang='lat' dir='ltr'><strong>plateis</strong></span> <span class='ocrx_word' id='word_1_728' title='bbox 2356 3876 2693 3942; x_wconf 74' lang='lat' dir='ltr'><strong>Jeruszilem?</strong></span> <span class='ocrx_word' id='word_1_729' title='bbox 2719 3886 2839 3942; x_wconf 84' lang='lat' dir='ltr'><strong>Filii</strong></span> <span class='ocrx_word' id='word_1_730' title='bbox 2871 3886 3130 3959; x_wconf 76' lang='lat' dir='ltr'><strong>colligunt</strong></span> <span class='ocrx_word' id='word_1_731' title='bbox 3150 3887 3316 3959; x_wconf 79' lang='lat' dir='ltr'><strong>ligna,</strong></span> <span class='ocrx_word' id='word_1_732' title='bbox 3342 3898 3394 3947; x_wconf 87' lang='lat' dir='ltr'><strong>et</strong></span> <span class='ocrx_word' id='word_1_733' title='bbox 3415 3902 3516 3959; x_wconf 86' lang='lat' dir='ltr'><strong>pa-</strong></span> 
     </span>
    </p>
   </div>
   <div class='ocr_carea' id='block_1_97' title="bbox 1926 3970 3520 4049">
    <p class='ocr_par' dir='ltr' id='par_1_97' title="bbox 1926 3970 3520 4049">
     <span class='ocr_line' id='line_1_97' title="bbox 1926 3970 3520 4049; baseline 0.003 -21"><span class='ocrx_word' id='word_1_734' title='bbox 1926 3980 1945 4028; x_wconf 70' lang='grc' dir='ltr'><strong>ὁ</strong></span> <span class='ocrx_word' id='word_1_735' title='bbox 1976 3983 2085 4031; x_wconf 90' lang='lat' dir='ltr'><strong>tres</strong></span> <span class='ocrx_word' id='word_1_736' title='bbox 2105 3973 2438 4031; x_wconf 81' lang='lat' dir='ltr'><strong>succendunt</strong></span> <span class='ocrx_word' id='word_1_737' title='bbox 2458 3975 2657 4048; x_wconf 77' lang='lat' dir='ltr'><strong>igncm‘,</strong></span> <span class='ocrx_word' id='word_1_738' title='bbox 2676 3982 2729 4032; x_wconf 87' lang='lat' dir='ltr'><strong>et</strong></span> <span class='ocrx_word' id='word_1_739' title='bbox 2747 3977 3000 4033; x_wconf 83' lang='lat' dir='ltr'><strong>mulieres</strong></span> <span class='ocrx_word' id='word_1_740' title='bbox 3022 3970 3388 4049; x_wconf 76' lang='lat' dir='ltr'><strong>conspergunt</strong></span> <span class='ocrx_word' id='word_1_741' title='bbox 3411 3978 3520 4032; x_wconf 81' lang='lat' dir='ltr'><strong>a‘di-</strong></span> 
     </span>
    </p>
   </div>
   <div class='ocr_carea' id='block_1_98' title="bbox 1926 4064 3520 4142">
    <p class='ocr_par' dir='ltr' id='par_1_98' title="bbox 1926 4064 3520 4142">
     <span class='ocr_line' id='line_1_98' title="bbox 1926 4064 3520 4142; baseline 0.003 -23"><span class='ocrx_word' id='word_1_742' title='bbox 1926 4085 1945 4119; x_wconf 82' lang='grc'><strong><em>‹</em></strong></span> <span class='ocrx_word' id='word_1_743' title='bbox 1972 4083 2116 4140; x_wconf 91' lang='lat' dir='ltr'><strong>pem,</strong></span> <span class='ocrx_word' id='word_1_744' title='bbox 2135 4074 2192 4123; x_wconf 89' lang='lat' dir='ltr'><strong>ut</strong></span> <span class='ocrx_word' id='word_1_745' title='bbox 2208 4064 2699 4139; x_wconf 78' lang='lat' dir='ltr'><strong>faciantplacentas</strong></span> <span class='ocrx_word' id='word_1_746' title='bbox 2724 4066 2850 4140; x_wconf 79' lang='lat' dir='ltr'><strong>(sivé</strong></span> <span class='ocrx_word' id='word_1_747' title='bbox 2870 4066 3164 4136; x_wconf 75' lang='lat' dir='ltr'><strong>cliavonas)</strong></span> <span class='ocrx_word' id='word_1_748' title='bbox 3183 4068 3378 4141; x_wconf 70' lang='lat' dir='ltr'><strong>regina:</strong></span> <span class='ocrx_word' id='word_1_749' title='bbox 3395 4068 3520 4142; x_wconf 72' lang='lat' dir='ltr'><strong>(sive</strong></span> 
     </span>
    </p>
   </div>
   <div class='ocr_carea' id='block_1_99' title="bbox 1926 4156 3520 4230">
    <p class='ocr_par' dir='ltr' id='par_1_99' title="bbox 1926 4156 3520 4230">
     <span class='ocr_line' id='line_1_99' title="bbox 1926 4156 3520 4230; baseline 0.003 -21"><span class='ocrx_word' id='word_1_750' title='bbox 1926 4178 1945 4209; x_wconf 75' lang='grc' dir='ltr'><strong>ι</strong></span> <span class='ocrx_word' id='word_1_751' title='bbox 1977 4158 2202 4230; x_wconf 56' lang='lat' dir='ltr'><strong>militiae)</strong></span> <span class='ocrx_word' id='word_1_752' title='bbox 2223 4156 2368 4223; x_wconf 67' lang='grc' dir='ltr'><strong>εφη,</strong></span> <span class='ocrx_word' id='word_1_753' title='bbox 2392 4162 2445 4213; x_wconf 90' lang='lat' dir='ltr'><strong>ct</strong></span> <span class='ocrx_word' id='word_1_754' title='bbox 2467 4156 2635 4215; x_wconf 90' lang='lat' dir='ltr'><strong>libent</strong></span> <span class='ocrx_word' id='word_1_755' title='bbox 2660 4158 2763 4215; x_wconf 82' lang='lat' dir='ltr'><strong>diis</strong></span> <span class='ocrx_word' id='word_1_756' title='bbox 2790 4158 3000 4224; x_wconf 88' lang='lat' dir='ltr'><strong>alienis,</strong></span> <span class='ocrx_word' id='word_1_757' title='bbox 3025 4164 3081 4215; x_wconf 87' lang='lat' dir='ltr'><strong>et</strong></span> <span class='ocrx_word' id='word_1_758' title='bbox 3102 4162 3188 4214; x_wconf 84' lang='lat' dir='ltr'><strong>me</strong></span> <span class='ocrx_word' id='word_1_759' title='bbox 3213 4158 3278 4213; x_wconf 88' lang='lat' dir='ltr'><strong>ad</strong></span> <span class='ocrx_word' id='word_1_760' title='bbox 3305 4158 3520 4214; x_wconf 58' lang='lat' dir='ltr'><strong>iracnnL</strong></span> 
     </span>
    </p>
   </div>
   <div class='ocr_carea' id='block_1_100' title="bbox 1926 4249 3518 4325">
    <p class='ocr_par' dir='ltr' id='par_1_100' title="bbox 1926 4249 3518 4325">
     <span class='ocr_line' id='line_1_100' title="bbox 1926 4249 3518 4325; baseline 0.001 -23"><span class='ocrx_word' id='word_1_761' title='bbox 1926 4260 1945 4302; x_wconf 70' lang='grc' dir='ltr'>ἂ</span> <span class='ocrx_word' id='word_1_762' title='bbox 1980 4251 2123 4307; x_wconf 87' lang='lat' dir='ltr'><strong>diam</strong></span> <span class='ocrx_word' id='word_1_763' title='bbox 2154 4260 2468 4322; x_wconf 77' lang='lat' dir='ltr'><strong>provocent.</strong></span> <span class='ocrx_word' id='word_1_764' title='bbox 2495 4249 2743 4325; x_wconf 84' lang='lat' dir='ltr'><strong>Nunquid</strong></span> <span class='ocrx_word' id='word_1_765' title='bbox 2762 4252 2846 4306; x_wconf 83' lang='lat' dir='ltr'><strong>ine</strong></span> <span class='ocrx_word' id='word_1_766' title='bbox 2873 4251 2939 4305; x_wconf 91' lang='lat' dir='ltr'><strong>ad</strong></span> <span class='ocrx_word' id='word_1_767' title='bbox 2964 4249 3297 4305; x_wconf 84' lang='lat' dir='ltr'><strong>iracundiam</strong></span> <span class='ocrx_word' id='word_1_768' title='bbox 3323 4252 3518 4321; x_wconf 76' lang='lat' dir='ltr'><strong>provo-</strong></span> 
     </span>
    </p>
   </div>
   <div class='ocr_carea' id='block_1_101' title="bbox 1927 4332 3524 4415">
    <p class='ocr_par' dir='ltr' id='par_1_101' title="bbox 1927 4332 3524 4415">
     <span class='ocr_line' id='line_1_101' title="bbox 1927 4332 3524 4415; baseline 0.001 -20"><span class='ocrx_word' id='word_1_769' title='bbox 1927 4354 1946 4395; x_wconf 88' lang='lat' dir='ltr'><strong>t</strong></span> <span class='ocrx_word' id='word_1_770' title='bbox 1976 4348 2120 4408; x_wconf 84' lang='lat' dir='ltr'><strong>cant,</strong></span> <span class='ocrx_word' id='word_1_771' title='bbox 2148 4343 2277 4398; x_wconf 86' lang='lat' dir='ltr'><strong>dicit</strong></span> <span class='ocrx_word' id='word_1_772' title='bbox 2301 4340 2596 4398; x_wconf 88' lang='lat' dir='ltr'><strong>Dominus?</strong></span> <span class='ocrx_word' id='word_1_773' title='bbox 2620 4342 2807 4399; x_wconf 85' lang='lat' dir='ltr'><strong>Nonne</strong></span> <span class='ocrx_word' id='word_1_774' title='bbox 2827 4343 3145 4415; x_wconf 82' lang='lat' dir='ltr'><strong>Semetipsos</strong></span> <span class='ocrx_word' id='word_1_775' title='bbox 3174 4342 3226 4398; x_wconf 87' lang='lat' dir='ltr'><strong>in</strong></span> <span class='ocrx_word' id='word_1_776' title='bbox 3250 4332 3524 4397; x_wconf 74' lang='lat' dir='ltr'><strong>confusio-</strong></span> 
     </span>
    </p>
   </div>
   <div class='ocr_carea' id='block_1_102' title="bbox 1926 4426 3524 4515">
    <p class='ocr_par' dir='ltr' id='par_1_102' title="bbox 1926 4426 3524 4515">
     <span class='ocr_line' id='line_1_102' title="bbox 1926 4426 3524 4515; baseline 0.003 -29"><span class='ocrx_word' id='word_1_777' title='bbox 1926 4440 1946 4486; x_wconf 83' lang='lat' dir='ltr'><strong>t</strong></span> <span class='ocrx_word' id='word_1_778' title='bbox 1979 4444 2104 4489; x_wconf 88' lang='lat' dir='ltr'><strong>nem</strong></span> <span class='ocrx_word' id='word_1_779' title='bbox 2130 4432 2312 4489; x_wconf 82' lang='lat' dir='ltr'><strong>vultus</strong></span> <span class='ocrx_word' id='word_1_780' title='bbox 2341 4432 2463 4490; x_wconf 75' lang='lat' dir='ltr'><strong>Sui?</strong></span> <span class='ocrx_word' id='word_1_781' title='bbox 2488 4454 2505 4487; x_wconf 75' lang='grc' dir='ltr'><strong>ι</strong></span> <span class='ocrx_word' id='word_1_782' title='bbox 2538 4426 2811 4507; x_wconf 54' lang='lat' dir='ltr'><strong>(Hieran)</strong></span> <span class='ocrx_word' id='word_1_783' title='bbox 2839 4428 2948 4499; x_wconf 68' lang='lat' dir='ltr'><strong>Vis,</strong></span> <span class='ocrx_word' id='word_1_784' title='bbox 2969 4435 3162 4515; x_wconf 78' lang='lat' dir='ltr'><strong>inquit,</strong></span> <span class='ocrx_word' id='word_1_785' title='bbox 3183 4430 3375 4496; x_wconf 63' lang='lat' dir='ltr'><strong>addiru</strong></span> <span class='ocrx_word' id='word_1_786' title='bbox 3396 4442 3524 4506; x_wconf 86' lang='lat' dir='ltr'><strong>pro-</strong></span> 
     </span>
    </p>
   </div>
   <div class='ocr_carea' id='block_1_103' title="bbox 1921 4524 3516 4601">
    <p class='ocr_par' dir='ltr' id='par_1_103' title="bbox 1921 4524 3516 4601">
     <span class='ocr_line' id='line_1_103' title="bbox 1921 4524 3516 4601; baseline -0.001 -19"><span class='ocrx_word' id='word_1_787' title='bbox 1921 4525 2103 4599; x_wconf 79' lang='lat' dir='ltr'><strong>pheta,</strong></span> <span class='ocrx_word' id='word_1_788' title='bbox 2122 4540 2220 4585; x_wconf 83' lang='lat' dir='ltr'><strong>cur</strong></span> <span class='ocrx_word' id='word_1_789' title='bbox 2242 4528 2338 4584; x_wconf 89' lang='lat' dir='ltr'><strong>tibi</strong></span> <span class='ocrx_word' id='word_1_790' title='bbox 2360 4528 2591 4586; x_wconf 83' lang='lat' dir='ltr'><strong>dixerim</strong></span> <span class='ocrx_word' id='word_1_791' title='bbox 2618 4547 2631 4584; x_wconf 89' lang='lat'><strong>:</strong></span> <span class='ocrx_word' id='word_1_792' title='bbox 2655 4548 2673 4583; x_wconf 87' lang='grc'><em>‹</em></span> <span class='ocrx_word' id='word_1_793' title='bbox 2696 4527 2813 4584; x_wconf 77' lang='lat' dir='ltr'><strong>Non</strong></span> <span class='ocrx_word' id='word_1_794' title='bbox 2828 4536 2986 4585; x_wconf 79' lang='lat' dir='ltr'><strong>orare</strong></span> <span class='ocrx_word' id='word_1_795' title='bbox 3007 4530 3105 4600; x_wconf 77' lang='lat' dir='ltr'><strong>pro</strong></span> <span class='ocrx_word' id='word_1_796' title='bbox 3128 4529 3324 4601; x_wconf 88' lang='lat' dir='ltr'><strong>populo</strong></span> <span class='ocrx_word' id='word_1_797' title='bbox 3342 4524 3516 4583; x_wconf 81' lang='lat' dir='ltr'><strong>hoc?i</strong></span> 
     </span>
    </p>
   </div>
   <div class='ocr_carea' id='block_1_104' title="bbox 1929 4614 3523 4694">
    <p class='ocr_par' dir='ltr' id='par_1_104' title="bbox 1929 4614 3523 4694">
     <span class='ocr_line' id='line_1_104' title="bbox 1929 4614 3523 4694; baseline -0.004 -15"><span class='ocrx_word' id='word_1_798' title='bbox 1929 4624 2045 4679; x_wconf 70' lang='lat' dir='ltr'><strong>haec</strong></span> <span class='ocrx_word' id='word_1_799' title='bbox 2078 4618 2283 4679; x_wconf 79' lang='lat' dir='ltr'><strong>faciunt</strong></span> <span class='ocrx_word' id='word_1_800' title='bbox 2309 4634 2428 4694; x_wconf 78' lang='lat' dir='ltr'><strong>qmc</strong></span> <span class='ocrx_word' id='word_1_801' title='bbox 2459 4626 2759 4693; x_wconf 76' lang='lat' dir='ltr'><strong>sequuntur</strong></span> <span class='ocrx_word' id='word_1_802' title='bbox 2790 4641 2803 4677; x_wconf 91' lang='lat'>:</span> <span class='ocrx_word' id='word_1_803' title='bbox 2836 4629 2891 4677; x_wconf 79' lang='lat' dir='ltr'><strong>et</strong></span> <span class='ocrx_word' id='word_1_804' title='bbox 2918 4618 3083 4686; x_wconf 87' lang='lat' dir='ltr'><strong>intus,</strong></span> <span class='ocrx_word' id='word_1_805' title='bbox 3116 4614 3171 4675; x_wconf 81' lang='lat' dir='ltr'><strong>et</strong></span> <span class='ocrx_word' id='word_1_806' title='bbox 3204 4614 3362 4685; x_wconf 73' lang='lat' dir='ltr'><strong>foris,</strong></span> <span class='ocrx_word' id='word_1_807' title='bbox 3393 4624 3448 4674; x_wconf 87' lang='lat' dir='ltr'><strong>et</strong></span> <span class='ocrx_word' id='word_1_808' title='bbox 3469 4620 3523 4674; x_wconf 93' lang='lat' dir='ltr'><strong>in</strong></span> 
     </span>
    </p>
   </div>
   <div class='ocr_carea' id='block_1_105' title="bbox 1930 4708 3521 4783">
    <p class='ocr_par' dir='ltr' id='par_1_105' title="bbox 1930 4708 3521 4783">
     <span class='ocr_line' id='line_1_105' title="bbox 1930 4708 3521 4783; baseline -0.003 -18"><span class='ocrx_word' id='word_1_809' title='bbox 1930 4712 2151 4783; x_wconf 82' lang='lat' dir='ltr'><strong>plateis,</strong></span> <span class='ocrx_word' id='word_1_810' title='bbox 2186 4720 2241 4766; x_wconf 88' lang='lat' dir='ltr'><strong>et</strong></span> <span class='ocrx_word' id='word_1_811' title='bbox 2271 4713 2323 4766; x_wconf 91' lang='lat' dir='ltr'><strong>in</strong></span> <span class='ocrx_word' id='word_1_812' title='bbox 2357 4711 2594 4766; x_wconf 78' lang='lat' dir='ltr'><strong>exitibus</strong></span> <span class='ocrx_word' id='word_1_813' title='bbox 2617 4710 2917 4767; x_wconf 79' lang='lat' dir='ltr'><strong>Jerusalem</strong></span> <span class='ocrx_word' id='word_1_814' title='bbox 2939 4752 2951 4777; x_wconf 84' lang='lat'><strong>,</strong></span> <span class='ocrx_word' id='word_1_815' title='bbox 2973 4709 3066 4765; x_wconf 75' lang='lat' dir='ltr'><strong>filii</strong></span> <span class='ocrx_word' id='word_1_816' title='bbox 3098 4708 3240 4780; x_wconf 78' lang='lat' dir='ltr'><strong>ligna</strong></span> <span class='ocrx_word' id='word_1_817' title='bbox 3269 4718 3521 4777; x_wconf 70' lang='lat' dir='ltr'><strong>Compor-</strong></span> 
     </span>
    </p>
   </div>
   <div class='ocr_carea' id='block_1_106' title="bbox 1932 4796 3527 4874">
    <p class='ocr_par' dir='ltr' id='par_1_106' title="bbox 1932 4796 3527 4874">
     <span class='ocr_line' id='line_1_106' title="bbox 1932 4796 3527 4874; baseline -0.004 -18"><span class='ocrx_word' id='word_1_818' title='bbox 1932 4796 2136 4866; x_wconf 34' lang='lat' dir='ltr'><strong>tant,‘et</strong></span> <span class='ocrx_word' id='word_1_819' title='bbox 2156 4807 2342 4872; x_wconf 82' lang='lat' dir='ltr'><strong>patres</strong></span> <span class='ocrx_word' id='word_1_820' title='bbox 2356 4803 2691 4858; x_wconf 86' lang='lat' dir='ltr'><strong>succendunt</strong></span> <span class='ocrx_word' id='word_1_821' title='bbox 2706 4802 2909 4874; x_wconf 79' lang='lat' dir='ltr'><strong>ignem,</strong></span> <span class='ocrx_word' id='word_1_822' title='bbox 2923 4811 2975 4857; x_wconf 89' lang='lat' dir='ltr'><strong>et</strong></span> <span class='ocrx_word' id='word_1_823' title='bbox 3001 4796 3252 4856; x_wconf 79' lang='lat' dir='ltr'><strong>mulieres</strong></span> <span class='ocrx_word' id='word_1_824' title='bbox 3271 4796 3527 4866; x_wconf 68' lang='lat' dir='ltr'><strong>Consper-</strong></span> 
     </span>
    </p>
   </div>
   <div class='ocr_carea' id='block_1_107' title="bbox 1931 4891 3528 4966">
    <p class='ocr_par' dir='ltr' id='par_1_107' title="bbox 1931 4891 3528 4966">
     <span class='ocr_line' id='line_1_107' title="bbox 1931 4891 3528 4966; baseline -0.003 -18"><span class='ocrx_word' id='word_1_825' title='bbox 1931 4901 2064 4966; x_wconf 71' lang='lat' dir='ltr'><strong>gunt</strong></span> <span class='ocrx_word' id='word_1_826' title='bbox 2090 4893 2303 4965; x_wconf 83' lang='lat' dir='ltr'><strong>adipem</strong></span> <span class='ocrx_word' id='word_1_827' title='bbox 2343 4896 2465 4950; x_wconf 75' lang='lat' dir='ltr'><strong>cum</strong></span> <span class='ocrx_word' id='word_1_828' title='bbox 2501 4894 2708 4961; x_wconf 78' lang='lat' dir='ltr'><strong>farina,</strong></span> <span class='ocrx_word' id='word_1_829' title='bbox 2752 4902 2809 4948; x_wconf 88' lang='lat' dir='ltr'><strong>ut</strong></span> <span class='ocrx_word' id='word_1_830' title='bbox 2846 4891 3049 4948; x_wconf 77' lang='lat' dir='ltr'><strong>facian</strong></span> <span class='ocrx_word' id='word_1_831' title='bbox 3080 4893 3350 4965; x_wconf 72' lang='grc' dir='ltr'><strong>χαυὼνας,</strong></span> <span class='ocrx_word' id='word_1_832' title='bbox 3390 4903 3528 4960; x_wconf 86' lang='lat' dir='ltr'><strong>quas</strong></span> 
     </span>
    </p>
   </div>
   <div class='ocr_carea' id='block_1_108' title="bbox 1932 4982 3522 5059">
    <p class='ocr_par' dir='ltr' id='par_1_108' title="bbox 1932 4982 3522 5059">
     <span class='ocr_line' id='line_1_108' title="bbox 1932 4982 3522 5059; baseline -0.004 -18"><span class='ocrx_word' id='word_1_833' title='bbox 1932 4984 2031 5041; x_wconf 82' lang='lat' dir='ltr'><strong>nos</strong></span> <span class='ocrx_word' id='word_1_834' title='bbox 2052 4985 2320 5058; x_wconf 81' lang='lat' dir='ltr'><strong>placentas</strong></span> <span class='ocrx_word' id='word_1_835' title='bbox 2344 4986 2683 5059; x_wconf 86' lang='lat' dir='ltr'><strong>interpretati</strong></span> <span class='ocrx_word' id='word_1_836' title='bbox 2710 4994 2915 5050; x_wconf 87' lang='lat' dir='ltr'><strong>sumus,</strong></span> <span class='ocrx_word' id='word_1_837' title='bbox 2946 4984 3061 5041; x_wconf 88' lang='lat' dir='ltr'><strong>sive</strong></span> <span class='ocrx_word' id='word_1_838' title='bbox 3083 4982 3522 5056; x_wconf 68' lang='lat' dir='ltr'><strong>prmpamtiottes,</strong></span> 
     </span>
    </p>
   </div>
   <div class='ocr_carea' id='block_1_109' title="bbox 1932 5074 3545 5153">
    <p class='ocr_par' dir='ltr' id='par_1_109' title="bbox 1932 5074 3545 5153">
     <span class='ocr_line' id='line_1_109' title="bbox 1932 5074 3545 5153; baseline -0.001 -18"><span class='ocrx_word' id='word_1_839' title='bbox 1932 5086 1992 5135; x_wconf 89' lang='lat' dir='ltr'><strong>nt</strong></span> <span class='ocrx_word' id='word_1_840' title='bbox 2018 5096 2180 5135; x_wconf 92' lang='lat' dir='ltr'><strong>omne</strong></span> <span class='ocrx_word' id='word_1_841' title='bbox 2205 5096 2375 5153; x_wconf 73' lang='lat' dir='ltr'><strong>genus</strong></span> <span class='ocrx_word' id='word_1_842' title='bbox 2402 5081 2655 5137; x_wconf 90' lang='lat' dir='ltr'><strong>ostendat</strong></span> <span class='ocrx_word' id='word_1_843' title='bbox 2676 5078 2929 5136; x_wconf 80' lang='lat' dir='ltr'><strong>sacriﬁcii</strong></span> <span class='ocrx_word' id='word_1_844' title='bbox 2963 5076 3163 5153; x_wconf 78' lang='lat' dir='ltr'><strong>regina:</strong></span> <span class='ocrx_word' id='word_1_845' title='bbox 3187 5074 3334 5141; x_wconf 70' lang='lat' dir='ltr'><strong>caeli,</strong></span> <span class='ocrx_word' id='word_1_846' title='bbox 3358 5090 3545 5145; x_wconf 84' lang='lat' dir='ltr'><strong>quam.</strong></span> 
     </span>
    </p>
   </div>
   <div class='ocr_carea' id='block_1_110' title="bbox 1934 5169 3527 5246">
    <p class='ocr_par' dir='ltr' id='par_1_110' title="bbox 1934 5169 3527 5246">
     <span class='ocr_line' id='line_1_110' title="bbox 1934 5169 3527 5246; baseline -0.003 -18"><span class='ocrx_word' id='word_1_847' title='bbox 1934 5170 2118 5229; x_wconf 87' lang='lat' dir='ltr'><strong>lunam</strong></span> <span class='ocrx_word' id='word_1_848' title='bbox 2163 5176 2423 5230; x_wconf 86' lang='lat' dir='ltr'><strong>debemus</strong></span> <span class='ocrx_word' id='word_1_849' title='bbox 2450 5175 2717 5246; x_wconf 89' lang='lat' dir='ltr'><strong>accipere,</strong></span> <span class='ocrx_word' id='word_1_850' title='bbox 2757 5174 2847 5230; x_wconf 88' lang='lat' dir='ltr'><strong>vel</strong></span> <span class='ocrx_word' id='word_1_851' title='bbox 2873 5182 3021 5229; x_wconf 80' lang='lat' dir='ltr'><strong>certe</strong></span> <span class='ocrx_word' id='word_1_852' title='bbox 3053 5170 3258 5227; x_wconf 67' lang='lat' dir='ltr'><strong>militia:</strong></span> <span class='ocrx_word' id='word_1_853' title='bbox 3284 5169 3432 5237; x_wconf 61' lang='lat' dir='ltr'><strong>coeli,</strong></span> <span class='ocrx_word' id='word_1_854' title='bbox 3467 5178 3527 5224; x_wconf 90' lang='lat' dir='ltr'><strong>ut</strong></span> 
     </span>
    </p>
   </div>
   <div class='ocr_carea' id='block_1_111' title="bbox 1936 5258 3530 5339">
    <p class='ocr_par' dir='ltr' id='par_1_111' title="bbox 1936 5258 3530 5339">
     <span class='ocr_line' id='line_1_111' title="bbox 1936 5258 3530 5339; baseline -0.001 -17"><span class='ocrx_word' id='word_1_855' title='bbox 1936 5258 2125 5323; x_wconf 84' lang='lat' dir='ltr'><strong>omnes</strong></span> <span class='ocrx_word' id='word_1_856' title='bbox 2160 5268 2345 5324; x_wconf 86' lang='lat' dir='ltr'><strong>stellas</strong></span> <span class='ocrx_word' id='word_1_857' title='bbox 2385 5268 2769 5339; x_wconf 79' lang='lat' dir='ltr'><strong>intelligamus.</strong></span> <span class='ocrx_word' id='word_1_858' title='bbox 2809 5267 2877 5323; x_wconf 88' lang='lat' dir='ltr'><strong>Et</strong></span> <span class='ocrx_word' id='word_1_859' title='bbox 2925 5274 3047 5339; x_wconf 90' lang='lat' dir='ltr'><strong>post</strong></span> <span class='ocrx_word' id='word_1_860' title='bbox 3077 5266 3193 5321; x_wconf 78' lang='lat' dir='ltr'><strong>haec</strong></span> <span class='ocrx_word' id='word_1_861' title='bbox 3226 5263 3397 5321; x_wconf 86' lang='lat' dir='ltr'><strong>libent</strong></span> <span class='ocrx_word' id='word_1_862' title='bbox 3424 5264 3530 5320; x_wconf 88' lang='lat' dir='ltr'><strong>diis</strong></span> 
     </span>
    </p>
   </div>
   <div class='ocr_carea' id='block_1_112' title="bbox 1940 5357 3530 5430">
    <p class='ocr_par' dir='ltr' id='par_1_112' title="bbox 1940 5357 3530 5430">
     <span class='ocr_line' id='line_1_112' title="bbox 1940 5357 3530 5430; baseline 0.001 -18"><span class='ocrx_word' id='word_1_863' title='bbox 1940 5357 2173 5426; x_wconf 87' lang='lat' dir='ltr'><strong>alienis,</strong></span> <span class='ocrx_word' id='word_1_864' title='bbox 2227 5368 2335 5415; x_wconf 83' lang='lat' dir='ltr'><strong>non</strong></span> <span class='ocrx_word' id='word_1_865' title='bbox 2396 5374 2503 5430; x_wconf 90' lang='lat' dir='ltr'><strong>quo</strong></span> <span class='ocrx_word' id='word_1_866' title='bbox 2549 5358 2693 5425; x_wconf 87' lang='lat' dir='ltr'><strong>sint,</strong></span> <span class='ocrx_word' id='word_1_867' title='bbox 2745 5357 2841 5415; x_wconf 90' lang='lat' dir='ltr'><strong>sed</strong></span> <span class='ocrx_word' id='word_1_868' title='bbox 2881 5374 2991 5429; x_wconf 88' lang='lat' dir='ltr'><strong>quo</strong></span> <span class='ocrx_word' id='word_1_869' title='bbox 3058 5358 3158 5415; x_wconf 86' lang='lat' dir='ltr'><strong>sub</strong></span> <span class='ocrx_word' id='word_1_870' title='bbox 3216 5359 3530 5415; x_wconf 79' lang='lat' dir='ltr'><strong>nominibus</strong></span> 
     </span>
    </p>
   </div>
   <div class='ocr_carea' id='block_1_113' title="bbox 1942 5446 3531 5533">
    <p class='ocr_par' dir='ltr' id='par_1_113' title="bbox 1942 5446 3531 5533">
     <span class='ocr_line' id='line_1_113' title="bbox 1942 5446 3531 5533; baseline 0 -28"><span class='ocrx_word' id='word_1_871' title='bbox 1942 5464 2129 5506; x_wconf 90' lang='lat' dir='ltr'><strong>eorum</strong></span> <span class='ocrx_word' id='word_1_872' title='bbox 2161 5446 2495 5507; x_wconf 68' lang='lat' dir='ltr'><strong>dzcm&#39;onibus</strong></span> <span class='ocrx_word' id='word_1_873' title='bbox 2525 5453 2682 5506; x_wconf 88' lang='lat' dir='ltr'><strong>thura</strong></span> <span class='ocrx_word' id='word_1_874' title='bbox 2734 5448 3097 5533; x_wconf 73' lang='lat' dir='ltr'><strong>succendunt,</strong></span> <span class='ocrx_word' id='word_1_875' title='bbox 3130 5452 3185 5507; x_wconf 87' lang='lat' dir='ltr'><strong>et</strong></span> <span class='ocrx_word' id='word_1_876' title='bbox 3211 5466 3299 5507; x_wconf 86' lang='lat' dir='ltr'><strong>me</strong></span> <span class='ocrx_word' id='word_1_877' title='bbox 3324 5450 3394 5507; x_wconf 87' lang='lat' dir='ltr'><strong>ad</strong></span> <span class='ocrx_word' id='word_1_878' title='bbox 3420 5451 3531 5505; x_wconf 88' lang='lat' dir='ltr'><strong>ira-</strong></span> 
     </span>
    </p>
   </div>
   <div class='ocr_carea' id='block_1_114' title="bbox 1942 5538 3530 5614">
    <p class='ocr_par' dir='ltr' id='par_1_114' title="bbox 1942 5538 3530 5614">
     <span class='ocr_line' id='line_1_114' title="bbox 1942 5538 3530 5614; baseline -0.002 -16"><span class='ocrx_word' id='word_1_879' title='bbox 1942 5540 2193 5598; x_wconf 88' lang='lat' dir='ltr'><strong>cundiam</strong></span> <span class='ocrx_word' id='word_1_880' title='bbox 2244 5552 2544 5614; x_wconf 86' lang='lat' dir='ltr'><strong>provocant</strong></span> <span class='ocrx_word' id='word_1_881' title='bbox 2574 5538 2679 5598; x_wconf 78' lang='lat' dir='ltr'><strong>ista</strong></span> <span class='ocrx_word' id='word_1_882' title='bbox 2724 5538 3008 5599; x_wconf 76' lang='lat' dir='ltr'><strong>facientes.</strong></span> <span class='ocrx_word' id='word_1_883' title='bbox 3063 5539 3174 5599; x_wconf 84' lang='lat' dir='ltr'><strong>Nec</strong></span> <span class='ocrx_word' id='word_1_884' title='bbox 3221 5542 3530 5613; x_wconf 77' lang='lat' dir='ltr'><strong>intelligunt</strong></span> 
     </span>
    </p>
   </div>
   <div class='ocr_carea' id='block_1_115' title="bbox 1940 5634 3527 5705">
    <p class='ocr_par' dir='ltr' id='par_1_115' title="bbox 1940 5634 3527 5705">
     <span class='ocr_line' id='line_1_115' title="bbox 1940 5634 3527 5705; baseline -0.001 -17"><span class='ocrx_word' id='word_1_885' title='bbox 1940 5634 2148 5699; x_wconf 87' lang='lat' dir='ltr'><strong>miseri,</strong></span> <span class='ocrx_word' id='word_1_886' title='bbox 2179 5636 2322 5705; x_wconf 88' lang='lat' dir='ltr'><strong>quod</strong></span> <span class='ocrx_word' id='word_1_887' title='bbox 2361 5636 2464 5692; x_wconf 90' lang='lat' dir='ltr'><strong>ista</strong></span> <span class='ocrx_word' id='word_1_888' title='bbox 2505 5636 2781 5692; x_wconf 90' lang='lat' dir='ltr'><strong>contentio</strong></span> <span class='ocrx_word' id='word_1_889' title='bbox 2837 5651 2945 5690; x_wconf 90' lang='lat' dir='ltr'><strong>non</strong></span> <span class='ocrx_word' id='word_1_890' title='bbox 3001 5651 3089 5691; x_wconf 91' lang='lat' dir='ltr'><strong>me</strong></span> <span class='ocrx_word' id='word_1_891' title='bbox 3141 5634 3322 5701; x_wconf 76' lang='lat' dir='ltr'><strong>laedat,</strong></span> <span class='ocrx_word' id='word_1_892' title='bbox 3367 5642 3527 5703; x_wconf 77' lang='lat' dir='ltr'><strong>quem</strong></span> 
     </span>
    </p>
   </div>
   <div class='ocr_carea' id='block_1_116' title="bbox 1937 5722 3533 5805">
    <p class='ocr_par' dir='ltr' id='par_1_116' title="bbox 1937 5722 3533 5805">
     <span class='ocr_line' id='line_1_116' title="bbox 1937 5722 3533 5805; baseline -0.001 -25"><span class='ocrx_word' id='word_1_893' title='bbox 1937 5736 2215 5796; x_wconf 87' lang='lat' dir='ltr'><strong>nunquam</strong></span> <span class='ocrx_word' id='word_1_894' title='bbox 2253 5726 2331 5781; x_wconf 87' lang='lat' dir='ltr'><strong>ira</strong></span> <span class='ocrx_word' id='word_1_895' title='bbox 2368 5733 2695 5789; x_wconf 82' lang='lat' dir='ltr'><strong>commutat:</strong></span> <span class='ocrx_word' id='word_1_896' title='bbox 2729 5724 2825 5783; x_wconf 86' lang='lat' dir='ltr'><strong>sed</strong></span> <span class='ocrx_word' id='word_1_897' title='bbox 2867 5725 3189 5799; x_wconf 86' lang='lat' dir='ltr'><strong>semetipsos</strong></span> <span class='ocrx_word' id='word_1_898' title='bbox 3230 5725 3285 5779; x_wconf 91' lang='lat' dir='ltr'><strong>in</strong></span> <span class='ocrx_word' id='word_1_899' title='bbox 3316 5722 3533 5805; x_wconf 35' lang='lat' dir='ltr'><strong>.confu-</strong></span> 
     </span>
    </p>
   </div>
   <div class='ocr_carea' id='block_1_117' title="bbox 1939 5811 3525 5892">
    <p class='ocr_par' dir='ltr' id='par_1_117' title="bbox 1939 5811 3525 5892">
     <span class='ocr_line' id='line_1_117' title="bbox 1939 5811 3525 5892; baseline -0.001 -19"><span class='ocrx_word' id='word_1_900' title='bbox 1939 5811 2090 5874; x_wconf 68' lang='lat' dir='ltr'><strong>Sione</strong></span> <span class='ocrx_word' id='word_1_901' title='bbox 2132 5815 2313 5874; x_wconf 87' lang='lat' dir='ltr'><strong>vultus</strong></span> <span class='ocrx_word' id='word_1_902' title='bbox 2366 5819 2473 5885; x_wconf 88' lang='lat' dir='ltr'><strong>sui,</strong></span> <span class='ocrx_word' id='word_1_903' title='bbox 2527 5822 2583 5873; x_wconf 93' lang='lat' dir='ltr'><strong>et</strong></span> <span class='ocrx_word' id='word_1_904' title='bbox 2627 5818 2680 5875; x_wconf 87' lang='lat' dir='ltr'><strong>in</strong></span> <span class='ocrx_word' id='word_1_905' title='bbox 2715 5819 3069 5892; x_wconf 75' lang='lat' dir='ltr'><strong>ignominiam</strong></span> <span class='ocrx_word' id='word_1_906' title='bbox 3114 5816 3525 5887; x_wconf 85' lang='lat' dir='ltr'><strong>sempiternam.</strong></span> 
     </span>
    </p>
   </div>
   <div class='ocr_carea' id='block_1_118' title="bbox 1939 5903 3532 6001">
    <p class='ocr_par' dir='ltr' id='par_1_118' title="bbox 1939 5903 3532 6001">
     <span class='ocr_line' id='line_1_118' title="bbox 1939 5903 3532 6001; baseline -0.006 -28"><span class='ocrx_word' id='word_1_907' title='bbox 1939 5908 2231 6001; x_wconf 61' lang='lat' dir='ltr'><strong>(Mirans)</strong></span> <span class='ocrx_word' id='word_1_908' title='bbox 2270 5909 2347 5971; x_wconf 83' lang='lat' dir='ltr'><strong>De</strong></span> <span class='ocrx_word' id='word_1_909' title='bbox 2374 5911 2461 5974; x_wconf 81' lang='lat' dir='ltr'><strong>his</strong></span> <span class='ocrx_word' id='word_1_910' title='bbox 2498 5920 2567 5975; x_wconf 75' lang='lat' dir='ltr'><strong>ex</strong></span> <span class='ocrx_word' id='word_1_911' title='bbox 2595 5920 2830 5975; x_wconf 73' lang='lat' dir='ltr'><strong>persona</strong></span> <span class='ocrx_word' id='word_1_912' title='bbox 2850 5909 3069 5975; x_wconf 75' lang='lat' dir='ltr'><strong>Domini</strong></span> <span class='ocrx_word' id='word_1_913' title='bbox 3084 5905 3395 5993; x_wconf 57' lang='lat' dir='ltr'><strong>prophetali</strong></span> <span class='ocrx_word' id='word_1_914' title='bbox 3420 5903 3532 5992; x_wconf 64' lang='grc' dir='ltr'>ιρις</span> 
     </span>
    </p>
   </div>
  </div>
