4008 6340
449 397 555 457 865

1084 387 1146 442 n.
1187 380 1446 442 unum
1478 378 1701 438 unum
1738 373 2062 434 ARCHIEP.
2104 369 2413 430 necum.
2453 335 2740 427 eranum
2776 366 2955 423 rans
2992 364 3076 420 ιιι.

3621 360 3741 415 εδι

452 509 560 565 ritu
597 501 926 579 praecinebant
975 498 1189 572 Moyses
1240 498 1297 553 in
1327 495 1545 554 cantico
1588 487 1993 548 Deuteronomii
2020 503 2035 542 :
2066 487 2120 548 Α
2149 505 2166 537 ε
2210 493 2506 540 retrorsum
2553 490 2610 538 et
2641 497 2748 537 non
2776 481 2831 536 in
2861 487 3007 545 ante,
3050 493 3080 532 a
3105 477 3190 532 die
3220 490 3326 545 qua
3350 475 3557 542 egressi
3591 482 3738 528 sunt

459 620 480 654 ι
511 599 869 657 lrritaverunt
893 607 983 649 me
1027 591 1081 646 in
1117 590 1220 645 diis
1256 587 1469 652 alienis,
1495 594 1550 641 et
1587 585 1644 639 in
1673 579 2033 638 abominatio-

455 692 617 748 nibus
641 690 756 746 suis
779 687 848 742 ad
872 683 1210 740 iracundiam
1238 685 1692 752 provocaverunt.
1725 671 2038 729 lmmolave-

454 790 585 840 runt
609 777 940 838 daemonibus
967 784 1022 830 et
1063 788 1170 828 non
1199 773 1310 826 Deo
1333 770 1512 843 (Deut.
1537 781 1667 822 xxxx
1694 773 1742 820 et
1772 760 1969 834 xxxu),
2010 779 2053 814 ι.

458 885 514 932 et
562 878 666 931 hoc
701 870 947 927 fecerunt
989 867 1210 938 propria
1239 864 1533 926 voluntate,
1574 859 1699 931 quia
1754 857 1810 912 in
1851 864 2040 911 nostro

460 962 711 1022 consistit
723 959 948 1016 arbitrio
963 957 1166 1012 bonum
1190 953 1276 1008 vel
1298 952 1497 1007 malum
1521 949 1739 1020 eligere.
1767 943 2038 1018 (Ηὶετοη.)

461 1055 729 1128 Quidquid
745 1053 908 1125 igitur
925 1049 1184 1114 facimus,
1207 1061 1314 1101 non
1338 1045 1505 1099 Deum
1522 1040 1782 1103 laedimus,
1815 1037 1906 1107 qui
1921 1035 2042 1091 laedi

462 1169 740 1226 nunquam
779 1157 975 1221 potest,
1021 1147 1117 1202 sed
1159 1142 1315 1199 nobis
1344 1139 1623 1196 interitum
1650 1149 2039 1208 praeparamus,

462 1247 896 1306 tbesaurizantes
929 1242 1066 1296 iram
1090 1239 1146 1294 in
1189 1237 1277 1292 die
1306 1235 1419 1290 irae.
1454 1233 1582 1288 Ideo
1611 1239 1793 1286 autem
1831 1227 2043 1281 diversa

462 1339 635 1398 ofﬁcia
661 1337 895 1392 ﬁliorum
927 1342 1250 1404 patrumque
1271 1338 1326 1384 et
1343 1335 1579 1382 matrum
1601 1321 1782 1394 posuit
1802 1320 1886 1376 vel
1911 1333 2045 1374 uxo-

462 1445 602 1493 rum,
634 1435 694 1483 ut
730 1425 875 1482 nulla
905 1431 1038 1478 tetas
1065 1421 1136 1476 sit
1163 1433 1281 1488 quae
1310 1417 1378 1471 ab
1407 1414 1682 1485 impietate
1709 1407 2043 1464 dissenserit.

539 1542 557 1574 ι
589 1521 713 1576 Ideo
734 1520 852 1575 haec
872 1516 1007 1572 dicit
1027 1513 1288 1568 Dominus
1314 1508 1458 1564 Deus
1489 1525 1502 1561 :
1528 1507 1668 1560 Ecce
1698 1503 1851 1556 furor
1872 1514 2044 1565 meus,

470 1633 489 1666 ε
525 1620 581 1668 et
614 1609 915 1682 indignatio
946 1620 1067 1661 mea
1099 1601 1366 1659 conﬂatur
1409 1598 1549 1670 (sive
1597 1594 1851 1664 stillavit)
1887 1607 2049 1662 super

471 1728 489 1761 ‹
523 1707 702 1763 locum
729 1704 914 1768 istum,
944 1715 1108 1770 super
1153 1696 1300 1751 viros
1328 1702 1382 1748 et
1404 1688 1850 1762 superjumenta,
1874 1693 1931 1739 et
1960 1699 2050 1738 su-

473 1819 491 1852 ι
529 1816 627 1871 per
651 1799 857 1869 lignum
887 1793 1143 1865 regionis,
1166 1797 1222 1844 et
1247 1801 1410 1856 super
1431 1784 1615 1855 fruges
1638 1790 1818 1844 terrae,
1849 1788 1904 1834 et
1929 1792 2053 1833 suc-

474 1914 492 1945 r
527 1891 786 1948 cendetur
826 1895 882 1942 et
909 1901 1016 1941 non
1048 1881 1445 1952 exstinguetur.
1475 1896 1493 1929 ›
1528 1875 1667 1941 Quia
1699 1886 1861 1942 supra
1897 1871 2054 1926 dixe-

469 1991 600 2040 rat:
644 2003 662 2033 ‹
698 1979 954 2050 Nunquid
1005 1990 1092 2032 me
1140 1974 1208 2030 ad
1248 1969 1586 2027 iracundiam
1646 1963 1986 2037 provocant?
2026 1976 2066 2016 ι·

473 2076 743 2149 quomodo
773 2088 916 2128 nunc
942 2070 1110 2126 dicit:
1147 2086 1166 2119 ‹
1197 2066 1338 2121 Ecce
1371 2062 1524 2117 furor
1547 2074 1701 2115 meus
1723 2067 1780 2112 et
1800 2057 2054 2127 indigna-

475 2171 550 2225 tio
582 2183 701 2224 mea
727 2164 948 2222 stillavit
969 2175 1130 2231 super
1156 2159 1333 2214 locum
1362 2155 1546 2210 istum.
1573 2171 1591 2204 ι
1620 2151 1687 2206 Et
1708 2161 1789 2206 est
1815 2163 2006 2205 sensus
2036 2164 2052 2201 :

473 2261 586 2332 Ego
634 2257 851 2328 quidem
889 2250 1214 2309 naturaliter
1267 2263 1377 2302 non
1424 2245 1655 2308 irascor,
1700 2240 1796 2296 sed
1844 2237 1922 2294 illi
1982 2238 2059 2292 ita

475 2355 740 2422 agunt,.ut
763 2361 850 2401 me
879 2342 948 2400 ad
976 2341 1312 2398 iracundiam
1334 2343 1652 2408 provocent,
1683 2341 1741 2388 et
1770 2345 1950 2386 meam
1978 2328 2060 2385 vi-

475 2420 608 2499 dear
632 2447 847 2495 mutare
870 2444 1143 2491 naturam.
1172 2430 1428 2488 Sentiant
1471 2426 1887 2500 igitur-iratum,
1917 2420 2060 2494 quod

476 2543 736 2607 quantum
759 2532 816 2587 in
839 2545 898 2587 se
930 2535 1016 2585 est
1039 2526 1220 2582 facere
1259 2530 1547 2580 conantur.
1577 2516 1923 2585 Pulchreque
1950 2527 2060 2569 non

478 2629 573 2693 ait,
608 2625 822 2681 Ell’usus
852 2630 936 2679 est
963 2619 1114 2675 furor
1141 2631 1295 2673 meus
1331 2629 1495 2686 super
1542 2612 1721 2668 locum
1752 2610 1940 2673 istum,
1966 2606 2064 2662 sed

480 2717 716 2782 stillavit,
746 2724 806 2770 ut
827 2713 1163 2768 moderatam
1191 2721 1408 2778 poenam
1440 2699 1731 2775 signiﬁcet.
1765 2698 1862 2754 Sin
1883 2705 2062 2752 autem

481 2811 534 2867 in
559 2809 700 2866 stilla
733 2805 935 2862 furoris
957 2811 1110 2859 tanta
1134 2799 1334 2855 duritia
1373 2804 1479 2862 est,
1513 2794 1643 2866 quid
1680 2792 1774 2848 fiet
1811 2791 1856 2846 si
1885 2787 2064 2844 omnis

481 2901 657 2957 imber
684 2897 848 2954 fuerit
895 2893 1136 2951 effusus?
1186 2891 1281 2947 sed
1315 2898 1371 2946 et
1397 2885 1649 2944 conﬂatio
1697 2882 1950 2956 [conflata
1979 2880 2063 2935 in-

485 2990 747 3064 dignatio]
780 2989 858 3045 sic
887 2985 1118 3056 intelligi
1142 2992 1348 3054 potest,
1379 2989 1441 3035 ut
1469 2979 1613 3050 quod
1644 2976 1737 3032 diu
1765 2974 1944 3031 facere
1968 2987 2067 3028 no-

483 3087 602 3151 luit,
655 3090 1007 3156 peccatorum
1057 3075 1400 3133 multitudine
1451 3071 1633 3128 facere
1688 3064 2062 3138 compellatur.

485 3177 620 3233 Cum
649 3183 832 3229 autem
852 3173 995 3227 Deus
1026 3170 1197 3225 iratus
1229 3165 1409 3229 fuerit,
1432 3172 1489 3218 et
1515 3161 1764 3216 homines
1787 3165 1841 3214 et
1861 3172 1927 3212 ea
1946 3169 2067 3226 qua:

487 3268 768 3324 hominum
796 3271 921 3320 sunt
950 3259 1184 3317 similem
1212 3256 1493 3312 interitum
1527 3251 1785 3307 sentient.
1822 3268 1840 3298 ‹
1870 3246 1937 3301 Et
1955 3260 2074 3302 suc-

489 3359 770 3423 cendetur,
804 3375 822 3408 ›
854 3353 1054 3425 inquit,
1082 3350 1226 3407 haud
1258 3347 1482 3404 dubium
1501 3345 1630 3415 quin
1659 3341 1812 3397 furor
1835 3336 2068 3401 Domini,

496 3473 514 3506 α
551 3459 608 3506 et
642 3466 750 3505 non
779 3447 1174 3518 exstinguetur,
1213 3460 1232 3493 ›
1259 3439 1386 3510 quia
1424 3425 1536 3494 nun
1572 3435 1686 3506 agit
1710 3430 1938 3504 populus
1977 3442 2078 3500 per

493 3557 614 3614 quae
643 3539 816 3612 possit
835 3535 1129 3606 exstingui.

565 3652 585 3686 ι
629 3608 758 3688 llaec
785 3629 916 3686 dicit
962 3624 1223 3682 Dominus
1265 3617 1622 3682 exercituum,
1671 3614 1817 3669 Deus
1852 3608 2072 3668 Israel:

495 3746 515 3781 ε
557 3725 1030 3781 llolocaustomata
1073 3722 1256 3771 vestra
1283 3711 1465 3768 addite
1488 3706 1726 3765 victimis
1757 3703 1958 3762 vestris
1979 3743 1994 3767 ,
2025 3709 2083 3757 et

499 3838 519 3873 ι
565 3815 832 3875 comedite
859 3823 1072 3869 carnes.
1126 3805 1263 3876 Quia
1293 3820 1399 3862 non
1428 3818 1549 3859 sum
1589 3801 1800 3857 locutus
1830 3810 1956 3852 cum
1985 3807 2082 3865 pa-

498 3930 518 3964 (
563 3909 736 3965 tribus
763 3903 980 3968 vestris,
1009 3909 1067 3959 et
1093 3914 1200 3957 non
1226 3895 1460 3970 praecepi
1485 3894 1566 3950 eis
1593 3893 1648 3948 in
1677 3892 1763 3947 die
1787 3884 2083 3960 quaeduxi

505 4210 524 4245 ι
570 4198 699 4248 eens
730 4207 743 4244 :
778 4187 974 4242 Audite
997 4196 1190 4239 vocem
1225 4193 1424 4242 meam,
1452 4182 1507 4230 et
1529 4186 1625 4228 ero
1651 4169 1803 4224 vobis
1832 4167 1995 4230 Deus,
2033 4170 2091 4218 et

506 4303 526 4337 ‹
567 4297 666 4338 vos
709 4278 864 4335 eritis
909 4275 1040 4332 mihi
1062 4270 1310 4344 populus,
1342 4276 1396 4322 et
1437 4262 1710 4320 ambulate
1734 4260 1787 4314 in
1809 4257 1957 4315 omni
1981 4255 2090 4322 via,

509 4395 528 4428 ι
573 4388 737 4458 (ιιιδιιι
760 4369 1018 4426 mandavi
1045 4365 1224 4429 vobis,
1253 4369 1315 4416 ut
1332 4361 1472 4416 bene
1492 4358 1564 4413 sit
1589 4355 1762 4411 vobis.
1800 4373 1818 4405 ι
1850 4351 2094 4420 Quorum

505 4440 814 4537 repro'bavit
829 4458 1110 4530 templum,
1131 4458 1526 4524 consequenter
1548 4444 1808 4518 reprobat
1835 4450 1894 4498 et
1922 4440 2092 4498 sacri-

506 4532 651 4624 ﬁcia,
673 4565 728 4613 et
747 4553 964 4624 oblique
992 4548 1170 4623 arguit
1191 4561 1284 4603 eos
1306 4544 1448 4616 quod
1473 4557 1580 4599 non
1603 4537 1954 4595 veneratione
1981 4532 2089 4600 sui,

504 4650 600 4710 sed
646 4647 928 4722 epularum
974 4639 1245 4700 desiderio
1293 4634 1574 4693 immolent
1617 4631 1889 4687 victimas.
1937 4625 2092 4695 Quod

507 4721 695 4807 autem
721 4747 797 4802 ait
821 4763 836 4801 :
875 4763 894 4797 ι
929 4742 1048 4799 Non
1071 4753 1191 4797 sum
1216 4735 1428 4792 locutus
1447 4746 1570 4788 cum
1592 4721 2090 4800 patribus-vestris,

503 4855 564 4914 et
608 4859 716 4900 non
761 4837 994 4913 praecepi
1035 4814 1136 4891 eis-
1156 4832 1212 4887 in
1256 4831 1342 4886 die
1387 4841 1493 4898 qua
1513 4823 1677 4881 eduxi
1720 4835 1815 4876 eos
1846 4818 1914 4874 de
1944 4824 2094 4871 terra

510 4909 781 5004 Egypti;
807 4942 969 4998 super
1019 4923 1186 4979 verbo
1226 4915 1501 4976 holocauti
1553 4921 1610 4968 et
1672 4909 2036 4971 victimarum,
2072 4923 2093 4958 ι

513 4995 798 5082 maniieste
827 4995 1149 5086 intelligitur
1177 5009 1321 5082 quod
1364 5007 1598 5078 primum
1636 4999 1950 5070 decalogum
2005 4995 2098 5049 de-

515 5119 656 5176 derit
679 5117 733 5171 in
762 5112 958 5169 tabulis
988 5107 1215 5182 lapideis
1240 5102 1498 5174 scriptum
1540 5098 1704 5168 digito
1729 5094 1849 5150 Dei.
1882 5093 1949 5148 Et
1973 5099 2099 5161 post

515 5213 772 5271 offensam
828 5203 1146 5263 idololatria:
1189 5205 1457 5269 caputque
1485 5190 1648 5248 vituli
1674 5187 1872 5262 (Exod.
1921 5183 2096 5255 xxxx),

516 5312 704 5378 postea
725 5299 950 5372 jusserit
974 5297 1076 5354 sibi
1100 5292 1274 5366 magis
1300 5288 1417 5345 ﬁeri
1439 5299 1602 5357 quam
1624 5279 1980 5342 daemonibus,
2011 5291 2102 5330 au-

521 5397 696 5454 ferens
725 5409 916 5468 puram
950 5390 1267 5459 religionem
1307 5379 1689 5438 mandatorum
1726 5371 1846 5437 Dei,
1888 5377 1943 5426 et
1973 5383 2102 5424 con-

519 5492 717 5548 cedens
762 5484 1080 5559 sanguinem
1114 5477 1460 5534 victimarum
1507 5467 1861 5536 carniumque
1887 5459 2100 5517 deside-

523 5583 681 5638 rium.

529 5783 551 5819 ι
595 5778 770 5828 suam,
821 5759 915 5816 sed
943 5755 1195 5811 abierunt
1241 5750 1298 5805 in
1336 5746 1706 5803 voluntatibus
1737 5741 1866 5814 (sive
1899 5734 2109 5793 deside-

532 5873 553 5912 t
593 5853 732 5925 riis),
765 5859 820 5908 et
842 5851 898 5906 in
915 5846 1190 5923 pravitate
1224 5840 1406 5900 cordis
1446 5838 1532 5895 sui
1559 5834 1708 5900 mali,
1729 5831 1964 5900 factique
1985 5833 2112 5882 sunt

2145 595 2164 630 ι
2207 585 2389 647 patres
2432 590 2623 631 eorum
2668 575 2735 629 de
2781 581 2928 627 terra
2970 569 3191 641 ngypti
3234 580 3405 636 usque
3456 566 3528 621 ad
3574 564 3738 620 diem

2144 686 2162 719 ι
2208 668 2367 723 hanc.
2416 687 2436 718 ι
2490 665 2574 721 Me
2600 665 2857 720 dicente:
2903 681 2921 714 ‹
2961 661 3158 716 Audite
3200 672 3388 714 vocem
3433 669 3617 711 meam
3675 662 3737 710 et

2139 775 2234 815 ero
2255 759 2409 814 vobis
2428 757 2591 824 Deus,
2627 777 2645 810 ι
2672 765 2802 821 etc.,
2840 769 2949 808 non
2971 751 3260 808 audierunt
3291 763 3391 804 nec
3419 746 3739 802 inclinave-

2140 861 2266 909 runt
2290 868 2477 908 aurem
2503 865 2687 918 suam,
2735 848 2831 905 sed
2867 847 2947 902 sui
2981 846 3160 903 cordis
3200 843 3375 899 fecere
3411 839 3697 896 desideria
3720 880 3738 904 ,

2143 955 2197 1003 et
2256 955 2443 1002 contra
2491 944 2734 1017 Apostoli
2789 940 3135 1006 sententiam,
3185 937 3278 1008 qui
3319 936 3739 1008 pratteritorum

2142 1037 2562 1094 obliviscebatur
2590 1045 2645 1091 et
2667 1037 2720 1090 in
2750 1035 2926 1106 priora
2950 1048 3008 1088 se
3026 1030 3372 1094 extendebat,
3400 1027 3584 1082 fecere
3604 1040 3744 1081 eon-

2147 1131 2333 1196 traria,
2366 1139 2426 1184 ut
2469 1128 2743 1200 praeterita
2783 1134 3061 1196 cuperent,
3108 1130 3165 1178 et
3192 1119 3370 1175 futura
3412 1127 3745 1174 contemne-

2146 1231 2285 1278 rent.
2318 1222 2580 1291 Quodque
2611 1220 2775 1276 dicit:
2807 1238 2824 1270 ‹
2859 1217 2904 1272 Α
2928 1217 3014 1272 die
3037 1231 3142 1286 qua
3168 1212 3370 1285 egressi
3397 1219 3525 1266 sunt
3549 1219 3747 1280 patres

2146 1331 2330 1370 eorum
2355 1315 2420 1369 de
2442 1323 2589 1370 terra
2619 1312 2836 1384 Egypti
2859 1325 3030 1382 usque
3058 1311 3127 1365 ad
3157 1310 3299 1365 diem
3323 1309 3485 1373 hanc,
3526 1327 3544 1357 ι
3571 1320 3751 1361 omne

2148 1419 2361 1479 tempus
2419 1409 2475 1462 in
2523 1407 2703 1462 medio
2739 1405 2867 1460 dicit
2917 1420 3011 1460 eos
3052 1420 3152 1475 per
3204 1401 3467 1458 offensam
3515 1398 3749 1454 Domini

2149 1500 2494 1582 transegisse.
2521 1498 2673 1554 Unde
2695 1506 2751 1551 et
2779 1495 3087 1552 necessaria
3114 1493 3214 1548 fuit
3238 1491 3513 1561 Evangelii
3537 1489 3747 1560 gratia,

2149 1606 2268 1660 qua:
2310 1579 2430 1645 illos
2467 1604 2575 1644 non
2601 1604 2700 1644 suo
2737 1588 2958 1652 merito,
2995 1585 3089 1641 sed
3115 1583 3326 1639 Domini
3361 1579 3753 1637 misericordia

2151 1682 2512 1738 conservavit.

2182 1824 2184 1826 τ
2233 1819 2251 1851 ι
2299 1800 2365 1855 Et
2394 1799 2520 1854 misi
2566 1799 2633 1854 ad
2671 1813 2768 1852 vos
2811 1809 3000 1851 omnes
3041 1807 3226 1850 servos
3266 1805 3415 1846 meos
3444 1787 3757 1858 prophetas

2082 1864 2130 1923 Β
2165 1910 2183 1942 ι
2229 1905 2326 1961 per
2354 1890 2516 1956 diem,
2543 1902 2873 1958 consurgens
2898 1883 3151 1949 diluculo,
3168 1892 3224 1938 et
3243 1883 3463 1937 mittens
3495 1898 3508 1932 :
3543 1878 3613 1932 Et
3635 1891 3756 1930 non

2167 2001 2186 2034 ι
2233 1981 2520 2036 audierunt
2540 1996 2647 2045 me,
2680 1995 2779 2034 nec
2800 1978 3200 2034 inclinaverunt
3225 1990 3413 2029 aurem
3442 1987 3624 2036 suam,
3651 1969 3758 2024 sed

2167 2093 2185 2126 ι
2230 2073 2619 2127 induraverunt
2668 2070 2935 2126 cervicem
2983 2083 3172 2133 suam,
3226 2073 3282 2120 et
3329 2065 3483 2135 pejus
3535 2059 3759 2130 operati

2169 2185 2187 2220 ι
2233 2175 2539 2236 suntquam
2561 2173 2744 2236 patres
2765 2179 2973 2218 eorum.
3013 2183 3032 2214 ›
3065 2161 3219 2218 Justa
3260 2174 3390 2230 ergo
3415 2158 3500 2212 ira
3533 2153 3760 2212 Domini

2163 2275 2283 2330 quae
2327 2258 2555 2314 conflata
2597 2265 2700 2322 est,
2750 2265 2806 2312 et
2851 2254 3072 2311 stillavit
3121 2269 3283 2324 super
3327 2250 3588 2322 populum
3623 2265 3763 2305 con-

2167 2360 2489 2421 temptorem
2526 2349 2782 2416 durzeque
2825 2345 3083 2410 cervicis,
3125 2352 3180 2399 et
3215 2344 3310 2400 Dei
3353 2343 3518 2397 verba
3567 2340 3765 2394 audire

2166 2444 2458 2500 nolentem.
2514 2437 2794 2507 Quomodo
2833 2447 3012 2490 autem
3055 2437 3198 2491 Deus
3235 2433 3319 2489 vel
3366 2433 3432 2488 de
3476 2441 3637 2486 nocte
3671 2445 3765 2485 ve.

2168 2537 2423 2604 diluculo,
2454 2545 2510 2593 et
2540 2535 2595 2590 in
2627 2534 2714 2589 die
2744 2533 2926 2588 mittat
2956 2532 3248 2603 prophetas
3273 2544 3436 2599 supra
3461 2527 3722 2582 diximus.

2246 2673 2263 2704 ι
2309 2652 2377 2706 Et
2409 2648 2647 2720 loqueris
2669 2647 2737 2702 ad
2763 2661 2858 2701 eos
2883 2645 3066 2700 omnia
3094 2643 3261 2699 verba
3289 2621 3428 2707 haec,
3457 2648 3513 2696 et
3538 2655 3648 2695 non
3666 2654 3765 2692 au-

2176 2764 2195 2799 ι
2239 2745 2386 2802 dient
2400 2753 2470 2808 te,
2496 2749 2554 2797 et
2570 2739 2794 2796 vocabis
2814 2752 2931 2803 eos,
2945 2745 3000 2793 et
3012 2751 3119 2791 non
3134 2733 3539 2804 respondebunt
3552 2729 3672 2784 tibi.
3691 2729 3766 2783 Et

2176 2855 2196 2891 ι
2238 2837 2384 2893 dices
2407 2834 2475 2889 ad
2498 2849 2593 2889 eos
2615 2849 2630 2887 :
2653 2830 2782 2886 Haec
2809 2838 2892 2885 est
2913 2843 3044 2900 gens
3066 2841 3187 2897 quae
3210 2840 3319 2881 non
3339 2823 3545 2878 audivit
3569 2835 3767 2876 vocem

2178 2947 2197 2981 ι
2240 2923 2604 2983 Domini‘Dei
2651 2923 2754 2987 sui,
2798 2935 2898 2977 nec
2948 2919 3155 2989 recepit
3194 2915 3554 2987 disciplinam.
3590 2911 3770 2967 Periit

2181 3040 2200 3074 ι
2246 3020 2411 3087 ﬁdes,
2462 3027 2517 3074 et
2563 3015 2744 3071 ablata
2774 3022 2858 3070 est
2894 3012 2962 3068 de
2996 3026 3092 3067 ore
3118 3024 3328 3065 eorum.
3364 3027 3383 3061 ι
3427 3006 3506 3062 Ne
3545 3004 3770 3060 dubites

2175 3129 2289 3180 eos,
2326 3111 2527 3182 inquit,
2573 3108 2858 3164 indurasse
2899 3103 3188 3167 cervicem,
3227 3109 3282 3155 et
3306 3097 3490 3170 pejora
3514 3096 3772 3168 patribus

2097 3217 2142 3292 ρ
2176 3207 2285 3262 suis
2315 3213 2590 3275 operatos.
2624 3199 2764 3255 Ecce
2790 3198 2858 3254 do
2884 3196 3060 3251 locum
3099 3193 3430 3266 paenitentiae
3455 3231 3471 3256 ,
3505 3203 3605 3243 nec
3644 3187 3773 3242 ideo

2176 3301 2369 3369 loquor
2404 3303 2463 3351 ut
2492 3294 2624 3349 ﬁant
2655 3333 2668 3359 ,
2715 3290 2809 3346 sed
2838 3288 2979 3359 quia
3027 3285 3207 3340 futura
3238 3291 3363 3339 sunt
3397 3281 3598 3336 idcirco
3635 3292 3777 3348 pne-

2177 3394 2318 3451 dico.
2365 3391 2571 3447 Saltem
2599 3401 2745 3443 nunc
2769 3385 2995 3454 loquere
3035 3380 3116 3437 eis
3140 3379 3324 3434 verbis
3361 3377 3516 3439 meis,
3547 3381 3603 3428 et
3635 3381 3777 3426 tunc

2177 3502 2287 3543 non
2314 3484 2536 3541 audient
2557 3490 2631 3548 te,
2668 3487 2724 3535 et
2751 3476 2974 3533 vocabis
3000 3489 3116 3540 eos,
3145 3480 3336 3528 etnon
3359 3465 3775 3538 respondebunt

2180 3580 2300 3636 tibi.
2332 3579 2518 3635 Tantae
2543 3575 2690 3631 enim
2716 3562 2890 3628 erunt‘
2901 3567 3188 3638 superbiae,
3231 3573 3293 3620 ut
3331 3578 3456 3619 cum
3480 3559 3774 3615 vocaberis

2183 3689 2276 3730 eos
2321 3671 2388 3726 ad
2441 3666 2766 3724 audiendum
2800 3661 2980 3716 nullus
3007 3655 3340 3730 respondere
3374 3653 3646 3724 dignetur.
3707 3650 3778 3703 Et

2184 3767 2331 3822 dices
2356 3764 2424 3818 ad
2448 3776 2541 3816 eos
2563 3778 2577 3814 :
2611 3779 2628 3810 (
2663 3757 2787 3812 llaec
2810 3762 2894 3810 est
2922 3767 3053 3823 gens
3077 3766 3197 3821 quae
3221 3763 3325 3804 non
3356 3745 3561 3802 audivit
3581 3757 3778 3798 vocem

2187 3855 2400 3916 Domini
2430 3853 2525 3909 Dei
2553 3851 2636 3908 sui
2662 3891 2677 3914 ,
2713 3862 2815 3903 nec
2844 3844 3048 3915 recepit
3069 3840 3430 3911 disciplinam.
3467 3856 3485 3889 ι
3513 3833 3776 3898 Pulchre,

2187 3959 2249 4007 ut
2267 3951 2380 4022 jam
2423 3953 2550 4000 ante
2583 3941 2715 4006 dixi,
2771 3951 3111 4008 nequaquam
3145 3929 3400 4004 populum
3447 3940 3625 3988 suum,
3682 3923 3781 3978 sed

2191 4018 2408 4115 gentem
2439 4043 2615 4092 vocat.
2657 4032 2811 4101 Quod
2839 4030 2968 4086 licet
3004 4037 3059 4082 ct
3084 4026 3152 4082 'in
3193 4034 3434 4094 tempore
3477 4018 3779 4090 prapbeta-

2190 4110 2313 4190 rum
2343 4147 2410 4186 ex
2439 4137 2593 4200 parte
2616 4127 2686 4181 sit
2710 4123 2931 4187 factum,
2959 4129 3016 4176 et
3049 4119 3104 4190 in
3135 4116 3323 4172 umbra
3347 4110 3691 4184 praecesserit
3726 4118 3783 4163 et

2193 4228 2248 4282 in
2300 4222 2553 4292 imagine,
2590 4223 2768 4272 tamen"
2822 4212 3035 4284 plenius
3089 4209 3388 4279 completur
3433 4205 3486 4259 in
3533 4202 3780 4267 Christo,

2193 4315 2408 4391 quando
2423 4313 2710 4369 noluerunt
2730 4308 2975 4377 recipere
3009 4299 3368 4372 disciplinam,
3394 4304 3449 4352 et
3476 4309 3665 4348 vocem
3697 4296 3783 4348 sui

2195 4385 2410 4467 Domini
2453 4405 2919 4473 contempserunt.
2963 4393 3117 4451 Unde
3164 4390 3439 4460 eleganter
3486 4385 3725 4440 infertur
3767 4403 3780 4438 :

2202 4521 2223 4555 ί
2266 4499 2435 4556 Periit
2482 4496 2637 4560 ﬁdes,
2676 4513 2695 4546 ι
2747 4504 2866 4561 quae
2907 4484 3124 4558 proprie
3171 4479 3601 4538 Christianorum
3655 4487 3778 4543 est;

2118 4589 2172 4650 D
2204 4613 2223 4647 ι
2265 4601 2320 4649 et
2346 4590 2524 4646 ablata
2560 4597 2645 4641 est
2673 4585 2740 4639 de
2765 4597 2861 4638 ore
2891 4593 3100 4644 eorum,
3148 4593 3168 4628 ι
3199 4571 3378 4630 omnis
3407 4567 3658 4624 videlicet
3687 4567 3781 4623 ﬁlii

2195 4685 2314 4752 Dei,
2353 4682 2587 4750 ﬁdeique
2614 4674 2902 4733 confessio.

2275 4816 2294 4849 ‹
2340 4793 2525 4850 Tonde
2545 4789 2797 4859 capillum
2825 4771 2978 4840 tuum
3005 4789 3060 4837 et
3091 4777 3315 4850 projice,
3350 4781 3407 4831 et
3443 4786 3598 4828 sume
3619 4771 3676 4825 in
3703 4770 3781 4824 di-

2204 4907 2224 4942 ‹
2266 4893 2474 4943 rectum
2503 4880 2631 4954 (sive
2661 4892 2823 4948 super
2845 4872 3008 4944 labia)
3039 4871 3312 4944 planctum
3350 4884 3364 4921 :
3405 4864 3531 4936 quia
3549 4860 3780 4934 proiecit

2207 5003 2227 5036 ‹
2271 4977 2556 5039 Dominus,
2603 4979 2659 5027 et
2701 4967 2920 5038 reliquit
2953 4962 3358 5038 generationem
3381 4954 3585 5012 furoris
3611 4954 3716 5008 sui.
3755 4972 3774 5006 ι

2202 5072 2272 5128 Et
2292 5069 2413 5132 Job,
2460 5063 2643 5119 audita
2693 5059 2925 5115 ﬁliorum
2953 5053 3277 5128 etlﬁliarum
3311 5055 3519 5110 morte,
3553 5041 3779 5114 capillos

2202 5164 2432 5236 legimus
2475 5155 2775 5214 totondisse
2823 5150 2968 5223 (Job.
3005 5146 3068 5219 ι),
3127 5151 3182 5199 et
3223 5141 3364 5212 apud
3402 5146 3622 5193 veteres
3668 5135 3779 5189 haec

2201 5267 2322 5316 erat
2368 5253 2608 5312 omnium
2645 5243 2976 5304 consuetudo
3019 5237 3318 5310 lugentium
3360 5230 3585 5288 tondere
3618 5243 3780 5283 caesas-

2205 5353 2374 5415 riem;
2409 5355 2462 5402 at
2488 5359 2633 5400 nunc
2668 5357 2698 5396 e
2721 5335 2995 5394 contrario
3022 5345 3232 5388 comam
3263 5325 3569 5386 demittere,
3610 5320 3782 5374 luctus

2206 5410 2465 5498 indicium
2507 5443 2609 5490 est.
2647 5429 2834 5487 Omnis
2876 5435 3055 5481 autem
3100 5422 3351 5492 planctus
3378 5424 3434 5471 et
3469 5410 3782 5468 lamentatio

2205 5530 2537 5610 prophetalis
2577 5527 2778 5583 idcirco
2817 5517 3151 5577 assumitur:
3214 5532 3233 5564 ι
3281 5510 3404 5582 quia
3430 5504 3660 5578 projecit
3685 5502 3787 5558 Do-

2209 5593 2404 5695 minus,
2443 5635 2500 5683 et
2528 5621 2744 5692 reliquit
2770 5612 3171 5690 generationem
3215 5603 3412 5660 furoris
3443 5599 3543 5656 sui.
3585 5618 3607 5649 ι
3637 5593 3786 5651 llaud

2211 5692 2432 5780 dubium
2473 5715 2604 5787 quin
2633 5709 2892 5784 populum
2927 5702 3234 5759 Iudaeorum
3265 5692 3559 5766 significet,
3590 5697 3648 5742 et
3668 5701 3791 5757 pro-

2211 5820 2332 5892 prie
2363 5817 2468 5874 hoc
2491 5781 2574 5869 ad
2615 5781 2819 5866 Christi
2847 5809 3092 5871 tempora
3135 5790 3477 5852 referendum
3507 5826 3523 5853 ,
3574 5781 3795 5855 quando
