4008 6340
229 371 334 430 865

1149 359 1515 419 EXPOSITIO
1554 356 1781 417 SUPER
1816 356 2186 416 JEREMIAM.
2223 388 2294 398 —
2327 358 2457 414 LIB.
2493 357 2586 416 IV.

3388 355 3494 412 866

225 487 389 561 periit
431 485 582 550 ﬁdes,
631 491 688 538 et
713 481 781 538 de
825 494 920 537 ore
952 479 1132 537 ablata
1170 487 1254 535 est
1294 477 1476 549 populi
1523 474 1811 531 Dominum
1837 476 1892 538 Α
1914 483 1970 530 et
1999 473 2066 528 de
2095 473 2308 528 caeteris
2336 473 2558 528 urbibus
2603 486 2725 543 qua:
2761 472 2862 526 sub
2904 471 3047 526 illius
3082 470 3285 527 ditione
3318 477 3497 540 erant,

227 574 672 650 blasphemantis.

241 711 246 716 .
303 690 323 723 ι
356 669 493 738 Quia
520 666 766 723 fecerunt
795 664 892 720 ﬁlii
913 663 1049 719 Juda
1071 663 1274 719 malum
1295 662 1350 717 in
1373 667 1668 730 conspectu
1691 672 1815 714 meo

232 781 256 819 ι
290 763 422 820 dicit
464 760 721 816 Dominus
747 776 760 812 :
786 757 1094 813 Posuerunt
1137 753 1461 810 offendicula
1505 767 1604 809 sua
1633 753 1688 806 in
1722 751 1817 806 do-

189 918 194 922 ,
235 876 256 910 ι
289 871 398 919 mo,
422 853 477 908 in
503 868 609 924 qua
637 853 946 906 invocatum
970 858 1275 906 estnomen
1301 862 1502 913 meum,
1526 854 1588 901 ut
1611 845 1818 917 pollue-

238 966 257 1000 ι
291 955 415 1002 rent
447 959 566 1000 eam
607 957 622 997 :
658 950 714 997 et
746 941 1152 1015 aediﬁcaverunt
1195 938 1411 994 excelsa
1459 935 1597 1009 (sive
1631 933 1815 1006 aram)

237 1057 256 1089 ε
295 1035 558 1107 Topheth,
584 1048 704 1104 quae
725 1032 888 1088 estin
915 1031 1053 1086 valle
1077 1029 1174 1085 ﬁlii
1207 1029 1437 1095 Ennom,
1468 1036 1529 1082 ut
1561 1017 1814 1083 incende-

236 1148 255 1189 ς
295 1134 417 1183 rent
445 1125 584 1181 ﬁlios
619 1138 746 1179 suos
784 1132 840 1179 et
870 1122 1010 1177 ﬁlias
1047 1136 1176 1177 suas
1200 1121 1311 1192 igni
1339 1139 1351 1174 :
1389 1133 1508 1188 qua:
1538 1133 1646 1173 non
1676 1131 1816 1188 prae-

237 1237 256 1269 ‹
293 1219 413 1289 cepi
441 1232 542 1272 nec
571 1215 804 1287 cogitavi
839 1215 894 1269 in
921 1215 1084 1270 corde
1109 1227 1251 1268 meo.
1293 1232 1312 1265 ι
1342 1210 1496 1280 Quod
1534 1210 1590 1265 in
1618 1207 1818 1280 templo

233 1311 330 1366 Dei
364 1310 458 1386 ﬁlii
485 1307 620 1363 Juda
653 1298 886 1362 statuam
917 1305 1046 1361 Baal
1072 1311 1400 1376 posuerunt,
1432 1303 1488 1358 in
1522 1299 1820 1356 Ezechielis

231 1402 498 1474 principio
529 1401 806 1457 discimus.
830 1399 1057 1479 Egcelsa
1077 1406 1257 1453 autem
1284 1411 1404 1468 quae
1431 1395 1696 1452 Hebraice
1726 1408 1821 1464 ap-

231 1495 572 1566 pellabantur
606 1503 762 1554 mm
799 1494 913 1549 sive
951 1507 1104 1547 aram
1143 1491 1388 1561 Topheth
1409 1530 1424 1553 ,
1467 1503 1597 1571 qua:
1633 1496 1717 1543 est
1762 1485 1818 1541 in

235 1589 374 1644 valle
401 1589 634 1643 ﬁliorum
663 1588 852 1642 Ennon
884 1605 897 1640 :
931 1586 1077 1641 illum
1099 1585 1278 1640 locum
1299 1582 1590 1654 signiﬁcat,
1613 1581 1704 1650 qui
1735 1578 1820 1635 Si-

234 1680 319 1735 loe
348 1679 587 1734 fontibus
613 1679 889 1749 irrigatur,
913 1685 971 1732 et
999 1686 1084 1732 est
1102 1690 1348 1731 amoenus
1378 1682 1542 1744 atque
1571 1687 1821 1728 nemoro-

236 1787 330 1827 sus
347 1811 362 1837 ,
406 1771 675 1841 hodieque
713 1770 989 1825 hortorum
1017 1769 1221 1839 przebet
1247 1768 1485 1823 delicias.
1512 1764 1610 1821 Hic
1639 1775 1818 1820 autem

1916 563 2192 621 auferetur
2234 564 2411 620 omnis
2460 563 2677 629 laetitia,
2726 571 2782 618 et
2824 577 3058 618 mcerore
3097 563 3406 634 gemituque
3437 570 3498 620 et

1915 655 2248 711 desolatione
2275 654 2458 710 omnia
2486 653 2921 724 complebuntur.

2505 765 2736 824 CAPUT
2773 763 2907 822 Vill.

1917 859 2266 917 Comminatio
2301 860 2506 932 hirqui
2545 858 2742 932 residui
2779 865 2927 932 erant
2965 856 3030 911 de
3060 856 3386 932 captivitate;
3415 875 3500 912 m-

1985 934 2215 1004 crepatio
2249 928 2439 1004 propitii
2460 947 2562 986 non
2599 929 2890 1004 pauitantia
2912 944 2947 1004 Δε
2982 943 3082 1004 vox
3119 928 3501 998 paenitentiam,

1989 999 2522 1068 aduentus'hOstium,
2553 999 2790 1054 ululatus
2823 999 3072 1053 civitatis.
3366 1027 3368 1030 ν

1939 1141 1942 1144 ~
1995 1131 2014 1166 ι
2049 1099 2227 1168 ΙιίίΠο
2257 1107 3138 1184 tempore,aitDominus,ejicient
3161 1126 3286 1167 ossa
3314 1127 3503 1183 regum

1924 1224 1943 1258 ι
1976 1203 2112 1260 Juda
2129 1244 2143 1268 ,
2171 1211 2228 1258 et
2249 1218 2371 1259 ossa
2402 1202 2706 1274 principum
2731 1200 2881 1270 ejus,
2906 1210 2961 1256 et
2988 1215 3112 1256 ossa
3140 1204 3504 1267 sacerdotum,

1925 1314 1942 1347 ι
1980 1303 2036 1351 et
2071 1308 2194 1351 ossa
2233 1293 2656 1364 prophetarum,
2698 1302 2756 1348 et
2789 1307 2913 1348 ossa
2949 1307 3142 1347 eorum
3175 1293 3269 1363 qui
3299 1295 3510 1348 habita-

1925 1405 1945 1440 ι
1985 1393 2183 1442 verunt
2207 1383 2528 1449 Jerusalem,
2554 1385 2619 1441 de
2646 1383 2908 1455 sepulcris
2933 1383 3064 1439 suis.
3106 1383 3172 1438 Et
3201 1385 3508 1455 expandent

1925 1495 1944 1529 ι
1981 1491 2045 1532 ea
2067 1478 2134 1532 ad
2160 1476 2327 1531 solem
2354 1484 2408 1530 et
2436 1475 2641 1541 lunam,
2668 1483 2725 1530 et
2743 1475 2809 1529 ad
2841 1490 3056 1530 omnem
3083 1475 3328 1530 militiam
3363 1477 3507 1540 caeli,

1927 1587 1947 1621 ι
1983 1584 2103 1639 quae
2127 1567 2465 1632 dilexerunt,
2493 1575 2549 1622 et
2576 1565 2773 1636 quibus
2799 1567 3124 1632 servierunt,
3155 1576 3210 1622 et
3244 1575 3366 1638 post
3392 1583 3511 1638 quae

1927 1681 1946 1714 ι
1982 1661 2429 1727 ambulaverunt,
2465 1667 2522 1715 et
2552 1675 2672 1731 quae
2699 1659 3026 1730 quaesierunt
3045 1667 3099 1714 et
3125 1660 3506 1716 adoraverunt.

1929 1776 1948 1810 ι
1983 1755 2100 1812 Non
2143 1757 2463 1828 colligentur
2500 1764 2558 1811 et
2599 1770 2704 1810 non
2748 1755 3104 1826 sepelientur;
3147 1756 3202 1810 in
3241 1756 3514 1827 sterquili-

238 1864 557 1936 geutilitatis
587 1839 741 1920 error
768 1878 956 1918 omnes
982 1862 1290 1932 provincias
1321 1861 1635 1932 occupavit,
1666 1867 1728 1914 ut
1752 1859 1822 1914 ad
1849 1839 1897 1898 B
1929 1871 1948 1904 ι
1985 1852 2152 1915 nium,
2184 1865 2346 1922 super
2369 1849 2563 1905 faciem
2611 1856 2769 1904 terra!
2801 1857 2982 1904 erunt.
3007 1847 3076 1903 Et
3110 1849 3309 1920 eligent
3336 1848 3512 1922 magis

239 1957 418 2028 capita
453 1955 677 2012 fontium
718 1954 972 2025 lucosque
1005 1953 1402 2009 amoenissimos
1432 1951 1682 2006 victimas
1722 1950 1822 2005 im-

239 2047 536 2112 molarent,
564 2055 618 2102 et
642 2045 819 2100 omnis
845 2059 1024 2114 pravae
1056 2043 1455 2116 superstitionis
1484 2042 1674 2113 religio
1703 2057 1820 2098 ser-

237 2146 480 2194 varetur.
512 2136 753 2207 Topheth
786 2137 966 2207 lingua
1008 2135 1233 2192 Hebraea
1271 2137 1658 2206 interpretatur
1696 2134 1822 2188 lati-

240 2230 388 2285 tudo.
429 2229 806 2299 Scriptumque
839 2229 1011 2284 fertur
1048 2229 1102 2283 in
1135 2229 1275 2284 libro
1302 2226 1467 2284 Josue
1492 2227 1588 2283 ﬁlii
1613 2228 1733 2283 Nun
1757 2227 1825 2282 de

241 2323 348 2378 hoc
370 2322 511 2387 loco,
541 2323 631 2392 qui
655 2331 737 2377 est
763 2323 818 2376 in
845 2322 982 2378 valle
1003 2322 1236 2378 ﬁliorum
1261 2322 1452 2377 Ennon
1481 2329 1536 2375 et
1560 2320 1826 2376 Hebraice

241 2415 439 2472 dicitur
481 2424 608 2479 mn,
643 2421 735 2476 Nl:
777 2415 975 2486 quippe
1022 2417 1259 2490 φάραγγα
1283 2456 1298 2481 ,
1349 2416 1453 2471 hoc
1489 2423 1573 2471 est
1608 2414 1822 2482 vallem,

241 2518 353 2569 mn
380 2507 466 2564 vel
488 2507 723 2562 hominis
751 2522 946 2562 nomen
979 2507 1064 2563 vel
1094 2509 1320 2579 gratiam
1355 2516 1530 2564 sonat.
1566 2507 1830 2562 Tradunt-

243 2615 348 2670 que
373 2598 584 2654 Hebraei
609 2614 678 2654 ex
706 2599 810 2654 hoc
836 2598 956 2653 loco
981 2599 1305 2670 appellatam
1335 2599 1657 2670 gehennam,
1684 2598 1829 2668 quod

243 2685 455 2750 scilicet
481 2691 658 2748 omnis
692 2691 922 2761 populus
950 2689 1258 2747 Judaeorum
1301 2691 1374 2746 ibi
1402 2691 1627 2762 perierit
1653 2689 1826 2771 oﬁ'en-

246 2785 378 2842 dens
402 2784 570 2840 Deum
597 2802 610 2840 :
639 2785 696 2840 in
720 2799 826 2854 quo
851 2783 970 2839 loco
989 2783 1155 2841 etiam
1178 2783 1317 2840 ﬁlios
1337 2798 1466 2840 suos
1487 2784 1546 2838 in
1567 2783 1689 2854 igne
1715 2782 1830 2840 ido-

243 2874 311 2932 lis
356 2875 755 2942 consecrarint,
803 2875 919 2931 sive
963 2875 1339 2932 holocaustum
1379 2875 1674 2931 obtulerint
1711 2889 1830 2944 qua:

245 2983 354 3023 non
381 2969 700 3040 praeceperit
734 2969 836 3036 eis,
866 2984 966 3025 nec
999 2968 1107 3024 ulla
1135 2967 1271 3036 legis
1292 2966 1522 3037 jusserit
1550 2967 1831 3024 sanctione

247 3057 300 3129 (Ι
315 3057 514 3137 Vﬁeg.
556 3059 712 3133 xvu).
746 3059 899 3128 Quod
935 3061 981 3116 si
1026 3057 1220 3130 Jephte
1259 3059 1453 3115 obtulit
1482 3058 1649 3114 ﬁliam
1676 3075 1830 3116 suam

245 3149 510 3221 virginem
544 3150 655 3206 Deo
681 3151 831 3224 (Iud.
861 3151 959 3225 ιι),
991 3169 1099 3208 non
1134 3151 1462 3208 sacriﬁcium
1497 3152 1702 3223 placet,
1735 3153 1830 3208 sed

1931 1963 1950 1997 ‹
1989 1952 2220 1999 mortem
2263 1957 2425 2013 quam
2468 1942 2667 2007 vitam,
2710 1955 2901 1996 omnes
2925 1939 3018 2010 qui
3059 1940 3261 1996 residui
3311 1939 3513 1996 fuerint

1931 2053 1950 2088 ι
1985 2035 2053 2091 de
2082 2034 2402 2106 cognatione
2443 2034 2543 2088 hac
2567 2032 2799 2104 pessima
2835 2033 2890 2086 in
2914 2032 3181 2088 universis
3207 2032 3362 2102 locis,
3393 2047 3512 2104 quae

1931 2146 1950 2179 ι
1985 2125 2240 2182 derelicta
2260 2134 2406 2191 sunt,
2431 2125 2497 2179 ad
2511 2140 2632 2194 qua:
2651 2124 2784 2194 ejeci
2805 2138 2918 2189 eos,
2935 2123 3065 2178 dicit
3079 2125 3338 2180 Dominus
3357 2139 3513 2180 exer-

1933 2236 1951 2270 (
1989 2221 2225 2273 εἱῑιιιιιιι.·
2251 2237 2269 2268 ›
2328 2215 2598 2287 (Hieroml
2635 2214 2828 2270 Omnia
2875 2230 2994 2285 qua:
3025 2216 3355 2286 prophetalis
3399 2231 3513 2271 ser-

1928 2324 2017 2364 mo
2061 2308 2353 2374 describit,
2399 2317 2587 2363 nostro
2631 2317 2871 2378 tempore
2905 2308 3179 2364 cernimus
3216 2309 3509 2375 accidisse,

1926 2415 2035 2456 non
2064 2399 2154 2453 uni
2195 2397 2493 2454 Jerusalem
2517 2439 2532 2462 ,
2573 2413 2693 2468 qua:
2734 2398 2837 2452 ista
2878 2412 3134 2468 perpessa
3157 2403 3256 2455 est
3293 2414 3324 2454 a
3354 2398 3512 2454 Chal»

1929 2491 2060 2546 datis
2084 2499 2248 2560 atque
2276 2489 2553 2553 Romanis,
2588 2488 2682 2544 sed
2712 2488 2966 2544 universo
2998 2489 3137 2545 orbi.
3167 2489 3240 2544 ita
3267 2499 3324 2544 ut
3347 2489 3514 2560 lacry-

1929 2599 2030 2638 ma:
2054 2584 2333 2649 aruerint,
2377 2593 2432 2640 et
2465 2582 2677 2639 ossibus
2715 2591 3054 2637 mortuorum
3078 2582 3332 2638 universa
3367 2598 3514 2638 com-

1926 2677 2070 2748 pleta
2095 2677 2223 2732 sint.
2243 2677 2311 2731 Et
2323 2677 2450 2748 quia
2472 2676 2718 2732 solebant
2731 2676 2882 2746 juxta
2897 2677 3180 2744 antiquum
3197 2690 3402 2732 morem
3426 2690 3515 2730 au-

1930 2785 2048 2824 rum
2071 2778 2125 2825 et
2147 2769 2393 2840 quaedam
2415 2777 2734 2824 ornamenta
2760 2768 2841 2824 vel
2862 2769 3148 2824 mulierum
3172 2769 3256 2825 vel
3275 2769 3512 2824 virorum

1931 2865 1985 2920 in
2017 2863 2277 2935 sepulcris
2306 2864 2559 2929 condere,
2599 2863 2715 2918 haec
2741 2876 2957 2933 quoque
2992 2860 3280 2933 frangebat
3309 2870 3366 2916 et
3384 2860 3515 2916 eﬁ‘o-

1931 2956 2112 3011 diebat
2139 2955 2365 3011 avaritia
2384 2995 2398 3020 ,
2429 2962 2490 3008 ut
2521 2952 2659 3009 caelo
2679 2961 2734 3007 et
2761 2952 2867 3008 luci
2890 2953 3268 3022 proderentur.
3298 2951 3366 3008 Et
3395 2951 3516 3008 ideo

1931 3047 2162 3118 primum
2189 3061 2375 3118 regum
2409 3043 2546 3100 Juda
2576 3053 2630 3100 et
2658 3043 2961 3115 principum
2992 3044 3130 3115 ejus,
3170 3043 3515 3100 sacerdotum

1930 3153 2145 3209 quoque
2170 3147 2225 3194 et
2264 3137 2648 3208 prophetarum
2667 3176 2684 3203 ,
2712 3145 2766 3191 et
2797 3136 3037 3191 universi
3064 3135 3245 3207 populi
3272 3136 3363 3206 qui
3398 3135 3518 3193 fue-

247 3242 458 3298 animus
501 3241 798 3300 offerentis.
841 3244 1026 3315 Neque
1065 3245 1211 3300 enim
1244 3244 1290 3301 si
1333 3245 1483 3301 canis
1511 3253 1608 3300 aut
1645 3245 1830 3301 asinus

1938 3239 2058 3285 rant
2091 3230 2146 3284 in
2186 3228 2520 3295 Jerusalem,
2551 3245 2674 3286 ossa
2715 3228 2783 3284 de
2823 3227 3043 3283 tumulis
3079 3227 3515 3298 proferebantur,

159 3411 168 3418 '
248 3341 338 3388 aut
361 3334 702 3390 immundum
721 3337 996 3405 quodlibet
1021 3336 1220 3392 animal
1243 3337 1477 3407 primum
1506 3338 1833 3394 occurrisset

246 3427 387 3498 patri
432 3443 465 3482 a
499 3430 645 3485 caede
682 3429 918 3486 hostium
957 3431 1292 3498 revertenti,
1328 3431 1440 3486 Deo
1466 3430 1595 3486 illud
1637 3431 1834 3488 offerre

249 3517 532 3576 debuerat.

329 3629 348 3663 ι
386 3610 512 3667 Ideo
539 3626 668 3668 ecce
705 3613 820 3670 dies
849 3614 1102 3680 venient,
1133 3614 1270 3671 dicit
1300 3615 1594 3680 Dominus,
1632 3621 1690 3670 et
1724 3629 1834 3671 non

257 3722 277 3755 ι
315 3703 525 3759 dicetur
552 3704 801 3774 amplius,
827 3705 1094 3775 Topheth,
1124 3715 1178 3762 et
1197 3705 1353 3762 vallis
1385 3706 1476 3760 ﬁlii
1502 3706 1714 3772 Ennon,
1739 3705 1835 3762 sed

257 3815 276 3850 ι
316 3797 470 3854 vallis
497 3797 928 3854 interfectionis:
960 3807 1016 3854 et
1061 3799 1324 3870 sepelient
1366 3799 1420 3855 in
1471 3797 1738 3870 Topheth,
1769 3811 1874 3855 θοι

259 3906 278 3939 ι
313 3889 456 3961 quod
483 3905 591 3946 non
616 3889 687 3946 sit
720 3890 887 3946 locus.
916 3890 985 3946 Et
1013 3891 1116 3947 erit
1142 3891 1490 3948 morticinum
1529 3892 1711 3962 populi
1739 3892 1837 3948 hu-

261 3997 279 4032 c
310 3962 399 4051 jus
440 3983 496 4038 in
531 3983 681 4039 cibos
732 3983 1038 4042 volucribus
1075 3985 1199 4041 coeli
1245 3993 1302 4041 et
1337 3986 1526 4042 bestiis
1574 3994 1753 4053 terrae,
1783 3994 1838 4041 et

261 4091 280 4124 ‹
317 4089 424 4130 non
445 4074 552 4128 erit
570 4074 661 4144 qui
684 4075 883 4145 abigat.
910 4095 930 4129 ι
958 4076 1193 4148 Tempus
1211 4075 1506 4132 obsidionis
1534 4075 1834 4148 signiﬁcat,

257 4181 377 4237 quae
401 4167 469 4223 ab
508 4182 650 4223 anno
679 4183 821 4224 nono
860 4169 1006 4240 regis
1037 4167 1314 4225 Sedechiae
1343 4183 1513 4238 usque
1540 4167 1607 4223 ad
1635 4183 1836 4223 annum

1931 3321 2170 3393 patentia
2203 3321 2302 3376 soli
2328 3331 2383 3375 et
2409 3321 2572 3388 lunae,
2601 3329 2656 3376 et
2679 3320 2920 3375 omnium
2947 3318 3225 3376 stellarum
3251 3322 3514 3393 aSpectui,

1931 3424 1994 3471 ut
2017 3415 2214 3485 quibus
2240 3397 2558 3479 servierant,
2601 3413 2859 3469 derelicto
2888 3412 3000 3468 Deo
3017 3453 3032 3479 ,
3056 3429 3244 3469 eorum
3269 3422 3522 3484 paterent

1933 3506 2263 3578 aspectibus,
2295 3513 2351 3561 et
2380 3512 2698 3574 consumpta
2725 3504 2782 3558 in
2810 3503 3210 3574 Sterquilinium
3234 3512 3288 3558 et
3308 3504 3521 3560 cineres

1933 3596 2294 3652 solverentur.
2327 3593 2388 3650 Si
2415 3595 2537 3664 quis
2576 3602 2756 3650 autem
2792 3595 2859 3648 de
2886 3594 3228 3650 multitudine
3256 3595 3520 3666 potuisset

1934 3685 2193 3759 effugere,
2225 3686 2290 3741 ad
2324 3701 2659 3759 quaecunque
2686 3686 2806 3745 loca
2840 3687 3101 3756 venisset,
3127 3696 3357 3745 mortem
3380 3705 3519 3760 prae-

1936 3779 2106 3838 ferret
2143 3780 2299 3848 Viue,
2346 3787 2403 3836 et
2452 3780 2753 3838 remedium
2791 3779 3026 3838 infelicis
3076 3781 3269 3838 anima:
3305 3789 3522 3854 putaret

1937 3874 2238 3931 interitum.
2820 3923 2830 3932 ,

2013 3988 2032 4020 ι
2064 3967 2134 4023 Et
2163 3967 2309 4023 dices
2337 3968 2406 4022 ad
2428 3981 2522 4023 eos
2554 3985 2567 4022 :
2619 3965 2748 4023 Haec
2772 3967 2906 4024 dicit
2945 3966 3241 4024 Dominus:
3267 3967 3522 4040 Nunquid

1942 4077 1962 4110 4
2000 4059 2093 4130 qui
2123 4058 2286 4125 cadit,
2338 4073 2445 4114 non
2473 4059 2765 4129 resurget?
2812 4067 2866 4114 et
2891 4058 2984 4130 qui
3017 4073 3240 4115 aversus
3265 4068 3369 4126 est,
3414 4075 3522 4115 non

1945 4171 1964 4204 ς
2005 4159 2307 4208 revertetur
2330 4151 2457 4224 (sive
2472 4165 2579 4207 non
2598 4157 2840 4207 avertetu
2848 4150 2917 4223 r).
2941 4170 2961 4204 ι
2979 4149 3108 4207 Post
3133 4159 3281 4206 tanta
3302 4151 3444 4208 mala
3458 4151 3527 4207 ad

257 4259 599 4315 undecimum
639 4261 883 4331 perpessi
924 4271 1049 4317 sunt
1088 4259 1195 4334 (IV
1237 4261 1367 4333 Reg.
1401 4259 1553 4334 xxv).
1596 4261 1661 4316 Et
1694 4262 1830 4332 quod

1938 4245 2312 4319 panitentiam
2351 4253 2608 4318 provocat
2632 4261 2726 4302 eos
2750 4247 2840 4317 qui
2879 4245 3148 4317 potuerint
3195 4261 3520 4302 remanere:

255 4365 597 4422 nequaquam
632 4360 857 4408 vocetur
893 4353 1048 4408 vallis
1089 4353 1205 4422 ipsa
1244 4354 1546 4423 gehennon,
1587 4353 1690 4408 hoc
1721 4361 1836 4419 est,
1938 4341 2058 4396 sive
2105 4340 2418 4411 Priusquam
2461 4341 2686 4396 veniam
2729 4341 3086 4411 qui-minatus
3112 4348 3230 4405 εει,
3272 4341 3525 4398 bonam"

258 4441 408 4498 vallis
437 4439 660 4506 Ennon,
701 4443 813 4498 sive
840 4441 1072 4511 ﬁliorum
1106 4432 1483 4509 Ennomgsed
1520 4443 1591 4498 ob
1619 4443 1842 4500 interfe-
1938 4436 2005 4490 ad
2031 4434 2460 4500 conversionem.
2517 4444 2572 4492 et
2615 4433 2710 4490 dat
2745 4434 2922 4491 locum
2969 4435 3321 4506 poenitentiae-
3376 4436 3527 4503 Quod

258 4535 493 4591 ctionem
530 4533 886 4604 plurimorum
924 4534 1074 4589 vallis
1114 4535 1403 4589 occisionis.
1444 4535 1615 4590 Tanta
1656 4545 1836 4592 autem
1864 4582 1914 4604 η
1939 4536 2122 4584 autem
2146 4526 2300 4597 iuxta
2329 4527 2655 4584 HEbl'aicum
2683 4527 2943 4599 scriptum
2968 4537 3051 4584 est
3077 4547 3090 4582 :
3130 4549 3148 4580 ε
3168 4528 3236 4584 Et
3256 4529 3350 4599 qui
3374 4544 3530 4584 aver-

259 4626 436 4681 caedes
471 4625 605 4688 erit,
641 4631 701 4677 ut
737 4623 791 4677 in
823 4623 940 4678 loco
967 4625 1116 4693 prius
1145 4624 1420 4696 religionis
1451 4625 1696 4695 sepulcra
1731 4627 1838 4682 sint

261 4713 706 4779 innumerabilia;
738 4721 794 4769 et
818 4729 954 4784 quos
991 4714 1218 4784 sepelire
1253 4729 1363 4770 non
1391 4715 1666 4785 potuerint
1692 4716 1835 4772 lace.-

263 4815 454 4863 rentur
483 4805 551 4861 ab
581 4805 768 4861 avibus
805 4816 860 4862 et
899 4823 929 4860 a
967 4805 1154 4862 bestiis
1178 4807 1524 4872 devorentur,
1554 4805 1838 4877 nullusque

261 4897 332 4952 sit
369 4895 462 4967 qui
500 4895 679 4966 abigat
716 4895 910 4950 similia
947 4904 1224 4963 metuens,
1268 4904 1324 4952 et
1363 4895 1619 4952 humandi
1665 4897 1840 4952 victus

261 4985 470 5042 ofﬁciis.
503 4985 784 5042 Manifesta
815 4987 1255 5054 transcurrimus,
1282 4996 1342 5042 ut
1361 4988 1533 5044 sicubi
1561 4987 1710 5044 locus
1728 4986 1840 5043 fue-

265 5079 338 5134 rit
365 5079 420 5152 in
449 5080 695 5135 obscuris
713 5095 1004 5134 moremur.
1019 5079 1190 5151 Ipsius
1209 5081 1355 5134 enim
1380 5080 1501 5136 libri
1529 5081 1842 5152 magnitudo

263 5151 535 5226 fastidium
563 5181 739 5242 potest
762 5171 941 5228 facere
969 5173 1293 5243 legentibus,
1315 5181 1520 5243 quanto
1545 5151 1718 5244 magis
1739 5175 1785 5230 si
1809 5189 1842 5229 a

265 5261 423 5317 nobis
457 5261 618 5317 latius
645 5263 974 5319 disseratur?

343 5367 362 5400 ι
408 5349 478 5404 Et
505 5351 783 5421 quiescere
812 5352 1005 5409 faciam
1032 5354 1098 5409 de
1125 5354 1351 5410 urbibus
1378 5353 1539 5421 Juda,
1558 5364 1615 5412 et
1638 5356 1705 5413 de
1729 5357 1844 5428 pla-

274 5459 294 5492 ι
333 5440 438 5496 teis
460 5441 754 5498 Jerusalem
775 5461 960 5501 vocem
986 5447 1186 5518 gaudii,
1217 5456 1273 5502 et
1300 5462 1486 5502 vocem
1507 5447 1724 5515 laetitiae,
1754 5465 1846 5506 vo-

277 5555 296 5591 (
334 5553 451 5594 cem
475 5540 681 5609 sponsi,
697 5548 754 5595 et
773 5557 958 5598 vocem
973 5559 1202 5613 sponsze,
1219 5545 1276 5599 in
1291 5544 1676 5600 desolationem
1696 5543 1843 5600 enim

275 5648 296 5682 ‹
331 5631 436 5687 erit
466 5640 629 5687 terra.
659 5651 678 5684 ι
710 5630 842 5687 Cum
869 5632 1016 5690 locus
1044 5636 1359 5692 idololatria:
1382 5651 1570 5692 versus
1595 5636 1758 5691 fuerit
1785 5637 1842 5692 in

270 5722 539 5794 sepulcra,
569 5732 632 5779 ut
656 5723 748 5779 ubi
778 5724 944 5780 Deum
971 5724 1338 5796 oﬁ‘enderant,
1371 5729 1444 5784 ibi
1473 5713 1659 5785 eorum
1684 5729 1842 5784 inhu-

269 5817 413 5870 mata
434 5815 652 5887 jaceant
677 5815 961 5873 cadavera.
989 5817 1060 5874 De
1083 5819 1218 5876 urbe
1235 5821 1504 5890 quondam
1519 5818 1838 5888 Jerusalem,

1945 4636 2037 4676 sus
2065 4628 2170 4685 est,
2197 4635 2302 4675 non
2341 4628 2633 4684 avertetur,
2673 4637 2693 4671 ι
2725 4619 2854 4673 illud
2894 4619 3162 4692 signiﬁcat
3205 4621 3350 4690 quod
3373 4622 3466 4690 qui
3497 4638 3526 4675 a

1895 4735 1904 4744 I
1945 4711 2058 4764 Deo
2085 4720 2365 4766 aversatus
2407 4719 2509 4779 est,
2559 4710 2604 4766 si
2635 4708 2866 4765 voluerit
2895 4711 2964 4764 ad
3012 4710 3235 4766 meliora
3262 4711 3526 4776 converti,

1945 4802 2115 4873 possit
2142 4811 2196 4858 et
2223 4803 2317 4858 Dei
2360 4801 2602 4858 furorem
2641 4801 2709 4857 ad
2738 4801 2960 4858 meliora
2989 4810 3326 4868 convertere,
3356 4810 3412 4857 et
3433 4818 3527 4858 ve—

1945 4895 2116 4951 nienti
2145 4895 2430 4962 obsistere,
2460 4903 2516 4951 et
2538 4895 2721 4966 plagas
2744 4896 2995 4966 precibus
3018 4896 3242 4951 evitare.

2024 5007 2044 5039 (
2075 4987 2253 5056 Quare
2273 5004 2400 5060 ergo
2425 5003 2646 5044 aversus
2670 4996 2756 5043 est
2778 4988 3005 5059 populus
3029 4988 3130 5044 istc
3156 4989 3208 5043 in
3231 4987 3528 5046 Jerusalem

1950 5100 1969 5132 ‹
1997 5081 2279 5137 aversione
2293 5079 3524 5152 contentiosa?Apprebenderunt'mendacium,

1951 5192 1970 5225 ι
1997 5182 2053 5228 et
2088 5173 2377 5230 noluerunt
2408 5173 2624 5230 reverti.
2655 5193 2676 5227 ›
2710 5172 2923 5240 Quanto
2958 5189 3106 5246 ergo,
3139 5174 3334 5244 inquit,
3357 5176 3532 5247 magis

1945 5281 2046 5338 ego
2075 5267 2143 5322 ad
2168 5267 2540 5336 paenitentiam
2565 5266 2876 5336 provocavi,
2909 5275 3060 5324 tanto
3089 5266 3166 5322 illi
3204 5267 3326 5339 plus
3351 5283 3530 5324 reces-

1947 5368 2136 5415 serunt
2159 5374 2190 5413 a
2214 5374 2322 5425 me,
2349 5375 2456 5414 non
2481 5367 2588 5414 tam
2621 5359 2880 5430 peccandi
2907 5359 3107 5426 studio,
3137 5375 3299 5431 quam
3328 5375 3415 5416 me
3440 5376 3530 5416 su-

1946 5451 2192 5521 perandi.
2235 5448 2721 5520 Appreheuderunt
2753 5450 2899 5506 enim
2925 5447 3142 5506 fortiter
3163 5450 3527 5518 mendacium,

1949 5542 2034 5597 vel
2079 5541 2220 5596 idola
2279 5541 2362 5595 vel
2409 5555 2576 5611 prava
2623 5555 2848 5611 quasque
2911 5541 3155 5608 veritati,
3197 5539 3531 5612 justitieque

1947 5633 2243 5699 contraria,
2275 5640 2331 5687 et
2357 5631 2644 5688 noluerunt
2673 5633 2890 5688 reverti.
2945 5631 3063 5689 Non
3105 5633 3262 5701 dixit,
3291 5649 3397 5691 non
3429 5650 3530 5707 po-

1947 5733 2185 5792 tuerunt,
2225 5725 2340 5792 sed,
2367 5725 2516 5782 omni
2548 5727 2726 5783 studio
2761 5725 2945 5797 iniqua
2973 5726 3166 5783 sectati
3215 5734 3359 5781 sunt.
3409 5724 3519 5781 No-

1946 5827 2119 5876 strum
2146 5833 2274 5874 vero
2301 5824 2464 5874 estut
2490 5818 2728 5892 quotidie
2743 5833 2850 5876 nos
2873 5819 3178 5875 attrahentc
3205 5817 3377 5887 gratia
3405 5815 3524 5882 Dei,

2088 5986 2142 5998 ..ο
