4008 6340
1170 406 1535 470 EXPOSITIO
1570 402 1799 467 SUPER
1832 400 2200 467 JIREMIAM.
2238 432 2312 452 -
2347 406 2477 467 LIB.
2514 400 2607 467 IV.

3427 396 3531 468 810

252 530 334 587 ait
357 527 426 584 ab
450 520 698 593 incilibus
720 523 900 597 diripi.
931 521 1101 588 Folia,
1134 524 1333 594 inquit,
1382 522 1617 580 deﬂuant
1654 530 1843 579 aestate
1869 532 1919 589 Α
1946 524 2086 580 dicta
2124 530 2250 580 sunt
2277 525 2619 611 copuiarunt,
2644 532 2705 579 ut
2728 531 3011 596 ponerent.
3049 538 3071 580 δ
3126 525 3194 582 Et
3213 527 3547 587 mordebant

154 626 159 631 ’
254 629 623 689 autumnoque
650 616 957 681 transactis.
992 616 1122 671 Dedi
1155 616 1298 670 enim
1320 616 1401 671 eis
1423 630 1543 686 quae
1568 615 1847 686 prceterire

254 722 562 778 cernerent,
615 720 669 768 et
696 709 903 779 majore
947 710 1135 765 dolore
1177 709 1488 765 amitterent
1518 723 1699 764 rerum
1724 722 1844 763 om-

256 815 407 871 nium
431 810 835 877 abundantiam,
872 822 1035 880 quam
1062 809 1142 864 eis
1168 815 1390 880 tangere
1417 823 1525 863 non
1556 808 1773 863 licebat.

333 921 354 958 s
387 902 570 971 Quare
592 900 885 957 sedemus?
916 899 1215 956 Convenite
1237 907 1292 955 et
1324 900 1695 973 ingrediamur
1713 899 1849 954 civi-

262 1012 285 1054 t
320 1001 485 1051 tatem
509 992 775 1049 munitam
804 990 930 1063 (sius
958 992 1205 1048 civitates
1227 991 1486 1064 munitas)
1522 999 1577 1047 et
1597 991 1853 1048 sileamus

263 1103 283 1145 t
318 1086 393 1151 ibi
415 1085 543 1157 (sive
564 1082 919 1156 projiciamur
936 1083 1057 1157 ibi),
1075 1085 1200 1156 quia
1223 1084 1486 1142 Dominus
1507 1084 1653 1140 Deus
1668 1092 1854 1140 noster

263 1195 283 1237 t
319 1175 481 1235 silere
508 1190 608 1232 nos
634 1174 796 1241 fecit,
823 1182 878 1230 et
902 1184 1091 1247 potum
1114 1175 1263 1237 dedit
1290 1170 1447 1232 nobis
1474 1190 1667 1246 aquam
1693 1174 1851 1231 fellis.

263 1285 285 1335 ί
315 1267 671 1325 Peccavimus
703 1267 848 1327 enim
885 1267 1133 1324 Domino.
1182 1267 1635 1338 Exspectavimus
1663 1282 1855 1339 pacem

264 1376 287 1410 ι
319 1365 376 1419 et
415 1373 524 1423 nun
551 1364 672 1415 erat
698 1358 939 1425 bonum;
976 1366 1188 1427 tempus
1220 1359 1463 1424 medelas,
1494 1369 1551 1414 et
1587 1372 1715 1415 ecce
1741 1359 1855 1415 for-

266 1470 286 1503 t
320 1452 487 1510 mide.
527 1471 547 1503 ι
595 1451 712 1507 Vox
732 1450 915 1522 pepuli
952 1451 1331 1520 respondentis
1356 1450 1653 1517 inducitur,
1675 1455 1732 1505 et
1760 1464 1857 1505 sua

260 1543 393 1603 vitia
422 1540 752 1609 conﬁtentis,
804 1550 863 1597 et
902 1540 1243 1603 cohortantis
1287 1555 1348 1597 se
1376 1550 1565 1597 mutuo
1591 1549 1651 1598 ut
1681 1542 1860 1611 ingre-

263 1633 481 1690 diantur
515 1635 766 1693 civitates
810 1643 1082 1702 muratae,
1122 1635 1238 1691 sive
1260 1648 1425 1695 unam
1470 1635 1746 1692 civitatem
1769 1634 1860 1691 Je-

265 1726 544 1789 rusalem:
591 1726 710 1797 jam
743 1727 887 1782 enim
922 1734 1132 1782 natura;
1156 1736 1329 1797 captat
1357 1727 1589 1783 fuerant.
1626 1744 1647 1783 t
1688 1726 1757 1783 Et
1781 1729 1860 1783 si-

1946 630 2063 682 vos,
2113 617 2190 672 ait
2226 618 2501 681 Dominus,
2545 617 2950 673 insatiabiliter:
2981 633 3105 673 cum
3133 618 3319 675 tiolote
3359 622 3542 675 cordis

1947 710 2115 766 vestri
2142 710 2424 768 deﬁcietis.
2462 730 2480 765 ι
2524 711 2581 767 in
2628 709 2895 767 Hebraico
2944 716 3127 777 autem
3162 727 3269 767 non
3301 723 3409 767 tam
3439 714 3540 768 dos

1948 802 2035 859 lor
2066 812 2176 870 est,
2218 805 2309 875 qui
2359 803 2549 860 (irrece
2578 803 2777 860 dicitur
2833 803 3024 869 ὀδύνη,
3073 818 3239 875 quam
3275 804 3540 877 μειδιάμα,

1952 897 2095 966 quod
2142 910 2243 952 nos
2271 896 2617 967 interpretari
2660 906 2948 967 possumus
2978 895 3166 949 rictum
3200 896 3313 951 oris
3360 895 3547 952 dolore

1953 990 2239 1056 contracti,
2272 995 2331 1044 et
2357 990 2647 1045 habentem
2678 989 2820 1045 risus
2855 986 3283 1045 similitudinem.
3318 986 3550 1061 ἰ’ῐμυαΐιδ

1902 1154 1911 1159 ,
1954 1088 2055 1144 πῶς
2083 1088 2263 1137 autem
2321 1081 2437 1138 bace
2473 1096 2541 1137 ex
2574 1094 2806 1152 persona
2853 1081 2950 1137 Dei
2998 1080 3221 1152 legenda
3251 1086 3376 1136 sunt
3399 1080 3554 1151 plane

1956 1174 2133 1247 gentis
2159 1175 2498 1231 eversionem
2526 1174 2885 1243 Hierusalem,
2916 1182 2971 1231 st
3005 1172 3121 1244 eius
3159 1170 3410 1231 miserias
3444 1184 3556 1233 non

1957 1263 2201 1320 ferentis.

2034 1372 2055 1407 ι
2090 1356 2230 1412 Ecce
2254 1368 2356 1412 vox
2387 1356 2643 1414 clamoris
2668 1358 2790 1414 tilia:
2816 1358 3001 1430 populi
3029 1357 3135 1414 mei
3163 1356 3230 1415 de
3259 1364 3401 1415 terra
3439 1356 3557 1416 Ιοηι

1964 1466 1983 1499 ι
2020 1447 2239 1520 ginqua.
2280 1467 2299 1500 ι
2343 1447 2554 1503 Flctum
2584 1448 2842 1505 describit
2872 1458 2928 1505 et
2955 1449 3217 1505 ululatum
3242 1450 3393 1506 urbis
3431 1450 3556 1506 llic-

1960 1538 2196 1594 rusalem
2228 1539 2486 1608 ingressis
2516 1539 2785 1596 hostibus.
2868 1556 2871 1559 ν

2038 1648 2059 1681 ι
2095 1629 2346 1701 Nunquid
2377 1631 2638 1686 Dominus
2674 1646 2783 1689 non
2813 1636 2897 1688 est
2952 1630 3105 1698 Bion,
3165 1640 3260 1688 aut
3305 1640 3401 1688 rex
3442 1620 3559 1702 eius
3602 1670 3611 1678 ο

1968 1740 1989 1775 t
2019 1736 2127 1778 non
2148 1731 2233 1779 est
2260 1723 2315 1778 in
2336 1702 2443 1778 ea?
2481 1742 2499 1777 ι
2556 1723 2706 1790 Sive,
2736 1724 2996 1781 Dominus
3046 1725 3160 1796 ipse
3203 1732 3287 1781 est
3320 1736 3437 1789 rex,
3469 1732 3564 1779 aut

265 1817 493 1885 leamus,
524 1817 720 1889 inquit,
750 1818 848 1886 ibi,
895 1818 1022 1888 quia
1050 1818 1311 1875 Dominus
1347 1827 1536 1875 noster
1563 1820 1726 1875 silere
1762 1832 1861 1875 nos
1964 1824 2113 1872 certe
2138 1816 2399 1872 Dominus
2438 1818 2506 1873 ad
2543 1817 2783 1883 Patrem,
2826 1832 2922 1873 rex
2966 1818 3202 1873 refertur
3238 1820 3306 1875 ad
3340 1818 3561 1883 Filium,

267 1910 417 1970 fecit.
447 1931 466 1966 ι
503 1910 620 1977 Non
643 1912 788 1968 enim
816 1913 1077 1975 habemus
1098 1910 1349 1968 fiduciam
1372 1912 1718 1983 deprecandi,
1750 1912 1865 1968 sive
1891 1896 1940 1959 Β
1962 1909 2117 1982 juxta
2147 1909 2280 1964 illud
2320 1910 2467 1981 quod
2515 1910 2616 1965 sub
2642 1910 2860 1965 nomine
2904 1909 3211 1965 Salomonis
3257 1909 3513 1965 scribitur
3546 1923 3563 1962 :

270 2001 588 2071 abjiciamur
637 2002 754 2069 ibi,
806 2002 923 2057 sive
965 2001 1315 2072 projiciamur
1358 2002 1534 2057 instar
1580 2002 1859 2058 stercoris.

270 2094 391 2165 ipse
413 2093 617 2164 potavit
644 2106 745 2148 nos
782 2106 921 2164 aqua
958 2093 1128 2161 fellis,
1176 2094 1305 2165 quia
1330 2094 1547 2150 dulcem
1577 2096 1632 2149 in
1666 2096 1867 2150 amari-

273 2185 518 2242 tudinem
562 2186 932 2242 convertimus
958 2186 1148 2242 Deum.
1197 2186 1265 2241 Et
1308 2195 1369 2241 ut
1396 2186 1531 2244 tales
1553 2187 1865 2243 biberemus

278 2292 450 2348 aquas
468 2292 633 2333 causa
653 2278 938 2349 perspicua
963 2286 1048 2335 est
1080 2295 1093 2333 :
1157 2295 1178 2330 ι
1212 2277 1564 2336 Peccavimus
1590 2280 1733 2335 enim
1764 2279 1870 2337 Do-

276 2371 445 2439 mino,
477 2382 531 2427 et
550 2373 983 2443 exspectavimus
1004 2385 1215 2444 pacem,
1246 2390 1267 2426 s
1303 2374 1396 2445 qui
1423 2370 1558 2428 nihil
1587 2373 1714 2429 boni
1742 2387 1871 2444 ope—

273 2466 352 2529 ris
384 2465 690 2523 feceramus
720 2483 734 2521 :
766 2468 1197 2539 putabamusque
1246 2468 1402 2523 nobis
1438 2474 1649 2537 tempus
1678 2467 1871 2522 adesse

277 2557 581 2623 medicinae,
608 2572 732 2612 cum
776 2556 1063 2615 formidine
1092 2567 1255 2627 atque
1278 2565 1488 2613 terrore
1513 2557 1696 2611 omnia
1720 2571 1871 2612 eom-

252 2647 572 2718 _plerentur.
609 2649 972 2706 Dersonarum
998 2651 1248 2715 mutatio,
1302 2657 1359 2706 et
1392 2651 1630 2705 maxime
1657 2650 1713 2706 in
1739 2663 1872 2720 pro-

278 2741 480 2811 phetis,
529 2740 803 2797 diiiiciiem
828 2742 1163 2801 intellectum
1188 2742 1339 2797 facit.
1369 2744 1499 2807 Quas
1529 2738 1575 2796 si
1599 2740 1714 2796 suis
1740 2739 1875 2796 locis

281 2840 338 2888 et
363 2833 546 2890 causis
586 2835 1025 2907 temporibusque
1056 2834 1368 2901 reddantur,
1408 2834 1571 2906 plana
1598 2833 1733 2890 fient
1755 2848 1876 2906 quae

281 2924 609 2985 videbantur
634 2927 888 2993 obscura.
1130 2966 1139 2976 .

363 3032 381 3065 ι
412 3016 460 3069 Α
487 3016 602 3071 Dan
630 3018 846 3075 auditus
867 3018 1229 3092 estﬁ-emitus
1253 3033 1516 3090 equorum
1535 3020 1675 3093 ejus,
1698 3032 1879 3077 avoce

290 3122 313 3161 t
353 3105 665 3169 hinnituum
686 3119 1052 3182 pugnatorum
1093 3109 1212 3180 eius
1258 3111 1389 3181 (sive
1413 3109 1711 3184 equitatus)
1729 3126 1880 3168 com-

290 3212 312 3259 ς
346 3208 491 3257 muta
517 3208 600 3257 est
618 3203 795 3258 omnis
820 3210 985 3261 terra.
1016 3204 1083 3259 Et
1110 3212 1374 3261 venerunt
1398 3214 1455 3259 et
1478 3206 1879 3262 devoraverunt

1976 2018 1997 2053 ι
2030 2001 2195 2065 Deus,
2211 1999 2477 2069 judicium
2503 2008 2655 2057 tuum
2676 2004 2789 2074 regi
2816 2002 2903 2067 tia,
2928 2008 2979 2057 et
2992 2001 3260 2070 justitiam
3285 2008 3431 2055 tuam
3456 2001 3567 2056 illic
3586 1987 3605 2000 ”

1966 2093 2112 2164 regis
2140 2093 2314 2166 (Paul.
2361 2091 2533 2164 saxi).
2570 2111 2590 2147 ι
2649 2094 2720 2150 Ut
2756 2103 2938 2149 autem
2974 2104 3079 2150 vos
3110 2094 3368 2150 clamoris
3397 2091 3468 2148 sit
3509 2091 3565 2147 in

1968 2185 2324 2252 Hierusalem,
2370 2195 2426 2241 et
2458 2187 2669 2245 clamor
2697 2186 2811 2258 ipse
2853 2186 3038 2241 veniat
3084 2182 3151 2241 de
3183 2194 3326 2240 terra
3356 2185 3567 2253 longin-

1968 2293 2098 2348 qua,
2128 2294 2292 2334 causa
2320 2279 2605 2334 manifesta
2650 2286 2754 2343 est,
2794 2280 2939 2349 quod
2970 2278 3230 2334 Dominus
3277 2294 3383 2335 non
3412 2278 3482 2334 sit
3512 2278 3569 2332 in

1969 2384 2057 2437 ea,
2086 2378 2141 2425 et
2172 2386 2265 2427 res
2300 2371 2443 2426 illius
2486 2371 2773 2427 recesserit
2801 2368 2869 2426 ab
2900 2371 2987 2425 illa

2050 2482 2070 2518 ι
2100 2465 2281 2532 Quare
2309 2481 2439 2537 ergo
2468 2479 2554 2520 me
2589 2468 2659 2520 ad
2693 2464 3028 2521 iracundiam
3077 2465 3484 2519 concitaverunt
3516 2463 3573 2519 in

1980 2576 2001 2610 s
2037 2556 2380 2627 sculptilibus
2401 2556 2535 2623 suis,
2563 2565 2618 2611 et
2643 2556 2696 2610 in
2720 2555 3048 2611 vanitatibus
3080 2554 3288 2631 alienis.
3322 2572 3340 2608 ι
3379 2554 3574 2610 Deces-

1972 2652 2047 2707 sit
2073 2638 2273 2713 autem’,
2317 2649 2512 2719 inquit,
2543 2650 2612 2705 ab
2634 2650 2714 2704 eis
2742 2649 3025 2714 Dominus,
3049 2648 3176 2719 quia
3206 2663 3314 2714 me,
3344 2648 3436 2719 qui
3464 2647 3570 2704 Do-

1976 2742 2157 2798 minus
2184 2749 2241 2797 et
2261 2755 2354 2796 rex
2385 2755 2573 2796 eorum
2595 2753 2762 2807 eram,
2797 2739 3065 2796 idolorum
3089 2740 3238 2796 cuitu
3260 2740 3329 2794 ad
3355 2726 3574 2795 iracun-

1977 2837 2123 2893 diam
2151 2841 2538 2907 provocarunt.

2053 2947 2075 2982 ι
2107 2928 2344 2984 Transiit
2368 2927 2578 2994 messis,
2625 2927 2775 2982 ﬁnita
2804 2935 2892 2983 est
2919 2933 3116 2994 testas;
3166 2928 3222 2983 et
3258 2941 3356 2982 nos
3381 2922 3574 2982 saivatl

1984 3041 2006 3076 ι
2036 3038 2144 3079 non
2166 3036 2371 3079 sumus.
2404 3042 2424 3076 ι
2463 3022 2696 3077 Rursum
2730 3021 2959 3093 populus
2984 3020 3222 3093 loquitur
3247 3020 3339 3091 qui
3371 3019 3425 3075 in
3450 3017 3577 3076 ilict-

1979 3115 2213 3171 rnsalem
2242 3114 2496 3170 diuturna
2526 3112 2807 3170 obsidione
2838 3111 3127 3169 conclusus
3150 3119 3253 3173 est.
3284 3112 3429 3183 quod
3450 3127 3572 3167 mu-

1982 3216 2092 3264 tata
2138 3207 2247 3263 sint
2290 3216 2531 3277 tempora
2568 3214 2625 3261 et
2653 3205 2780 3261 anni
2812 3204 3048 3261 circulus
3088 3204 3335 3260 evolutus
3364 3204 3469 3272 sit,
3518 3206 3577 3260 et

291 3310 311 3355 ς
348 3294 477 3363 (sive
500 3303 553 3350 et
581 3297 801 3353 venient
832 3306 891 3354 et
924 3298 1280 3373 devorabam)
1324 3307 1530 3359 terram
1557 3310 1612 3355 et
1639 3299 1876 3370 plenitu-
1904 3270 1952 3336 c
1981 3298 2160 3357 omnis
2179 3313 2366 3355 eorum
2393 3270 2516 3370 spes
2541 3298 2694 3353 irrita
2730 3296 2895 3352 merit
2914 3306 3078 3369 atque
3103 3296 3380 3353 transierit

291 3384 531 3443 t'dinem
558 3384 697 3455 ejus,
726 3390 919 3451 urbem
949 3399 1006 3445 et
1036 3391 1369 3448 habitatores
1387 3391 1526 3461 ejus.
1560 3412 1580 3445 ι
1632 3391 1750 3449 Non
1778 3392 1879 3465 igi-

286 3484 393 3542 tur,
453 3486 516 3547 ut
551 3494 716 3550 supra
760 3480 908 3537 LXX
948 3481 1381 3551 transtulerunt,
1435 3485 1571 3541 dixit
1620 3486 1874 3557 populus,

290 3585 315 3619 ι
354 3568 723 3639 ingrediantur
755 3573 1002 3631 civitates
1033 3576 1289 3643 munitas,
1325 3592 1347 3629 ι
1399 3578 1496 3633 sed
1547 3595 1566 3629 ι
1603 3578 1881 3633 civitatem

286 3658 574 3728 munitam,
609 3682 633 3715 a
676 3670 738 3722 ut
790 3664 1064 3736 signiﬁcet
1090 3665 1410 3723 Jerusalem.
1458 3668 1703 3739 Denique
1735 3681 1881 3724 nunc

287 3747 476 3816 infert,
530 3769 555 3806 s
589 3753 781 3810 urbem
824 3764 882 3812 et
925 3757 1263 3815 habitatores
1304 3756 1441 3826 eius.
1471 3776 1492 3812 ο
1549 3757 1883 3815 Describitur

286 3849 473 3899 autem
520 3859 554 3903 a
582 3846 700 3901 Dan
734 3863 834 3918 per
861 3847 1179 3904 Phtenicem
1212 3850 1442 3906 venieus
1488 3842 1611 3906 cum
1639 3838 1883 3907 exercitu

285 3929 819 4004 Nabuchodonosor,
870 3941 925 3995 in
970 3956 1077 4011 quo
1108 3941 1229 3998 loco
1261 3940 1515 3997 Iordanis
1557 3940 1755 3997 ﬂuvius
1772 3942 1885 3997 ori-

289 4028 396 4091 tur,
433 4032 489 4105 et
519 4041 643 4097 quia
659 4027 804 4085 LXX
844 4029 1031 4087 futura
1057 4030 1386 4088 Hebraicutn
1406 4046 1509 4103 pro
1529 4030 1761 4088 veritate
1780 4031 1880 4099 rei,
1918 4051 1923 4059 ι

281 4111 399 4187 iam
428 4114 573 4191 lucta
595 4132 1005 4187 aestimemus-at.

373 4226 392 4261 ‘
423 4211 565 4279 Quia
605 4228 737 4272 ecce
771 4232 873 4290 ego
898 4217 1113 4273 mittam
1153 4218 1313 4275 vobis
1340 4227 1627 4289 serpentes
1664 4217 1885 4290 regulos

294 4326 317 4362 ι
360 4308 484 4382 (sits
501 4310 788 4380 pessimos,
844 4321 939 4366 aut
962 4320 1018 4366 ut
1046 4310 1197 4366 LXX
1251 4312 1635 4368 transtulerunt
1689 4312 1883 4367 morti-

294 4420 316 4454 t
362 4401 567 4474 feros),
616 4405 812 4474 quibus
838 4419 947 4461 non
996 4404 1423 4471 estincantatio,
1470 4413 1527 4461 et
1559 4405 1885 4462 mordebunt

294 4519 317 4555 s
356 4511 472 4563 vos,
522 4497 601 4552 ait
650 4496 931 4552 Dominus.
964 4516 985 4549 ι
1039 4496 1141 4563 Qui
1171 4505 1299 4555 sunt
1343 4497 1420 4551 illi
1454 4497 1547 4567 qui
1582 4498 1804 4553 veniunt
1851 4511 1886 4552 a

289 4596 438 4657 Dan,
483 4597 543 4643 et
581 4602 810 4658 quorum
853 4588 1075 4643 auditus
1104 4595 1191 4642 est
1224 4586 1508 4652 fremitus,
1556 4595 1614 4643 et
1641 4588 1735 4657 qui
1775 4596 1883 4643 ter-

722 4678 795 4732 ad
832 4676 1177 4733 solitudinem
1218 4647 1574 4747 redegerunt,
1628 4647 1729 4732 sub
1778 4678 1881 4733 alia
1908 4647 1965 4708 D

292 4774 467 4847 ﬁgura
490 4770 636 4825 idem
674 4768 1007 4839 prophetalis
1051 4783 1233 4824 sermo
1261 4770 1621 4835 demonstrat,
1665 4782 1885 4840 serpen-

292 4876 503 4923 teseos
537 4860 815 4932 appellans
860 4861 1127 4932 pessimos
1178 4860 1294 4915 sive
1338 4859 1669 4926 mortiferos,
1726 4869 1783 4916 et
1825 4868 1887 4916 ut

291 4962 482 5034 Aquila
509 4957 804 5024 transtulit,
832 4957 1064 5031 regulos,
1117 4943 1573 5030 qui‘appellantur
1619 4958 1884 5017 Hebraice

291 5064 523 5122 νυνι-κ.
563 5052 670 5109 Pro
693 5066 803 5124 quo
833 5052 964 5123 quid
993 5052 1097 5108 sibi
1125 5053 1352 5109 voluerit
1374 5055 1606 5110 secunda
1633 5055 1751 5126 ejus
1769 5055 1885 5111 edi-

275 5145 389 5218 ’tio,
421 5159 481 5205 ut
507 5149 855 5220 speculatores
902 5148 1108 5203 diceret
1152 5160 1259 5203 non
1294 5147 1551 5219 intelligo,
1596 5148 1700 5204 nisi
1743 5147 1882 5204 forte

294 5246 363 5299 ob
390 5243 543 5297 verbi
566 5240 995 5296 similitudinem.
1051 5258 1072 5292 t
1113 5239 1320 5308 Quibus
1365 5257 1473 5297 non
1516 5248 1619 5311 est,
1665 5241 1760 5308 ait,
1793 5241 1879 5296 in-

298 5334 553 5389 cantatio.
590 5353 611 5387 s
666 5332 889 5388 Frustra
918 5332 1063 5388 enim
1110 5332 1185 5387 ad
1223 5331 1507 5388 Dominum
1538 5349 1731 5404 preces
1764 5332 1882 5389 fun-

299 5424 432 5479 dunt
470 5425 753 5479 adversum
781 5432 1086 5494 serpentem
1117 5424 1419 5495 antiquum,
1463 5425 1743 5481 colubrum
1770 5435 1882 5481 tor-

300 5523 535 5579 tuosum,
579 5514 673 5583 qui
697 5514 799 5568 Dei
839 5522 1106 5585 pnncepta
1136 5502 1595 5585 contempserunt.
1657 5516 1885 5573 Utamur

301 5609 408 5691 hoc
447 5608 564 5663 loco
593 5608 875 5663 adversum
904 5624 999 5664 eos
1025 5611 1139 5691 qui,
1169 5610 1468 5665 Salvatoris
1504 5609 1719 5682 eloquia
1747 5624 1882 5666 con-

304 5708 625 5764 temnentes,
657 5699 941 5754 traduntur
961 5701 1285 5758 adversariis
1311 5703 1694 5772 potestatibus.

379 5817 397 5850 ι
416 5795 582 5853 Dolor
593 5810 744 5851 meus
762 5810 924 5866 super
947 5796 1213 5875 dolorem,
1234 5798 1289 5854 in
1316 5812 1403 5856 me
1422 5816 1518 5874 cor
1542 5814 1722 5857 meum
1746 5812 1886 5856 mce-

311 5907 333 5944 α
354 5902 496 5947 rens.
510 5907 530 5944 ι
557 5886 662 5945 Pro
683 5902 791 5960 quo
805 5888 1156 5962 Septuaginta
1176 5891 1443 5964 superiori
1466 5893 1747 5951 sententia:
1767 5904 1889 5965 quae

2056 3410 2076 3445 α
2111 3390 2285 3463 Super
2304 3391 2633 3447 contritione
2662 3390 2782 3445 liiite
2800 3390 2980 3461 populi
3010 3389 3117 3446 mei
3144 3390 3410 3445 contritus
3431 3404 3575 3460 sun,

1985 3500 2007 3538 ι
2037 3494 2095 3543 et
2134 3487 2510 3550 contristatae,
2558 3493 2746 3556 stupor
2773 3484 3009 3540 obtinuit
3061 3500 3168 3540 me.
3202 3502 3222 3538 ι
3283 3484 3581 3548 Respondit

1982 3579 2127 3633 Deus
2155 3578 2301 3648 quod
2355 3578 2408 3632 in
2464 3577 2756 3632 atiiiclione
2805 3574 3138 3632 Hierusalem
3187 3576 3302 3659 ipse
3329 3577 3580 3633 videatur

1982 3666 2233 3733 amictus,
2274 3673 2329 3721 et
2355 3666 2410 3721 in
2438 3666 2731 3721 humanam
2759 3664 3165 3722 similitudinem
3195 3674 3416 3736 stupore
3442 3682 3574 3722 con-

1984 3766 2208 3814 teratur.
3365 3757 3371 3761 ’

2060 3868 2079 3904 t
2114 3851 2369 3923 Nunquid
2410 3851 2588 3908 resina
2622 3864 2730 3906 non
2759 3851 2921 3906 estin
2951 3846 3187 3916 Gaiaad,
3220 3858 3313 3905 aut
3338 3848 3579 3907 metuens

1989 3962 2009 3996 ι
2055 3960 2163 4000 non
2182 3952 2268 4000 est
2294 3944 2410 3999 ibi?
2435 3945 2614 4012 Quare
2643 3944 2807 4015 igitur
2839 3960 2945 3999 non
2973 3952 3056 4000 est
3081 3940 3313 4013 obducta
3345 3944 3570 3999 cicatrix

1990 4052 2010 4087 ι
2057 4034 2180 4089 tiliae
2203 4034 2385 4106 populi
2426 4034 2531 4088 mei
2561 4035 2587 4089 ‘i
2617 4054 2635 4087 ι
2684 4034 2801 4089 Non
2851 4035 3023 4090 solum
3057 4032 3110 4089 ‘m
3153 4036 3404 4105 pl‘d‘Senti
3436 4034 3575 4102 loco,

1983 4126 2081 4182 sed
2107 4131 2162 4181 et
2205 4124 2391 4179 multis
2416 4124 2537 4180 aliis
2565 4124 2888 4181 testimoniis
2930 4123 3339 4193 Scripturarum
3368 4124 3577 4180 iuveni-

1984 4230 2109 4272 mus
2134 4216 2368 4272 resinam
2397 4217 2453 4272 in
2501 4214 2709 4271 Gaiaad
2754 4230 2853 4287 pro
2897 4214 3220 4288 pmnltentia
3261 4217 3387 4288 poni
3414 4224 3579 4290 atque

1983 4309 2362 4375 medicamine,
2419 4310 2715 4379 mirarique
2745 4324 2887 4364 nunc
2942 4310 3112 4365 Deum
3157 4322 3326 4380 quare
3355 4310 3579 4367 vulnera

1983 4401 2320 4461 Hierusalem
2350 4414 2695 4474 nequaquam
2746 4409 2934 4458 curata
2965 4401 3093 4469 sint,
3138 4412 3192 4457 et
3220 4412 3320 4458 nec
3347 4402 3476 4459 dum
3505 4402 3583 4457 ci-

1983 4496 2218 4552 catrices
2259 4495 2588 4552 obduxerint
2639 4502 2840 4561 cutem,
2883 4509 2950 4550 eo
3001 4494 3147 4562 quod
3175 4508 3281 4550 non
3313 4494 3423 4551 sint
3453 4510 3580 4566 pro-

1984 4591 2163 4659 phetat
2192 4604 2292 4645 nec
2332 4589 2665 4655 sacerdotes,
2698 4602 2929 4658 quorum
2954 4587 3186 4644 debeant
3213 4588 3390 4643 curari
3414 4587 3585 4641 medi-

1985 4684 2217 4738 eamine.

2594 4750 2823 4808 CAPUT
2851 4751 2943 4807 IX.

1986 4841 2247 4901 Planctus
2268 4853 2318 4898 et
2361 4842 2610 4913 lacrymcr
2635 4844 2897 4914 propheta:
2933 4859 3041 4914 pro
3069 4840 3265 4914 populo
3303 4856 3398 4895 suo
3422 4856 3441 4895 :
3462 4854 3581 4914 non

2055 4861 2318 4901 ausisset
2361 4861 2610 4913 tarrymar
2670 4861 2897 4913 rapacem
2933 4861 3027 4914 pro
3069 4861 3265 4913 papam
3303 4861 3398 4895 suo
3422 4861 3441 4895 :
3474 4861 3578 4895 non

2055 4914 2392 4986 gloriandum
2416 4916 2519 4986 nisi
2542 4916 2599 4986 iu
2622 4861 2847 4986 50min»
2869 4930 2888 4980 ;
2926 4905 3348 4986 (Mutandum,
3378 4913 3578 4986 quia}

2055 4982 2350 5057 pastoribus
2402 4985 2470 5040 ad
2518 4983 2713 5057 plebem
2742 4982 2988 5051 descrtio,
3034 4985 3282 5056 iniquitas
3328 4992 3374 5041 et
3404 4984 3580 5039 vindi-

2054 5067 2158 5112 cla.

2066 5168 2085 5200 t
2121 5148 2253 5218 Quis
2274 5148 2424 5204 dabit
2450 5147 2613 5220 capiti
2635 5158 2756 5203 nico
2777 5160 2992 5220 aquam,
3018 5146 3073 5203 ei
3100 5144 3270 5215 oculis
3292 5140 3427 5204 ntcis
3454 5147 3574 5203 fon-

1996 5256 2017 5293 t
2051 5246 2159 5296 tem
2201 5238 2561 5311 iacrymarum
2591 5258 2606 5306 ;
2655 5249 2707 5294 et
2737 5236 2959 5311 plorabo
2993 5238 3080 5296 die
3126 5246 3181 5294 et
3221 5249 3378 5295 nocte
3409 5239 3576 5295 inter-

1998 5351 2019 5386 ι
2056 5331 2225 5388 fectus
2249 5332 2371 5387 lilia:
2398 5330 2577 5403 populi
2602 5332 2728 5388 mei.
2757 5338 2787 5384 ι’
2812 5330 3080 5406 (Hieron)
3112 5330 3168 5387 Si
3192 5341 3352 5397 totus,
3382 5332 3577 5404 inquit,

1990 5436 2174 5483 vertar
2196 5426 2249 5480 in
2280 5424 2486 5490 ﬂetum,
2522 5433 2578 5480 et
2601 5436 2939 5496 nequaquam
2970 5426 3077 5481 sint
3124 5433 3287 5497 gutta:
3314 5426 3578 5499 lacryma—

1989 5535 2129 5583 rum,
2159 5518 2252 5573 sed
2273 5518 2601 5573 abundantia
2626 5516 2881 5585 ﬂuminis,
2911 5526 3095 5582 tamen
3118 5516 3431 5577 ittlcrfeCms
3456 5516 3579 5573 tiliae

1986 5610 2169 5683 populi
2199 5610 2304 5665 mei
2334 5610 2492 5680 digne
2521 5607 2649 5664 ilere
2686 5622 2794 5664 non
2823 5610 3032 5679 potero.
3083 5604 3253 5663 Tanta
3281 5609 3424 5663 enim
3451 5616 3579 5664 sunt

1988 5704 2151 5769 maia,
2184 5711 2244 5759 nt
2271 5717 2491 5767 omnem
2522 5702 2761 5771 dolorem
2807 5701 2891 5759 sui
2916 5702 3137 5767 vincant
3182 5700 3572 5775 magnitudine.

1989 5795 2104 5853 Hoc
2132 5803 2319 5865 autem.
2360 5804 2470 5850 tam
2496 5806 2564 5851 ex
2595 5794 2872 5875 propheta:
2898 5809 3059 5875 quam
3094 5796 3169 5849 ἐκ
3213 5790 3425 5849 Domini
3453 5805 3578 5867 pera

1991 5892 2126 5950 sena
2140 5884 2379 5965 intelligi
2411 5874 2613 5963 potest.
2710 5874 2719 5883 ’
