4008 6340
227 393 336 452 873

1144 380 1510 451 Ε’ΧΡΟΒΠΊΟ
1549 383 1775 450 SUPER
1814 391 2180 448 JEREMIAM.
2221 419 2291 434 --
2326 391 2452 448 ως.
2499 393 2559 449 γ.

3399 397 3504 454 874

235 528 254 560 ι
296 507 588 564 habitator.
621 527 639 560 ι
679 503 813 564 Cum
836 503 1188 563 ecclesiastici
1216 509 1316 563 viri
1346 518 1400 564 et
1428 509 1676 565 doctores
1704 509 1824 579 qui-
1850 513 1897 573 Α
1927 515 1982 564 et
2011 499 2262 564 civitates
2307 509 2452 566 illius
2479 510 2796 582 redigantur
2820 512 2872 566 in
2901 502 3265 579 solitudinem,
3299 529 3400 572 nec
3436 516 3509 570 sit

228 615 335 670 que
360 597 673 680 defecerint,
719 609 847 655 tunc
889 600 1050 655 datur
1079 600 1412 657 Hierusalem
1459 601 1514 656 in
1561 601 1812 656 transmi-

228 692 553 762 gmtionem,
577 690 692 748 sive
717 693 773 747 in
802 707 1030 749 acervos
1055 709 1268 750 arente:
1315 702 1375 749 ut
1418 695 1706 750 hatreticus
1751 692 1807 748 in

225 797 291 837 ea
321 797 498 842 sermo
522 787 836 858 prmvaleat,
876 795 932 843 et
958 785 1223 842 efﬁciatur
1262 783 1437 842 cubile
1471 786 1764 842 draconum
1790 795 1806 850 ;

1921 600 1974 654 in
2001 613 2066 653 ea
2097 598 2267 654 divini
2312 600 2579 656 sermonis
2621 601 2913 668 habitatio,
2962 603 3029 659 Et
3075 604 3164 660 ille
3184 605 3278 675 qui
3311 606 3503 662 dicit:

1922 708 1941 742 ι
1979 689 2295 747 lnhabitabo
2321 699 2375 747 et
2400 691 2744 749 inambulabo
2767 693 2819 749 in
2842 694 2944 761 eis,
2965 705 3024 752 et
3047 709 3143 752 ero
3156 697 3296 753 Deus
3315 711 3507 752 eorum

1917 779 2103 854 (Leuit.
2131 783 2303 857 xxvi).
2747 831 2752 836 .
3525 799 3528 802 ’

227 959 3502 992 ww

1421 1111 1723 1189 LIBER
1794 1045 2298 1204 QUINTUS.

296 1382 664 1459 Multipliciter
707 1389 971 1460 prepheta
996 1389 1309 1447 describens
1329 1391 1694 1449 calamitatem
1719 1391 1814 1448 Ju-

225 1473 491 1545 dmortﬂn,
525 1494 646 1550 qua:
670 1479 751 1536 eis
774 1495 873 1551 per
899 1481 1273 1552 captivitatem
1301 1479 1649 1539 Chaldaicam
1677 1497 1808 1539 eve-

221 1567 326 1634 nit,
362 1569 528 1624 etiam
551 1585 724 1640 usque
749 1570 818 1626 ad
844 1570 1048 1636 ﬂetum,
1077 1587 1174 1644 pro
1200 1573 1302 1629 hoc
1320 1574 1672 1645 semetipsum
1698 1583 1812 1630 tur,

223 1657 394 1714 bavit.
451 1658 606 1716 Unde
634 1660 884 1731 superius
907 1661 1026 1717 ait:
1066 1681 1086 1714 ί
1144 1662 1280 1730 Quis
1317 1664 1469 1719 dabit
1493 1666 1659 1736 capiti
1690 1680 1810 1724 meo

1920 1392 2137 1464 proprie
2162 1393 2228 1448 de
2251 1391 2354 1449 hoc
2375 1401 2616 1463 tempore
2643 1392 2860 1464 quando
2897 1391 3123 1462 dispersi
3152 1401 3276 1448 sunt
3297 1390 3352 1448 in
3378 1409 3503 1465 gen-

1915 1485 2060 1541 tibus
2103 1500 2239 1556 quas
2265 1500 2372 1540 non
2398 1492 2661 1540 noverant
2688 1483 2790 1554 ipsi
2838 1489 2894 1538 et
2912 1491 3094 1552 patres
3119 1499 3338 1550 eorum;
3369 1494 3422 1540 et
3448 1486 3503 1540 in

1913 1585 2026 1631 toto
2045 1575 2178 1631 orbe
2207 1575 2365 1631 divisi
2412 1574 2682 1645 cibatique
2712 1580 2838 1650 sunt
2858 1574 3130 1630 absinthio
3177 1575 3292 1632 sive
3315 1590 3524 1648 neces-_

1913 1667 2163 1722 sitatihus
2201 1673 2258 1722 et
2293 1665 2578 1737 angustiis.
2619 1664 2688 1720 Et
2717 1673 3043 1736 acceperunt
3081 1675 3266 1735 potum
3306 1681 3504 1736 aquam

225 1764 424 1820 aquam
457 1757 514 1806 et
548 1751 722 1807 oculis
753 1751 890 1808 meis
926 1751 1127 1809 fontem
1153 1753 1549 1826 lacrymarum?
1599 1763 1654 1814 et
1694 1756 1812 1826 plo-
1840 1773 1886 1834 Β
1915 1758 2075 1825 fellis,
2122 1757 2267 1829 quod
2309 1763 2404 1812 aut
2432 1756 2697 1812 malorum
2736 1755 3006 1826 signiﬁcat
3056 1757 3502 1827 magnitudinem,

226 1839 362 1895 rabo
376 1840 463 1896 die
477 1855 544 1898 ac
556 1852 714 1897 nocte
737 1842 1053 1900 interfectos
1072 1844 1192 1901 filiae
1205 1845 1386 1917 populi
1408 1847 1534 1902 mei.
1557 1866 1576 1901 ι
1598 1847 1816 1904 Addens

223 1927 393 1983 etiam
422 1944 618 1986 causas
650 1931 984 1988 diversarum
1014 1936 1542 2008 praevaricationum,
1595 1947 1816 2008 pmpter

222 2031 366 2087 quas
412 2019 614 2074 malum
647 2021 749 2078 hoc
775 2023 1154 2091 sustinuerint,
1209 2043 1354 2083 nunc
1378 2043 1592 2098 quoque
1626 2029 1816 2086 scisci-

225 2111 393 2166 tando
422 2113 699 2182 qumritde
722 2115 917 2186 populo
943 2131 1042 2172 suo
1068 2118 1457 2190 intelligentem
1487 2121 1810 2188 auditorem,

223 2204 310 2258 cui
340 2204 592 2274 loquatur
619 2207 936 2267 instruendo
958 2211 1085 2281 quid
1111 2229 1304 2270 cavere
1332 2215 1563 2271 debeant
1590 2230 1658 2271 ne
1685 2233 1814 2272 con-

223 2302 309 2348 tra
343 2310 404 2350 se
433 2296 645 2352 Domini
671 2299 912 2355 excitent
942 2301 1203 2359 furorem.
1255 2304 1336 2360 Ad
1361 2307 1465 2362 hoc
1491 2309 1636 2362 enim
1665 2308 1816 2362 Scri-

223 2395 384 2457 ptura
413 2402 566 2442 sacra
617 2390 928 2446 manifestat
970 2393 1280 2450 hominibus
1312 2397 1810 2466 praevaricationum

224 2479 456 2548 species,
494 2481 788 2552 panditque
808 2485 1064 2542 virtutum
1088 2487 1306 2548 seriem.
1336 2497 1396 2544 ut
1421 2489 1597 2545 sciant
1621 2505 1814 2546 cavere

225 2570 367 2625 mala
395 2579 450 2627 et
477 2571 655 2628 facere
683 2574 844 2644 bona,
870 2587 1138 2647 quatenus
1175 2580 1310 2650 iram
1336 2579 1547 2637 Domini
1572 2579 1807 2651 eﬂugere

223 2667 280 2713 et
313 2661 543 2731 gratiam
573 2661 690 2730 ejus
725 2665 970 2722 invenire
997 2678 1325 2724 mereantur.
1356 2670 1492 2725 Nam
1518 2672 1807 2740 sequitur:

303 2769 324 2804 ι
363 2753 497 2822 Quis
541 2765 625 2811 est
670 2759 754 2812 vir
793 2757 1008 2828 sapiens
1054 2760 1146 2829 qui
1195 2760 1605 2834 intelligathoc,
1652 2771 1707 2818 et
1745 2763 1813 2819 ad

231 2858 254 2894 ι
297 2857 459 2914 quem
525 2846 750 2901 verbum
795 2849 908 2902 oris
965 2847 1176 2904 Domini
1231 2849 1348 2917 fiat,
1431 2861 1492 2906 ut
1532 2853 1816 2908 annuntict

232 2955 252 2989 ι
300 2939 472 3005 istud;
501 2955 671 3010 quare
718 2941 942 3012 perierit
971 2950 1135 3008 terra,
1182 2952 1374 3000 exusta
1407 2945 1480 3000 sit
1507 2947 1660 3017 quasi
1715 2948 1810 3002 de-

231 3046 253 3080 ς
299 3037 528 3095 sertum,
577 3046 644 3086 eo
678 3031 820 3101 quod
843 3034 1060 3089 non'sit
1097 3036 1519 3110 pertransiens?
1562 3037 1631 3094 Et
1675 3037 1814 3094 dixit

1917 1857 1974 1906 et
2003 1848 2394 1919 sempiternum
2433 1845 2764 1917 captivitatis
2806 1845 2994 1917 jugum
3029 1863 3043 1899 :
3079 1854 3171 1900 aut
3219 1854 3369 1902 certe
3404 1861 3503 1918 per

1916 1939 2279 2012 ignorantiam
2304 1938 2438 2010 legis
2460 1937 2556 1994 Dei
2587 1951 2686 2010 [ro
2709 1936 2927 1994 Christo
2949 1936 3343 1992 Antichristum
3379 1952 3527 2001 sus-g

1915 2031 2126 2102 cepturi
2183 2039 2331 2086 sunt.
2382 2028 2616 2084 Mittitur
2664 2041 2846 2084 autem
2878 2014 3087 2099 gladius
3133 2036 3256 2099 post
3279 2042 3395 2092 eos,
3448 2038 3507 2083 ut

1915 2140 2090 2194 usque
2137 2124 2205 2180 ad
2243 2122 2522 2184 interitum
2553 2107 2963 2178 consumantur.
3002 2119 3098 2178 Vel
3123 2129 3267 2192 certe
3296 2119 3526 2191 gladius,

1914 2215 2126 2286 quieos
2152 2212 2378 2276 dividat,
2429 2219 2486 2266 et
2530 2227 2636 2266 non
2674 2209 2913 2279 patiatur
2965 2210 3020 2264 in
3052 2209 3252 2264 malum
3304 2209 3506 2264 habere

1914 2318 2257 2367 consensum,
2306 2311 2367 2356 ut
2390 2301 2702 2372 dispereant
2741 2301 2794 2354 iu
2822 2314 2887 2355 eo
2927 2299 3071 2369 quod
3096 2298 3222 2354 mali
3252 2307 3398 2354 sunt.
3523 2373 3525 2376 Q

1991 2412 2009 2445 ι
2054 2392 2178 2447 Haec
2225 2391 2358 2446 dicit
2402 2391 2662 2447 Dominus
2710 2390 3090 2445 exercituum:
3155 2386 3505 2459 Gontempla-

1921 2501 1940 2532 ι
1985 2482 2113 2536 mini
2141 2481 2280 2554 (sive
2320 2478 2647 2552 iutelligite),
2686 2487 2743 2534 et
2767 2487 2956 2534 vocate
3001 2477 3401 2534 lamentatrices
3447 2487 3508 2533 ut

1921 2591 1939 2624 ‹
1984 2571 2201 2627 veniant
2226 2588 2240 2624 :
2269 2581 2326 2627 et
2361 2570 2430 2626 ad
2450 2585 2542 2626 eas
2569 2585 2690 2640 qua:
2715 2569 2990 2640 sapientes
3033 2577 3162 2624 sunt
3193 2569 3412 2635 mittite,
3452 2581 3508 2626 et

1921 2683 1940 2716 ι
1985 2671 2276 2736 properent
2312 2662 2450 2736 (sive
2477 2661 2808 2733 loquantur),
2842 2660 3121 2732 festinent,
3143 2668 3198 2716 et
3222 2672 3506 2717 assumant

1921 2775 1939 2808 ι
1985 2771 2150 2827 super
2181 2769 2281 2811 nos
2343 2754 2639 2809 [amentum
2673 2769 2686 2807 :
2725 2761 2781 2808 et
2834 2753 3102 2808 deducant
3146 2752 3288 2808 oculi
3319 2753 3522 2822 nostri

1924 2867 1944 2900 ι
1987 2847 2124 2918 (sive
2157 2844 2348 2917 vestri)
2396 2844 2684 2916 lacrymas,
2738 2852 2795 2900 et
2821 2843 3091 2915 palpebra:
3125 2853 3324 2900 nostra:
3367 2842 3506 2915 (sive

1922 2956 1940 2991 ι
1987 2938 2202 3009 vestrae)
2253 2935 2498 3014 deﬂuant
2553 2936 2732 3006 aquis,
2781 2936 2909 3006 quia
2956 2951 3061 2991 vox
3105 2935 3509 2991 lamentationis

1922 3049 1941 3083 ι
1985 3029 2169 3086 audita
2203 3038 2287 3086 est
2325 3029 2393 3084 de
2428 3026 2559 3083 Sion
2608 3028 2744 3100 (sive
2789 3027 2845 3082 in
2873 3026 3048 3112 Sion).
3087 3046 3107 3080 ο
3153 3026 3381 3099 Propter
3419 3026 3521 3100 fu—‘

233 3139 252 3172 ‹
299 3119 557 3178 Dominus
587 3140 600 3175 :
629 3122 765 3191 Quia
791 3123 1196 3196 dereliquerunt
1225 3126 1398 3200 legem
1420 3144 1620 3196 meam,
1649 3145 1810 3201 quam
1840 3129 1886 3192 C
1919 3131 2096 3178 turam
2140 3121 2514 3198 captivitatem
2568 3130 2626 3177 et
2653 3121 2991 3177 eversionem
3047 3119 3380 3194 Hierusalem
3435 3120 3511 3175 la-

233 3227 253 3259 c
296 3208 421 3264 deni
450 3210 554 3276 eis,
606 3220 662 3266 et
703 3227 809 3268 non
832 3213 1119 3270 audierunt
1149 3231 1335 3273 vocem
1372 3234 1569 3285 meam,
1608 3229 1664 3276 et
1703 3235 1812 3275 non
1915 3214 2266 3271 mentatrices
2295 3212 2481 3269 vocari
2517 3212 2694 3284 jubet,
2739 3226 2860 3282 qua:
2887 3211 3058 3268 solent
3090 3212 3143 3268 in
3175 3211 3322 3267 luctu
3373 3226 3506 3267 voce

233 3313 253 3349 ‹
295 3299 710 3357 ambulaverunt
751 3303 806 3358 in
837 3319 922 3370 ea,
975 3313 1032 3360 et
1059 3305 1308 3363 abierunt
1335 3317 1459 3378 post
1489 3311 1815 3380 pravitatem
1914 3305 2101 3373 ﬂebili,
2125 3315 2182 3363 et
2204 3307 2438 3363 lacertos
2466 3305 2715 3361 manibus
2738 3305 3113 3370 verberantes,
3143 3303 3212 3361 ad
3241 3302 3511 3375 lacrymas

233 3405 254 3439 ι
299 3391 480 3446 cordis
507 3392 612 3457 sui,
661 3401 856 3464 etpost
891 3394 1121 3462 Baalim,
1151 3398 1297 3468 quod
1319 3399 1626 3456 didicerunt
1651 3415 1682 3456 a
1713 3416 1813 3471 pa-
1914 3399 2170 3471 populum
2222 3411 2545 3470 provocare.
2606 3395 2749 3452 Hinc
2785 3397 2931 3452 enim
2981 3411 3100 3452 mos
3145 3409 3316 3467 usque
3349 3394 3510 3450 hodie

235 3497 254 3531 ι
299 3482 474 3537 tribus
521 3484 654 3539 suis.
713 3503 732 3538 ι
789 3483 1060 3559 (meram)
1112 3487 1414 3568 Interrogat
1458 3491 1720 3561 propheta
1769 3491 1816 3548 si
1914 3499 2204 3563 permanet
2254 3491 2310 3546 in
2354 3489 2561 3556 ludam,
2615 3501 2675 3546 ut
2716 3491 2973 3546 mulieres
3023 3489 3228 3560 sparsis
3269 3488 3511 3545 crinibus

229 3587 392 3641 quem
433 3573 756 3643 sapientium
794 3575 846 3630 in
874 3576 1212 3634 Hierusalem
1249 3579 1428 3636 valeat
1462 3581 1724 3651 reperlre,
1762 3589 1816 3637 et

231 3682 421 3729 eorum
475 3669 542 3723 ad
568 3685 705 3739 quos
737 3669 830 3724 fiat
876 3687 1058 3726 sermo
1103 3673 1338 3739 Domini,
1384 3681 1439 3729 et
1479 3675 1570 3744 qui
1613 3675 1822 3745 possint

231 3759 556 3814 annuntiure
607 3759 816 3816 Demini
863 3759 1212 3832 voluntatem,
1253 3772 1307 3818 et
1353 3777 1546 3819 causas
1594 3765 1820 3821 reddere

234 3863 334 3902 cur
379 3845 563 3902 Iudaea
606 3850 821 3904 redacta
851 3850 925 3904 sit
971 3850 1026 3904 in
1059 3851 1421 3920 solitudinem,
1477 3863 1531 3909 et
1569 3854 1822 3926 omnibus

234 3937 535 3994 interfectis
579 3939 760 3995 nullus
788 3941 1111 3997 remanserit
1156 3943 1248 4012 qui
1271 3959 1370 4015 per
1399 3959 1520 4000 eam
1555 3953 1816 4001 transeat.

233 4027 302 4082 Et
324 4028 528 4084 inducit
557 4030 845 4086 Dominum
889 4031 1309 4102 respondentem
1362 4049 1662 4105 causasque
1700 4035 1822 4106 red:

233 4120 470 4187 dentem,
493 4122 618 4193 quia
639 4122 1027 4193 dereliqucrint
1053 4124 1226 4198 legem
1253 4124 1370 4194 ejus
1399 4142 1563 4198 quam
1594 4127 1820 4204 dederat

233 4211 334 4274 eis,
396 4227 494 4268 nec
536 4211 806 4268 audierint
833 4229 1021 4281 vocem
1071 4215 1235 4284 illius,
1284 4233 1388 4273 nec
1428 4217 1658 4275 fecerint
1701 4235 1824 4294 qua:

233 4311 501 4373 praecepta
533 4303 662 4370 sint,
715 4305 813 4361 sed
839 4305 1071 4362 abierint
1115 4318 1239 4379 post
1265 4310 1590 4379 pravitatem
1640 4311 1822 4368 cordis

235 4395 343 4450 sui.
397 4395 538 4467 Ergo
575 4412 692 4476 non
723 4397 776 4451 in
805 4406 991 4453 nostra
1021 4399 1316 4466 voluntate,
1367 4402 1460 4457 sed
1506 4402 1560 4457 in
1592 4401 1822 4476 Domino

1917 3582 2244 3652 nudatisque
2307 3582 2622 3652 pectoribus
2683 3596 2834 3646 voce,
2868 3581 3144 3638 modulata
3203 3595 3391 3635 omnes
3438 3581 3508 3634 ad

1918 3671 2103 3728 ﬂetum
2133 3671 2448 3728 concitent:
2474 3687 2534 3728 se
2556 3679 2738 3726 autem
2755 3670 2935 3743 jungit
2961 3672 3102 3726 Deus
3127 3671 3512 3741 compatientis

1919 3761 2136 3828 all'ectu,
2195 3761 2312 3817 sive
2338 3763 2624 3833 propheta,
2674 3769 2737 3818 ut
2767 3762 3030 3833 quidquid
3074 3760 3305 3833 populus
3337 3763 3507 3818 susti-

1919 3861 2038 3920 net,
2089 3853 2276 3923 ipsum:
2288 3853 2558 3915 sustinere
2599 3862 2655 3909 et
2678 3863 2882 3910 sentire
2915 3868 2974 3908 se
3003 3853 3168 3908 dicat.
3229 3851 3382 3920 Quod
3410 3867 3508 3907 au-

1922 3951 2030 3998 tem
2083 3941 2268 4009 infert,
2309 3943 2438 4014 quia
2467 3958 2573 3999 vox
2625 3943 3028 3999 lamentationis
3073 3943 3258 3998 audita
3307 3949 3392 4000 est
3444 3945 3512 3999 de

1922 4031 2058 4089 Sion
2091 4050 2105 4087 :
2139 4034 2324 4088 statim
2362 4033 2612 4102 sequitur
2657 4049 2778 4104 qua:
2804 4033 2908 4088 ista
2933 4033 3008 4087 sit
3029 4048 3154 4088 vox.
3290 4079 3294 4084 .

1998 4139 2017 4175 ι
2064 4121 2343 4190 Quomodo
2362 4123 2558 4178 vastati
2584 4137 2792 4190 sumus,
2813 4130 2871 4178 et
2897 4120 3106 4178 confusi
3127 4121 3516 4178 vehementer?

1928 4232 1948 4267 ι
1997 4214 2135 4283 Quia
2165 4215 2554 4290 dereliquimus
2579 4221 2805 4280 terram,
2844 4213 3101 4284 quoniam
3134 4211 3343 4284 dejecta
3388 4223 3515 4269 sunt

1929 4321 1950 4357 ι
1997 4304 2135 4376 (sive
2163 4303 2865 4376 abjecimus)~tabernacula
2894 4311 3132 4360 nostra.»
3153 4303 3270 4360 Vox
3300 4304 3404 4359 ista
3431 4313 3514 4360 est

1923 4396 2334 4454 lamentantium
2357 4395 2511 4463 Sion,
2533 4414 2552 4448 ι
2572 4395 2842 4466 quomodo
2859 4395 3052 4451 vastati
3081 4410 3289 4460 sumus,
3304 4405 3359 4450 et
3377 4409 3511 4450 con-

235 4487 615 4544 (onlideudum
670 4495 774 4544 est.
852 4488 1082 4545 Pravum
1137 4493 1280 4547 enim
1332 4508 1428 4548 cor
1470 4493 1525 4548 in
1569 4475 1821 4551 omnibus
1847 4495 1901 4557 D
1926 4488 2030 4545 fusi
2057 4487 2445 4545 vehementer?
2482 4507 2501 4541 ι
2537 4488 2841 4559 Statimque
2885 4488 2990 4544 sibi
3021 4489 3122 4559 ipsi
3158 4489 3510 4560 reSpondent,

191 4603 198 4610 -
236 4576 373 4650 (Ier.
404 4578 562 4648 xvn).
610 4578 679 4632 Et
708 4595 722 4632 :
760 4598 778 4630 ι
824 4578 900 4634 De
937 4581 1100 4636 corde
1122 4591 1309 4638 nostro
1341 4591 1544 4638 exeunt
1569 4587 1818 4655 pessima

237 4670 592 4740 cogitationes
621 4669 842 4741 (Matth.
893 4672 1006 4743 xv).
1043 4690 1062 4724 ι
1092 4666 1140 4725 ἰ
1195 4671 1325 4728 Post
1369 4674 1596 4740 Baalim,
1623 4657 1819 4747 inquit,

237 4761 511 4826 abierunt,
556 4760 699 4831 quod
741 4762 1047 4818 didicerunt
1077 4779 1109 4818 a
1143 4764 1388 4834 patribus
1434 4765 1569 4830 suis,
1617 4785 1638 4819 ι
1692 4766 1822 4820 Baal

238 4852 441 4909 idolum
473 4851 840 4920 Sidoniorum,
889 4863 946 4912 et
980 4863 1064 4912 est
1093 4856 1303 4924 numeri
1324 4857 1646 4928 singularis:
1689 4858 1824 4913 Baa-

239 4945 333 5000 lim
359 4960 488 5002 vero
525 4945 751 5017 pluralis
787 4948 1019 5004 numeri.
1072 4949 1223 5022 Ergo
1241 4964 1344 5005 nec
1369 4958 1654 5019 parentum
1721 4964 1824 5006 nec

239 5037 504 5108 majorum
535 5052 695 5098 error
729 5039 1035 5108 sequendus
1064 5049 1168 5107 est,
1223 5040 1320 5096 sed
1349 5039 1644 5097 auctoritas
1672 5041 1822 5097 Scri-

238 5138 521 5198 pturarnm
553 5136 610 5184 et
642 5129 738 5184 Dei
765 5129 1008 5205 docentis
1036 5129 1348 5200 imperium.
1807 5182 1819 5194 ,

313 5240 334 5272 ι
379 5221 587 5278 Idcirco
637 5222 754 5281 hac
801 5222 934 5278 dicit
978 5223 1240 5279 Dominus
1292 5224 1632 5280 exercituum
1682 5223 1825 5278 Deus

245 5332 262 5362 ι
308 5312 473 5366 Israel
504 5330 517 5365 :
564 5313 702 5369 Ecce
727 5329 829 5385 ego
852 5314 1045 5370 cibabo
1068 5316 1326 5387 populum
1356 5316 1519 5373 istum
1548 5316 1825 5375 absinthio

244 5421 264 5454 ι
313 5403 450 5472 (sive
493 5407 775 5479 angustiis)
826 5418 884 5464 et
919 5418 1104 5480 potum
1137 5409 1278 5466 dabo
1307 5411 1388 5467 eis
1426 5426 1624 5482 aquam
1662 5410 1821 5478 fellis,

247 5512 266 5544 ι
309 5503 368 5549 et
395 5494 696 5567 dispergam
724 5515 818 5556 eos
841 5501 895 5556 iu
924 5502 1197 5572 gentibus,
1256 5517 1392 5572 quas
1425 5518 1532 5559 non
1561 5511 1826 5560 noverunt

247 5599 269 5634 ι
315 5583 417 5654 ipsi
445 5593 501 5639 et
521 5593 704 5656 patres
728 5603 915 5644 eorum
949 5609 960 5645 :
991 5600 1048 5647 et
1073 5592 1282 5648 mittam
1304 5601 1427 5662 post
1451 5607 1546 5649 eos
1566 5592 1824 5665 gladium,

248 5694 276 5732 ιν
315 5680 487 5735 donec
519 5691 925 5736 consumantur.
969 5703 986 5734 ι
1048 5684 1234 5741 Potest
1283 5693 1341 5740 et
1367 5688 1436 5742 de
1461 5686 1641 5741 vicino
1693 5695 1829 5756 tem-

242 5782 376 5842 pore
405 5772 741 5844 prophetari,
801 5775 1018 5844 quando
1041 5777 1193 5846 .capti
1219 5784 1343 5833 sunt
1374 5791 1403 5831 a
1434 5776 1722 5842 Chaldaiis,
1769 5783 1827 5829 et

645 5871 922 5932 Psrnoc.
970 5869 1137 5933 CXI.

1925 4591 1979 4638 et
2000 4597 2195 4638 causas
2225 4595 2339 4636 suae
2360 4580 2683 4636 vastationis
2706 4587 2984 4650 exponunt
3005 4580 3248 4635 dicentes
3277 4597 3290 4632 :
3322 4597 3340 4629 ι
3375 4578 3511 4646 Quia

1922 4671 2310 4741 dereliquimus
2332 4677 2533 4725 terram
2558 4686 2577 4720 ι
2612 4676 2801 4724 nostro
2825 4668 2957 4724 vitio
2995 4678 3159 4739 atque
3187 4676 3430 4738 peccato,
3457 4677 3514 4722 et

1924 4762 2134 4831 dejecta
2163 4768 2290 4817 sunt
2311 4759 2658 4832 tabernacula
2689 4765 2895 4824 nostra,
2939 4774 3060 4828 quae
3095 4758 3252 4828 quasi
3281 4769 3507 4829 praster-

1923 4861 2114 4908 euntes
2140 4851 2413 4922 quondam
2457 4849 2827 4922 possidebant.
2881 4848 3074 4904 Dicant
3103 4850 3206 4905 hoc
3229 4857 3285 4905 et
3308 4849 3362 4903 in
3390 4863 3513 4920 per-

1924 4944 2202 5020 secutione
2226 4942 2494 5020 quondam
2528 4940 2863 4997 credentium
2893 4940 3084 5005 turbae,
3133 4938 3390 5010 quoniam
3428 4938 3510 4994 id-

1923 5037 2074 5094 circo
2099 5017 2325 5092 vastata
2363 5017 2472 5092 sint
2512 5044 2680 5105 atque
2723 5031 3006 5090 confusas:
3049 5032 3174 5103 quia
3213 5031 3513 5104 dereliquc-
3566 5055 3571 5060 ·

1925 5142 2052 5187 runt
2087 5139 2289 5188 terram
2317 5129 2530 5186 Domini
2561 5137 2618 5184 et
2655 5127 2996 5184 deseruerint
3023 5125 3368 5182 tabernacula
3391 5142 3508 5182 sua.

1927 5245 1938 5273 :
2003 5245 2042 5278 ι.
2065 5225 2263 5280 Audite
2299 5239 2454 5294 ergo,
2503 5221 2781 5289 mulieres,
2820 5217 3045 5276 verbum
3075 5219 3308 5285 Domini,
3346 5228 3403 5274 et
3426 5235 3514 5275 as-

1931 5335 1950 5372 t
1995 5323 2214 5373 sumant
2262 5329 2423 5372 aures
2472 5321 2668 5378 vestra:
2721 5326 3042 5388 sermonem
3076 5312 3189 5367 oris
3253 5311 3393 5380 eius,
3458 5321 3515 5365 et

1873 5450 1882 5460 .
1931 5425 1951 5460 ι
1993 5408 2183 5465 docete
2207 5405 2344 5462 ﬁlias
2372 5412 2586 5459 vestras
2606 5402 2922 5469 lamentum,
2943 5411 2997 5458 et
3026 5416 3360 5480 unaquaeque
3388 5417 3514 5480 pro-

1932 5518 1952 5551 ‹
1997 5497 2201 5552 ximam
2239 5511 2395 5552 suam
2423 5493 2736 5564 planctum,
2767 5493 2893 5565 quia
2923 5495 3172 5566 ascendit
3208 5509 3355 5550 mors
3412 5507 3512 5566 per

1932 5607 1952 5642 ι
1995 5588 2266 5645 fenestras
2321 5593 2638 5652 nostraset
2659 5585 2903 5656 ingressa
2929 5593 3015 5641 est
3043 5586 3234 5642 domos
3274 5594 3508 5647 nostras,

1934 5700 1952 5731 ι
1994 5677 2307 5748 disperdere
2337 5675 2588 5747 parvulos
2618 5677 2838 5744 deforis,
2881 5677 3110 5758 juvenes
3141 5677 3206 5746 de
3226 5675 3440 5747 plateis.
3489 5693 3506 5722 ι

1930 5773 1989 5828 In
2021 5770 2299 5842 superiore
2328 5769 2563 5840 capitulo
2587 5769 2804 5843 dixerat
2835 5788 2846 5825 :
2875 5789 2896 5848 μ
2941 5769 3142 5824 Vocatc
3183 5763 3512 5824 lamentatri-

3003 5865 3081 5925 28
