4008 6340
436 254 543 314 903

1077 243 1140 301 Β.
1179 239 1432 299 MBAN!
1467 237 1688 296 MAURI
1721 234 2043 293 ARClllEP.
2081 232 2388 291 MOGUNT.
2429 229 2716 290 OPEBUM
2753 228 2936 288 PARS
2969 229 3058 286 lll.

3561 245 3576 250 ·
3668 219 3794 280 904

434 367 711 442 gloriabor
751 365 812 421 in
846 360 1252 419 inﬁrmitatibus
1298 358 1458 423 meis,
1489 365 1550 412 ιιι
1588 353 1794 410 habitet
1833 352 1889 408 in
1939 366 2026 408 me
2051 363 2102 424 Α
2126 357 2210 407 est
2228 348 2778 421 liuiuscemodilinum
2792 358 2955 419 atque
2969 343 3441 408 lumbare,ductus
3469 349 3592 397 est
3613 347 3740 442 ira:
3767 353 3798 411 ς

433 460 610 516 virtus
633 455 837 518 Christi
864 450 951 524 (ll
973 449 1100 506 Cor.
1125 450 1247 521 xu).
1273 469 1294 502 s

513 569 531 603 ι
563 550 631 605 Ει
657 549 764 604 erit
785 547 834 602 si
856 544 1057 601 eru.liti
1099 541 1395 598 didicerint
1435 540 1552 596 vias
1588 539 1771 611 populi
1805 538 1930 604 mei,
1967 547 2024 593 ut

443 659 461 692 ι
487 640 673 711 iurent
702 637 758 691 in
779 633 998 690 nomine
1024 646 1169 696 meo,
1190 630 1324 685 vivit
1351 629 1632 696 Dominus,
1663 628 1805 685 sicut
1830 628 2026 682 docue-

441 750 460 784 ι
493 737 621 784 runt
644 725 898 798 populum
934 737 1113 778 meum
1151 721 1337 792 iurare
1381 719 1438 775 in
1483 718 1636 785 Baal,
1681 716 2027 774 aediﬁcaban-

442 841 461 875 ι
495 830 586 875 tur
607 821 663 874 in
687 815 864 872 medio
894 813 1074 885 populi
1119 813 1222 868 mei
1250 831 1262 867 :
1289 810 1432 881 quod
1480 811 1526 866 si
1568 825 1678 865 non
1728 807 2024 872 audierint,

443 931 462 964 ι
493 909 721 966 evellam
759 914 972 979 gentem
1006 903 1154 958 illam
1191 902 1470 957 evulsione
1497 910 1553 955 et
1581 899 1902 971 perditione,
1948 898 2027 952 ait

443 1020 462 1054 ι
494 999 774 1062 Dominus.
805 1015 825 1048 s
871 995 928 1050 Si
977 993 1223 1049 translati
1271 993 1337 1048 de
1373 991 1567 1047 haeresi
1607 991 1661 1045 in
1702 989 2020 1054 Ecclesiam,

443 1090 734 1148 didicerint
763 1089 879 1144 vias
905 1085 1084 1158 populi
1129 1085 1245 1150 Dei,
1293 1091 1350 1139 et
1387 1082 1689 1152 iuraverint
1723 1082 1777 1136 in
1806 1081 2024 1137 nomine

439 1184 674 1248 Domini,
720 1189 777 1236 et
821 1196 928 1236 non
968 1179 1023 1235 in
1062 1177 1282 1233 nomine
1330 1175 1614 1240 idolorum,
1661 1190 1782 1246 quas
1817 1175 1884 1230 de
1924 1185 2024 1229 suo

436 1275 604 1331 corde
643 1272 936 1337 ﬁnxerunt,
978 1270 1391 1326 mdiﬁcabuntur
1417 1282 1447 1320 a
1477 1266 1734 1329 Domino,
1773 1274 1830 1321 et
1861 1272 2024 1320 erunt

445 1384 571 1440 pars
599 1366 778 1438 populi
803 1365 938 1437 eius.
972 1362 1127 1432 Quod
1164 1362 1209 1417 si
1244 1359 1494 1415 translati
1516 1359 1568 1414 in
1596 1357 1854 1422 Ecclesia,
1892 1373 2021 1429 per-

435 1473 718 1515 versorum
747 1457 1060 1527 dogmatum
1090 1451 1349 1522 reliquias
1373 1449 1666 1515 tenuerint,
1695 1457 1752 1503 et
1783 1463 1890 1504 non
1924 1463 2023 1502 au-

439 1547 642 1602 dierint
672 1547 835 1600 verba
870 1543 990 1610 Dei,
1019 1541 1280 1598 evelletur
1305 1555 1440 1611 gens
1481 1538 1573 1593 illa
1613 1539 1681 1594 de
1727 1537 1907 1594 medio
1933 1551 2023 1608 p0-

438 1640 550 1711 puli
576 1639 669 1695 Dei
704 1637 983 1698 evulsioue
1009 1644 1066 1690 ct
1091 1633 1393 1704 perditione
1426 1638 1712 1702 perpetua,
1740 1637 1794 1684 et
1818 1643 2022 1698 nequa-

2021 497 2023 499 .
2123 438 2475 514 Euphraténi.
2507 445 2560 498 id
2585 452 2670 499 est
2709 443 2765 498 in
2811 441 3081 512 Assyrios,
3137 448 3192 494 et
3218 439 3290 493 ibi
3336 433 3791 496 absconditus.

2127 539 2229 592 hoc
2247 545 2352 601 est,
2389 537 2733 592 multitudine
2764 549 3084 606 magnarum
3125 541 3182 587 et
3232 527 3790 586 innumerabilium

2124 627 2365 699 gentium
2389 625 2787 698 quodaminodo
2817 626 3128 702 absorptus,
3152 630 3209 678 et
3224 622 3375 677 nihili
3406 627 3788 692 reputatus.

2124 719 2252 774 Post
2278 718 2497 790 longum
2526 726 2707 772 autem
2736 724 2951 785 tempus
2987 716 3101 786 ipse
3131 715 3391 792 propheta
3420 713 3484 767 in
3557 720 3792 781 typum

2125 810 2217 866 Dei
2248 812 2503 882 populum
2529 809 2728 862 liberat
2747 808 2814 862 de
2839 807 3174 877 captivitate,
3223 806 3316 877 qui
3361 803 3792 861 nihilominus

2121 909 2177 955 et
2199 909 2323 970 post
2350 899 2580 955 reditum
2606 897 2699 952 Dei
2722 905 2993 966 praecepta
3024 910 3132 950 non
3160 894 3308 961 fecit,
3357 897 3454 950 sed
3510 901 3790 948 secutus

2122 989 2253 1044 deos
2274 988 2501 1053 alienos,
2537 987 2604 1042 ad
2633 994 2939 1042 extremum
2967 985 3132 1040 etiam
3157 985 3212 1040 in
3260 984 3356 1040 Dei
3387 985 3596 1040 ﬁlium
3664 983 3787 1036 mi-

2121 1085 2193 1139 sit
2223 1097 2435 1147 manus,
2477 1090 2533 1137 et
2571 1087 2774 1135 aeterna
2818 1078 3124 1148 proditione
3166 1077 3470 1133 contabuit.
3549 1075 3787 1131 Omnis

2119 1192 2336 1248 quoque
2366 1176 2452 1230 vir
2477 1182 2698 1230 sanctus
2727 1173 2977 1227 lumbare
3007 1171 3103 1227 Dei
3133 1179 3236 1234 cst,
3269 1170 3361 1240 qui
3404 1177 3788 1238 assumptus

2121 1272 2188 1326 de
2217 1279 2383 1335 terra,
2411 1278 2471 1326 et
2490 1269 2556 1324 de
2586 1277 2747 1324 terra:
2777 1266 2907 1320 limo
2943 1265 3036 1321 Dei
3077 1265 3356 1320 consortio
3405 1263 3778 1335 capulatur,

2121 1360 2582 1432 etquodammodo
2597 1375 2717 1430 quae
2736 1359 2789 1414 in
2805 1357 3044 1414 Ecclesia
3057 1356 3178 1427 eius
3193 1357 3448 1412 videntur
3459 1357 3779 1422 obscena,

2122 1453 2328 1524 maiore
2351 1441 2627 1525 diligentia
2649 1453 2826 1524 operit
2853 1461 3016 1522 atque
3055 1451 3373 1514 circumdat,
3428 1463 3501 1505 ne
3561 1449 3745 1520 genti

2122 1545 2250 1601 lium
2284 1553 2341 1602 et
2367 1544 2743 1600 hmreticorum
2787 1541 3058 1599 morsibus
3082 1548 3322 1611 pateant.
3375 1539 3538 1607 Quod
3608 1539 3747 1594 lum
3769 1567 3782 1579 -

2123 1635 2253 1691 bare
2283 1635 2330 1691 si
2373 1649 2570 1704 aquam
2613 1632 2874 1704 tetigerit,
2907 1641 2963 1688 et
2992 1631 3284 1703 Euphratis
3315 1630 3516 1686 ﬂuenta
3555 1641 3745 1687 trans

439 1710 603 1802 ﬁliam
643 1731 725 1786 eis
764 1729 906 1783 “"“3
947 1727 1098 1782 locus
1139 1723 1472 1795 Ραδηίιθίηίίῐέ
1499 1721 1858 1794 relinquatur-
1898 1717 2026 1774 “33°
2057 1710 2102 1769 Β
2131 1731 2276 1796 ierit,
2307 1731 2382 1785 ita
2409 1727 2726 1799 utAssyria:
2745 1727 3054 1798 regionibus
3080 1725 3397 1782 humoribus
3422 1725 3774 1789 imbuatur.

437 1821 680 1891 quotidie
728 1818 1001 1874 cernimus
1039 1825 1094 1870 et
1142 1815 1305 1870 rebus
1337 1813 1669 1884 probamus,
1713 1809 1857 1882 quod
1904 1809 2027 1865 ideo

446 1910 690 1968 haeretici
720 1909 842 1963 ﬁdei
869 1893 1124 1962 simulent
1151 1905 1456 1969 veritatem,
1476 1913 1537 1960 ut
1568 1902 1843 1974 simplices
1865 1916 2030 1972 quos-

441 2016 547 2071 que
568 1998 862 2070 decipiant,
892 2004 948 2051 et
971 2011 1077 2051 non
1105 1994 1203 2065 ipsi
1231 2002 1617 2050 convertantur
1636 1992 1706 2048 ad
1729 1991 1910 2057 ﬁdem,
1933 1993 2028 2048 sed

441 2088 630 2146 ﬁdeles
657 2088 874 2144 trahant
899 2085 966 2141 ad
993 2085 1388 2140 inﬁdelitatem.

1029 2191 1259 2250 CAPUT
1310 2191 1441 2247 Xlll.

442 2309 519 2364 De
548 2307 774 2362 lumbari
814 2305 1030 2378 putrida
1056 2315 1103 2359 et
1131 2301 1455 2378 laguncula;
1491 2301 1556 2356 de
1577 2300 2030 2378 _ebrietnte_tnnlo-

512 2395 670 2443 ram,
729 2373 1109 2433 de'montibus
1163 2373 1490 2438 tenebrosis,
1552 2373 1618 2427 de
1685 2373 2030 2427 translatione

508 2449 670 2504 ludar
703 2457 914 2519 propter
949 2447 1248 2517 iniquitates
1271 2455 1320 2502 et
1343 2444 1790 2516 impwuitentmm.

518 2578 535 2610 ι
567 2557 694 2613 Haec
727 2557 858 2613 dicit
885 2556 1147 2612 Dominus
1172 2555 1240 2610 ad
1270 2571 1359 2612 me
1387 2572 1401 2610 :
1436 2554 1585 2610 Vade
1614 2562 1669 2610 et
1691 2553 1906 2625 posside
1933 2553 2028 2609 tibi

447 2669 466 2702 ι
501 2648 906 2719 lumbare(sire
937 2647 1292 2718 cinctorium)
1332 2646 1555 2712 lineum,
1593 2655 1649 2700 et
1682 2660 1854 2716 pones
1897 2644 2030 2699 illud

448 2758 467 2792 ι
500 2755 662 2810 super
704 2739 920 2794 lumbos
951 2747 1092 2804 tuos,
1116 2746 1172 2792 et
1200 2737 1254 2792 in
1287 2753 1482 2807 aquam
1514 2753 1620 2792 non
1657 2737 1859 2792 inferos
1898 2735 2030 2791 illud

447 2852 465 2884 ι
498 2832 624 2902 (sive
647 2845 743 2900 per
763 2845 960 2899 aquam
986 2845 1093 2885 non
1124 2827 1420 2901 transibit).
1450 2829 1518 2883 Et
1544 2829 1757 2899 possedi
1783 2828 2031 2883 lumbare

449 2937 468 2971 ι
494 2918 647 2987 iuxta
674 2919 900 2973 verbum
922 2917 1156 2983 Domini,
1181 2926 1238 2972 et
1263 2918 1418 2988 posui
1447 2918 1594 2973 circa
1623 2917 1834 2973 lumbos
1856 2931 2026 2972 meos.

448 3026 468 3060 ι
503 3009 569 3063 Ει
617 3008 790 3064 factus
827 3015 911 3071 est
953 3022 1134 3063 sermo
1170 3007 1402 3071 Domini,
1451 3009 1690 3064 secundo
1713 3009 1783 3062 ad
1814 3023 1921 3072 me,
1953 3007 2032 3062 di-

2127 1824 2308 1896 perdit
2335 1823 2622 1894 pristinam
2654 1821 3028 1877 fortitudinem
3054 1828 3109 1877 et
3132 1819 3531 1891 computrescit
3573 1829 3770 1889 atque

2128 1913 2454 1971 dissolvitur.
2505 1913 2572 1968 Et
2595 1912 2842 1982 quamvis
2863 1912 2919 1967 in
2945 1927 3105 1967 usum
3145 1911 3238 1966 Dei
3274 1911 3479 1977 redeat,
3546 1920 3771 1966 tanien

2129 2009 2415 2080 pristinam
2453 2006 2906 2078 pulchritudinem
2955 2006 3158 2060 habere
3208 2020 3316 2060 non
3372 2011 3586 2075 potest,
3643 2019 3767 2058 non

2129 2099 2330 2155 duritia
2353 2098 2472 2160 Dei.
2518 2098 2612 2153 sed
2649 2113 2748 2152 suo
2770 2096 2922 2152 vitio.
2953 2096 3080 2167 quia
3109 2095 3296 2151 nolunt
3325 2095 3517 2150 audire
3565 2093 3766 2150 verba

2127 2190 2265 2262 eius,
2293 2198 2348 2247 et
2365 2189 2642 2245 ambulant
2673 2189 2724 2244 in
2753 2189 3020 2260 pravitate
3049 2187 3228 2244 cordis
3273 2187 3378 2253 sui,
3427 2187 3548 2242 sive
3592 2186 3768 2257 quod

2129 2281 2232 2338 sibi
2255 2290 2459 2337 rectum
2486 2281 2718 2346 videtur,
2747 2280 2851 2335 hoc
2893 2279 3119 2335 faciunt.
3165 2278 3270 2335 Sed
3309 2289 3364 2334 et
3396 2279 3511 2350 ipse
3547 2293 3763 2333 sermo

2129 2372 2345 2428 divinus
2367 2367 2471 2426 cur
2501 2371 2642 2426 lianc
2663 2371 2906 2442 posuerit
2935 2369 3363 2434 similitudinem,
3389 2369 3624 2452 exponit
3667 2369 3762 2422 di—

2129 2478 2290 2519 cens:
2315 2479 2334 2514 ι
2360 2462 2510 2517 t‘icut
2536 2461 2679 2517 enim
2709 2460 2951 2516 adhmret
2969 2459 3211 2515 lumbare
3233 2462 3299 2514 ad
3325 2458 3538 2513 lumbos
3561 2457 3757 2513 homi—

2129 2554 2235 2619 nis,
2263 2554 2343 2612 sic
2371 2551 2701 2625 agglutinavi
2729 2560 2786 2607 et
2807 2552 3080 2608 adhzerere
3108 2550 3208 2606 feci
3237 2549 3368 2605 milii
3395 2565 3627 2605 omnem
3652 2550 3757 2604 do-

2130 2662 2278 2701 mum
2301 2647 2486 2711 lsrael,
2517 2653 2573 2700 et
2599 2659 2816 2700 omnem
2842 2645 3060 2700 domum
3085 2643 3244 2707 Iuda,
3274 2663 3292 2694 ι
3329 2643 3516 2697 decem
3539 2641 3752 2696 videli-

2130 2745 2220 2794 cet
2242 2745 2300 2793 et
2322 2737 2459 2792 duas
2477 2737 2669 2801 tribus,
2695 2743 2755 2790 ut
2773 2742 2956 2791 essent
2978 2735 3111 2790 m'.h-i
3134 2735 3187 2788 in
3204 2733 3460 2804 populum
3481 2734 3753 2787 numina-

2134 2837 2268 2896 tum,
2291 2838 2348 2885 ct
2371 2829 2425 2884 in
2449 2828 2664 2884 laudem
2692 2835 2747 2884 et
2785 2827 2842 2883 in
2867 2827 3136 2899 gloriam:
3180 2834 3235 2880 et
3275 2840 3375 2896 pro
3418 2825 3503 2880 his
3546 2823 3747 2879 omni-

2099 2921 2234 2977 bus
2259 2937 2366 2977 non
2395 2920 2685 2976 audierunt
2726 2934 2836 2986 me,
2877 2919 2974 2974 sed
3008 2933 3104 2974 sua
3150 2917 3282 2972 vitia
3336 2923 3463 2972 sunt
3527 2915 3744 2971 secuti.
3769 2911 3788 2933 '

2134 3012 2357 3086 (Oi-ig.)
2421 3012 2670 3068 I'ostliiec
2729 3011 3023 3082 quaerimus
3091 3025 3260 3082 quare
3301 3009 3623 3065 cinctorium
3676 3007 3746 3061 li-

447 3120 468 3154 ι
501 3113 676 3156 cens:
708 3098 861 3154 Tolle
887 3099 1130 3153 lumbare
1162 3097 1300 3169 (sive
1324 3098 1689 3171 cinctorium),
1731 3099 1875 3168 quod
1897 3112 2026 3169 pos-
2055 3072 2100 3136 C
2131 3072 2293 3160 neum
2325 3072 2557 3160 dicatur.
2598 3072 2791 3159 Linum
2815 3103 2884 3158 de
2927 3109 3074 3156 terra
3109 3072 3384 3156 .nascitur.
3425 3099 3560 3154 Nam
3603 3113 3742 3153 cum

445 3209 466 3243 ε
498 3190 689 3247 sedisti
715 3208 728 3244 ε
758 3188 902 3260 quod
943 3197 1029 3244 est
1065 3188 1213 3244 Circa
1260 3187 1440 3245 lumbi!
1473 3198 1613 3252 lIIOS.
1637 3198 1720 3244 σει
1767 3204 2027 3262 surgens.
2128 3211 2313 3254 semen
2345 3196 2399 3251 in
2447 3196 2670 3250 humum
2714 3195 2880 3250 fuerit
2910 3192 3202 3263 abiectum,
3229 3192 3464 3264 primum
3512 3192 3563 3246 in
3606 3205 3742 3261 gra-

448 3300 468 3334 ⁴
504 3281 638 3336 “de
666 3281 735 3335 ad
763 3280 1116 3351 Euphratem.
1147 3287 1204 3334 el
1235 3279 1512 3336 absconde
1540 3279 1616 3334 ibi
1645 3279 1854 3335 illudill
1889 3279 2032 3335 ΐοηι·
2129 3291 2276 3346 mine
2319 3289 2564 3362 pullulat,
2631 3290 2846 3355 deinde,
2913 3299 2972 3344 ut
3021 3287 3228 3342 inﬁnita
3277 3295 3617 3355 pnetcrcam,
3665 3284 3740 3338 de

447 3391 466 3424 ι
502 3371 646 3434 mine
673 3381 858 3441 petrae.
902 3370 971 3425 Et
1015 3370 1144 3437 abii,
1179 3380 1234 3427 et
1270 3370 1528 3427 abscondi
1555 3371 1684 3428 illud
1707 3371 1760 3426 in
1787 3372 2032 3443 Euphra-

450 3481 469 3514 ι
503 3471 612 3517 tem
662 3462 803 3516 sicut
843 3469 1176 3532 praeceperat
1216 3461 1350 3516 mihi
1395 3462 1676 3518 Dominus.
1720 3463 1788 3517 Et
1828 3463 2031 3519 factum

449 3573 468 3606 ι
498 3562 584 3609 cst
629 3561 754 3624 post
795 3553 915 3610 dies
965 3552 1254 3624 plurimos,
1300 3553 1436 3608 dixit
1480 3552 1745 3610 Dominus
1789 3555 1858 3610 ad
1904 3569 2028 3611 me:

455 3666 474 3700 ι
508 3649 704 3719 Surge,
741 3647 880 3702 vade
933 3647 1002 3702 ad
1052 3646 1407 3716 Euphratem,
1453 3654 1511 3701 et
1562 3646 1691 3702 tolle
1715 3647 1838 3703 inde
1901 3647 2037 3703 lum-

449 3758 468 3791 ι
499 3741 629 3795 bare
700 3737 839 3810 (sire
894 3737 1272 3809 cinctorium),
1315 3738 1460 3808 quod
1523 3741 1754 3810 pnccepi
1819 3741 1916 3796 tibi
1975 3749 2037 3796 ut

449 3849 467 3880 ι
502 3829 865 3886 abscondercs
909 3829 1041 3888 illud
1087 3830 1184 3886 ibi.
1250 3830 1318 3886 Et
1360 3831 1468 3887 abii
1511 3832 1579 3887 ad
1615 3832 1944 3906 Euphratem
1981 3843 2038 3890 et

451 3939 470 3972 ι
507 3920 641 3986 fodi,
664 3929 719 3978 et
747 3923 844 3976 tuli
865 3921 1109 3978 lumbare
1129 3924 1195 3979 de
1215 3921 1336 3978 loco
1358 3924 1448 3982 ubi
1469 3924 1860 3980 absconderam
1883 3925 2034 3981 illud.

452 4030 471 4064 ι
508 4013 576 4075 Ει
602 4029 729 4068 ecce
757 4022 1166 4083 compunuerat
1206 4014 1453 4070 lumbare
1499 4016 1638 4088 (sive
1658 4015 2036 4084 cinctorium),

451 4124 472 4157 ι
510 4107 582 4160 ita
606 4116 665 4161 ut
697 4107 828 4160 nulli
855 4107 972 4160 usui
1001 4116 1184 4177 aptum
1215 4115 1382 4163 esset.
1432 4107 1501 4162 Et
1532 4107 1737 4162 factum
1775 4116 1862 4162 est
1911 4123 2037 4162 vcr-

451 4215 471 4247 ι
506 4197 632 4252 bum
663 4197 874 4251 Domini
906 4195 974 4250 ad
1004 4211 1090 4250 me
1127 4197 1352 4252 dicens:
1382 4197 1506 4253 Haec
1555 4198 1688 4253 dicit
1731 4198 1992 4254 Dominus
2019 4217 2034 4254 :

452 4303 472 4336 ι
519 4284 612 4339 Sic
659 4295 973 4354 putrescere
1008 4283 1204 4339 faciam
1235 4285 1545 4356 superbiam
1578 4286 1715 4357 (sive
1762 4286 2036 4359 iniuriam)

2129 3398 2308 3439 messe
2350 3381 2673 3438 transfertur
2709 3381 2950 3446 donuun,
2978 3385 3231 3451 pect‘lur,
3254 3379 3485 3441 lavatur,
3513 3377 3734 3440 teritur,

2132 3475 2395 3540 tunditur,
2423 3483 2480 3530 et
2513 3472 2737 3546 ingenti,
2769 3483 2827 3528 ut
2854 3474 2924 3528 ita
2965 3473 3167 3537 dicam,
3215 3486 3380 3542 opera
3429 3473 3732 3533 excutitur,

2132 3580 2242 3635 quo
2288 3565 2393 3620 tale
2431 3564 2555 3629 ﬁat,
2602 3577 2670 3622 ex
2710 3577 2819 3633 quo
2863 3561 3033 3634 possit
3081 3561 3404 3616 cinctorium
3452 3570 3546 3615 aut
3580 3558 3734 3614 aliud

2133 3655 2262 3726 quid
2285 3656 2339 3710 in
2365 3669 2496 3710 usus
2529 3653 2864 3710 necessarios
2891 3652 3214 3723 comparari.
3240 3651 3307 3706 Et
3335 3665 3434 3707 nos
3459 3665 3587 3721 ergo
3609 3650 3735 3704 uni-

2133 3746 2278 3802 versi
2329 3747 2422 3818 qui
2474 3745 2880 3818 generatlonem
2943 3746 3236 3800 lialicmuse
3294 3755 3471 3810 terra,
3523 3744 3614 3812 qui
3677 3744 3732 3797 in

2134 3839 2459 3896 cinctorium
2512 3838 2606 3893 Dei
2649 3836 2957 3908 plectimur,
2998 3836 3167 3890 multa
3213 3850 3344 3891 cura
3400 3835 3730 3906 indigemus,

2135 3942 2193 3989 ut
2207 3943 2506 4006 pectamur,
2523 3942 2581 3988 ut
2594 3932 2856 3997 lavemur,
2880 3942 2938 3987 ut
2959 3932 3191 3988 colorem
3212 3942 3372 3986 terra:
3385 3931 3728 4001 abiiciumus,

2133 4025 2288 4083 Alius
2303 4027 2506 4096 quippe
2531 4026 2680 4082 color
2707 4027 3076 4098 generationis
3114 4026 3168 4080 in
3195 4027 3324 4091 lino,
3378 4035 3433 4080 et
3466 4025 3603 4079 alius
3641 4032 3731 4079 est

2136 4132 2258 4177 cum
2290 4116 2456 4174 fuerit
2481 4133 2646 4189 opere
2672 4120 3008 4174 mandatum.
3036 4119 3411 4175 Generationis
3447 4119 3595 4175 color
3631 4120 3734 4175 ob—

2137 4212 2347 4268 scurior
2373 4221 2477 4279 est,
2503 4224 2559 4269 et.
2583 4215 2797 4286 nigrum
2828 4215 3077 4280 dicimus,
3129 4218 3312 4288 operis
3363 4225 3542 4272 autem
3591 4215 3732 4270 luci-

2137 4303 2276 4359 dior.
2303 4303 2451 4371 Tale,
2476 4305 2718 4376 inquam,
2749 4307 2936 4363 nescio
2957 4306 3088 4378 quid
3117 4316 3172 4362 et
3202 4308 3357 4363 nobis
3404 4308 3459 4362 in
3503 4306 3731 4363 exordio

453 4395 471 4427 ε
503 4375 664 4493 ξυάθτ
691 4385 745 4493 ξι
766 4375 1074 4480 superbiam
1107 4375 1440 4493 Ηίεηξωιξω
1472 4377 1719 4493 multam,
1767 4388 1827 4493 εξ
1867 4394 2037 4449 Ροριι-
2062 4431 2116 4493 D
2139 4395 2337 4449 evenit.
2366 4395 2516 4469 Nigri
2555 4375 2743 4453 sumus
2790 4375 3007 4468 quando
3052 4415 3453 4469 rcgeneraniur,
3514 4399 3732 4469 quando

453 4488 471 4520 ι
511 4469 618 4522 iam
638 4468 812 4523 istum
833 4469 1148 4539 pessimum,
1175 4471 1267 4541 qui
1290 4471 1480 4528 nolunt
1497 4474 1685 4530 audire
1705 4475 1868 4530 verba
1889 4491 2030 4542 mea,

453 4579 471 4611 ι
507 4559 859 4616 etanrbnlant
875 4560 927 4614 in
945 4560 1209 4630 pravitate
1231 4563 1250 4634 (
1270 4563 1374 4618 sive
1396 4564 1450 4619 in
1472 4565 1806 4638 directione)
1853 4569 2034 4624 cordis

452 4671 470 4704 ι
507 4653 590 4708 sui
621 4651 866 4724 pessimi,
889 4653 1248 4726 abieruntque
1277 4665 1399 4726 post
1419 4657 1549 4714 deos
1573 4659 1805 4727 alienos,
1835 4670 1892 4716 ut
1918 4677 2035 4717 ser-

452 4762 472 4797 ι
508 4743 687 4800 virent
714 4745 871 4801 eiset
899 4746 1190 4802 adorarent
1230 4763 1342 4804 eos.
1393 4750 1460 4806 Et
1499 4763 1663 4809 emat
1713 4755 1853 4810 sicut
1894 4755 2034 4811 lum-

455 4851 474 4886 ι
518 4835 649 4889 hare
705 4835 874 4901 istud,
928 4837 1074 4906 quod
1125 4837 1257 4892 nulli
1303 4840 1424 4895 usui
1477 4850 1662 4911 aptum
1712 4853 1815 4900 est.
1880 4845 2034 4902 Sicut

453 4944 472 4976 ι
507 4925 651 4980 enim
675 4926 913 4981 adlucret
941 4928 1186 4984 lumbare
1208 4930 1275 4983 ad
1301 4929 1513 4988 lumbos
1540 4933 1663 5000 viri,
1709 4936 1788 4992 sic
1811 4938 2037 5009 aggluti-

454 5034 473 5066 ι
519 5015 641 5068 navi
667 5016 798 5069 mihi
814 5031 1032 5072 omnem
1054 5019 1271 5074 domum
1294 5019 1482 5088 Israel,
1506 5032 1561 5078 et
1581 5039 1796 5081 omnem
1815 5028 2035 5084 domum

455 5125 473 5156 ι
511 5104 667 5168 inda,
691 5105 825 5160 dicit
847 5107 1125 5174 Dominus,
1143 5119 1200 5164 ut
1219 5120 1365 5168 esset
1393 5114 1525 5169 mihi
1552 5115 1606 5170 in
1620 5117 1962 5188 populum,ct
1985 5121 2038 5177 in

455 5217 473 5247 ι
515 5212 730 5261 nomen,
761 5209 814 5252 et
838 5198 891 5253 iu
918 5199 1157 5270 laudem,
1183 5211 1240 5259 et
1265 5204 1318 5259 in
1333 5204 1590 5278 gloriam;
1628 5216 1686 5265 et
1715 5225 1821 5266 non
1855 5213 2040 5268 audie-

426 5326 432 5335 .
453 5293 599 5340 runt.
624 5307 641 5335 ι
665 5287 863 5359 (Ilion)
886 5289 1218 5348 Cinctorium
1244 5295 1358 5350 sive
1384 5294 1660 5366 lumbare,
1685 5301 1826 5370 quod
1843 5301 1936 5357 Dei
1954 5318 2038 5359 re-

451 5374 1131 5450 uibusiangitur,populus
1158 5382 1322 5439 Israel
1348 5396 1452 5453 est,
1475 5387 1567 5458 qui
1596 5388 1648 5445 in
1676 5389 1769 5446 lini
1794 5391 2042 5448 similitu-

432 5500 436 5504 ι
453 5465 632 5521 dinem
648 5481 959 5541 assumptus
976 5475 1043 5529 de
1064 5484 1210 5531 terra
1227 5488 1282 5532 et
1308 5479 1507 5548 illotus,
1531 5498 1631 5539 nec
1647 5485 2040 5543 mollitudinem

424 5556 661 5626 ;babuit,
691 5575 790 5616 nec
811 5563 1127 5629 candorem,
1159 5579 1216 5622 et
1244 5552 1422 5626 tamen
1445 5589 1543 5644 per
1567 5575 1709 5632 illius
1735 5579 2041 5636 misericor-

453 5647 596 5704 diam
610 5650 836 5708 adliaesit
852 5655 978 5710 Deo.
996 5655 1238 5730 Cumque
1252 5675 1544 5734 peccasset,
1565 5669 1826 5728 rationale
1841 5671 2039 5744 quippe

2137 4487 2408 4544 credimus
2430 4529 2446 4555 ,
2487 4489 2703 4559 quando
2736 4490 2791 4545 in
2820 4490 3045 4547 Cantica
3075 4493 3412 4547 canticorum
3445 4492 3670 4547 dicimus
3715 4509 3730 4548 :

2144 4603 2161 4636 ι
2176 4583 2335 4656 Nigra
2351 4601 2468 4641 sum
2492 4595 2545 4642 et
2566 4587 2809 4658 speciosa
2824 4585 3000 4659 (Cant.
3019 4587 3089 4660 i);
3113 4587 3486 4660 iEtliiopibus
3497 4588 3732 4644 similem

2136 4675 2390 4731 animam'
2410 4677 2692 4733 habemus.
2728 4677 2932 4734 Deinde
2963 4678 3321 4743 cureluimur,
3355 4688 3412 4735 ut
3438 4678 3736 4735 efﬁciamur

2137 4765 2374 4831 candidi,
2393 4775 2453 4821 ut
2466 4767 2696 4822 nitorem
2712 4765 2803 4837 qui
2818 4768 2972 4824 nobis
2987 4769 3180 4826 insitus
3193 4786 3258 4826 ex
3274 4776 3467 4824 natura
3485 4785 3590 4824 non
3612 4770 3735 4823 fue-

2135 4855 2227 4920 rit,
2260 4855 2535 4926 diligentia
2564 4871 2980 4928 consequamur,
2989 4859 3144 4928 juxta
3166 4860 3295 4916 illud
3321 4860 3530 4932 quodin
3544 4859 3734 4915 eodem

2143 4947 2260 5002 loco
2279 4948 2567 5003 scribitur:
2590 4969 2607 5000 ι
2630 4949 2761 5018 Qua:
2789 4959 2873 5006 est
2897 4952 3001 5023 ista
3022 4969 3142 5024 qua:
3163 4957 3405 5012 ascendit
3419 4955 3685 5012 dcalbata.
3712 4977 3729 5008 ι

2143 5036 2209 5092 Et
2219 5035 2481 5093 elﬁcimur
2495 5038 2661 5093 linum
2679 5041 2969 5097 candidum
2987 5059 3306 5115 purumque,
3325 5057 3487 5117 atque
3514 5048 3588 5101 ita
3607 5063 3732 5103 cum

2144 5128 2289 5200 digni
2322 5129 2581 5187 fuerimus
2605 5133 2867 5191 societate
2889 5135 3018 5203 Dei,
3051 5138 3104 5191 in
3141 5139 3460 5193 cinctorium
3498 5141 3613 5211 eius
3632 5140 3736 5210 [ple

2147 5222 2368 5288 ctimur,
2399 5235 2575 5295 neque
2604 5224 2673 5279 ab
2700 5239 2766 5281 eo
2788 5226 3078 5298 aliquando
3101 5227 3441 5299 deponimur,
3482 5231 3525 5285 si
3555 5241 3734 5288 tamen

2148 5314 2437 5370 candorem
2452 5330 2611 5385 quem
2635 5316 2791 5374 nobis
2803 5329 3166 5386 concesserat,
3181 5337 3394 5392 sempcr
3417 5323 3731 5381 habeamus.

2146 5403 2414 5471 Quoniam
2442 5407 2624 5477 itaque
2644 5406 2814 5464 Iudici
2835 5418 2890 5465 et
2916 5411 3094 5467 omnis
3126 5413 3316 5470 domus
3341 5413 3506 5469 Israel
3529 5415 3733 5487 indigni

2143 5496 2470 5552 exstiterunt
2497 5500 2626 5566 Deo,
2641 5509 2697 5556 et
2715 5501 2943 5572 proiecti
2968 5511 3094 5558 sunt
3123 5505 3192 5559 ab
3217 5520 3301 5572 eo,
3332 5507 3488 5563 nobis
3512 5523 3612 5580 pro
3634 5508 3733 5565 illis

2143 5588 2534 5647 accinctnses't.
2569 5591 2754 5664 Neque
2783 5595 2925 5650 enim
2957 5598 3252 5666 putandum
3287 5610 3371 5656 cst
3413 5602 3732 5659 cinctorium

2143 5679 2484 5752 abiicientem
2550 5685 2816 5744 mansisse
2881 5687 3202 5759 incinctum,
3270 5693 3454 5750 statim
3513 5703 3570 5751 ut
3618 5693 3733 5753 illos
