4008 6340
481 362 582 456 aer

1116 383 1175 440 Β.
1219 380 1471 442 ΒΑΒΛΝΙ
1508 385 1729 443 MA-UBI
1765 383 2082 442 ARCHIEP.
2126 374 2442 442 MOGUNT.
2483 380 2768 442 OPERUM
2804 379 2982 437 PARS
3018 379 3105 437 Ill.

3647 380 3760 439 908

477 503 847 574 exposuimus,
874 503 986 562 vini
1028 501 1170 560 meri
1197 500 1462 571 plenum?
1489 501 1586 556 Est
1625 509 1680 556 et
1715 500 1852 558 alius
1895 499 2058 563 calix,
2088 503 2138 572 Λ
2165 499 2246 556 cic
2271 498 2446 556 omnis
2463 506 2646 554 teme.
2707 495 2942 568 Populus
2981 507 3196 565 quoque
3245 491 3410 550 lsra‘el
3452 503 3759 564 antequam

478 597 568 666 qui
617 609 714 668 pro
759 592 1196 664 compensatione
1229 592 1488 656 bonorum
1541 601 1779 658 actuum,
1809 606 1903 652 seu
1940 607 2056 646 ma-

479 688 676 752 lorum,
701 683 797 750 tibi
832 684 1090 740 miscetur
1118 693 1173 738 et
1205 684 1454 739 traditur.
1477 682 1728 753 lntelligit
1752 682 1896 742 enim
1943 696 2056 747 eos,

478 777 568 852 qui
617 778 880 856 penitusa
907 775 1106 846 pietate
1157 773 1462 842 discedunt,
1503 781 1559 830 et
1604 773 1750 829 omni
1801 787 1866 835 ex
1909 777 2063 844 parte

480 869 797 940 religionem
819 873 1156 938 aversantur,
1181 865 1236 919 in
1260 872 1468 920 tantum
1495 872 1555 919 ut
1582 862 1805 940 fortuitu
1831 872 1886 926 et
1903 877 2063 932 pecu-

480 961 608 1018 dum
637 975 787 1015 more
807 959 1010 1024 vivant,
1041 957 1290 1014 bibentes
1317 955 1542 1012 calicem
1568 955 1680 1010 vini
1709 953 1867 1022 meri,
1901 969 2064 1025 quem

480 1054 550 1110 de
571 1051 708 1124 libro
751 1050 998 1111 Jeremia:
1017 1048 1376 1122 protulimus;
1407 1063 1502 1104 eos
1525 1063 1658 1104 vero
1685 1046 1777 1122 qui
1806 1063 1914 1108 non
1966 1061 2060 1116 pe-

479 1147 625 1202 nitus
648 1151 1010 1210 recesserunt,
1034 1142 1126 1200 sed
1148 1157 1270 1208 cum
1296 1143 1402 1209 sint
1435 1150 1772 1214 peccatores,
1815 1148 1868 1204 et
1920 1137 2062 1204 indi—

477 1219 895 1311 gnijudicentur
912 1231 1080 1290 calice
1092 1231 1223 1300 Novi
1241 1231 1593 1300 Testamenti,
1619 1239 1675 1285 et
1697 1227 1899 1286 faciant
1923 1243 2065 1305 szepe

477 1327 617 1385 bona
636 1343 830 1402 opera,
869 1343 1012 1400 saepe
1031 1325 1338 1396 contraria,
1377 1323 1624 1392 bibentes
1649 1323 1874 1386 calicem
1913 1327 2072 1386 mero

477 1421 717 1477 mistum.
737 1439 756 1472 ε
775 1418 1056 1486 Inclinavit
1081 1418 1226 1474 enim
1242 1417 1386 1482 Deus
1407 1431 1472 1470 ex
1494 1415 1600 1471 hoc
1623 1413 1677 1468 in
1707 1411 1856 1478 illud.
1883 1431 1902 1464 ι
1925 1409 2066 1478 Quid

475 1519 560 1566 est
577 1511 720 1582 quod
740 1509 815 1576 ait
837 1525 851 1580 ;
873 1530 891 1563 ε
911 1526 976 1574 ex
995 1509 1162 1576 hocin
1177 1505 1342 1572 illud?
1363 1527 1383 1560 ι
1401 1505 1518 1561 Duo
1529 1503 1722 1578 pocula
1745 1503 1917 1570 video.
1943 1521 1962 1554 ι
1981 1501 2067 1557 Ιη-

475 1581 700 1658 clinavit
721 1601 865 1668 enim
893 1615 956 1678 ex
981 1599 1087 1656 hoc
1111 1600 1164 1668 in
1193 1595 1344 1664 iilud,
1381 1581 1757 1666 verumtamen
1779 1592 1865 1650 fex
1895 1593 2066 1663 ipsius

475 1708 584 1750 non
615 1691 914 1764 exinanita.
947 1687 1333 1762 Animadverte
1375 1686 1597 1754 calicem
1639 1685 1904 1740 bonorum
1944 1691 2064 1748 tuo,-

473 1799 595 1842 rum
619 1799 846 1856 operum
870 1783 924 1836 in
951 1797 1060 1836 una
1086 1797 1248 1838 manu
1280 1777 1494 1848 Domini
1527 1793 1541 1832 :
1570 1777 1655 1832 sin
1683 1784 1864 1832 autem
1916 1783 2065 1848 pate-

2159 599 2428 660 peccaret,
2467 589 2520 646 in
2548 587 2734 643 Judaea
2761 595 2898 652 erat,
2929 594 3049 658 post
3078 593 3298 656 peccata
3343 585 3394 640 in
3435 585 3760 641 universum

2145 683 2344 745 orbem
2375 683 2651 752 dispersus
2674 689 2773 734 est.
2807 678 2934 734 Tale
2954 678 3207 750 quiddam
3239 678 3381 735 etde
3401 677 3762 736 nobisnmni—

2150 774 2262 840 Ibus
2308 773 2564 846 intelligo.
2618 771 2714 828 Est
2765 771 3010 841 quaedam
3063 769 3290 826 ecclesia
3327 769 3754 841 primitivormn,

2153 880 2348 949 eorum
2379 863 2588 920 scilicet
2622 861 2713 936 qui
2734 858 3025 930 conscripti
3051 868 3180 916 sunt
3201 859 3255 914 in
3284 858 3617 922 caelestibus.
3661 859 3760 915 ubi

2163 973 2319 1018 mons
2345 957 2498 1022 Sion,
2536 963 2592 1011 et
2620 955 2811 1010 civitas
2846 953 3078 1010 viventis
3103 951 3204 1008 Dei
3245 950 3548 1013 Jerusalem
3586 951 3764 1006 caele-

2149 1049 2280 1122 stis,
2309 1047 2452 1110 beati
2483 1047 2576 1122 qui
2607 1045 2732 1102 illuc
2759 1044 3246 1118 congregabantur.
3303 1041 3630 1102 Peccatores
3657 1059 3762 1097 au-

2150 1148 2274 1214 tem
2302 1139 2610 1222 dividentur
2635 1139 2702 1196 ab
2723 1135 2974 1203 invicem,
2995 1138 3159 1193 etiam
3186 1136 3246 1194 in
3289 1136 3393 1192 hoc
3443 1144 3502 1197 ut
3549 1151 3758 1193 excru-

2165 1229 2397 1293 ciatione
2420 1229 2626 1300 pariter
2647 1237 3024 1300 torqueantur.
3080 1226 3208 1286 Scio
3258 1227 3522 1300 quosdam
3569 1243 3756 1300 reges,

2153 1338 2257 1391 eos
2288 1322 2378 1394 qui
2403 1322 2632 1394 imperio
2651 1337 2751 1380 suo
2777 1321 3014 1378 insidiati
3037 1329 3184 1388 sunt,
3216 1322 3284 1378 ad
3315 1323 3560 1380 desertas
3605 1321 3760 1378 insu-

2151 1413 2246 1485 las
2272 1413 2560 1483 deportare
2585 1413 2792 1482 solitos,
2823 1427 2922 1484 pro
2943 1413 3155 1486 magnis
3193 1411 3472 1485 suppliciis
3513 1413 3619 1468 hoc
3665 1411 3761 1482 ju-

2157 1507 2315 1576 bere,
2343 1522 2413 1562 ne
2446 1507 2499 1586 in
2529 1521 2636 1564 uno
2667 1505 2788 1562 loco
2809 1505 2985 1564 exsilii
3015 1506 3294 1586 penuriam
3329 1505 3657 1563 sustineant.
3698 1503 3760 1560 ln

2164 1599 2326 1656 aliam
2363 1581 2512 1656 orbis
2534 1606 2743 1670 partem
2771 1613 2930 1666 uxor,
2984 1598 3040 1654 in
3088 1597 3250 1654 aliam
3275 1580 3450 1653 'liberi
3497 1596 3760 1652 extermi-

2166 1702 2382 1758 nantur,
2437 1701 2498 1746 ut
2547 1705 2614 1746 ne
2667 1691 2722 1746 in
2771 1689 3166 1746 calamitatibus
3218 1689 3432 1759 quidem
3474 1689 3590 1744 suis
3633 1701 3761 1757 per-

2164 1783 2415 1841 fruantur
2438 1781 2654 1848 solutio,
2685 1789 2782 1840 aut
2806 1788 2980 1838 mater
3003 1779 3100 1836 filii
3127 1788 3224 1836 aut
3243 1778 3414 1846 frater
3437 1776 3654 1854 fratris:
3680 1777 3760 1831 si-

475 1878 552 1933 ris
573 1875 776 1948 aliquid
800 1890 888 1945 me
913 1874 1171 1930 audacius
1191 1872 1408 1929 dicere:
1437 1871 1520 1926 Sit
1546 1871 1598 1926 in
1639 1871 1860 1934 dextera
1900 1883 2061 1924 manu
2089 1857 2136 1924 Β
2165 1876 2276 1932 mili
2297 1876 2456 1931 modo
2483 1883 2540 1933 et
2561 1881 2832 1946 peccator,
2857 1888 2952 1944 per
2975 1873 3267 1944 quamdam
3290 1871 3760 1942 dispensationem

473 1967 590 2036 ejus
614 1965 758 2026 calix
784 1965 1072 2044 virtutum,
1099 1965 1170 2022 sit
1199 1965 1254 2022 in
1308 1963 1526 2029 sinistra
1584 1964 1860 2028 vitiorum.
1923 1960 2059 2017 Cum

471 2057 641 2131 igitur
685 2057 914 2127 coeperis
951 2064 1174 2135 propter
1229 2063 1454 2127 peccata
1519 2055 1778 2126 torqueri,
1827 2052 1955 2124 quia
2004 2059 2061 2108 et

471 2151 614 2208 bona
632 2165 798 2226 opera
817 2149 1016 2220 fecisti,
1065 2150 1202 2206 calix
1245 2135 1508 2219 inmanu
1553 2148 1766 2204 Domini
1817 2156 1902 2202 cst
1949 2147 2061 2202 vini

471 2245 607 2302 meri
634 2243 824 2316 plenus
853 2245 1034 2300 misto.
1065 2243 1132 2298 Et
1187 2243 1469 2299 inclinavit
1520 2258 1587 2300 ex
1640 2243 1744 2297 hoc
1793 2241 1848 2296 in
1904 2239 2057 2315 illud,

469 2337 572 2392 hoc
604 2345 690 2406 est
717 2336 785 2392 de
809 2351 875 2391 eo
896 2335 987 2408 qui
1009 2343 1126 2390 erat
1155 2335 1208 2391 in
1231 2333 1472 2401 dextera,
1499 2335 1555 2390 in
1587 2333 1734 2388 illum
1775 2335 1864 2404 qui
1905 2332 1958 2388 in
1987 2331 2061 2387 si-

468 2427 641 2483 nistra
681 2427 1078 2484 continebatur.
1137 2423 1322 2496 Neque
1397 2427 1540 2482 enim
1589 2435 1740 2498 potes
1793 2424 2059 2484 bonorum

471 2528 680 2578 tantum
709 2513 932 2578 calicem
959 2520 1166 2586 bibere,
1189 2519 1344 2592 quasi
1375 2520 1516 2576 bona
1563 2519 1932 2586 tantummodo
1975 2518 2058 2576 fe-

468 2611 631 2674 ceris,
655 2626 831 2682 neque
850 2626 1064 2682 rursum
1083 2619 1456 2682 peccatorum,
1479 2611 1604 2684 quia
1626 2618 1682 2666 et
1703 2611 1842 2666 bona
1863 2609 2060 2681 quippe

469 2700 647 2774 aliqua
674 2701 908 2774 gessisti.
935 2701 1144 2758 Idcirco
1173 2701 1472 2768 inclinavit,
1499 2717 1567 2756 ex
1595 2701 1776 2756 hocin
1806 2699 1934 2757 illud
1962 2719 1974 2754 :
2002 2707 2061 2758 ut

461 2793 615 2868 juxta
637 2797 1126 2868 compensationem
1152 2811 1376 2868 operum
1400 2807 1613 2851 tuorum
1644 2795 1938 2854 misceatur
1962 2793 2058 2852 tibi

467 2885 788 2958 supplicium
814 2887 1084 2958 aquatius,
1113 2903 1206 2942 seu
1231 2887 1520 2955 meracius,
1545 2895 1600 2947 et
1630 2889 1926 2944 secundum
1953 2902 2059 2942 me-

2159 1968 2276 2032 Dei,
2302 1968 2570 2024 amariora
2599 1964 2905 2022 solitudinis
2928 1971 3195 2020 tormenta
3231 1961 3559 2036 perpetitur,
3593 1960 3638 2018 si
3664 1976 3760 2016 εον

2159 2062 2242 2118 lus
2271 2061 2325 2117 in
2347 2059 2596 2116 exsilium
2622 2059 2908 2130 relegetur,
2961 2065 3023 2112 ut
3065 2056 3383 2112 emendatus
3432 2054 3488 2110 in
3543 2061 3760 2114 statum

2159 2153 2445 2223 pristinum
2471 2151 2678 2208 redeat.
2707 2151 2775 2206 Et
2805 2148 3074 2221 quomodo
3096 2156 3154 2204 tu
3175 2147 3507 2222 propinquos
3545 2144 3634 2200 vel
3691 2143 3757 2200 1i.

2160 2244 2319 2317 beros
2348 2252 2468 2299 tuos
2493 2259 2599 2298 non
2621 2241 2846 2297 fortuita
2873 2254 2976 2296 nec
3002 2237 3358 2296 irrationabili
3387 2250 3610 2294 coerces
3641 2235 3756 2302 ira,

2160 2335 2253 2392 sed
2285 2349 2380 2404 per
2413 2333 2638 2388 verbera
2665 2331 2924 2388 reducere
2950 2329 3102 2400 cupis
3146 2329 3216 2384 ab
3241 2343 3432 2388 errore
3481 2327 3537 2384 in
3585 2340 3756 2396 quem

2161 2427 2520 2490 incubueraut
2537 2441 2552 2484 :
2571 2425 2651 2486 sic
2672 2425 2814 2485 Deus
2833 2439 2926 2486 eos
2950 2425 3040 2500 qui
3064 2419 3479 2499 nonpotiierunt
3497 2435 3755 2480 sermone

2159 2522 2422 2588 converti,
2454 2521 2752 2588 doloribus,
2780 2521 3088 2588 tormentis,
3113 2518 3182 2580 ad
3229 2518 3280 2574 id
3325 2511 3574 2580 retrahit,
3602 2511 3754 2584 quod

2158 2613 2405 2680 fuerunt,
2437 2613 2728 2672 secundum
2759 2611 3096 2682 Scripturam
3122 2611 3386 2666 dicentem
3414 2627 3428 2663 :
3457 2627 3476 2660 ι
3501 2609 3606 2664 Per
3627 2623 3752 2664 om-

2119 2751 2124 2756 .
2159 2721 2284 2762 nem
2314 2705 2552 2764 dolorem
2599 2714 2655 2760 et
2701 2703 2970 2776 ﬂagellum
3022 2703 3336 2760 emendabis
3376 2700 3694 2758 Jerusalem.
3721 2719 3742 2752 ι

2161 2794 2229 2856 Ut
2258 2799 2420 2871 igitur
2465 2806 2676 2854 crescat
2709 2797 2862 2858 dolor
2905 2811 3079 2868 pana:
3117 2794 3458 2865 corripientis
3511 2791 3751 2848 invicem

2158 2900 2494 2964 separantur.
2547 2891 2956 2960 Quodammodo
3010 2889 3154 2948 enim
3206 2889 3378 2944 levius
3429 2887 3491 2942 fit
3542 2884 3751 2956 suppli-

469 2982 576 3038 rita
605 2989 720 3051 tua,
747 2992 842 3038 aut
863 2983 1191 3050 obtundatur
1213 2985 1308 3051 iraa
1333 2985 1530 3042 divime
1571 2984 1812 3052 aculeus,
1837 2993 1930 3040 aut
1958 2998 2056 3040 ει·-
2099 3039 2108 3047 ,
2157 2981 2324 3048 cium,
2355 2981 2402 3038 si
2428 2979 2614 3054 plures
2637 2981 2694 3038 in
2717 2981 2907 3036 eodem
2929 2979 3062 3054 ,loco
3083 2977 3385 3046 constituti,
3415 2975 3632 3034 mutuis
3681 2989 3754 3030 se

401 3099 408 3103 -
468 3082 732 3131 acuatur:
763 3075 809 3148 si
834 3091 963 3132 vero
985 3077 1156 3132 bonus
1181 3076 1370 3143 fueris,
1395 3085 1450 3131 et
1477 3076 1573 3136 Dei
1595 3077 1847 3134 mandata
1871 3091 2056 3134 serva—
2156 3073 2502 3134 consolentur
2525 3073 2797 3146 alloquiis.
2843 3074 2901 3130 Si
2947 3083 3130 3130 autem
3182 3087 3406 3129 necesse
3451 3079 3536 3126 est
3579 3067 3752 3124 aliam

467 3167 629 3230 veris,
659 3167 878 3223 attende
902 3167 1030 3241 quid
1063 3167 1250 3224 dicas?
1277 3187 1297 3222 l
1323 3167 1558 3224 Calicem
1610 3167 1866 3226 salutaris
1911 3167 2056 3225 acci-
2086 3221 2126 3241 η
2157 3183 2372 3240 quoque
2420 3170 2687 3226 rationem
2736 3168 3014 3227 divisionis
3054 3167 3321 3226 malorum
3376 3163 3750 3232 introducere,

465 3221 634 3334 piam,
658 3221 714 3315 et
735 3221 1466 3332 nomeriDoniiniinvocabo'
1481 3221 1894 3332 inraso.)
1917 3221 2056 3316 “os.
2083 3221 2132 3288 ο
2158 3221 3219 3336 aiis."celsissimae:suis;
3236 3221 3407 3327 simul
3434 3255 3655 3320 fuerint,
3676 3221 3752 3312 ea;

466 3351 552 3406 nis
584 3350 753 3423 igitur
789 3360 932 3418 uter,
979 3351 1093 3408 sive
1141 3352 1316 3409 bonus
1360 3352 1474 3408 sive
1521 3351 1716 3416 malus,
1747 3349 2057 3428 implebitur
2158 3371 2278 3426 quae
2302 3353 2442 3416 mala
2465 3363 2592 3412 sunt
2609 3354 2872 3428 cogitant,
2895 3363 2949 3411 et
2972 3353 3026 3412 in
3047 3353 3278 3425 pristina
3299 3351 3536 3423 nequitia
3555 3365 3750 3421 perse-

467 3442 595 3496 vino
625 3442 900 3514 qualitatis
943 3458 1074 3499 suae.
1119 3443 1229 3500 Nec
1274 3444 1453 3499 oleum
1501 3443 1743 3500 mittetur
1797 3443 1849 3502 in
1907 3458 2054 3510 eum,
2159 3456 2432 3521 verantes,
2467 3455 2667 3519 augent
2701 3457 2928 3520 peccata
2967 3446 3230 3517 peccatis.
3274 3445 3554 3514 Quomodo
3575 3457 3751 3500 econ-

469 3530 688 3588 aliunde
745 3534 874 3606 quid
915 3533 1126 3606 liquens
1170 3534 1274 3592 nisi
1314 3535 1494 3596 vinum
1557 3533 1916 3594 Sodomorum
1963 3543 2060 3590 aut

469 3618 693 3678 Sorcch.
735 3622 874 3680 Nulli
923 3634 1127 3696 parcet,
1162 3625 1250 3696 qui
1281 3625 1568 3697 puniturus
1597 3635 1682 3682 est
1705 3636 2058 3699 peccatores;

469 3725 575 3766 non
604 3713 730 3782 quia
769 3715 1054 3784 propheta,
1092 3730 1198 3769 non
1225 3715 1352 3786 quia
1399 3717 1652 3772 sacerdos
1681 3717 1802 3788 quis
1831 3727 2058 3775 vocatus.

467 3809 572 3867 est,
598 3816 629 3856 a
653 3802 931 3873 suppliciis
956 3804 1275 3860 liberabitur
1305 3825 1319 3862 :
1351 3823 1459 3864 non
1485 3808 1660 3866 solum
1684 3809 1874 3882 vulgus
1905 3811 2056 3882 igno-

427 3950 441 3958 ,
465 3891 576 3946 bile
620 3891 848 3966 vilisque
900 3891 1196 3965 plebecula,
1249 3897 1343 3952 sed
1397 3913 1552 3970 reges
1593 3899 1942 3959 ecclesiarum
1991 3901 2058 3956 de

468 3981 655 4052 stirpe,
679 3981 794 4038 sive
823 3981 919 4039 filii
949 3983 1138 4052 David,
1171 3987 1263 4058 qui
1290 3988 1480 4044 sedent
1502 3989 1742 4060 resupini
1765 3998 2056 4060 erectaque

467 4073 700 4140 cervice,
723 4080 779 4129 et
796 4081 1050 4148 protento
1071 4075 1378 4148 aqualiculo
1413 4095 1577 4150 super
1608 4081 1860 4136 thronum
1889 4079 2008 4152 ejus
2038 4099 2052 4135 :

467 4167 776 4222 sacerdotes
810 4183 1022 4240 quoque
1049 4169 1173 4241 ipsi,
1199 4171 1467 4228 secundus
1497 4171 1548 4226 in
1571 4172 1938 4228 ecclesiastico
1960 4173 2056 4228 ho-

467 4269 604 4311 nore
622 4257 840 4326 gradus,
865 4266 921 4312 et
937 4259 1216 4330 propheta:
1245 4261 1336 4332 qui
1359 4261 1611 4316 videntur
1638 4262 1836 4318 habere
1881 4263 2056 4319 scien-

2159 3539 2327 3598 trario
2354 3538 2484 3596 boni
2508 3555 2633 3596 cum
2655 3537 2816 3596 simul
2834 3538 3062 3606 fuerint,
3081 3539 3151 3596 de
3176 3538 3420 3602 honestis
3448 3537 3612 3594 rebus
3629 3551 3752 3590 ser-

2157 3631 2516 3688 mocinantur.
2541 3629 2864 3686 Dissolvitur
2893 3645 3022 3701 ergo
3042 3638 3100 3686 et
3115 3628 3184 3686 ad
3208 3629 3434 3686 nihilum
3461 3625 3750 3684 deducitur

2149 3735 2386 3808 pequam
2413 3720 2668 3792 cogitatio
2686 3761 2702 3788 ,
2721 3735 2846 3778 cum
2866 3735 2974 3778 non
2995 3719 3245 3776 habuerit
3264 3718 3640 3777 allocutionem
3672 3717 3752 3774 al-

2160 3813 2328 3868 terius
2345 3812 2637 3884 nequioris.
2655 3811 2863 3868 Idcirco
2881 3809 3386 3883 dispensationeDei
3407 3809 3748 3882 providetur,

2156 3907 2420 3979 pessimos
2439 3922 2471 3961 a
2493 3906 2744 3976 pessimis
2765 3905 3006 3976 separari
3024 3905 3077 3960 in
3099 3921 3258 3963 suum
3271 3919 3490 3976 quoque
3505 3919 3752 3960 commo-

2157 3999 2307 4065 dum,
2336 4005 2394 4056 ut
2416 4013 2446 4076 a
2466 3996 2709 4067 pristinis
2735 3995 3034 4052 sceleribus
3077 3996 3192 4067 ipsa
3243 3995 3532 4054 solitudine
3561 4002 3621 4052 et
3655 4010 3749 4066 pe-

2156 4091 2312 4150 nuria
2335 4088 2594 4144 consortii
2637 4087 2929 4160 aliquando.
2949 4089 3232 4146 desistant.
3253 4088 3638 4159 Nonparcam,
3661 4089 3746 4144 in-

2157 4185 2363 4256 quit,et
2386 4198 2491 4238 non
2513 4181 2808 4238 concedam
2829 4195 3004 4253 neque
3023 4182 3344 4239 miserebor.
3367 4181 3464 4238 His
3484 4189 3539 4236 et
3556 4181 3746 4237 istius-

2158 4275 2302 4331 modi
2330 4273 2672 4330 sermonibus
2695 4274 2938 4330 hmretici
2976 4283 3302 4346 assurgunt,
3330 4275 3572 4330 dicentes
3597 4293 3610 4329 :
3653 4275 3750 4332 Vi-

469 4345 600 4400 tiam
627 4343 1051 4417 Scripturarum,
1095 4359 1152 4404 et
1182 4367 1372 4406 omnes
1401 4351 1730 4410 habitatores
1756 4351 2059 4410 Jerusalem
2159 4367 2322 4428 desne
2344 4365 2522 4436 qualis
2549 4365 2621 4422 sit
2639 4373 2856 4424 creator
2877 4343 3284 4437 prophetarum,
3315 4373 3371 4422 et
3405 4365 3542 4436 legis
3574 4366 3742 4431 Deus,

467 4445 928 4536 pro-peccatqru-m
954 4441 1214 4536 {arietata
1239 4442 1594 4536 complentur
1621 4464 1632 4499 :
1655 4445 1768 4501 sive
1807 4445 1967 4514 Juda,
1997 4456 2062 4504 ut
2158 4457 2286 4530 quid
2308 4457 2588 4530 loquatur:
2607 4455 2725 4513 Non
2748 4472 2967 4529 parcam
2991 4467 3173 4514 etnon
3195 4459 3494 4516 miserebor
3509 4459 3580 4514 ab
3599 4459 3748 4515 inte-

467 4525 724 4629 add'idere
745 4525 910 4629 LX.X.
959 4527 1092 4584 Cum
1139 4531 1273 4587 ebrii
1323 4531 1546 4602 fuerint,
1599 4535 1982 4610 disperguntur
2024 4555 2057 4596 a

2159 4525 2264 4606 ritu
2278 4525 2468 4607 eorum
2486 4569 2498 4605 :
2515 4525 2783 4622 quomodo
2799 4559 2975 4623 potest
2991 4553 3094 4609 iste
3103 4554 3282 4610 bonus
3295 4568 3416 4608 esse
3427 4553 3452 4607 ’ἔ
3463 4552 3744 4622 Accipiam

465 4616 724 4674 societate
753 4618 838 4675 sui
866 4636 880 4674 :
903 4629 1195 4715 patresque
1216 4639 1246 4678 a
1273 4624 1418 4692 filiis,
1443 4633 1496 4681 et
1516 4625 1663 4682 fili'ra
1692 4629 1938 4698 patribus
1961 4645 2050 4686 se-
2078 4598 2137 4664 Β
2157 4656 2288 4712 ergo
2314 4598 2618 4712 exempibm
2639 4598 2840 4714 judici's
2875 4598 3171 4715 boni-pr:
3186 4598 3420 4701 utilitate
3468 4598 3744 4701 continui;

465 4718 747 4813 ξξεξτξηξυτ,
783 4720 845 4813 αξ
879 4713 1108 4813 άίνξὲηίε
1133 4717 1455 4813 Ιιίενθξῖιξυξ-
1481 4719 1808 4792 ΡοΠιιεηιῑιιΓ.
1853 4733 1906 4779 et
1949 4725 2050 4780 sub
2158 4733 2481 4804 quibusdam
2519 4713 3002 4802 noniniiserentis,
3039 4713 3101 4792 ut
3132 4738 3439 4808 perspicere
3469 4739 3746 4808 possimus

463 4801 666 4902 Christi
700 4803 920 4860 nomine
964 4804 1108 4860 inter
1153 4822 1212 4864 se
1260 4809 1636 4881 digladientur,
1692 4823 1746 4869 ct
1793 4815 2053 4872 dimicent
2157 4801 2426 4898 quomodo
2454 4828 2638 4884 ιηυιιίε
2665 4843 2773 4884 non
2809 4844 3058 4898 parcens,
3083 4801 3176 4885 υέί
3205 4801 3314 4886 ..δη
3353 4801 3537 4902 ματέρι
3574 4831 3741 4886 Dens

373 4923 380 4930 ε
464 4900 652 4947 contra
680 4903 912 4950 matrem
959 4911 1134 4961 suam,
1187 4917 1307 4972 qua:
1354 4919 1448 4964 eos
1493 4906 1692 4975 genuit,
1728 4906 2045 4964 Ecclesiam.

467 4982 624 5038 Unde
647 4983 780 5039 dicit
809 4999 824 5040 :
855 4985 970 5042 Non
1013 4988 1328 5049 desiderabo
1352 5011 1465 5062 eos,
1515 4998 1610 5054 sed
1647 4998 1771 5053 odio
1823 4999 2049 5058 habeam

465 5075 813 5164 sempiterno.
838 5077 1018 5137 Justos
1045 5095 1337 5158 congregat
1363 5087 1524 5154 Deus,
1562 5100 1873 5160 peccatores
1899 5109 2054 5164 sepa-

465 5173 569 5218 rat.
600 5163 842 5238 Denique
870 5169 1072 5229 idcirco
1097 5175 1334 5244 quandiu
1373 5192 1478 5232 non
1517 5188 1644 5234 sunt
1690 5163 2052 5241 comtnoliiab

463 5255 676 5312 oriente
695 5257 961 5329 homines,
989 5279 1096 5320 non
1137 5273 1264 5321 sunt
1301 5267 1543 5340 dissipati
1571 5288 1584 5325 :
1610 5274 1824 5343 quando
1867 5285 2048 5333 autem

462 5347 599 5403 moti
623 5357 748 5404 sunt
775 5351 843 5408 ab
889 5353 1122 5422 oriente,
1178 5365 1234 5412 et
1275 5359 1352 5436 ait
1406 5361 1567 5416 homo
1628 5362 1700 5418 ad
1743 5367 2048 5436 proximum

462 5451 620 5494 suum
650 5458 662 5494 :
697 5461 716 5494 ε
747 5439 938 5501 Venite
972 5454 1027 5501 et
1057 5447 1386 5510 aedificamus
1435 5457 1708 5516 civitatem
1753 5472 1810 5520 et
1855 5463 2050 5518 turrim

460 5530 710 5625 cujnseit
735 5545 900 5607 caput
935 5553 1105 5612 usque
1155 5543 1222 5598 ad
1261 5546 1458 5604 emtum
1535 5547 1688 5622 (Gen.
1713 5559 1812 5625 ιι).
1852 5573 1872 5608 ι
1905 5553 2049 5612 Deus

461 5620 674 5713 locutus
706 5634 807 5693 est,
836 5625 1026 5686 dicens
1055 5649 1069 5687 :
1104 5651 1123 5685 ε
1158 5635 1364 5703 Venite,
1395 5620 1808 5713 descendamus,
1831 5654 1887 5701 et
1919 5663 2048 5706 con-

461 5709 748 5811 fundentes
795 5716 1032 5811 linguam
1065 5737 1251 5782 eorum
1296 5717 1506 5806 (Ibid).
1546 5755 1564 5788 ι
1605 5735 1670 5792 Et
1709 5709 2050 5811 post'pusil-

460 5803 579 5862 lum
600 5807 767 5864 infert
796 5829 808 5864 :
843 5809 982 5870 Ecce
1003 5815 1263 5890 dispertiit
1287 5803 1546 5884 Dominus
1595 5803 1730 5887 illos-
1744 5831 1870 5889 inde
1883 5803 1934 5889 -a
1961 5831 2048 5889 fa-

2154 4915 2432 4988 Aceipiam
2457 4927 2512 4974 ct
2535 4918 2752 4984 medici,
2778 4920 3070 4978 ostendens
3097 4937 3222 4976 eum
3245 4915 3343 4977 uni
3358 4923 3604 4978 membro
3629 4939 3746 4978 non

2157 5023 2402 5079 parcere,
2429 5019 2487 5064 ut
2513 5009 2776 5067 membris
2801 5012 3054 5068 omnibus
3089 5024 3296 5084 parcat.
3347 5014 3510 5072 Verbi
3565 5017 3740 5088 gratia

2155 5099 2360 5156 dictum
2381 5101 2454 5155 sit
2486 5119 2498 5154 ε
2531 5099 2742 5157 Habeat
2763 5101 2931 5172 judex
2957 5104 3292 5174 propositum
3319 5107 3558 5178 quietem
3603 5108 3744 5162 civi-

2153 5192 2250 5247 tati
2289 5201 2344 5250 et
2371 5208 2560 5263 pacem
2587 5195 2756 5266 genti,
2807 5195 2896 5250 cui
2923 5195 3202 5265 praesidet,
3251 5198 3536 5268 providere
3567 5240 3579 5252 .
3609 5199 3742 5253 huic

2149 5285 2198 5340 si
2225 5284 2482 5340 efferatur
2515 5285 2786 5342 homicida
2807 5287 3034 5343 honesta
3056 5288 3251 5355 forma,
3274 5297 3435 5345 :etate
3481 5291 3613 5346 satis
3655 5291 3751 5344 in-

2153 5382 2325 5446 tegra,
2352 5382 2408 5429 et
2430 5390 2496 5430 ex
2523 5375 2630 5431 alio
2651 5377 2821 5432 latere
2847 5388 3020 5434 mater
3053 5381 3257 5449 sparsis
3281 5377 3524 5436 crinibus
3548 5382 3749 5451 depre-

2151 5474 2328 5532 cetur,
2355 5476 2416 5530 ut
2437 5470 2706 5524 senectuti
2742 5486 2856 5526 suae
2876 5472 3218 5540 misereatur,
3249 5483 3305 5529 et
3323 5489 3390 5530 ex-
3421 5475 3528 5529 aﬁa
3572 5490 3739 5540 uxor,

2151 5574 2222 5614 ne
2246 5559 2424 5614 virum
2464 5575 2624 5620 suum
2653 5563 2964 5632 interﬁciat,
2998 5566 3330 5638 laerymabili
3376 5581 3511 5624 voce
3545 5567 3742 5639 deplo-

2152 5657 2254 5717 ret,
2285 5651 2640 5710 circumstant
2683 5664 2740 5713 et
2781 5657 2998 5726 parvuli.
3019 5658 3180 5714 liberi
3218 5661 3330 5717 cite
3369 5661 3486 5716 orbi
3539 5659 3738 5718 futuri.

2151 5741 2294 5812 Quid
2311 5743 2475 5802 faciet
2499 5745 2687 5816 iudex,
2711 5749 3056 5807 miserebitur
3075 5751 3294 5818 latroni,
3315 5768 3382 5808 an
3416 5753 3560 5808 non?
3583 5752 3746 5820 Quod

2150 5837 2206 5892 in
2229 5841 2503 5898 communi
2526 5840 2748 5912 expedit
2769 5843 2976 5902 civitati
3003 5853 3335 5917 exsequetur
3363 5865 3376 5900 :
3407 5848 3454 5903 si
3480 5845 3743 5904 misertus
