4008 6340
343 427 446 486 909

1254 400 1615 484 EXPosmo
1649 426 1873 484 SUPER
1913 427 2276 488 JEREMIAM.
2321 464 2390 473 —
2430 436 2556 489 LIB.
2603 430 2688 491 vt.

3485 445 3588 503 910

250 626 255 629 _
341 555 527 622 fuerit,
572 520 878 611 acvertetur
924 551 1192 608 homicida
1232 553 1303 606 ad
1346 552 1635 621 pristinum
1694 549 1870 607 scelus
1896 556 1913 604 ὲ
1940 551 2091 613 Asit
2108 553 2276 609 calice
2300 553 2616 627 Babylonio,
2639 562 2695 611 et
2720 557 3045 624 captivitatis
3063 558 3371 617 obruendus
3412 532 3585 620 malis.

342 647 429 703 sin
460 661 589 702 vero
616 646 671 701 in
702 643 987 715 iudiciaria
1025 643 1309 699 severitate
1344 642 1724 713 permanserit,
1778 658 1918 697 unus

344 740 509 797 homo
534 738 798 802 interibit,
820 745 876 793 et
900 738 1154 792 universo
1174 734 1368 806 populo
1389 736 1779 805 providebitur.
1824 733 1916 790 Sic

343 834 557 891 [inusti
580 832 881 903 pepercerit
904 828 1199 900 peccaturi,
1224 836 1280 883 et
1322 827 1587 883 miserens
1628 825 1767 895 eius,
1814 841 1915 882 no-

343 925 505 985 luerit
526 940 652 983 eum
677 924 871 995 punire
892 920 1241 993 praecolere,
1288 919 1410 990 quis
1445 935 1553 974 non
1577 918 1810 989 accipiat
1848 918 1915 973 li-

341 1016 577 1073 centiam
599 1012 899 1073 malorum?
923 1011 1028 1079 Qui
1052 1025 1195 1066 nunc
1234 1009 1422 1066 saltent
1450 1017 1668 1080 propter
1712 1008 1914 1081 suppli-

337 1107 422 1165 cia
453 1114 747 1172 terrentur,
769 1119 949 1163 nonne
968 1103 1185 1159 invadet
1208 1109 1444 1172 tempus,
1462 1109 1523 1156 ut
1541 1100 1754 1172 expleat
1770 1115 1918 1171 qum-

336 1211 551 1266 cunque
572 1196 762 1267 voluit,
778 1209 1019 1267 praeceps
1049 1191 1342 1249 ieratur‘in
1367 1190 1531 1249 vitia?
1556 1188 1683 1246 Hatc
1729 1198 1914 1245 autem

337 1297 394 1346 et
430 1291 487 1347 in
528 1288 776 1346 ecclesiis
810 1303 953 1359 szepe
995 1286 1298 1343 accidentia
1342 1301 1630 1357 possumus
1668 1285 1915 1343 conside-

337 1396 480 1439 rare.
503 1380 756 1438 Peccavit
776 1379 1067 1450 quispiam,
1092 1385 1151 1433 et
1185 1384 1307 1449 post
1353 1384 1634 1447 peccatum
1681 1375 1917 1457 postulat

337 1472 774 1529 communionem
798 1488 814 1525 :
838 1470 885 1527 si
908 1468 963 1526 ei
987 1468 1305 1537 conceditur
1331 1468 1479 1537 quod
1508 1472 1685 1538 rogat,
1723 1466 1779 1520 in
1832 1466 1915 1527 iu-

338 1561 683 1630 cemmodum
707 1561 949 1617 omnium
970 1558 1127 1616 venia
1154 1558 1421 1630 procedit,
1448 1567 1505 1614 et
1529 1557 1725 1614 laxatis
1744 1552 1913 1613 frenis

338 1654 634 1712 sceleribus
654 1653 910 1727 panditur
938 1653 1026 1708 via
1054 1671 1070 1715 ς
1097 1652 1180 1707 sin
1201 1665 1329 1709 vero
1348 1665 1472 1706 eum
1503 1646 1807 1707 rationabili
1822 1650 1914 1706 de-

336 1743 659 1802 liberatione
702 1758 812 1800 non
860 1749 922 1798 ut
972 1741 1383 1807 immisericors,
1431 1756 1534 1797 nec
1586 1754 1804 1796 rursum
1853 1747 1914 1795 ut

338 1819 572 1893 crudelis
587 1836 774 1908 iudex,
805 1836 901 1893 sed
923 1834 1078 1907 quasi
1100 1841 1161 1891 ut
1183 1834 1275 1891 uni
1295 1833 1584 1906 providens
1603 1840 1658 1888 et
1682 1831 1750 1888 de
1790 1846 1909 1887 om—
1952 1900 1959 1905 η

2091 664 2110 697 ι
2166 646 2363 701 Audite
2416 655 2475 703 et
2528 647 2749 702 auribus
2794 648 3072 717 percipite,
3135 651 3297 706 nolite
3356 653 3586 719 elevari,

2014 736 2143 807 quia
2168 736 2424 792 Dominus
2456 736 2666 793 locutus
2692 748 2793 792 est.
2852 757 2872 789 ι
2903 735 3076 809 (Orig.
3100 737 3120 811 )
3146 740 3285 806 Quid
3309 749 3391 796 est
3419 743 3583 813 igitur

2016 829 2204 885 audire
2248 838 2305 886 et
2352 830 2574 886 auribus
2622 832 2901 903 percipere
2952 846 3023 887 ex
3063 833 3194 903 ipsis
3250 835 3592 891 sermonibus

2017 921 2441 978 consideremus.
2477 922 2714 978 Auribus
2754 922 3031 994 percipere
3066 932 3171 991 est,
3211 932 3274 978 ut
3306 925 3436 980 mihi
3467 927 3589 995 qui-

2016 1014 2138 1071 dem
2174 1015 2406 1081 videtur,
2458 1016 2681 1083 auribus
2720 1030 2786 1070 ea
2822 1031 2943 1087 quae
2979 1016 3167 1073 dicunt
3210 1018 3416 1084 audire,
3449 1019 3592 1087 quod

2012 1113 2196 1161 autem
2219 1106 2494 1176 praecedit,
2519 1107 2724 1172 audite,
2744 1108 2791 1163 si
2817 1107 2886 1162 ad
2906 1107 3301 1164 distinctionem
3324 1106 3439 1178 eius
3459 1124 3593 1178 prae-

2015 1196 2156 1266 cepti
2192 1196 2407 1263 dicitur,
2434 1197 2578 1268 quod
2616 1206 2803 1268 postea
2830 1197 3017 1264 infert,
3048 1199 3270 1255 auribus
3302 1200 3590 1271 percipite.
3680 1212 3693 1229 θ

2015 1286 2119 1344 hoc
2163 1288 2417 1359 imperat,
2463 1290 2602 1347 utin
2630 1301 2867 1347 mentem
2909 1299 2966 1348 et
2994 1308 3210 1349 sensum
3240 1308 3305 1348 ea
3342 1309 3462 1365 qum
3507 1295 3591 1349 di-
3678 1290 3685 1365 ξ

2015 1385 2211 1433 cuntur
2247 1378 2537 1449 excipiant.
2584 1379 2772 1450 Neque
2817 1396 2946 1439 vero
2982 1382 3038 1437 in
3075 1382 3182 1438 hoc
3219 1362 3392 1438 solum
3432 1383 3587 1447 loco,
3676 1362 3683 1383 ⁸

2015 1467 2108 1527 sed
2129 1468 2184 1523 in
2209 1470 2356 1529 omni
2380 1469 2659 1542 Scriptura
2678 1478 2806 1525 sunt
2835 1472 3082 1542 quaedam
3101 1471 3301 1539 facilia,
3331 1480 3386 1528 et
3410 1487 3594 1542 prom-

2013 1571 2105 1634 pta
2155 1563 2225 1620 ad
2270 1563 2694 1635 intelligendum,
2740 1566 3031 1637 statimque
3101 1576 3164 1623 ut
3212 1567 3350 1624 lecta
3397 1566 3599 1624 fuerint

1996 1654 2301 1735 utilitatem
2341 1654 2644 1727 legentibus
2676 1653 2936 1712 tribuunt.
2969 1655 3108 1713 Sunt
3146 1657 3252 1713 alia
3285 1657 3524 1714 sacriora
3543 1664 3600 1714 et

2013 1744 2323 1813 ineii‘abilia,
2362 1755 2436 1815 et,
2464 1755 2524 1801 ut
2545 1747 2624 1803 ita
2662 1747 2858 1814 dicant,
2895 1749 3213 1819 quibusdam
3261 1746 3600 1806 obscuritati-
3682 1806 3695 1814 ,

2013 1837 2116 1894 bus
2160 1837 2416 1897 involuta.
2453 1838 2533 1894 De
2574 1838 2660 1894 his
2690 1838 2856 1910 igitur
2890 1854 3012 1910 quas
3054 1838 3223 1895 latent
3270 1848 3329 1896 et
3379 1838 3596 1910 exposi-

338 1934 489 1992 niutn
514 1933 688 1990 salute
730 1941 1090 2004 pertractans,
1124 1930 1486 1988 consideravit
1526 1927 1705 2002 populi
1755 1927 1910 1982 dam—
1939 1908 1987 1969 Β
2015 1928 2161 1984 tione
2185 1929 2446 2001 indigent,
2472 1908 2871 1986 arbitrornunc
2894 1908 3095 1989 dictum
3123 1945 3266 1997 esse,
3295 1908 3506 1989 audite:
3532 1934 3600 1989 de

336 2039 468 2079 num
494 2024 549 2079 in
577 2024 735 2080 unius
761 2024 940 2093 venia,
988 2023 1132 2080 haud
1172 2022 1393 2079 dubium
1440 2030 1523 2077 est
1566 2020 1697 2091 quin
1752 2018 1915 2075 faciat

337 2116 460 2187 ejici
496 2132 660 2172 unum
695 2116 763 2173 de
808 2115 1059 2183 ecclesia,
1091 2124 1152 2171 ut
1175 2113 1377 2171 multos
1415 2119 1657 2168 reservet
1703 2109 1910 2184 incolu-

335 2222 471 2263 mes.
507 2206 620 2278 Age
646 2221 812 2272 nunc,
842 2204 1124 2262 considera
1149 2203 1283 2260 mihi
1310 2210 1366 2259 et
1386 2201 1654 2261 medicum
1679 2218 1692 2257 :
1729 2201 1777 2257 si
1802 2214 1915 2257 ces-

332 2297 535 2353 saverit
555 2313 586 2353 a
616 2297 853 2353 sectione
879 2296 996 2369 ejus
1026 2294 1279 2360 vulneris,
1304 2294 1448 2367 quod
1469 2292 1765 2350 secandum
1806 2299 1908 2356 est,

333 2388 383 2444 si
407 2403 515 2443 non
540 2388 739 2444 usserit
761 2388 816 2442 id
837 2388 982 2458 quod
1002 2387 1206 2459 indiget
1233 2385 1496 2452 cauterio,
1518 2384 1769 2442 videlicet
1793 2398 1914 2453 pro-

331 2489 451 2556 pter
477 2480 715 2548 dolores,
735 2480 863 2550 quia
884 2496 951 2536 ex
977 2479 1172 2535 talibus
1196 2472 1450 2536 remediis
1486 2483 1910 2547 consequuntur,

333 2570 604 2644 quomodo
628 2581 842 2628 crescat
876 2570 1161 2626 inﬁrmitas
1188 2579 1245 2627 et
1287 2570 1345 2625 in
1379 2569 1617 2626 deterius
1660 2574 1913 2624 veternus

333 2664 594 2722 exuberet
620 2678 638 2718 :
666 2664 713 2719 si
743 2678 893 2729 vero,
922 2670 983 2718 ut
1007 2662 1082 2717 ita
1110 2661 1306 2728 dicam,
1339 2660 1660 2718 temerarius
1692 2659 1763 2715 ad
1788 2655 1909 2712 vul—

334 2771 439 2813 nus
487 2763 667 2814 sector
715 2753 1027 2820 accesserit,
1066 2761 1121 2809 et
1162 2750 1419 2811 inusserit
1462 2749 1697 2822 plagam,
1756 2756 1912 2805 curat

236 2854 245 2859 '
331 2861 457 2903 eum
481 2845 572 2916 qui
600 2851 816 2901 secatur
836 2851 891 2899 et
915 2844 1093 2898 uritur
1129 2858 1144 2896 :
1172 2841 1297 2912 quia
1321 2838 1597 2911 paululum
1653 2837 1913 2897 severita-

330 2938 403 2994 tis
425 2935 734 3007 assumpsit,
780 2935 906 2991 licet
949 2928 1095 2993 visus
1130 2927 1295 2989 fuerit
1338 2928 1648 3006 aegrotantis
1692 2928 1761 2987 ad
1811 2929 1910 2986 bo-

330 3048 449 3090 ram
474 3048 582 3089 non
612 3031 876 3090 misereri.
913 3030 992 3088 ita
1017 3040 1073 3088 et
1098 3031 1241 3088 Deus
1286 3045 1401 3086 non
1420 3045 1588 3086 unum
1615 3026 1910 3093 hominem,

331 3125 429 3181 sed
478 3123 792 3182 universum
839 3133 995 3181 curat
1036 3125 1222 3183 orbem
1245 3164 1260 3191 ,
1294 3122 1547 3180 etelestia
1594 3130 1757 3194 atque
1800 3114 1911 3178 ter-

330 3228 460 3270 rena
486 3224 543 3271 et
565 3215 747 3270 omnia
766 3214 967 3286 ubique
991 3214 1283 3287 dispensat.
1315 3214 1382 3270 Et
1419 3230 1543 3271 cum
1577 3215 1681 3273 hoc
1728 3212 1911 3285 provi-

329 3305 452 3362 deat
476 3306 619 3376 quod
644 3306 738 3363 uni
765 3298 1107 3363 commodum
1132 3298 1417 3363 sit:multo
1447 3300 1619 3378 magis
1641 3304 1906 3377 providet,

326 3395 460 3465 quid
511 3395 609 3451 toti
675 3398 875 3455 mundo
926 3390 1086 3453 ducat
1144 3405 1200 3453 et
1246 3394 1554 3452 hominibus
1620 3392 1903 3454 universis.

327 3482 581 3541 Providet
613 3484 830 3556 quidem
856 3494 914 3543 et
936 3501 1002 3545 ea
1026 3500 1145 3556 quae
1167 3482 1262 3543 uni
1290 3484 1596 3558 expediunt,
1623 3501 1807 3542 verum
1834 3485 1909 3542 ita

328 3589 398 3631 ne
427 3575 570 3632 illius
599 3575 803 3637 utilitas
820 3576 1060 3633 omnium
1087 3577 1284 3632 damno
1317 3576 1405 3631 sit.
1454 3571 1662 3633 Idcirco
1686 3584 1741 3632 et
1769 3574 1909 3648 ignis

328 3673 565 3722 aeternus
591 3674 925 3738 praeparatus
944 3674 1050 3734 est,
1079 3675 1135 3722 et
1156 3662 1417 3738 gehennae
1441 3674 1497 3723 et
1521 3668 1756 3724 tenebrae
1803 3683 1904 3724 ex-

328 3757 577 3814 teriores.
599 3758 731 3826 Quae
746 3757 927 3817 omnia
952 3772 1061 3817 non
1089 3765 1198 3813 tam
1220 3754 1289 3814 ob
1315 3773 1460 3824 eum,
1485 3758 1577 3828 qui
1602 3758 1906 3829 puniendus

327 3852 435 3915 est,
461 3863 621 3919 quam
640 3854 861 3920 propter
880 3847 1162 3917 universos
1182 3846 1431 3904 homines
1443 3849 1737 3904 constituta
1757 3832 1902 3904 sunt.

329 3939 387 3996 Si
412 3949 594 3996 autem
621 3940 706 3997 vis
736 3937 895 4010 hujus
918 3940 995 3996 rei
1027 3948 1218 3996 testem
1254 3940 1499 4010 accipere
1548 3939 1903 4013 Scripturam,

325 4031 548 4102 quodin
576 4026 803 4087 aliorum
826 4029 1201 4100 eruditionem,
1240 4030 1366 4088 licet
1403 4030 1517 4104 jam
1543 4030 1908 4104 deSperabiles

329 4122 437 4178 sint
458 4132 799 4195 peccatores,
845 4131 901 4181 et
924 4140 956 4179 a
978 4124 1259 4181 curatione
1313 4120 1527 4197 penitus
1559 4122 1743 4191 alieni,
1800 4132 1907 4180 tor-

328 4224 613 4287 queantur,
642 4215 765 4273 audi
797 4212 1142 4273 Salomonem
1183 4214 1236 4273 in
1262 4210 1570 4275 Proverbiis
1599 4217 1904 4274 dicentem:

316 4328 349 4387 At
376 4306 666 4365 Pestilente
698 4307 960 4381 flagellato
995 4308 1304 4381 imprudens
1324 4309 1568 4367 callidior
1586 4310 1690 4367 erit
1722 4306 1904 4382 (Prov.

326 4399 440 4470 xu)
474 4416 487 4452 :
529 4419 549 4452 ι
580 4415 688 4455 ιιοιι
712 4415 834 4454 eum
861 4399 953 4469 qui
978 4398 1275 4472 ﬂagellatur
1300 4398 1435 4454 dixit
1473 4398 1800 4455 callidiorem
1826 4400 1909 4457 fu-

330 4496 510 4544 turum
548 4496 604 4543 et
633 4487 1015 4558 sapientiorem
1043 4492 1266 4559 propter
1291 4489 1696 4560 castigationem
1732 4505 1902 4555 suam,

327 4576 422 4635 sed
466 4578 805 4649 insipientem
830 4592 861 4632 a
886 4576 1111 4633 stultitia
1155 4579 1223 4632 ad
1260 4578 1599 4648 prudentiam
1640 4581 1901 4646 converti,
1928 4614 1986 4680 Β

327 4676 550 4740 propter
594 4664 855 4739 supplicia
906 4667 1251 4738 pestilentis:
1296 4668 1400 4723 hoc
1437 4669 1631 4739 quippe
1678 4680 1746 4725 ex
1787 4671 1905 4742 ipso

328 4758 546 4814 nomine
566 4754 872 4813 calliditatis
908 4757 1263 4828 significatur,
1316 4765 1369 4813 et
1402 4757 1644 4814 converti
1673 4772 1798 4814 eum
1836 4761 1903 4816 ad

325 4849 707 4907 calliditatem:
732 4846 858 4903 dum
881 4848 1015 4904 alios
1038 4849 1229 4915 cernit,
1256 4857 1551 4920 propterea
1569 4848 1764 4920 quibus
1790 4850 1905 4920 ipse

325 4939 592 4998 obnoxius
619 4948 723 5006 est,
755 4944 977 5013 peccata
1004 4939 1254 4995 cruciari.
1286 4940 1456 5013 igitur
1478 4942 1698 5012 prodeSt
1721 4942 1899 5009 nobis,

326 5032 370 5090 si
399 5041 504 5087 tam
535 5030 678 5104 digni
703 5042 892 5088 sumus
924 5031 1114 5097 salute,
1146 5039 1206 5086 ut
1233 5028 1325 5086 alii
1372 5033 1425 5088 in
1472 5030 1759 5089 utilitatem
1805 5046 1902 5089 no—

326 5130 494 5181 stram
525 5130 897 5197 torqueantur.
919 5118 1270 5195 thuomodo
1300 5122 1432 5178 utile
1462 5122 1566 5179 fuit
1618 5134 1901 5197 peccatum

325 5216 488 5272 lsraei
521 5217 575 5272 in
603 5216 827 5272 salutem
855 5216 1114 5288 gentium,
1145 5215 1225 5270 sic
1257 5212 1403 5272 utilis
1429 5224 1515 5273 est
1547 5218 1901 5287 quorumdam

326 5321 486 5378 poena
510 5308 736 5363 aliorum
766 5306 963 5364 saluti:
992 5307 1114 5363 ideo
1150 5307 1325 5363 bonus
1374 5314 1429 5363 et
1470 5306 1707 5362 clemens
1735 5307 1898 5363 Deus.

325 5396 445 5453 Non
472 5413 710 5470 parcam,
735 5397 929 5470 inquit,
951 5406 1001 5454 et
1028 5409 1132 5455 non
1154 5396 1454 5454 miserebor
1478 5397 1547 5454 ab
1568 5398 1790 5453 interitu
1810 5412 1903 5455 eo-

329 5498 453 5543 rum
484 5506 498 5542 :
528 5500 634 5543 non
659 5488 977 5544 crudelitate
996 5488 1299 5555 sententias,
1324 5486 1420 5544 sed
1439 5488 1666 5544 veritate
1686 5489 1896 5558 iudicii.

329 5576 600 5654 (Ηὶενοη.)
653 5573 753 5647 Qui
784 5576 925 5635 enim
948 5594 1041 5635 eos
1066 5578 1292 5651 populos
1315 5580 1672 5650 trucidarunt,
1700 5582 1801 5654 ipsi
1842 5584 1897 5641 in

1935 3256 1984 3330 Ο

2013 2020 2098 2076 nis
2126 2031 2305 2076 autem
2331 2035 2453 2091 quae
2492 2020 2610 2077 sine
2638 2021 2890 2093 scrupulo
2929 2018 3339 2095 interpretantis
3362 2024 3599 2081 auditori

2012 2113 2293 2168 commoda
2354 2122 2501 2179 sunt,
2546 2113 2768 2170 auribus
2814 2114 3094 2187 percipite.
3133 2114 3423 2187 (Ηὶετοιι.)
3461 2115 3599 2183 Quia

2012 2219 2178 2275 supra
2197 2204 2429 2270 dixerat,
2457 2222 2476 2256 ‹
2504 2205 2681 2259 omnis
2706 2213 2826 2261 uter
2853 2203 3162 2275 implebitur
3188 2205 3313 2261 vino
3340 2225 3361 2256 ι
3392 2223 3405 2259 :
3438 2205 3512 2260 ita
3539 2214 3600 2260 ut

2013 2310 2168 2366 reges
2211 2310 2424 2366 quoque
2460 2303 2526 2373 et
2574 2295 2882 2352 sacerdotes
2923 2304 2978 2351 et
3012 2296 3288 2367 propheta:
3320 2304 3376 2353 et
3408 2311 3600 2355 omnes

2013 2387 2345 2443 habitatores
2392 2386 2690 2443 Jerusalem
2738 2386 3093 2457 implerentur
3139 2384 3430 2452 ebrietate,
3473 2400 3599 2457 pro-

2012 2489 2196 2553 pterea
2215 2480 2393 2551 jungit
2412 2488 2470 2536 et
2492 2480 2652 2536 dicit:
2681 2498 2701 2533 ι
2727 2479 2925 2536 Audite
2949 2488 3007 2537 et
3028 2479 3252 2539 auribus
3273 2478 3552 2551 percipite,
3572 2497 3593 2532 ι

2012 2577 2124 2626 tam
2152 2570 2491 2627 extrinsecus
2515 2585 2675 2641 quam
2705 2571 3059 2638 intrinsecus,
3092 2579 3199 2627 tam
3224 2580 3403 2626 mente
3434 2583 3600 2640 quam

2014 2677 2240 2734 corpore
2259 2702 2275 2729 ,
2302 2671 2358 2718 et
2389 2664 2557 2720 nolite
2581 2663 2782 2721 elevari
2813 2680 2912 2736 per
2930 2664 3269 2735 superbiam,
3299 2663 3600 2735 cogitantes

2012 2748 2356 2823 fragilitatem
2378 2763 2634 2823 vestram,
2671 2764 2728 2811 et
2753 2754 2897 2826 quod
2916 2742 3094 2812 nullus
3118 2754 3189 2811 sit
3211 2755 3301 2828 qui
3328 2771 3428 2827 pro
3454 2770 3595 2826 qua-

2012 2840 2165 2898 litate
2192 2843 2400 2913 peccati
2440 2845 2543 2900 bae
2588 2843 2849 2902 ebrietate
2884 2853 3084 2922 careat.
3136 2844 3290 2901 Unde
3329 2843 3596 2915 disperdi-

2014 2942 2103 2990 tur
2129 2943 2291 3007 atque
2335 2928 2721 3007 Corrumpitur,
2746 2945 2803 2990 et
2823 2933 2919 2991 Dei
2949 2935 3320 2991 misericordia
3342 2934 3597 3006 indignus

2014 3030 2122 3092 est,
2150 3023 2366 3081 elevans
2396 3040 2455 3080 se
2491 3024 2778 3081 adversum
2813 3040 2938 3080 eum
2966 3039 3066 3096 per
3107 3016 3432 3095 superbiam.
3460 3018 3598 3079 Nam

2014 3132 2138 3173 cum
2168 3114 2349 3172 multis
2377 3114 2521 3172 vitiis
2545 3131 2716 3188 genus
2743 3122 2969 3172 vexetur
2996 3113 3311 3180 humanum,
3342 3112 3446 3168 hoc
3471 3129 3601 3185 pec-

2016 3214 2136 3264 cato
2163 3205 2248 3263 vel
2275 3204 2511 3261 maxime
2547 3204 2834 3278 premitur,
2876 3217 2979 3261 nec
3019 3220 3159 3260 unus
3201 3210 3285 3260 est
3333 3202 3597 3275 superbiae

2013 3298 2229 3365 modus,
2277 3296 2414 3353 alius
2449 3295 2806 3354 irrationabili
2832 3303 2888 3352 et
2913 3294 3198 3352 stultorum
3236 3311 3405 3360 more,
3434 3290 3491 3349 in
3514 3292 3599 3350 his

2014 3376 2257 3455 effertur,
2283 3403 2404 3459 quae
2442 3380 2611 3460 magis
2650 3388 2857 3460 pudore
2904 3385 3066 3458 digna
3116 3392 3265 3452 sunt,
3315 3390 3410 3440 aut
3447 3392 3597 3440 certe

2013 3480 2229 3538 modum
2257 3478 2506 3536 elationis
2530 3479 2827 3548 excedunt;
2857 3476 2995 3535 alius
3019 3478 3175 3551 quasi
3198 3472 3479 3534 verisimili
3508 3490 3594 3531 ra-

2016 3573 2162 3628 tione
2193 3572 2447 3627 seductus
2490 3584 2653 3640 super
2694 3571 2780 3628 his
2820 3570 3081 3635 elevatur,
3131 3585 3251 3641 qua:
3299 3568 3401 3624 sibi
3433 3562 3596 3638 digna

2013 3661 2182 3735 gloria
2222 3669 2396 3732 putat,
2427 3677 2549 3717 cum
2589 3666 2645 3716 et
2669 3661 2725 3716 in
2755 3658 2952 3716 talibus
2984 3660 3343 3732 periculosum
3384 3658 3454 3712 sit
3484 3656 3597 3729 glo-

2012 3752 2165 3810 riari.
2223 3750 2538 3825 Exemplum
2580 3764 2872 3816 assumam,
2942 3765 3051 3822 quo
3094 3749 3188 3804 fiat
3232 3748 3593 3808 manifestius.

2015 3842 2153 3904 Sunt
2195 3845 2417 3918 quidam
2460 3846 2514 3901 in
2558 3860 2623 3901 eo
2668 3860 2727 3901 se
2761 3840 3053 3916 iactantes,
3102 3843 3227 3919 quia
3260 3841 3351 3897 lilii
3398 3840 3594 3898 ducum

2013 3946 2158 4006 sunt,
2192 3944 2249 3993 et
2278 3935 2443 3993 nobili
2484 3932 2688 3992 familia
2714 3934 2826 3989 nati
2864 3952 2879 3988 :
2919 3931 3219 3991 istiusmodi
3257 3932 3503 3988 homines
3528 3946 3597 3987 ne

2011 4030 2261 4085 umbram
2301 4029 2517 4101 quidem
2556 4036 2613 4083 et
2638 4027 2926 4098 imaginem
2959 4024 3210 4080 elationis
3237 4040 3347 4081 sua:
3371 4031 3599 4096 possunt

2011 4121 2319 4180 ostendere.
2358 4122 2496 4178 Sunt
2522 4116 2612 4178 alii
2637 4120 2730 4192 qui
2759 4120 2827 4176 de
2852 4135 2917 4175 eo
2942 4118 3311 4183 sublevantur,
3353 4117 3476 4188 quia
3504 4131 3598 4189 ρο-
3630 4138 3644 4153 α

2012 4220 2265 4272 testatem
2295 4215 2496 4271 habent
2527 4212 2805 4270 occidendi
2841 4210 3136 4277 hominem,
3164 4219 3240 4277 et,
3272 4217 3333 4265 ut
3366 4208 3466 4281 ipsi
3495 4224 3589 4279 pu-

2013 4314 2154 4375 tant,
2190 4325 2254 4366 ea
2280 4307 2399 4364 fulti
2443 4312 2570 4364 sunt
2611 4302 2890 4379 dignitate,
2914 4307 3000 4359 ἰιι
3033 4320 3260 4375 quorum
3305 4302 3470 4358 velint
3501 4316 3593 4356 ca-

2010 4401 2123 4470 pita
2167 4404 2394 4457 secent:
2425 4393 2619 4481 horgm
2658 4398 2827 4471 gloria
2878 4396 2933 4452 in
2979 4392 3294 4452 confusione
3342 4410 3438 4450 sua
3489 4396 3589 4447 est.

2011 4488 2118 4547 Alii
2147 4507 2309 4563 super
2345 4490 2558 4546 divitias
2605 4488 2706 4545 sibi
2745 4488 3100 4559 applaudant,
3152 4501 3258 4541 non
3285 4484 3373 4539 his
3420 4484 3596 4547 veris,

2012 4583 2105 4639 sed
2134 4583 2220 4637 his
2270 4576 2470 4636 divitiis
2514 4596 2634 4651 qum
2676 4580 2924 4635 deorsum
2952 4584 3094 4632 sunt.
3135 4575 3238 4630 Alii
3282 4573 3595 4645 superbiunt

2008 4688 2170 4745 super
2219 4674 2408 4728 domos
2460 4668 2788 4741 splendidas,
2841 4684 3000 4736 super
3045 4662 3413 4739 possessiones
3460 4663 3595 4717 mul-

2009 4774 2094 4820 tas
2125 4782 2137 4817 :
2169 4763 2222 4816 in
2269 4763 2466 4832 quibus
2501 4756 2790 4825 universis,
2844 4772 2952 4814 non
2997 4764 3079 4813 est
3101 4756 3314 4828 penitus
3353 4754 3589 4826 glorian-

2007 4855 2156 4911 dum.
2211 4852 2364 4922 Quod
2406 4859 2590 4908 autem
2637 4850 2946 4915 verisimile,
2990 4855 3045 4905 et
3091 4849 3311 4919 dignum
3358 4847 3589 4911 videtur,

2009 4954 2070 5000 ut
2096 4943 2314 5016 quidam
2360 4948 2565 5014 putant,
2607 4942 2799 5014 gloria,
2847 4940 2973 4995 illud
2998 4946 3102 5005 est,
3141 4952 3262 4993 cum
3308 4936 3502 5007 aliquis
3523 4949 3591 4990 ex

2010 5030 2270 5109 sapientia
2301 5047 2397 5091 sua
2444 5036 2705 5101 elevatur,
2759 5041 2852 5088 aut
2888 5034 3137 5087 conscius
3186 5029 3287 5086 sibi
3334 5037 3433 5094 est,
3466 5029 3591 5099 quia

2014 5131 2199 5186 decem
2221 5128 2336 5199 jam
2363 5130 2519 5184 annis
2549 5128 2806 5183 mulieres
2829 5140 2935 5181 non
2966 5123 3220 5195 tetigerit,
3266 5120 3379 5177 sive
3416 5122 3483 5176 ab
3511 5121 3594 5175 in-

2012 5220 2181 5277 fantia
2234 5221 2441 5293 integer
2482 5226 2769 5290 castusque
2825 5206 3198 5289 permanserit.
3253 5212 3595 5283 Rursumque
3660 5288 3671 5297 _

2012 5312 2150 5367 alius
2185 5308 2429 5382 erigitur,
2474 5312 2598 5381 quia
2640 5306 2851 5365 vincula
2883 5318 2981 5379 pro
3024 5304 3238 5363 Christo
3268 5303 3586 5376 portaverit.

2010 5398 2180 5457 Recta
2228 5401 2445 5472 quidem
2478 5401 2728 5456 videntur
2760 5400 2877 5455 haec
2914 5395 3112 5460 omnia,
3161 5402 3216 5452 et
3255 5391 3594 5466 subjicientia

2009 5492 2299 5563 quamdam
2345 5493 2747 5564 persuasionem
2777 5488 2846 5546 ad
2889 5487 3242 5560 gloriandum.
3294 5482 3401 5541 Sed
3446 5498 3514 5539 ne
3539 5483 3599 5539 in‘

2006 5582 2092 5639 his
2133 5583 2369 5654 quidem,
2409 5582 2457 5640 si
2498 5589 2674 5639 tamen
2721 5582 2995 5653 sequimur
3019 5580 3329 5645 veritatem,
3362 5578 3597 5632 rationa-

326 5681 589 5729 eternum
613 5670 883 5743 peribunt.
922 5666 1108 5727 Potest
1157 5680 1213 5728 et
1260 5672 1363 5729 hoc
1402 5673 1558 5746 juxta
1611 5672 1895 5731 historiam
2001 5677 2184 5735 biiiter
2224 5678 2346 5749 quis
2396 5674 2618 5734 en‘ertur
2646 5694 2658 5731 :
2689 5676 2812 5748 quia
2864 5683 2919 5733 et
2965 5675 3021 5731 in
3078 5675 3239 5731 rebus
3287 5670 3443 5726 bonis
3483 5665 3596 5738 glo-

330 5764 649 5838 simpilciter
672 5762 866 5834 accipi,
901 5764 1043 5835 quod
1063 5774 1118 5819 et
1154 5780 1328 5839 reges,
1374 5775 1430 5822 et
1478 5766 1805 5832 sacerdotes,
1842 5775 1898 5823 et

2005 5770 2135 5825 riari
2180 5783 2287 5825 non
2310 5777 2393 5825 est
2433 5767 2548 5824 sine
2575 5768 2905 5824 discrimine.
2959 5765 3158 5821 Paulus
3202 5759 3389 5816 habuit
3419 5762 3593 5811 mate-

330 5859 622 5934 prOpbetae,
666 5868 721 5918 ct
741 5858 917 5917 omnis
954 5857 1181 5932 populus
1207 5857 1504 5916 Jerusalem
1551 5861 1899 5921 inebriandus
2002 5863 2139 5919 riam
2170 5859 2526 5932 gloriationis,
2562 5860 2765 5918 habens
2813 5859 2867 5915 in
2910 5873 2968 5914 se
3011 5855 3261 5918 visiones,
3305 5847 3591 5906 revelatio-
