4008 6340
463 372 563 430 9H

1086 368 1151 424 Β.
1194 367 1449 425 RABANI
1483 367 1703 426 MAURI
1739 367 2058 426 ARCHIEP.
2100 366 2411 427 MOGUNT.
2453 366 2739 427 OPERUM
2774 367 2957 426 PARS
2990 369 3076 425 Ill.

3643 372 3765 430 919.

455 500 579 552 nes,
644 482 828 554 signa,
872 481 1103 538 virtutes
1141 490 1366 553 pr0pter
1421 482 1655 549 labores,
1684 497 1821 554 quos
1845 482 2046 539 Christi
2075 486 2124 547 Α
2150 498 2437 555 passurum
2472 492 2557 541 est
2597 484 2915 541 universum
2954 499 3095 556 pene
3135 484 3413 541 hominum
3444 500 3623 557 genus
3653 503 3765 560 pro

454 591 619 633 causa
653 588 939 646 perpessus
967 584 1071 639 est,
1102 584 1323 645 propter
1362 575 1634 631 Ecclesiae
1669 590 1805 647 quas
1847 576 2047 632 consti-

455 669 560 724 tuit
610 669 964 734 contendens,
1017 668 1108 723 ubi
1138 666 1387 724 Christus
1415 683 1521 723 non
1560 677 1680 724 erat
1711 669 2045 737 nominatus,

455 760 531 815 ibi
564 759 749 831 jacere
789 759 1199 815 fundamentum
1251 757 1337 831 (ΙΙ
1359 758 1482 813 Cor.
1507 757 1628 831 xu).
1688 757 1815 814 Hac
1867 768 2048 815 autem

454 855 639 912 omnia
668 854 913 911 materia
948 862 1107 909 erant
1136 853 1546 925 gloriationum,
1564 858 1621 908 et
1647 850 1693 908 si
1725 852 1803 907 sic
1832 852 2048 922 expedit

454 951 657 1017 dicere,
693 951 1016 1007 verisimiles
1039 965 1235 1017 causa,
1260 967 1380 1022 quae
1406 951 1688 1007 honestam
1719 949 2050 1020 subiicerent

433 1042 823 1114 jactationem.
867 1043 973 1100 Sed
1008 1044 1135 1116 quia
1177 1060 1245 1100 ne
1283 1043 1568 1101 in‘talibus
1615 1044 1835 1117 quidem
1864 1045 2045 1101 subic-

452 1134 571 1188 vari
622 1134 740 1190 sine
773 1134 1016 1206 periculo
1052 1144 1155 1202 est,
1201 1134 1469 1206 benignus
1511 1143 1568 1191 et
1594 1136 1851 1208 providus
1884 1136 2049 1194 Pater

449 1226 722 1297 quomodo
738 1227 961 1299 largitus
981 1228 1031 1283 ei
1054 1227 1387 1285 estvisiones
1411 1237 1465 1285 et
1484 1230 1692 1302 gratias
1714 1229 2047 1298 differentes,

376 1368 393 1379 ς
449 1320 531 1377 sic
551 1322 619 1377 ad
637 1321 921 1378 tuitionem
944 1322 1206 1379 donorum
1230 1338 1453 1378 suorum
1477 1323 1698 1379 tradidit
1718 1323 1769 1379 ei
1797 1324 2047 1396 angelum

448 1412 690 1484 Satana,
724 1423 784 1469 ut
807 1430 932 1471 eum
960 1414 1325 1485 colaphizaret
1351 1429 1422 1471 ne
1450 1416 1817 1482 extolleretur,
1843 1426 1898 1473 et
1924 1434 2050 1488 pro~

445 1513 570 1576 pter
597 1506 700 1563 hoc
736 1507 1024 1564 Dominum
1055 1507 1284 1579 rogavit,
1329 1507 1640 1563 scilicetiut
1667 1509 1736 1564 ab
1764 1523 1832 1564 co
1868 1508 2046 1565 disce-

446 1597 602 1653 deret
638 1598 862 1669 angelus
902 1597 1140 1664 Satana,
1180 1599 1274 1669 qui
1296 1599 1456 1671 juxta
1496 1600 1955 1672 dispensationem
1997 1602 2049 1658 ei

446 1686 627 1744 fuerat
653 1689 952 1761 appositus.
988 1688 1097 1745 Sed
1135 1691 1415 1761 respondit
1441 1692 1493 1747 ei
1534 1691 1827 1760 Dominus,
1855 1694 2049 1765 dignus

450 1780 650 1851 quippe
679 1789 798 1836 erat
830 1782 1184 1850 responsione
1212 1781 1428 1837 Domini
1469 1782 1691 1847 Paulus,
1730 1796 1786 1841 et
1815 1786 1949 1841 dixit
1979 1789 2045 1843 ad

443 1885 613 1925 eum:
651 1890 670 1922 ι
702 1869 1026 1927 Suﬂieittibi
1058 1873 1233 1943 gratia
1263 1889 1406 1941 mea,
1439 1876 1609 1932 virtus
1633 1877 1776 1931 enim
1805 1877 1859 1932 in
1886 1878 2042 1933 infir-
2074 1855 2121 1916 Β

445 1960 636 2017 mitate
659 1962 957 2032 perﬁcitur.
982 1982 1003 2016 ι
1025 1962 1199 2034 Super
1225 1964 1374 2022 nullo
1398 1966 1561 2038 igitur
1576 1967 1911 2039 gloriandum
1937 1980 2043 2035 est,

440 2052 655 2110 dicente
687 2052 969 2126 Scriptura
997 2074 1009 2110 :
1048 2074 1067 2107 ‹
1099 2056 1239 2113 Ante
1260 2059 1645 2117 contritionem
1672 2060 1914 2117 elevatur
1951 2077 2047 2119 cor

440 2144 566 2211 viri,
595 2151 651 2200 et
684 2153 812 2201 ante
839 2146 1066 2218 gloriam
1096 2148 1434 2203 humiliatur.
1474 2169 1492 2201 ι

520 2254 540 2286 ε
570 2235 707 2291 Date
735 2234 965 2306 gloriam
990 2237 1218 2293 Domino
1241 2238 1352 2294 Deo
1383 2250 1572 2296 nostro
1601 2253 2046 2314 antequamgcon-

445 2345 466 2378 ι
508 2329 871 2396 tenebrescat,
917 2338 974 2385 et
1007 2340 1295 2402 antequam
1343 2330 1623 2388 offendant
1668 2310 1835 2405 pedes
1872 2310 2043 2391 vestri

443 2437 463 2471 ι
493 2420 562 2475 ad
600 2428 813 2477 montes
858 2420 1200 2494 caliginosos.
1233 2423 1634 2496 Exspectabitis
1668 2426 1858 2487 lucem.
1886 2437 1941 2484 et
1967 2428 2042 2484 ibi

443 2530 465 2562 ‹
497 2514 690 2569 umbra
731 2513 948 2579 mortis,
989 2522 1046 2570 et
1072 2524 1345 2585 ponentur
1370 2517 1427 2573 in
1462 2518 1701 2575 tenebris
1737 2520 1861 2590 (sive
1881 2521 2044 2591 juxta

443 2626 462 2660 ι
495 2606 819 2663 Hebraicum
856 2627 869 2663 :
907 2615 964 2664 et
988 2616 1155 2679 ponet
1190 2625 1313 2666 eam
1352 2611 1408 2666 in
1437 2612 1630 2668 umbra
1660 2614 1873 2680 mortis,
1905 2622 1960 2669 et
1986 2615 2044 2669 in

443 2720 463 2753 ε
495 2701 826 2775 caliginem).
859 2702 1013 2770 Quod
1042 2704 1086 2759 si
1126 2719 1236 2759 non
1286 2706 1588 2776 audieritis,
1640 2707 1696 2763 in
1727 2709 2044 2768 abscondito

442 2810 462 2842 ι
508 2792 743 2863 plorabit
793 2793 972 2849 anima
1006 2802 1206 2861 vestra,
1240 2811 1272 2850 a
1302 2795 1438 2853 facie
1476 2799 1746 2869 superbia
1796 2801 1923 2873 (sive
1952 2804 2041 2859 in-

440 2902 461 2935 c
488 2883 691 2957 juria).
733 2905 753 2939 ι
800 2886 1049 2959 (Hieron.
1079 2888 1099 2961 )
1138 2888 1245 2943 Eos
1277 2889 1475 2959 quibus
1503 2892 1716 2948 dixerat
1744 2909 1925 2950 sermo
1957 2897 2042 2952 di-

435 2977 634 3033 vinus:
672 2997 692 3031 ι
727 2977 946 3044 Audite,
980 2987 1036 3034 et
1077 2980 1301 3037 auribus
1339 2983 1601 3054 percipite
1645 2993 1701 3041 et
1730 2986 1896 3043 nolite
1927 2988 2040 3045 ele-

433 3069 554 3124 vari
578 3110 594 3136 ,
627 3089 646 3123 ι
676 3086 823 3125 nunc
848 3080 1108 3140 provocat
1130 3073 1197 3128 ad
1218 3073 1616 3143 paenitentiam,
1645 3087 1706 3131 ut
1725 3079 2041 3150 priusquam

437 3162 710 3217 ducantur
756 3160 1110 3232 Babylonem,
1165 3172 1222 3220 et
1259 3163 1534 3222 offendant
1561 3169 1731 3238 pedes
1766 3185 1954 3226 eorum
1986 3172 2041 3227 in

432 3262 649 3309 montes
671 3255 1014 3322 tenebrosos,
1030 3257 1145 3311 sive
1160 3258 1507 3330 caliginosos,
1523 3260 1653 3317 dent
1666 3262 1892 3335 gloriam
1906 3264 2037 3319 Deo.

434 3343 594 3401 Unde
625 3353 682 3401 et
710 3348 1092 3416 peccatoribus
1122 3364 1265 3420 sape
1291 3351 1489 3408 dicitur
1517 3370 1529 3407 :
1569 3372 1588 3405 ι
1632 3355 1769 3411 Date
1813 3356 2039 3428 gloriam

431 3436 549 3492 Deo
603 3436 777 3510 (Psal.
818 3439 1007 3513 vau).
1047 3461 1067 3494 ι
1106 3440 1261 3510 Quod
1307 3454 1490 3499 autem
1518 3444 1757 3519 Babylon
1784 3458 1841 3503 ct
1864 3451 2042 3506 omnis

433 3527 584 3600 regio
619 3529 995 3589 Chaldaeorum
1026 3543 1241 3590 montes
1262 3536 1563 3607 caliginosi,
1600 3538 1714 3596 sive
1744 3541 2039 3610 tenebrosi,

433 3620 788 3692 appellentur,
863 3624 917 3680 in
961 3626 1227 3696 principio
1274 3626 1425 3684 Isaia
1470 3639 1658 3686 contra
1713 3632 2038 3705 Babylonem

430 3713 679 3785 legimus,
705 3717 797 3772 ubi
822 3718 1086 3789 scriptum
1118 3729 1238 3777 est:
1270 3740 1289 3774 ι
1319 3722 1495 3794 Super
1519 3736 1757 3782 montem
1783 3728 2042 3800 caligino-

432 3821 554 3860 sum
589 3806 765 3863 levate
795 3808 1011 3880 signum
1040 3810 1178 3882 (lsa.
1207 3811 1354 3885 xm),
1393 3832 1411 3865 ι
1452 3814 1595 3884 quod
1622 3813 1889 3872 Hebraicc
1912 3816 2041 3873 dici-

434 3904 527 3951 tur
568 3906 749 3959 πεπυ).
810 3898 925 3956 Hoc
958 3900 1143 3971 itaque
1181 3903 1447 3974 pracipit,
1508 3914 1570 3960 ut
1615 3917 1903 3978 antequam
1934 3910 2037 3965 du-

432 3994 628 4044 cantur
665 3990 721 4045 in
746 3992 1138 4062 captivitatem,
1184 4004 1241 4050 et
1288 3997 1565 4053 servitutis
1594 4001 1737 4055 mala
1778 4003 2035 4071 sentiant,

430 4088 595 4150 agant
621 4081 1018 4150 panitentiam.
1078 4084 1324 4157 Cumque
1343 4098 1656 4159 exspectent
1697 4092 1893 4161 lucem,
1924 4109 2040 4151 ses-

428 4172 542 4228 suri
564 4173 674 4229 sint
693 4175 1025 4233 intenebris.
1060 4176 1158 4233 Sin
1184 4189 1384 4246 autem,
1422 4181 1620 4251 inquit,
1651 4198 1739 4239 me
1754 4184 2039 4243 nolueritis

430 4265 642 4332 audire,
690 4267 746 4321 in
788 4267 1125 4335 abscondito,
1177 4270 1333 4339 juxta
1377 4272 1629 4343 Aquilam
1679 4276 1733 4330 in
1775 4279 2035 4346 tenebris,

428 4354 668 4427 plorabit
696 4358 878 4413 anima
898 4367 1104 4426 vestra,
1128 4361 1273 4429 sive,
1297 4363 1457 4434 juxta
1494 4362 1874 4438 Septuaginta,
1904 4384 1937 4424 a
1959 4370 2038 4426 fa-

429 4444 517 4500 cie
541 4446 811 4516 superbia
836 4466 849 4503 :
878 4457 938 4504 ut
975 4464 1044 4505 ne
1081 4452 1317 4523 gemitus
1346 4455 1566 4524 quidem
1596 4465 1651 4513 et
1688 4458 1933 4529 ploratus
1971 4463 2037 4518 li-

2150 577 2237 632 his
2275 593 2397 647 qua
2448 577 2715 648 peccavit,
2767 577 2977 633 videbis
3013 578 3283 647 quomodo
3314 576 3553 634 tenebra
3577 594 3767 635 oceu-

2149 676 2356 740 patura
2399 670 2509 724 sint
2532 669 2737 735 omnia,
2778 676 2833 724 et
2870 669 3048 725 nullus
3083 669 3256 739 possit
3292 669 3346 725 in
3384 669 3475 725 illo
3506 679 3767 741 tempore

2149 759 2452 815 clariﬁcare
2476 759 2667 826 Deum,
2711 758 2802 829 qui
2827 773 2937 814 non
2961 757 3144 814 verbis
3182 766 3395 815 tantum
3431 769 3487 815 et
3522 760 3765 817 vocibus

2150 850 2533 909 clariﬁcandus
2553 861 2656 907 est.
2687 850 2936 908 Clariﬁea
2957 866 3084 907 eum
3122 851 3179 906 in
3203 851 3476 917 castitate,
3511 850 3761 921 jnstitia,

2149 942 2502 999 beneficentia
2528 961 2542 999 :
2569 941 2809 999 clarifica
2844 957 2968 998 eum
2999 942 3057 997 in
3082 940 3418 1010 fortitudine,
3455 944 3762 1016 patientia,

2148 1036 2373 1106 pietate,
2405 1036 2691 1108 sapientia,
2744 1036 3064 1107 caterisque
3090 1034 3384 1092 virtutibus
3412 1054 3426 1091 :
3458 1036 3538 1092 sic
3564 1047 3761 1092 autem

2149 1127 2528 1185 clarificandus
2548 1135 2634 1183 est
2654 1127 2815 1183 Deus.
2843 1126 2902 1183 Si
2927 1127 3203 1184 contraria
3229 1126 3482 1193 intulere,
3514 1127 3645 1182 uolo
3665 1142 3764 1182 me

2151 1222 2489 1279 arbitremini
2519 1221 2820 1279 clarificare
2841 1264 2857 1289 ,
2918 1221 3013 1285 sed
3038 1222 3437 1295 blasphemare.
3465 1222 3760 1279 Exhibcbo

2150 1314 2349 1388 quippe
2404 1314 2744 1387 Scripturam
2798 1330 2994 1372 sensus
3046 1315 3155 1371 mei
3211 1322 3429 1381 testem,
3476 1317 3760 1386 quomodo

2150 1415 2334 1463 castus
2362 1407 2645 1479 glorificet,
2672 1406 2985 1464 luxuriosus
3015 1406 3310 1463 inbonoret
3350 1407 3545 1462 Deum.
3579 1406 3758 1462 Tem-

2151 1500 2298 1573 plum
2350 1501 2497 1557 enim
2553 1499 2687 1572 ejus‘
2724 1500 2883 1572 quasi
2926 1497 3465 1573 ,Nabuchodonosor
3516 1498 3761 1553 destruit

2152 1602 2315 1664 atque
2339 1595 2682 1666 corrumpit,
2709 1601 2764 1650 et
2789 1591 3090 1649 secundum
3125 1590 3444 1663 Apostolum
3473 1604 3574 1662 per
3597 1606 3754 1663 pra-

2150 1686 2550 1743 varicationem
2581 1686 2719 1757 legis
2750 1685 2922 1743 Deum
2952 1685 3261 1741 inbonorat.
3291 1682 3460 1768 Igitur
3482 1682 3757 1738 clariﬁcat

2154 1779 2327 1835 Deum
2345 1778 2553 1849 justus,
2586 1778 2931 1835 contumeliis
2960 1776 3126 1835 afﬁcit
3150 1778 3459 1849 quicunque
3487 1786 3761 1847 peccator

2148 1882 2253 1930 est.
2286 1872 2561 1946 (Ηὶενοη.)
2584 1871 2747 1928 Prius
2773 1887 2903 1944 ergo
2942 1886 3105 1943 quam
3156 1869 3349 1942 judicii
3392 1877 3606 1942 tempus
3645 1870 3757 1923 ad-

2147 1965 2333 2022 veniat
2358 1974 2415 2021 et
2444 1964 2727 2021 ollendant
2757 1965 2923 2036 pedes
2946 1964 3119 2020 nostri
3148 1964 3216 2020 ad
3244 1972 3457 2020 montes
3490 1962 3759 2020 tenebro-

2148 2073 2259 2125 sos,
2287 2057 2627 2113 adversarias
2675 2056 2885 2113 scilicet
2933 2055 3279 2113 fortitudines
3304 2072 3424 2128 qua
3459 2055 3760 2111 tormentis

2147 2158 2203 2206 et
2224 2149 2558 2206 cruciatibus
2580 2149 2889 2221 praposita
2916 2158 3064 2215 sunt,
3094 2164 3318 2220 agamus
3340 2148 3753 2219 panitentiam,

2151 2255 2221 2295 ne
2249 2250 2633 2312 exspectantes
2661 2240 2860 2308 lucem,
2897 2242 3076 2298 noctis
3114 2240 3352 2297 tenebris
3381 2240 3753 2296 iuvolvamur.

2150 2332 2531 2403 Sciamusque,
2555 2333 2659 2389 nisi
2686 2333 2789 2389 hoc
2815 2332 3125 2400 fecerimus,
3149 2333 3480 2404 ploraturam
3505 2332 3754 2387 animam

2152 2425 2239 2482 vel
2274 2426 2369 2481 Dei
2398 2426 2481 2481 vel
2518 2427 2814 2498 propheta,
2847 2441 2879 2480 a
2905 2425 3046 2482 facie
3082 2424 3596 2495 nostrajsuperbia,
3644 2423 3753 2479 Dei

2153 2520 2321 2576 verba
2371 2518 2561 2575 audire
2613 2518 2931 2575 nolentium.
2987 2518 3142 2576 Unde
3189 2526 3244 2575 et
3295 2518 3414 2589 ipse
3475 2517 3752 2588 pmpbeta

2147 2613 2279 2670 dicit
2310 2631 2323 2668 :
2546 2606 2559 2617 ’

2228 2724 2248 2755 ε
2293 2702 2519 2761 Plorans
2546 2704 2782 2776 plorabit
2823 2702 3127 2759 Jerusalem
3158 2701 3285 2775 (sive
3308 2700 3527 2773 plorans
3553 2700 3750 2771 plora-

2152 2815 2170 2847 ι
2219 2794 2341 2869 bit),
2357 2805 2414 2852 et
2436 2797 2669 2853 deducet
2689 2795 2878 2857 oculus
2901 2811 3055 2851 meus
3080 2794 3403 2866 lacrymam,
3433 2813 3453 2846 ι
3474 2792 3752 2848 dolorem-

2157 2905 2359 2956 meum,
2386 2890 2567 2945 tacitis
2621 2889 2909 2962 gemitibus
2953 2888 3294 2945 dissimulare
3336 2902 3446 2944 non
3497 2901 3747 2956 possum.

2149 2983 2341 3041 Omnis
2365 2994 2547 3040 autem
2576 2999 2741 3040 causa
2774 2984 3113 3040 cruciatuum
3139 2992 3243 3049 est,
3276 2981 3421 3051 quod
3447 2988 3638 3051 captus
3669 2979 3753 3034 sit

2153 3094 2285 3150 grex
2338 3078 2573 3135 Domini.
2629 3078 2883 3134 Dicamus
2910 3076 3196 3152 Judais‘et
3226 3075 3431 3133 nostris
3453 3073 3747 3145 judaizan-

2152 3169 2317 3237 tibus,
2350 3169 2445 3240 qui
2477 3168 2780 3241 simplicem
2810 3178 3019 3225 tantum
3049 3177 3105 3226 et
3131 3169 3472 3226 occidentem
3505 3183 3751 3238 sequun-

2151 3271 2239 3318 tur
2270 3262 2554 3319 historiam
2582 3280 2594 3316 :
2620 3262 2737 3318 Nisi
2788 3261 3071 3318 audieritis
3101 3261 3419 3318 abscondite
3442 3301 3455 3326 ,
3488 3262 3591 3317 hoc
3620 3268 3744 3327 est,

2148 3355 2203 3409 in
2235 3346 2516 3427 mysterio,
2548 3354 2663 3410 sive
2689 3354 2745 3408 in
2773 3353 3035 3420 tenebris,
3071 3368 3209 3424 quas
3232 3353 3417 3425 posuit
3442 3352 3585 3408 Deus
3616 3351 3748 3407 lati-

2144 3446 2333 3503 bulum
2366 3461 2522 3501 suum
2560 3442 2735 3518 (Psal.
2782 3442 2953 3516 xvu);
3008 3451 3065 3500 et
3100 3444 3260 3515 juxta
3292 3442 3636 3499 Salomonem
3682 3453 3750 3497 nt

2147 3534 2449 3607 intelligant
2514 3533 2827 3605 parabolam
2874 3542 2931 3589 et
2990 3534 3338 3589 tenebrosum
3391 3544 3695 3588 sermonem
3722 3570 3742 3595 ,

2142 3629 2380 3701 plorabit
2426 3628 2607 3683 anima
2636 3628 2914 3700 propheta
2941 3668 2956 3694 ,
2989 3628 3104 3683 sive
3140 3627 3384 3699 ipsorum
3412 3640 3443 3680 a
3469 3623 3608 3681 facie
3643 3639 3743 3679 su-

2142 3720 2509 3793 perbia,dum
2525 3736 2623 3792 per
2654 3719 3054 3776 contumaciam
3095 3718 3356 3775 resistunt
3378 3716 3509 3773 Deo.
3537 3715 3741 3789 (θήρ.)

2156 3814 2309 3870 Unde
2351 3824 2405 3869 et
2442 3814 2602 3869 fletus
2642 3812 2747 3868 erit
2783 3812 2929 3883 jugis
2967 3812 3329 3883 lacrymaque
3352 3818 3644 3882 perpetua,
3672 3824 3742 3864 eo

2142 3907 2288 3977 quod
2313 3920 2345 3960 a
2372 3904 2539 3960 verbo
2578 3904 3080 3961 Nabuchodonosor
3129 3913 3322 3975 captus
3360 3902 3433 3958 sit
3469 3916 3597 3972 grex
3626 3900 3737 3955 Do-

2142 3998 2279 4054 mini
2329 4006 2495 4070 atque
2543 4009 2853 4069 corruptus.
2888 3998 2956 4052 Et
3003 3995 3301 4052 notandum
3352 4010 3516 4066 quam
3563 3993 3740 4048 admi-

2143 4091 2313 4148 rande
2357 4106 2373 4145 :
2424 4106 2534 4147 non
2583 4091 2661 4146 ait
2703 4091 3009 4162 plorabitis,
3044 4091 3150 4147 nisi
3178 4088 3389 4147 occulte
3420 4087 3734 4152 audieritis,

2142 4197 2333 4239 verum
2369 4201 2387 4234 ι
2423 4181 2662 4252 plorabit
2688 4182 2866 4237 anima
2899 4190 3102 4237 vestra.
3141 4201 3160 4235 ι
3198 4180 3297 4236 Est
3333 4179 3532 4251 quippe
3567 4178 3736 4236 solius

2143 4276 2340 4332 anima
2358 4274 2538 4342 ﬂetus,
2560 4284 2617 4332 et
2631 4274 2858 4331 forsitan
2872 4276 2975 4332 i'ste
2995 4276 3067 4332 sit
3086 4278 3151 4333 de
3174 4290 3280 4346 quo
3298 4274 3549 4331 Salvator
3564 4274 3732 4329 dicit:

2149 4386 2167 4419 ι
2213 4368 2291 4424 lbi
2337 4368 2442 4424 erit
2468 4366 2626 4425 ﬂetus
2652 4376 2708 4424 et
2742 4369 2943 4425 stridor
2976 4367 3218 4425 dentium
3247 4367 3467 4441 (Malm.
3495 4366 3671 4439 xxiv).
3708 4385 3729 4420 ι

2141 4459 2238 4515 Illa
2264 4474 2487 4531 quoque
2515 4459 2897 4527 comminatio,
2932 4449 3046 4531 qua
3086 4459 3391 4516 ridentibus
3422 4459 3623 4515 luctum
3652 4457 3737 4513 la-

431 4538 531 4595 ber
563 4539 656 4607 sit,
704 4555 790 4645 ne.
820 4542 1089 4653 victorum
1134 4543 1479 4603 oﬂ‘endantur
1523 4549 1687 4605 oculi.
1740 4551 2035 4610 Possumus
2063 4592 2117 4653 Β
2143 4567 2467 4626 crymasque
2498 4552 2802 4618 denuntiat,
2852 4553 2929 4608 de.
2950 4553 3054 4631 hoc
3083 4550 3211 4609 ﬂetu
3248 4560 3334 4607 est
3379 4565 3539 4622 quem
3582 4564 3737 4606 com-

435 4639 621 4687 autem
649 4641 706 4689 et
747 4632 826 4689 sic
856 4632 1035 4690 locum
1075 4634 1236 4692 istum
1272 4638 1638 4709 interpretari.
1686 4642 1936 4700 Salvator
1960 4644 2039 4701 lo-
2066 4632 2115 4653 ⁸³
2144 4646 2696 4717 memoratpropbeta
2726 4660 2891 4712 nunc,
2907 4643 3133 4701 dicens:
3167 4642 3311 4701 «Nisi
3334 4642 3614 4699 audieritis
3630 4657 3734 4699 oc-

429 4725 650 4795 quitur:
680 4742 701 4777 ι
737 4724 1053 4797 Operamini
1081 4729 1210 4785 dum
1250 4730 1363 4787 dies
1391 4740 1493 4799 est,
1527 4735 1709 4791 veniet
1737 4753 1841 4794 nox
1865 4754 2039 4809 quan-

346 4892 349 4895 _
428 4816 499 4872 do
538 4817 715 4874 nullus
756 4818 900 4873 ultra
932 4828 1110 4891 potest
1140 4824 1355 4894 Operari
1385 4825 1568 4897 (Joan.
1595 4827 1695 4900 v1).
1754 4849 1773 4882 ι
1811 4828 1983 4902 [0rig.
2013 4832 2034 4905 ]

430 4907 585 4963 Diem
635 4910 820 4981 itaque
879 4910 1211 4983 nuncupavit
1246 4916 1504 4973 saculum
1571 4918 1736 4986 istud,
1783 4921 2037 4976 tenebras

426 5013 561 5055 vero
610 5011 668 5056 et
716 5011 936 5057 noctem
988 5008 1514 5064 consummationem
1586 5010 1775 5065 mundi
1817 5023 2037 5081 propter

429 5090 695 5163 supplicia
721 5108 842 5163 qua
867 5103 1095 5152 ventura
1120 5107 1265 5156 sunt.
1338 5099 1619 5172 (Hieron.)
1648 5101 1725 5157 De
1761 5103 1866 5158 hoc
1899 5112 2037 5160 tem-

428 5194 566 5253 pore
593 5188 649 5235 et
679 5180 834 5238 lsaia
854 5185 1170 5244 vaticinium
1192 5196 1277 5245 est
1302 5206 1315 5244 :
1352 5208 1371 5239 ι
1409 5187 1590 5245 Stella
1613 5191 1759 5247 enim
1785 5200 1840 5247 et
1868 5192 2035 5249 Orion

431 5282 491 5329 et
516 5275 694 5332 omnis
722 5287 947 5337 ornatus
972 5283 1096 5338 cali
1122 5282 1298 5338 lucem
1324 5297 1432 5337 non
1458 5283 1683 5351 dabunt,
1706 5293 1761 5342 et
1787 5289 2035 5344 tenebra-

430 5369 637 5426 hunlur
665 5382 789 5431 orto
814 5375 946 5443 sole,
968 5378 1161 5433 etluna
1194 5391 1300 5432 non
1322 5377 1657 5436 dabitlucem
1675 5378 1811 5452 (Isa.
1832 5381 1977 5454 xm).
2008 5403 2029 5438 ι

432 5460 737 5534 Sophonias
805 5486 1021 5541 quoque
1088 5471 1142 5525 in
1192 5474 1380 5528 eadem
1417 5475 1581 5531 verba
1617 5477 1912 5544 consentit,
1950 5478 2035 5533 di-

2141 4736 2320 4805 culte,
2357 4736 2610 4807 .plorabit
2644 4738 2824 4793 anima
2850 4746 3033 4793 vestra
3059 4753 3092 4792 a
3126 4737 3266 4793 facie
3311 4735 3672 4794 contumelia.
3703 4754 3725 4788 ο

2140 4828 2275 4885 Cum
2303 4828 2516 4885 fueritis
2543 4829 2691 4899 passi
2719 4828 3101 4884 contumeliam
3124 4869 3139 4894 ,
3172 4836 3300 4884 tunc
3324 4826 3605 4901 plorabitis
3626 4867 3642 4890 ,
3672 4832 3732 4881 et

2141 4920 2409 4977 deducent
2436 4919 2584 4976 oculi
2620 4919 2789 4976 vestri
2838 4919 3112 4991 lacrymas
3146 4937 3160 4975 :
3188 4920 3318 4990 quia
3352 4919 3619 4978 contritus
3641 4925 3732 4973 est

2141 5027 2275 5084 grex
2303 5012 2539 5067 Domini.
2585 5010 2646 5067 Si
2680 5011 3088 5069 consideremus
3121 5019 3326 5067 statum
3350 5010 3406 5066 in
3433 5025 3540 5082 quo
3566 5007 3728 5065 modo

2137 5110 2266 5159 sunt
2290 5099 2483 5170 Judai,
2515 5110 2573 5158 et
2599 5118 2980 5174 comparemus
3016 5103 3167 5159 illum
3196 5102 3434 5174 antiqua
3457 5098 3726 5169 felicitati,

2138 5193 2445 5251 videbimus
2472 5208 2581 5264 quo
2625 5203 2786 5265 pacto
2816 5194 3083 5251 contritus
3116 5194 3189 5250 sit
3214 5209 3347 5266 grex
3380 5192 3593 5249 Domini
3623 5212 3637 5246 :
3670 5200 3730 5248 et

2138 5284 2265 5357 quia
2296 5284 2545 5356 indignos
2572 5299 2631 5340 se
2664 5283 3049 5354 iudicaverunt
3076 5284 3252 5341 salute
3276 5323 3293 5348 ,
3323 5298 3617 5340 conversus
3642 5290 3728 5337 es‘

2140 5395 2321 5436 sermo
2346 5379 2415 5434 ad
2443 5388 2653 5449 gentes.
2687 5377 2748 5435 Si
2775 5394 2907 5451 ergo
2934 5394 3068 5451 grex
3093 5375 3184 5435 ille
3210 5378 3474 5434 contritus
3513 5385 3619 5441 est,
3670 5382 3730 5432 et

2139 5487 2239 5527 nos
2265 5471 2519 5537 oleaster,
2547 5470 2642 5542 qui
2680 5480 2873 5527 contra
2913 5480 3165 5526 naturam
3195 5469 3389 5526 inserti
3443 5483 3633 5524 sumus
3668 5467 3726 5522 in

434 5569 567 5611 cens
592 5574 605 5611 :
654 5578 670 5610 α
708 5560 835 5616 Dies
861 5560 1226 5617 tribulationis
1252 5571 1309 5617 et
1336 5566 1618 5636 angustia,
1647 5567 1764 5624 dies
1795 5568 2032 5625 miseria
2136 5566 2336 5621 bonam
2365 5565 2563 5621 olivam
2600 5550 3040 5636 patriarcharum
3067 5606 3083 5633 ,
3119 5580 3301 5622 nonne
3322 5563 3446 5637 plus
3468 5562 3730 5619 debemus

433 5661 491 5700 ct
516 5649 855 5717 perditionis,
896 5652 1013 5706 dies
1052 5653 1398 5710 tenebrarum
1421 5665 1476 5711 ct
1507 5656 1759 5722 turbinis,
1790 5657 1907 5715 dies
1930 5675 2032 5715 uu-
2135 5660 2337 5726 vereri,
2367 5676 2438 5716 ne
2462 5668 2519 5717 et
2545 5660 2646 5717 iste
2668 5675 2800 5732 grex
2827 5659 3043 5716 Domini
3076 5667 3395 5717 conteratur
3412 5659 3438 5712 Υ
3462 5656 3727 5714 Futurum

435 5737 520 5792 bis
554 5747 610 5794 et
647 5741 895 5811 caliginis
944 5740 1218 5815 (8ορ1ι.1).
1276 5765 1294 5795 ι
1339 5745 1561 5818 [Orig.]
1609 5746 1666 5805 Si
1714 5751 2029 5807 consideres
2133 5752 2330 5824 quippe
2361 5762 2446 5808 est
2473 5794 2488 5819 ,
2517 5762 2577 5807 ut
2607 5752 2897 5822 aliquando
2941 5759 2999 5807 et
3044 5752 3151 5808 iste
3192 5764 3328 5823 grex
3366 5757 3685 5808 conteratur
3713 5789 3729 5815 ,

437 5839 562 5900 post
615 5834 1136 5893 consummationem
1193 5840 1378 5895 mundi
1431 5838 1653 5913 lugubre
1691 5843 1839 5909 illud,
1882 5844 2027 5913 quod
2122 5840 2279 5912 juxta
2315 5843 2444 5901 illud
2486 5847 2630 5916 quod
2679 5858 2708 5899 τι
2762 5842 3044 5901 Salvatore
3076 5843 3417 5901 dictumest
3463 5857 3481 5898 t
3535 5859 3553 5894 ι
3588 5839 3729 5898 Cum
