4008 6340
352 318 463 385 915.

1285 321 1652 379 [Χροδιτιο
1693 319 1919 378 SUPER
1957 319 2322 378 JE‘REMIAM.
2362 351 2432 363 —
2468 321 2598 377 LIB.
2639 322 2727 378 VI.

3531 326 3637 382 9M

352 443 727 514 multiplicata:
782 440 985 496 fuerint
1044 438 1355 508 iniquitates
1387 479 1401 504 ,
1453 446 1580 493 tunc
1625 435 1943 509 refrigescet
1969 439 2152 503 Aiter
2198 437 2267 492 ad
2309 446 2363 492 te
2410 437 2596 492 venire
2638 438 2918 495 deberent.
2965 436 3165 495 Audiat
3228 439 3332 495 hoc
3390 439 3635 496 Ecclesia

352 540 591 598 cbaritas
604 534 894 591 multorum
913 530 1128 603 (Matth.
1150 530 1331 602 xxiv);
1356 551 1373 582 ι
1393 530 1458 586 de
1468 530 1664 601 quibus
1676 530 1822 584 enim
1838 529 1941 584 hoc

352 632 550 689 dicitur
585 646 600 684 :
638 645 660 680 ε
698 625 1016 696 refrigescet
1038 622 1284 679 charitas
1324 621 1654 678 multorum?
1689 641 1709 672 ι
1762 635 1943 676 nonne

352 723 421 779 de
468 721 556 777 his
605 719 700 790 qui
736 723 1121 785 nuncupantur
1147 712 1483 769 Christiani?
1528 714 1595 769 de
1632 713 1826 784 quibus
1855 712 1944 768 hic

350 830 534 872 sermo
561 822 689 869 est:
727 830 747 864 ι
784 809 1154 866 Veruntamen
1194 807 1421 864 veniens
1463 806 1636 863 Filius
1683 806 1941 874 hominis,

352 916 510 979 putas
559 903 797 960 inveniet
834 900 998 957 ﬁdem
1038 915 1203 972 super
1228 900 1521 956 terram?»
1557 897 1710 971 (Luc.
1750 897 1941 971 xvm);

355 1016 535 1057 nonne
564 999 633 1055 de
656 998 858 1055 nobis?
884 997 1092 1054 Idcirco
1127 997 1512 1069 provideamus
1566 997 1824 1053 attentius
1843 1037 1860 1064 ,
1885 1005 1947 1052 ut

356 1107 454 1164 per
478 1091 718 1162 singulos
746 1090 864 1145 dies
893 1087 998 1144 iste
1028 1103 1160 1161 grex
1189 1088 1405 1144 Domini
1433 1086 1751 1143 melioretur
1768 1126 1784 1154 ,
1802 1102 1944 1142 eon-

349 1185 610 1250 valescat,
637 1184 848 1255 integer
875 1190 1223 1253 perseveret,
1244 1190 1320 1249 et,
1353 1181 1502 1237 omni
1525 1180 1853 1237 contritione
1876 1178 1946 1235 ab

348 1281 636 1335 animabus
662 1262 862 1334 vestris
892 1276 1215 1341 recedente,
1269 1274 1569 1333 efﬁciamur
1610 1274 1834 1347 perfecti
1887 1273 1946 1329 in

350 1373 568 1429 Christo
593 1370 742 1427 Jesu.

428 1482 448 1515 ‹
492 1463 591 1519 Dic
641 1461 756 1531 regi
811 1467 868 1516 et
896 1458 1240 1517 dominatrici
1269 1457 1393 1531 (sive
1432 1457 1599 1514 dicite
1633 1456 1749 1529 regi
1773 1463 1828 1513 et
1848 1471 1949 1528 po-

352 1554 615 1626 tentibus)
648 1572 663 1608 :
705 1571 724 1606 t
757 1551 1152 1618 Humiliamini,
1184 1551 1404 1607 sedete:
1438 1549 1697 1621 quoniam
1722 1549 1948 1604 descen-

357 1669 375 1700 ι
423 1649 502 1704 dit
531 1648 658 1721 (sive
688 1645 897 1702 sublata
926 1643 1032 1716 est)
1048 1645 1114 1699 de
1134 1644 1311 1715 capite
1338 1650 1519 1699 vestro
1540 1657 1740 1713 corona
1763 1640 1949 1712 gloriae

356 1761 376 1794 ‹
419 1748 636 1796 vestrae.
666 1738 929 1794 Civitates
970 1736 1142 1791 austri
1188 1735 1385 1792 clausae
1428 1742 1593 1798 sunt,
1632 1742 1687 1787 et
1725 1746 1831 1787 non
1861 1740 1948 1787 est

2047 530 2344 602 negligens,
2387 531 2533 601 quod
2574 531 2690 603 ipsa
2732 532 2925 589 doceat
2966 532 3307 591 adversarios
3334 550 3484 603 suos,
3507 553 3643 608 quo-

2044 621 2207 677 modo
2221 636 2339 678 eam
2350 623 2565 693 possint
2576 624 2805 695 spiritali
2824 626 3139 696 captivitate
3151 628 3636 700 comprehendere,

2044 722 2100 769 et
2131 729 2298 784 pecus
2338 714 2458 785 ejus
2494 716 2795 772 bestiarum
2830 718 3154 774 crudelitate
3190 718 3451 777 lacerare.
3520 712 3525 741 ⁵

2120 824 2141 857 α
2184 805 2441 879 Nunquid
2469 823 2579 865 non
2609 808 2826 866 dolores
2873 811 3284 881 apprehendent
3333 822 3387 869 te
3415 855 3431 881 ,
3480 817 3637 886 Quasi

2051 917 2069 951 ‹
2104 899 2401 957 mulierem
2442 901 2881 973 parturientem?
2914 904 3071 972 Quod
3098 904 3144 960 si
3169 904 3372 962 dixeris
3396 907 3450 961 in
3477 910 3641 965 corde

2053 1007 2073 1041 ‹
2118 997 2248 1047 tuo:
2272 990 2453 1059 Quare
2499 1002 2765 1062 venerunt
2810 994 2943 1050 mihi
2978 995 3136 1051 haec?
3177 995 3411 1067 Propter
3454 999 3642 1056 multi-

2053 1099 2072 1133 ι
2116 1082 2360 1138 tudinem
2406 1082 2710 1155 iniquitatis
2771 1094 2875 1142 tute
2938 1088 3173 1144 revelata
3211 1097 3337 1146 sunt
3377 1105 3644 1147 verecun-

2055 1190 2074 1226 ι
2120 1174 2269 1231 diora
2312 1186 2426 1242 tua,
2477 1177 2694 1247 pollutae
2733 1186 2861 1235 sunt
2901 1180 3031 1252 (sive
3083 1182 3452 1239 dehonestataa
3484 1184 3639 1257 sunt)

2054 1282 2074 1314 ε
2116 1263 2313 1335 planta:
2343 1272 2470 1322 tuae.
2501 1286 2520 1319 ι
2550 1268 2688 1323 Dum
2712 1271 2918 1334 nescis,
2950 1271 3107 1340 quasi
3133 1270 3416 1326 mulierem
3444 1280 3635 1343 partus

2048 1355 2260 1412 subitus
2281 1397 2296 1422 ,
2342 1357 2419 1411 ita
2462 1366 2518 1414 te
2556 1360 2841 1429 captivitas
2876 1363 3158 1432 repentina
3194 1364 3641 1432 comprehendat.

2049 1449 2203 1518 Quod
2231 1451 2280 1506 si
2327 1453 2542 1508 causari
2594 1454 2832 1510 volueris
2857 1464 2914 1510 et
2937 1470 3182 1526 quzerere
3204 1474 3303 1513 cur
3331 1458 3532 1514 tradita
3562 1458 3640 1513 sis

2049 1536 2339 1610 hostibus,
2379 1545 2505 1600 audi
2566 1543 2854 1601 manifeste
2907 1547 3309 1603 multitudinem
3367 1548 3466 1602 tibi
3521 1549 3639 1605 hate

2048 1632 2244 1690 fecisse
2268 1634 2572 1706 iniquitatis
2596 1644 2721 1703 tuae,
2753 1645 2813 1691 ut
2838 1638 2995 1707 quasi
3036 1639 3281 1694 mulieris
3304 1639 3635 1705 meretricis,

2052 1723 2278 1779 sublatis
2299 1724 2545 1780 vestibus
2570 1725 2905 1781 revelaretur
2931 1727 3227 1799 ignominia
3256 1736 3370 1794 tua,
3386 1737 3440 1784 ct
3463 1738 3646 1784 osten—

358 1850 378 1884 ς
425 1833 518 1901 qui
565 1830 792 1901 aperiat,
854 1828 1140 1883 Translata
1188 1837 1273 1882 es;
1331 1825 1510 1882 omnis
1558 1823 1741 1880 Juan
1801 1806 2021 1896 (εξυεΒ
2049 1813 2306 1870 derentur
2328 1815 2558 1885 publica
2593 1814 2983 1874 fornicationes
3015 1827 3137 1873 tuae.
3182 1820 3287 1874 Per
3313 1836 3433 1889 quae
3486 1820 3645 1876 disci-

286 1910 294 1922 ’
360 1942 380 1977 ι
428 1923 721 1979 translatus
762 1929 847 1978 est
872 1921 1051 1977 omnis
1073 1919 1257 1992 Juda),
1285 1918 1763 1990 transmigratione
1814 1916 1944 1987 (sive

358 2036 379 2070 ‹
421 2015 755 2087 captivitate)
804 2012 1066 2085 perfecta.
1099 2032 1118 2065 ι
1155 2010 1427 2083 (Ηὶενοη.)
1466 2010 1750 2080 Propheta:
1801 2022 1942 2077 pra:-

352 2110 570 2182 cipitur,
599 2118 662 2163 ut
710 2107 967 2177 loquatur
1011 2104 1128 2176 regi
1173 2101 1447 2160 Jechonire
1487 2111 1543 2158 et
1584 2102 1748 2157 matri
1802 2101 1943 2171 ejus,

353 2216 520 2273 quam
552 2200 827 2256 dominam
870 2206 925 2253 et
952 2195 1369 2253 dominatricem
1422 2195 1538 2261 sive
1564 2192 1813 2265 reginam
1846 2206 1945 2261 ap-

352 2290 539 2364 pellat,
571 2299 634 2345 ut
657 2288 1034 2356 humilientur,
1061 2287 1195 2344 etin
1220 2285 1445 2356 pulvere
1466 2284 1692 2340 sedeant
1719 2298 1734 2337 :
1764 2281 1951 2353 perdi-

352 2381 498 2437 disse
525 2379 671 2434 enim
699 2393 795 2435 eos
820 2377 1030 2447 regiam
1055 2376 1392 2448 dignitatem,
1426 2381 1482 2430 et
1508 2373 1623 2445 regi
1656 2370 1950 2428 tradendos

352 2471 668 2543 Babylonio.
685 2468 947 2525 Civitates
970 2467 1139 2524 austri
1167 2467 1365 2522 clausae
1390 2473 1536 2535 sunt,
1560 2463 1617 2520 id
1641 2471 1747 2529 est,
1773 2463 1949 2518 tribus

352 2559 503 2614 Judae
530 2567 586 2615 et
609 2557 950 2623 Jerusalem,
1004 2571 1125 2627 quae
1167 2553 1323 2625 juxta
1350 2553 1697 2610 solitudinem
1739 2552 1808 2606 ad
1854 2567 1951 2607 au-

352 2659 526 2706 strum
552 2664 710 2707 versa
739 2656 825 2705 est
849 2689 865 2715 ,
890 2655 947 2703 et
1001 2661 1111 2702 non
1153 2653 1237 2701 est
1284 2645 1378 2715 qui
1419 2643 1629 2714 aperiat
1665 2641 1952 2697 obsidione

349 2740 734 2797 circumdatas.
787 2758 807 2791 ι
837 2737 1124 2793 Translata
1188 2742 1273 2792 est
1326 2734 1503 2790 omnis
1571 2731 1756 2789 Judtea
1806 2731 1952 2804 (sive

352 2832 531 2888 omnis
565 2830 723 2902 Iuda)
753 2827 1234 2900 transmigratione
1256 2825 1517 2898 perfecta,
1554 2843 1573 2876 ›
1606 2824 1719 2880 sive
1749 2822 1955 2893 recepit
1981 2804 1993 2817 ’

354 2925 499 2998 quod
554 2925 888 2989 merebatur,
926 2941 945 2974 ›
978 2932 1034 2977 et
1080 2918 1410 2991 completum
1435 2925 1519 2973 est
1569 2917 1624 2972 in
1674 2930 1783 2973 ea:
1819 2935 1838 2967 ι
1874 2916 1950 2971 ita

357 3019 507 3075 enim
546 3016 693 3073 LXX
733 3013 1151 3071 transtulerunt.
1204 3011 1412 3068 Delirat
1454 3011 1511 3066 in
1564 3010 1667 3066 hoc
1710 3009 1830 3065 loco
1856 3009 1950 3080 qui

354 3125 557 3182 regem,
597 3107 874 3165 Christum
904 3113 960 3162 et
996 3112 1268 3177 potentes,
1299 3101 1518 3175 angelos
1561 3100 1650 3157 vel
1676 3100 1951 3171 apostolos

354 3204 602 3276 intelligit
662 3210 723 3257 ut
778 3206 1059 3257 assumant
1120 3213 1319 3269 corpus
1366 3195 1729 3262 humilitatis,
1781 3202 1837 3251 et
1893 3195 1950 3250 in

351 3298 573 3371 pulvere
622 3295 881 3361 sedeant,
938 3300 996 3347 et
1036 3291 1328 3357 amittant,
1381 3289 1468 3346 vel
1512 3304 1670 3359 reges
1705 3289 1794 3344 vel
1848 3303 1950 3361 po-

326 3397 536 3449 .tentes
578 3387 644 3443 de
695 3385 873 3456 capite
912 3397 1011 3440 suo
1052 3397 1309 3439 coronam
1352 3390 1407 3438 et
1461 3381 1692 3451 gloriam
1728 3379 1949 3437 fortitu-

354 3480 516 3538 dinis.
559 3476 820 3534 Civitates
846 3490 1065 3548 quoque
1103 3475 1277 3531 austri
1318 3473 1531 3530 clausas
1577 3491 1590 3525 :
1628 3473 1952 3543 interpreta-

354 3580 445 3628 tur
487 3569 760 3625 infernum
782 3607 798 3635 ,
844 3574 903 3621 et
930 3580 1050 3636 quae
1075 3565 1208 3619 nulli
1246 3565 1586 3634 aperiantur,
1628 3577 1955 3633 omnemque

356 3662 585 3736 gloriam
624 3659 777 3717 Iudae
803 3674 926 3716 esse
964 3658 1286 3714 translatam
1310 3697 1327 3725 ,
1362 3658 1579 3729 quando
1604 3657 1660 3711 in
1704 3657 1955 3727 passione

355 3756 685 3828 completum
722 3761 847 3810 est:
893 3772 912 3807 ι
946 3752 1149 3810 Omnes
1192 3750 1603 3809 declinaverunt
1627 3749 1826 3816 simul,
1865 3750 1951 3805 in-

359 3848 519 3904 utiles
560 3847 689 3903 facti
714 3855 873 3912 sunt,
909 3860 1016 3900 non
1062 3851 1149 3899 est
1166 3843 1259 3914 qui
1288 3841 1453 3898 faciat
1488 3842 1714 3908 bonum,
1738 3856 1846 3896 non
1868 3850 1955 3898 est

358 3955 529 4011 usque
555 3939 625 3996 ad
654 3954 839 3995 unum.
871 3957 891 3991 ι
935 3936 1177 3993 Verbum
1209 3934 1536 3992 Hebraicum
1558 3941 1730 3997 mnu
1757 3934 1954 4006 Aquila

357 4041 414 4088 et
440 4030 799 4104 Symmachus
838 4028 1239 4086 dominatricem
1266 4035 1323 4083 et
1366 4026 1636 4082 dominam
1676 4025 1951 4096 interpre-

359 4124 460 4181 tati
494 4132 654 4195 suntn
685 4122 839 4192 Quod
888 4118 1035 4177 LXX
1076 4127 1410 4194 putaverunt
1447 4129 1645 4182 n'n'm
1693 4127 1952 4192 potentes-

359 4232 458 4287 que
501 4215 777 4271 dixerunt.

435 4327 455 4362 ι
500 4308 700 4364 Levate
718 4307 904 4364 oculos
926 4314 1140 4363 vestros
1179 4314 1238 4362 et
1283 4304 1485 4373 videte,
1528 4302 1623 4375 qui
1646 4303 1846 4361 venitis
1880 4304 1951 4361 ab

364 4425 385 4460 ι
426 4404 712 4475 Aquilone.
741 4402 845 4459 Ubi
873 4410 958 4457 est
994 4415 1159 4472 grex,
1194 4400 1289 4471 qui
1329 4399 1491 4455 datus
1529 4406 1613 4454 est
1637 4399 1756 4467 tibi,
1780 4413 1949 4470 pecus

365 4518 384 4551 ι
431 4496 690 4567 inclytum
735 4493 931 4548 tuum?
973 4491 1115 4558 Quid
1153 4491 1302 4546 dices
1334 4505 1458 4546 cum
1496 4488 1805 4544 visitaverit
1850 4489 1947 4546 te?

364 4608 385 4642 ι
430 4588 514 4645 Tu
547 4587 697 4643 enim
734 4588 898 4643 doces
939 4600 1034 4642 eos
1075 4585 1365 4641 adversum
1424 4591 1513 4648 te,
1550 4593 1607 4638 et
1660 4584 1846 4639 crudis
1885 4582 1944 4638 in

365 4700 384 4734 ‹
431 4686 593 4751 caput
635 4685 805 4733 tuum.
845 4697 864 4731 ι
910 4675 1236 4746 Praecipitur
1282 4673 1687 4731 habitatoribus
1731 4672 1953 4729 Jerusa-

358 4771 467 4831 lem
489 4813 507 4841 ,
549 4780 610 4827 ut
641 4769 822 4826 levent
860 4768 1048 4826 oculos
1087 4782 1215 4825 suos
1237 4808 1254 4834 ,
1293 4776 1348 4823 et
1386 4766 1609 4822 videant
1667 4764 1952 4821 Chaldaeos

358 4867 429 4924 ab
468 4864 752 4938 Aquilonis
788 4872 945 4935 parte
980 4863 1284 4919 venientes.
1327 4861 1804 4933 lnterrogaturque
1834 4859 1952 4929 ipsa

358 4960 576 5026 civitas,
615 4966 670 5015 et
700 4949 910 5015 dicitur
929 4957 981 5013 ei
1013 4975 1025 5011 :
1056 4975 1076 5008 σ
1108 4955 1212 5012 Ubi
1233 4964 1318 5012 est
1345 4971 1478 5029 grex
1522 4955 1616 5026 qui
1662 4955 1823 5010 datus
1867 4960 1953 5009 est

360 5054 478 5121 tibi,
516 5066 681 5124 pecus
723 5051 985 5124 inclytum
1029 5049 1226 5104 tuum?
1262 5068 1281 5102 ι
1321 5048 1425 5105 Ubi
1465 5056 1549 5104 est
1572 5046 1805 5119 populus
1828 5053 1953 5102 tuus

358 5159 521 5215 quem
560 5158 593 5198 a
622 5143 736 5200 Deo
791 5140 1128 5213 acceperas?
1168 5139 1261 5195 ubi
1302 5147 1452 5195 tanta
1510 5137 1601 5192 illa
1642 5145 1700 5193 et
1749 5136 1951 5208 inclyta

360 5235 686 5302 multitudo,
723 5242 785 5292 ut
826 5233 994 5291 totius
1037 5234 1255 5289 turbam
1302 5230 1598 5303 provinciae
1660 5231 1715 5285 in
1779 5244 1950 5285 unum

360 5328 539 5387 locum
578 5329 830 5385 crederes
881 5326 1309 5401 eongregatam?
1347 5324 1489 5394 Quid
1532 5323 1683 5380 dices
1723 5338 1846 5378 cum
1896 5329 1951 5378 te

361 5420 665 5476 visitaverit
690 5421 952 5478 Dominus
976 5421 1031 5477 in
1055 5420 1210 5492 virga
1243 5434 1340 5475 sua
1363 5459 1377 5484 ,
1407 5428 1463 5474 et
1499 5415 1812 5488 Babyloniis
1840 5424 1951 5470 tra-

362 5508 561 5565 diderit
597 5510 843 5569 hostibus
882 5528 1021 5584 quos
1073 5499 1357 5579 a'dversum
1417 5518 1473 5566 te
1497 5551 1512 5575 ,
1563 5508 1649 5564 vel
1687 5509 1743 5563 in
1787 5514 1952 5578 caput

363 5609 515 5657 tuum
538 5641 554 5667 ,
585 5600 673 5656 vel
711 5617 743 5657 a
772 5603 1037 5675 principio
1084 5605 1199 5673 ipsa
1235 5603 1501 5669 docuisti,
1545 5609 1606 5658 ut
1641 5601 1709 5656 ad
1759 5616 1948 5657 eorum

362 5696 567 5754 auxilia
595 5696 938 5769 confugeres,
957 5706 1016 5755 et
1052 5699 1294 5772 ipsorum
1336 5699 1481 5755 idola
1503 5696 1795 5753 sectarcris
1812 5737 1826 5763 ,
1852 5693 1944 5765 qui

363 5789 464 5847 sub
518 5790 805 5848 occasione
847 5790 1100 5847 amicitiae
1157 5800 1264 5847 tuae
1298 5790 1603 5847 didicerunt
1648 5803 1748 5860 per
1798 5787 1945 5858 quod

2048 1923 2171 1963 mus
2213 1910 2453 1979 quandiu
2494 1909 2696 1966 fuerint
2740 1912 2951 1968 minora
2993 1922 3236 1982 peccata,
3281 1930 3442 1986 agere
3467 1915 3639 1972 Deum

2048 2004 2321 2076 patienter
2347 2012 2403 2060 et
2440 2014 2761 2076 exspectare
2806 2015 3048 2062 nostram
3093 2009 3511 2077 paenitudinem,
3555 2009 3640 2064 sin

2051 2090 2230 2149 autem
2272 2095 2606 2152 voluerimus
2654 2097 2871 2154 delictis
2913 2098 3167 2169 copulare
3209 2100 3441 2169 delicta,
3468 2109 3524 2155 ct
3550 2116 3647 2156 cu-

2052 2186 2259 2241 mulum
2307 2185 2488 2242 faeere
2523 2196 2870 2257 peccatorum
2897 2229 2912 2254 ,
2963 2166 3353 2244 revelabuntur
3390 2190 3643 2259 pudenda

2051 2286 2241 2334 nostra
2268 2319 2282 2345 ,
2333 2289 2389 2335 et
2427 2280 2785 2335 ostendentur
2823 2281 3033 2337 cunctis
3069 2281 3266 2352 planta:
3309 2289 3529 2349 nostrai,
3555 2298 3642 2339 vel

2052 2371 2109 2425 in
2137 2373 2392 2442 praesenti
2431 2373 2629 2429 saeculo
2667 2374 2752 2429 vel
2789 2374 2843 2429 in
2889 2373 3091 2430 futuro.
3142 2396 3161 2428 ι
3210 2375 3353 2431 Nihil
3388 2384 3471 2431 est
3496 2377 3643 2432 enim

2054 2463 2327 2520 occultum
2375 2466 2519 2536 quod
2572 2481 2681 2521 non
2728 2466 3108 2522 manifestetur
3149 2467 3383 2540 (Matth.
3422 2484 3475 2522 xi
3507 2468 3562 2538 ),
3617 2488 3637 2522 ι

2054 2557 2274 2625 quando
2316 2556 2627 2627 implebitur
2671 2557 2804 2613 illud
2854 2558 3094 2614 llanielis
3126 2575 3139 2612 :
3172 2576 3191 2610 ι
3226 2557 3315 2613 lsti
3356 2565 3643 2631 resurgent

2055 2645 2110 2700 in
2148 2646 2316 2701 vitam
2359 2655 2643 2715 aeternam,
2667 2655 2722 2702 et
2760 2648 2837 2703 illi
2881 2649 2937 2704 in
2966 2648 3316 2720 opprobrium
3345 2656 3402 2703 et
3430 2649 3485 2704 in
3512 2663 3647 2705 con-

2054 2734 2326 2793 fusionem
2361 2739 2752 2810 sempiternam
2789 2740 2956 2811 (Dan.
2986 2740 3106 2811 xu).
3142 2761 3160 2793 ι

2132 2847 2153 2881 t
2201 2828 2259 2884 Si
2312 2838 2526 2887 mutare
2563 2840 2744 2901 potest
2792 2830 3047 2903 IEtbiops
3085 2833 3283 2904 pellem
3323 2848 3502 2899 suam,
3552 2841 3646 2888 aut

2062 2943 2080 2976 σ
2124 2926 2327 2994 pardus
2352 2926 2650 2981 varietates
2676 2941 2822 2993 suas,
2846 2933 2902 2982 et
2929 2941 3025 2981 vos
3050 2927 3302 2997 poteritis
3326 2925 3649 2982 benefacere

2062 3035 2080 3068 ι
2128 3032 2253 3073 eum
2275 3018 2578 3075 didiceritis
2604 3020 2827 3074 malum.
2863 3039 2882 3072 ι
2931 3019 3046 3076 Hoc
3076 3020 3394 3076 testimonio
3422 3028 3650 3076 utuntur

2056 3109 2346 3166 adversum
2387 3111 2685 3167 Ecclesiam
2714 3152 2730 3178 ,
2758 3111 2852 3183 qui
2879 3111 3125 3167 diversas
3148 3111 3375 3183 cupiunt
3403 3127 3651 3169 asserere

2057 3210 2303 3269 naturas,
2326 3212 2383 3259 et
2426 3212 2631 3260 tantam
2660 3205 2848 3261 dicunt
2892 3220 3013 3261 esse
3054 3204 3138 3260 vel
3180 3205 3651 3279 nigredinem,vel

2056 3294 2373 3350 varietatem
2400 3307 2768 3366 peccatorum,
2796 3298 2930 3354 utin
2958 3299 3250 3356 candorem
3281 3309 3336 3355 et
3367 3300 3526 3357 unius
3558 3316 3652 3357 co-

2054 3384 2185 3442 loris
2225 3386 2686 3457 pulchritudinem
2716 3392 2959 3447 transire
2982 3407 3099 3448 non
3131 3393 3362 3463 possint,
3409 3409 3517 3449 non
3540 3404 3653 3450 ‘at-

2028 3475 2340 3555 .tendentes
2377 3478 2481 3537 hoc
2521 3481 2665 3550 quod
2705 3482 2991 3553 sequitur:
3018 3483 3085 3538 Et
3112 3498 3209 3539 vos
3231 3484 3483 3554 poteritis
3512 3484 3652 3541 bene

2055 3568 2255 3637 facere,
2298 3587 2421 3627 cum
2458 3572 2759 3630 didiceritis
2800 3575 3026 3629 malum.
3069 3573 3342 3645 Quidquid
3380 3575 3523 3632 enim
3570 3577 3651 3631 di-

2054 3669 2229 3725 scitur
2253 3680 2363 3721 uon
2413 3675 2623 3723 natura:
2651 3674 2758 3732 est,
2788 3665 2882 3722 sed
2904 3666 3068 3722 studii
3106 3674 3160 3721 et
3200 3666 3433 3737 propria:
3455 3667 3649 3722 volun-

2056 3759 2186 3814 tatis
2209 3798 2225 3824 ,
2265 3772 2386 3828 quae
2419 3756 2587 3811 nimia
2633 3756 3025 3812 consuetudine
3064 3763 3121 3812 et
3159 3770 3345 3810 amore
3384 3756 3649 3827 peccandi

2057 3850 2328 3922 quomodo
2367 3850 2421 3905 in
2470 3858 2722 3904 naturam
2764 3848 3016 3904 vertitur.
3072 3847 3177 3905 Sed
3228 3850 3333 3904 hoc
3377 3848 3520 3919 quod
3555 3848 3651 3903 lio-

2056 3946 2295 4001 minibus
2353 3944 2688 4014 impossibile
2737 3953 2839 4011 est,
2888 3944 3000 4000 Deo
3048 3944 3307 4016 possibile
3336 3951 3439 4011 est,
3464 3952 3525 4000 ut
3551 3957 3648 3999 ne-

2056 4053 2329 4111 quaquam
2375 4035 2630 4108 IEtliiops
2667 4046 2726 4094 et
2766 4038 2969 4109 pardus
3012 4054 3168 4094 suam
3206 4038 3494 4101 videantur
3532 4052 3653 4091 mu-

2055 4139 2175 4187 tare
2205 4140 2478 4187 naturam.
2532 4129 2642 4186 Sed
2675 4130 2766 4187 ille
2794 4131 2887 4201 qui
2920 4131 2974 4187 in
3005 4130 3264 4202 Ᾱῑιιιίουθ
3308 4139 3568 4202 cperatur
3594 4137 3652 4185 et

2053 4225 2247 4296 pardo,
2268 4224 2481 4281 dicente
2499 4224 2758 4296 Apostolo
2785 4239 2802 4281 :
2832 4244 2851 4277 ι
2881 4224 3075 4282 Omnia
3105 4240 3324 4297 possum
3354 4223 3411 4279 in
3460 4238 3526 4279 eo
3552 4222 3650 4294 qui

2053 4328 2143 4371 me
2169 4314 2460 4382 confortat,
2490 4313 2710 4373 Christo
2740 4314 2966 4389 (Philip.
3004 4316 3101 4389 ιν).
3134 4335 3153 4368 ο
3192 4316 3347 4372 Unde
3375 4322 3430 4371 et
3463 4313 3518 4368 in
3541 4312 3648 4369 alio

2055 4406 2195 4463 loco.
2233 4425 2252 4458 ς
2283 4406 2553 4478 Amplius,
2578 4406 2783 4478 inquit,
2814 4406 2921 4462 illis
2954 4408 3208 4463 omnibus
3232 4406 3513 4472 laboravi,
3542 4419 3651 4460 non

2055 4513 2156 4571 ego
2180 4505 2383 4564 autem,
2421 4497 2517 4554 sed
2544 4499 2718 4569 gratia
2757 4498 2878 4566 Dei,
2923 4514 3044 4570 qua:
3090 4500 3147 4554 in
3199 4514 3287 4554 me
3329 4496 3491 4569 cst(1
3522 4494 3647 4551 Cor.

2049 4588 2184 4660 xv);
2224 4608 2245 4641 ι
2277 4587 2389 4642 Ει;
2429 4608 2447 4639 t
2477 4587 2615 4644 Vivo
2659 4588 2775 4658 jam
2818 4605 2927 4646 non
2975 4605 3095 4661 ego,
3142 4592 3237 4646 sed
3291 4589 3429 4643 vivit
3469 4589 3525 4643 in
3564 4602 3652 4643 mc

2050 4668 2300 4734 Christus
2330 4677 2474 4750 (Gal.
2518 4677 2603 4751 ιι).
2643 4699 2661 4730 ι
2699 4679 2768 4734 Ει
2801 4681 2998 4735 iterum
3049 4680 3314 4751 scriptum
3378 4677 3645 4751 legimus:

2057 4789 2075 4823 ι
2110 4768 2251 4837 Quid
2274 4770 2447 4826 habes
2494 4772 2639 4842 quod
2679 4788 2786 4828 non
2835 4771 3136 4843 accepisti?
3163 4770 3223 4825 Si
3266 4778 3447 4839 autem
3496 4784 3653 4845 acce-

2050 4865 2355 4938 pisti:quid
2368 4866 2620 4937 gloriaris
2644 4869 2798 4939 quasi
2827 4884 2937 4925 non
2959 4868 3299 4939 acceperis?»
3320 4865 3374 4937 (Ι
3397 4865 3521 4922 Cor.
3548 4866 3647 5012 ινέ.

2058 4955 2206 5012 Ouas
2240 4956 2309 5012 ob
2343 4971 2537 5012 causas
2572 4976 2591 5009 ‹
2627 4972 2736 5012 non
2778 4958 3041 5012 glorietur
3076 4956 3294 5012 sapiens
3327 4957 3383 5012 in
3433 4955 3583 5012 sanie
3624 4985 3647 4998 -

2058 4955 2206 5025 Quas
2240 4956 2309 5013 ob
2343 4971 2537 5013 causas
2572 4976 2591 5009 ‹
2627 4972 2736 5012 non
2778 4958 3041 5029 glorietur
3076 4956 3294 5028 sapiens
3327 4957 3383 5012 in
3433 4955 3654 5027 sapieﬁ-

2058 5047 2131 5102 tia
2174 5062 2294 5113 sua,
2323 5062 2426 5103 nec
2464 5046 2622 5103 fortis
2662 5047 2717 5102 in
2762 5047 3080 5104 fortitudine
3123 5062 3254 5113 sua,
3295 5059 3396 5102 nec
3418 5045 3649 5103 diresin

2056 5139 2262 5196 divitiis
2304 5141 2419 5196 suis
2457 5139 2594 5213 (Jer.
2635 5140 2743 5212 iv),
2778 5161 2796 5193 ι
2829 5155 2931 5196 nec
2960 5140 3190 5212 pudicus
3225 5141 3279 5195 in
3304 5155 3401 5196 sua
3434 5139 3647 5211 pudici-

2055 5232 2131 5288 tia
2170 5246 2186 5286 :
2227 5232 2407 5289 sciens
2440 5232 2583 5303 quod
2616 5233 2671 5288 in
2700 5233 2954 5289 omnibus
2994 5233 3080 5289 his
3118 5232 3323 5288 Christi
3347 5231 3524 5288 virtus
3555 5230 3649 5300 sit,

2055 5340 2164 5381 non
2188 5339 2379 5381 eorum
2419 5325 2511 5396 qui
2542 5327 2596 5381 in
2623 5326 2736 5381 suis
2760 5326 3056 5383 virtutibus
3080 5326 3405 5398 gloriantur.

2137 5436 2156 5470 ‹
2199 5416 2268 5474 Et
2296 5419 2666 5475 disseminabo
2690 5433 2785 5476 eos
2815 5420 2971 5491 quasi
3002 5420 3255 5492 stipulam
3280 5461 3296 5488 ,
3336 5435 3458 5493 quae
3486 5425 3653 5478 vento

2065 5524 2084 5560 ‹
2132 5517 2379 5580 raptatur
2430 5510 2484 5565 in
2527 5510 2762 5566 deserto.
2836 5510 2963 5567 Haec
3024 5526 3144 5567 sors
3204 5518 3295 5567 tua
3326 5552 3340 5576 ,
3410 5523 3650 5581 parsque

2065 5618 2084 5651 ι
2130 5616 2397 5657 mensura:
2437 5610 2597 5658 turea
2627 5618 2735 5669 me,
2767 5603 2897 5660 dicit
2944 5603 3204 5660 Dominus
3253 5602 3379 5676 (sive
3423 5610 3480 5656 et
3522 5615 3650 5671 pars

2063 5713 2082 5747 ι
2123 5695 2502 5753 inobedientiae
2550 5706 2656 5752 tuae
2700 5698 2989 5754 adversum
3040 5696 3172 5769 me).
3215 5716 3234 5748 ι
3295 5695 3431 5763 Quia
3474 5690 3647 5750 nimia

2055 5788 2447 5846 consuetudine
2471 5790 2737 5847 malorum
2757 5806 2865 5847 non
2888 5797 3114 5863 potuere
3140 5796 3353 5845 mutare
3368 5789 3643 5871 naturam,
