4008 6340
372 309 479 371 915

1010 310 1073 368 Β.
1115 311 1371 373 RABANI
1406 310 1629 377 MAURI
1663 312 1984 373 ARCHIEP.
2022 312 2333 377 IIOGUNT.
2370 312 2658 375 OPERUI
2693 312 2873 373 PARS
2902 305 2991 371 ιιι.

3553 310 3698 374 910

372 442 483 489 non
540 425 670 485 vitio
710 428 1040 496 conditoris,
1091 431 1187 486 sed
1232 430 1411 487 studio
1460 429 1636 491 incliti
1691 428 1913 486 sceleris
1942 446 1959 487 :
1986 431 2038 497 Α
2066 428 2145 485 dit
2173 428 2411 489 libidinis
2436 444 2700 499 equarum
2723 444 3033 503 more,qua2
3061 429 3131 486 ad
3151 430 3355 490 coitum
3384 434 3692 506 gestiunt,

370 528 659 595 propterea
682 521 840 595 quasi
879 522 1136 595 stipulam
1161 531 1324 581 vento
1352 531 1623 597 reptatam
1653 522 1961 609 (1189083111

374 630 473 675 eos
499 617 551 673 in
586 617 956 687 solitudinem,
983 617 1142 689 juxta
1176 620 1309 679 illud
1348 620 1493 692 quod
1525 619 1655 679 alibi
1698 620 1963 690 scriptum

372 715 459 761 est
487 724 500 760 :
538 726 555 758 ι
590 707 873 781 Tanquam
896 710 1073 784 pulvis
1094 727 1261 782 quem
1283 711 1500 783 proiicit
1539 719 1738 773 ventus
1763 726 1795 767 a
1824 708 1963 769 facie

373 806 534 857 terra:
566 797 740 872 (Psal.
783 801 846 873 ι).
879 822 898 857 ι
943 802 1204 875 Fecitque
1252 804 1637 874 apostropham
1683 804 1751 863 ad
1787 803 1959 873 ipsam

371 887 697 959 Jerusalem,
731 895 877 964 quod
920 896 1036 957 haec
1087 896 1158 953 sit
1199 913 1321 953 sors
1370 896 1491 967 ejus
1518 937 1533 964 ,
1587 907 1643 957 et
1686 897 1792 957 iota
1832 912 1963 967 pars

374 984 501 1056 quia
551 985 656 1047 sibi
712 985 830 1058 ipsa
876 986 1104 1059 elegerit
1138 1004 1453 1051 mensuram
1497 988 1829 1049 cumulatam
1879 996 1961 1047 at-

372 1092 478 1146 que
512 1076 809 1148 perfectam
848 1088 904 1136 et
955 1080 1485 1154 superellnndentem
1516 1121 1533 1149 ,
1582 1083 1698 1145 sive
1748 1090 1963 1152 partem

372 1168 756 1229 inobedientize
808 1187 919 1231 suae
948 1190 1055 1244 qua
1106 1174 1336 1233 Domino
1378 1174 1550 1233 noluit
1588 1174 1959 1244 acquiescere.

368 1260 429 1336 In
456 1277 562 1331 qua
587 1263 732 1321 enim
760 1279 1013 1325 mensura
1065 1268 1482 1333 mensuraverit,
1538 1267 1855 1329 remetiatur
1882 1264 1961 1323 illi

371 1351 523 1424 (Luc.
552 1354 651 1427 vi).

449 1466 467 1498 σ
516 1445 655 1519 Quia
677 1448 848 1515 oblita
877 1465 941 1513 es
971 1451 1080 1509 mei
1116 1459 1174 1507 et
1199 1451 1411 1511 conﬁsa
1454 1465 1515 1507 es
1539 1450 1669 1522 (sive
1702 1448 1961 1522 sperasti)

376 1559 394 1593 ς
438 1539 496 1597 in
534 1542 850 1611 mendacio,
894 1545 1037 1605 unde
1076 1552 1131 1600 et
1158 1559 1259 1615 ego
1289 1544 1487 1603 nudavi
1518 1544 1644 1616 (sive
1672 1541 1909 1614 nudabo)
1940 1580 1961 1607 ο

377 1648 395 1681 ι
441 1640 496 1689 et
520 1632 775 1691 revelabo
809 1634 1017 1690 femora
1062 1643 1120 1691 et
1155 1633 1459 1706 posteriora
1509 1642 1600 1695 tua
1643 1642 1835 1691 contra
1875 1630 1960 1689 fa-

375 1740 394 1773 ι
440 1722 580 1779 ciem
616 1718 785 1781 tuam.
814 1725 881 1780 Et
900 1724 1182 1797 apparebit
1220 1724 1521 1797 ignominia
1555 1732 1667 1790 tua.
1693 1724 1960 1783 adulteria

2064 531 2124 584 ut
2147 531 2231 585 est
2264 522 2395 581 illud
2433 522 2786 594 Virgilianum
2818 538 2834 577 :

2318 636 2668 701 Hippomenes,
2704 649 2826 687 vero
2860 637 2989 700 quod
3010 637 3398 691 nominitant

2187 699 2435 761 Fautores,
2459 698 2647 757 lentum
2672 698 2872 763 distinet
2893 701 3182 771 sanguine
3206 703 3355 755 virus.

2062 804 2337 877 Rogemus
2361 804 2568 871 losum,
2597 814 2659 863 ut
2702 820 2807 865 nec
2832 804 2886 863 in
2906 806 3190 875 prosecuti,
3232 822 3337 862 nec
3370 806 3425 865 in
3465 807 3695 867 futuro

2062 896 2261 957 saeculo
2286 896 2487 955 revolet
2512 895 2791 957 feminalia
2817 906 2876 955 et
2898 899 3200 973 pastoriam
3235 907 3446 966 nostra,
3476 901 3583 957 sed
3613 909 3689 956 ut

2062 989 2239 1049 deleat
2270 989 2587 1059 iuiQuitatss
2612 996 2850 1057 nostras,
2873 997 2932 1047 et
2945 989 3130 1049 omnia
3158 990 3365 1053 scelera
3386 1004 3692 1063 apparere

2061 1093 2173 1137 non
2195 1077 2380 1141 iaciat.
2664 1106 2672 1116 ο
3308 1120 3313 1125 .

2138 1190 2157 1224 ι
2202 1172 2379 1243 Super
2400 1172 2567 1231 nouas
2604 1172 2663 1231 in
2712 1188 2845 1245 agro
2884 1171 2994 1231 vidi
3029 1172 3464 1233 abominationes
3505 1181 3685 1229 tuas.

2066 1283 2087 1329 ς
2129 1263 2222 1327 Va:
2250 1264 2374 1333 tibi,
2396 1263 2719 1331 Jerusalem,
2748 1280 2857 1319 non
2878 1264 3228 1325 mandaueris
3250 1263 3377 1335 (sive
3397 1265 3522 1335 quia
3539 1279 3685 1321 non

2066 1374 2086 1407 ι
2129 1370 2191 1411 es
2220 1353 2516 1426 mundata)
2566 1363 2690 1425 post
2732 1369 2838 1420 me,
2876 1368 3159 1425 usqueqno
3208 1353 3422 1413 adhuc!
3459 1374 3481 1408 ι
3531 1354 3681 1411 Non

2061 1448 2236 1507 solum
2263 1448 2321 1507 in
2350 1448 2530 1507 modia
2562 1448 2698 1507 urbe
2725 1445 3050 1513 Jerusalem,
3078 1446 3173 1507 sed
3200 1446 3255 1503 in
3292 1446 3441 1507 omni
3487 1444 3677 1512 colle,

2061 1541 2381 1611 cunctisque
2409 1538 2722 1611 regionibus
2749 1538 2911 1595 audio
2948 1537 3091 1597 idola
3129 1545 3243 1598 tua.
3270 1536 3426 1597 Unde
3448 1537 3682 1594 dicitur

2061 1635 2132 1699 ad
2150 1650 2274 1691 eam
2301 1652 2313 1689 :
2344 1631 2468 1688 εγω
2497 1631 2619 1700 tibi,
2648 1629 2975 1697 Jerusalem,
2998 1628 3133 1701 quia
3167 1643 3277 1687 non
3302 1642 3363 1689 es
3391 1626 3679 1683 mtmdata

2061 1736 2187 1798 post
2223 1742 2333 1792 me,
2376 1745 2396 1781 ι
2433 1732 2495 1780 ιιι
2533 1739 2656 1780 cum
2685 1737 2805 1781 mea
2838 1719 3156 1790 tejactares
3194 1716 3349 1791 sequi
3387 1715 3673 1791 vestigia.

376 1832 393 1864 ι
443 1824 552 1881 tua,
584 1823 641 1872 et
670 1816 915 1874 hinnitus
951 1827 1098 1885 tuus,
1130 1819 1309 1875 scelus
1339 1818 1438 1891 (vel
1474 1818 1754 1888 alienatio)
1782 1816 1950 1878 forni-
1980 1818 2031 1878 Β
2055 1817 2529 1881 etwnfessionem
2564 1814 2672 1879 mel
2701 1813 2938 1873 nominis
2965 1810 3283 1877 ventilares,
3311 1818 3490 1867 nmen
3515 1823 3678 1863 nun-

376 1925 395 1957 c
436 1908 667 1964 cationis
696 1918 821 1967 tuae.
857 1929 877 1962 ι
907 1910 1087 1967 Causa
1111 1919 1198 1967 est
1228 1912 1586 1982 dispersiouis
1629 1909 1953 1975 Jerusalem,

372 2000 517 2068 quod
564 2000 729 2059 oblita
783 2002 855 2059 sit
885 2002 1024 2072 Dei,
1072 2015 1129 2060 et
1167 2004 1396 2070 conlisa,
1424 2004 1512 2060 vel
1545 2005 1846 2075 speraverit
1900 2005 1957 2060 in

371 2090 693 2149 mendaciis.
721 2092 823 2163 Qui
854 2105 1054 2166 prmter
1088 2098 1257 2157 Deum
1301 2097 1357 2153 in
1394 2098 1557 2153 rebus
1600 2095 1823 2152 confidit
1851 2112 1953 2153 sa:-

371 2180 481 2241 cnli
502 2222 520 2247 ,
573 2183 911 2243 obliviscitur
938 2188 1034 2245 Dei
1062 2205 1076 2243 :
1116 2188 1261 2249 unde
1294 2190 1608 2246 revelantur
1635 2188 1843 2249 femora
1868 2188 1957 2249 vel

368 2276 674 2346 posteriora
696 2277 833 2347 ejus,
850 2279 925 2341 ἰιι
948 2282 1129 2341 videat
1172 2283 1525 2356 ignominiam
1547 2297 1726 2348 suam;
1755 2289 1812 2338 et
1831 2297 1955 2352 qua

371 2376 520 2425 retro
545 2385 669 2427 esse
697 2373 959 2431 deberent
982 2376 1186 2435 ﬁantlin
1201 2378 1495 2449 prioribus,
1520 2386 1818 2448 cernatque
1840 2376 1958 2449 ipsa

371 2462 516 2533 quod
550 2461 697 2532 fecit,
730 2474 787 2522 et
814 2478 1073 2539 appareat
1106 2469 1403 2540 ignominia
1436 2469 1579 2540 ejus,
1607 2483 1716 2527 non
1746 2476 1961 2525 tantum

370 2553 498 2625 ipsi,
535 2558 633 2615 sed
655 2568 713 2615 et
735 2562 1007 2617 omnibus.
1039 2562 1345 2629 Adulteria,
1373 2562 1572 2635 inquit,
1599 2569 1713 2628 tua,
1747 2569 1805 2618 et
1834 2559 1961 2617 hinc

370 2647 518 2705 nitus
543 2656 671 2709 tuus
693 2668 799 2709 non
827 2653 999 2716 solam
1027 2654 1329 2723 libidinem,
1356 2655 1454 2713 sed
1482 2654 1751 2712 insaniam
1775 2661 1960 2709 uatem

2062 1924 2223 1980 quam
2253 1913 2481 1980 purgata
2504 1905 2581 1965 sis
2604 1946 2624 1974 ,
2668 1904 2798 1977 quia
2829 1902 2999 1965 oblita
3042 1916 3104 1959 es
3141 1901 3287 1967 mei,
3329 1908 3386 1961 et
3419 1898 3675 1972 sperasti

2062 2001 2119 2058 in
2147 1999 2464 2059 mendaciis.
2494 1998 2651 2055 Unde
2676 1997 2922 2069 increpat
2946 2010 3067 2055 eam
3098 2007 3157 2053 et
3179 1993 3314 2054 dicit
3340 2011 3355 2053 :
3388 2010 3413 2049 ι
3441 1992 3671 2065 Usque-

2061 2108 2169 2165 quo
2188 2091 2408 2149 adhuc?
2436 2110 2455 2144 ι
2481 2097 2537 2151 et
2561 2097 2645 2147 est
2674 2104 2869 2149 sensus
2900 2106 2914 2144 :
2942 2088 3196 2159 Quandiu
3216 2096 3273 2149 te
3300 2084 3666 2161 exspectabo,

2063 2186 2302 2257 quandiu
2334 2184 2541 2245 teram?
2564 2197 2849 2254 usquequo
2872 2181 3213 2243 obliviscaris
3234 2179 3341 2241 mei
3365 2179 3425 2241 in
3461 2176 3665 2242 linem.

2062 2288 2118 2337 et
2141 2294 2261 2339 mea
2288 2289 2562 2350 praecepta
2598 2276 2947 2341 contemnis?
2974 2275 3296 2337 Fornicatur
3338 2274 3395 2335 in
3421 2272 3667 2333 collibus

2060 2382 2116 2431 et
2143 2374 2200 2429 in
2221 2372 2388 2443 agris,
2419 2378 2475 2427 et
2497 2385 2777 2441 nunquam
2818 2369 3116 2431 mandatur
3135 2408 3153 2435 .
3176 2367 3272 2439 qui
3315 2372 3500 2426 erecta
3528 2377 3661 2421 cer-

2060 2466 2181 2523 vice
2240 2480 2339 2535 per
2392 2463 2705 2533 superbiam
2755 2477 2864 2521 non
2913 2460 3235 2521 humiliatnr
3282 2458 3387 2517 sub
3439 2451 3659 2529 potest;

2061 2572 2229 2614 manu
2280 2556 2380 2614 Dei
2404 2594 2425 2623 ,
2469 2554 2568 2613 sed
2610 2554 2669 2615 in
2708 2553 2824 2617 suis
2861 2552 3158 2616 senioribus
3204 2549 3460 2621 vitiisque
3508 2559 3653 2604 eon-

2064 2648 2202 2705 ﬁdit.

369 2778 3626 2815 *ΜΨ-Μ

1498 2888 1803 2991 LIBER
1877 2871 2432 2976 SEPTIMUS.

1845 3054 2168 3080 "——

450 3146 795 3218 Scripturam
817 3163 1028 3205 sacram
1058 3150 1320 3224 sibijesse
1340 3166 1638 3210 consonam
1669 3168 1829 3212 nemo
1857 3157 1961 3213 rite
1989 3162 2039 3233 ρ
2066 3157 2268 3218 occidit
2293 3159 2540 3226 meridie,
2556 3165 2609 3214 et
2636 3155 2764 3217 luna
2792 3160 3049 3228 astraque
3076 3162 3135 3213 et
3157 3164 3353 3214 caetera
3382 3172 3489 3215 non
3512 3159 3650 3220 dant

372 3243 679 3316 intelligens
705 3245 947 3312 dubitat,
984 3246 1109 3316 quia
1135 3247 1401 3321 quidquid
1434 3249 1487 3303 in
1520 3265 1629 3305 uno
1647 3250 1785 3307 libro
1814 3267 1963 3311 asse—

370 3336 532 3400 ritur,
577 3350 918 3407 nequaquam
971 3337 1029 3393 in
1066 3338 1237 3396 altero
1288 3341 1608 3412 denegatur,
1656 3343 1748 3400 ubi
1796 3344 1967 3417 justis

370 3426 618 3497 praemia,
662 3435 717 3481 et
772 3429 1152 3498 peccatoribus
1221 3431 1483 3503 supplicia
1511 3434 1855 3505 pollicentur,
1907 3442 1965 3495 et

374 3516 643 3573 malorum
694 3515 926 3592 ﬂagella,
984 3528 1146 3592 atque
1178 3523 1443 3579 bonorum
1496 3525 1688 3581 solatia
1760 3529 1964 3584 descri—

372 3608 597 3675 buntur,
641 3610 940 3680 praesertim
994 3627 1116 3667 cum
1168 3628 1266 3684 per
1299 3612 1416 3686 ipsa
1464 3614 1730 3672 elementa
1774 3618 1962 3673 mundi

375 3699 671 3757 secundum
700 3705 963 3760 creatoris
987 3704 1320 3761 voluntatem
1350 3708 1567 3780 utrique
1590 3710 1768 3764 ordini
1798 3710 1959 3782 digna

376 3795 811 3866 recompensatio
849 3796 1067 3863 collata,
1117 3798 1225 3854 illic
1278 3809 1630 3856 memoratur.
1657 3802 1813 3858 Unde
1854 3817 1961 3859 non

374 3888 620 3944 solumin
650 3888 879 3944 historia
919 3899 1187 3960 veterum,
1218 3894 1315 3948 sed
1341 3894 1506 3950 etiam
1540 3895 1595 3949 in
1632 3896 1963 3966 propheticis

374 3983 529 4040 libris
550 3985 667 4041 bac
693 3985 882 4042 eadem
921 3988 1120 4060 scripta
1166 3992 1531 4061 reperiuntur.
1568 3992 1703 4051 Nam
1721 3995 1776 4049 in
1824 3993 1963 4050 libro

376 4074 668 4148 Sapientiae
688 4079 763 4133 ita
787 4080 1015 4152 legitur:
1036 4099 1054 4133 ι
1087 4082 1334 4139 Armavit
1351 4094 1661 4141 creaturam
1691 4086 1759 4141 ad
1802 4088 1965 4143 ultio-

375 4184 499 4225 nem
523 4170 867 4227 inimicorum
887 4191 901 4227 :
920 4182 976 4228 et
993 4177 1253 4247 pugnavit
1268 4166 1389 4233 cuin
1411 4178 1501 4233 illo
1523 4179 1671 4235 orbis
1691 4189 1960 4237 terrarum

372 4268 561 4314 contra
608 4261 912 4317 insensatos
936 4264 1090 4336 (Sap.
1123 4266 1201 4337 v).
1237 4285 1257 4319 ι
1286 4266 1422 4324 Hinc
1453 4282 1667 4343 quoque
1694 4284 1793 4341 per
1815 4269 1965 4325 Psal-

377 4352 597 4407 mistam
621 4353 837 4409 dicitur.
868 4375 886 4407 ‹
906 4355 1072 4428 lguis,
1099 4360 1326 4429 grando,
1360 4361 1471 4427 nix,
1503 4362 1718 4435 glacies,
1740 4364 1963 4435 spiritus

372 4444 757 4515 procellarum,
784 4445 989 4502 faciunt
1010 4451 1233 4506 verbum
1252 4450 1367 4521 ejus
1388 4453 1558 4527 (Psal.
1575 4456 1817 4529 cxnvm).
1841 4476 1861 4510 ι
1895 4457 1962 4514 Et

2066 3249 2250 3311 lumen
2291 3265 2467 3305 suum.
2510 3246 2925 3328 Putandumque
2971 3253 3056 3302 est
3085 3246 3382 3304 obsidionis
3408 3256 3652 3321 tempore

2064 3340 2281 3413 pluvias
2311 3357 2420 3397 non
2454 3340 2619 3397 fuisse
2643 3381 2658 3408 ,
2705 3347 2768 3395 ut
2804 3338 3149 3394 sterilitatem
3181 3337 3386 3394 obsessi
3416 3339 3653 3397 sustine-

2065 3440 2186 3503 rent
2239 3448 2411 3507 aqum.
2472 3430 2594 3487 Uno
2650 3431 2848 3507 quippe
2891 3430 3042 3486 fonte
3090 3429 3238 3485 Siloe
3290 3438 3347 3485 et
3394 3430 3496 3489 huc
3538 3444 3651 3493 non

2064 3532 2329 3603 perpetuo
2358 3524 2530 3579 utitur
2549 3522 2766 3587 civitas,
2790 3531 2845 3577 et
2872 3537 3045 3592 usque
3073 3521 3126 3575 in
3154 3529 3473 3599 praesentem
3503 3521 3650 3581 diem

2066 3616 2327 3677 sterilitas
2367 3616 2674 3691 pluviarum
2724 3626 2833 3670 non
2869 3614 3045 3670 solum
3093 3615 3328 3695 frugum,
3366 3618 3459 3673 sed
3488 3622 3541 3671 et
3566 3615 3652 3671 bi-

2064 3706 2227 3762 bendi
2257 3707 2493 3779 in0piam
2525 3705 2674 3762 facit.

2140 3815 2159 3848 ¢
2204 3798 2364 3852 Luxit
2387 3798 2571 3853 Judma
2606 3797 2731 3875 (sive
2766 3794 2929 3869 Iuda)
2951 3838 2965 3862 ,
2991 3803 3046 3851 et
3072 3804 3243 3868 porta!
3268 3798 3388 3871 ejus
3430 3812 3650 3855 corrue-

2069 3908 2090 3944 ‹
2137 3898 2265 3949 runt
2312 3890 2436 3964 (sive
2473 3904 2657 3945 vacuae
2696 3889 2854 3949 facta:
2894 3888 3069 3961 sunt),
3108 3898 3164 3944 et
3198 3889 3499 3946 obscurata:
3523 3889 3653 3960 (sive

2071 3990 2090 4035 ἀ
2134 3981 2562 4052 οοηῐθηεὺτθιω)
2604 3989 2728 4036 sunt
2768 3993 2931 4050 super
2988 3987 3211 4046 terram,
3242 3988 3297 4034 et
3328 3979 3534 4036 clamor
3559 3976 3652 4036 Je-

2073 4094 2091 4125 ο
2136 4074 2369 4129 rusalcm
2402 4073 2663 4128 ascendit.
2701 4068 2932 4141 Maiores
2965 4070 3081 4140 elus
3118 4072 3385 4126 miserunt
3411 4072 3648 4128 minores

2071 4186 2087 4217 ι
2134 4164 2259 4238 (sive
2282 4164 2548 4235 Iuniores)
2581 4176 2709 4219 suos
2757 4164 2825 4219 ad
2852 4150 3068 4234 aquam,
3116 4172 3382 4219 venerunt
3417 4164 3484 4219 ad
3513 4164 3647 4219 bau-

2072 4273 2093 4307 ι
2137 4254 2386 4310 riendum
2436 4254 2572 4326 (sive
2624 4254 2692 4310 ad
2735 4254 2990 4326 puteos),
3045 4264 3101 4310 et
3150 4266 3261 4310 non
3326 4256 3644 4311 invenerunt

2073 4368 2088 4398 ε
2136 4360 2373 4416 aquam,
2431 4353 2847 4417 reportaverunt
2899 4358 3028 4401 vasa
3076 4360 3171 4402 sua
3201 4362 3395 4403 vacua.
3423 4348 3640 4404 Confusi

2072 4452 2093 4489 ‹
2134 4445 2258 4493 sunt
2287 4445 2343 4493 et
2369 4436 2554 4492 afﬂicti
2601 4437 2739 4509 (sive
2781 4439 3166 4512 erubuerunt),
3214 4449 3271 4495 et
3310 4448 3643 4511 operuerunt

373 4536 528 4592 item:
566 4535 816 4601 «Omnia,
852 4538 1395 4614 inquit,qumcunque
1420 4546 1534 4603 vult
1560 4546 1709 4615 facit,
1735 4548 1791 4605 iu
1825 4549 1961 4604 ccelo

2074 4550 2092 4583 ι
2134 4530 2314 4601 capita
2340 4545 2457 4597 sua,
2488 4539 2712 4601 propter
2738 4538 2897 4585 terra:
2922 4531 3233 4587 vastitatem
3250 4533 3377 4605 (sive
3396 4542 3450 4588 et
3479 4546 3638 4607 opera

376 4635 433 4684 et
464 4627 521 4683 in
550 4635 716 4694 terra,
749 4629 803 4683 in
832 4644 1003 4697 mare,
1034 4632 1160 4687 etin
1191 4635 1443 4692 omnibus
1470 4638 1732 4709 abyssis.»
1771 4636 1962 4699 Proin-

374 4719 444 4775 de
472 4719 727 4790 populum
779 4718 1087 4778 Judaaorum
1123 4723 1454 4782 viriditatem
1497 4735 1659 4783 rectae
1696 4728 1819 4787 ﬁdei
1851 4744 1959 4787 non

374 4811 684 4877 habentem,
707 4822 764 4867 et
791 4814 1056 4870 bonorum
1104 4829 1328 4887 Operum
1378 4817 1646 4875 fmctibus
1694 4818 1959 4886 sterilem,

373 4904 539 4983 ευριπ
589 4905 641 4959 in
673 4916 939 4974 praesente
968 4908 1252 4978 propheta,
1274 4925 1381 4966 non
1405 4918 1615 4968 tantum
1639 4913 1820 4968 hostili
1852 4913 1964 4982 gla-

374 4993 483 5059 dio,
516 5008 703 5048 verum
729 4997 893 5050 etiam
918 4999 1062 5053 aeris
1087 5002 1486 5069 permutatione
1528 5003 1724 5075 legitur
1768 5006 1957 5061 verbe-

374 5099 548 5151 rasse,
579 5085 647 5141 de
677 5101 787 5157 quo
814 5103 959 5145 nunc
985 5091 1199 5148 dicitur.

964 5220 1192 5281 CAPUT
1221 5222 1360 5287 XIV.

370 5306 453 5365 De
472 5310 969 5396 inopiapluyievox
991 5317 1349 5396 prementium
1372 5332 1391 5373 :
1418 5317 1697 5377 obstinatis
1715 5334 1827 5396 non
1839 5334 1962 5390 pro-

444 5392 567 5436 sunt
586 5385 795 5511 {graia
822 5393 870 5440 et
911 5385 1128 5458 preces;
1163 5385 1331 5441 luctus
1363 5398 1573 5465 propter
1600 5385 1960 5450 contritio'nem

445 5467 583 5522 popa
610 5470 649 5519 ο,
673 5469 703 5509 e
765 5493 780 5509 .

451 5562 470 5595 ι
514 5542 667 5611 Quod
693 5546 897 5604 factum
940 5557 1027 5604 est
1055 5547 1283 5605 verbum
1320 5549 1534 5606 Domini
1571 5553 1639 5607 ad
1669 5546 1961 5609 Jereniiam

378 5652 400 5688 ι
444 5635 509 5693 de
546 5640 891 5696 sermonibus
925 5639 1208 5696 siccitatis.
1244 5660 1262 5694 ι
1291 5640 1561 5715 (meram)
1590 5644 1689 5700 lrze
1714 5643 1812 5699 Del
1841 5645 1964 5700 uni-

377 5741 531 5785 versa
576 5732 946 5797 consentiunt,
999 5732 1141 5788 unde
1186 5740 1242 5788 et
1295 5734 1375 5790 sol
1431 5750 1597 5807 super
1644 5745 1966 5813 peccatores

2070 4643 2090 4676 ι
2132 4632 2312 4689 terras,
2344 4625 2601 4695 quoniam
2641 4623 3015 4696 defecerunt),
3047 4625 3175 4695 quia
3206 4642 3311 4680 non
3342 4626 3489 4680 venit
3514 4626 3639 4695 (sive

2070 4737 2088 4770 ι
2130 4730 2237 4773 non
2267 4718 2406 4788 erat)
2458 4715 2636 4787 pluvia
2669 4731 2830 4786 super
2862 4724 3080 4770 terram.
3108 4716 3327 4771 (ἰσηῆιεί
3354 4725 3478 4772 sunt
3501 4718 3637 4788 agri-

2070 4830 2091 4864 ‹
2134 4812 2265 4867 colae
2291 4852 2306 4877 ,
2358 4818 2690 4881 operuerunt
2714 4811 2889 4879 capita
2920 4808 3037 4864 su'a.
3073 4830 3093 4862 ι
3128 4809 3397 4882 Tempore
3433 4811 3639 4867 siccita-

2067 4900 2136 4957 tis
2163 4942 2176 4967 ,
2206 4900 2420 4971 quando
2474 4898 2672 4953 famem
2717 4899 2925 4969 patitur
2976 4899 3264 4955 multitudo
3299 4901 3547 4956 audiendi
3585 4908 3638 4955 ct

2063 4991 2306 5046 discendi
2347 5004 2651 5045 sermonem
2687 4989 2803 5054 Dei,
2858 4989 3003 5062 luget
3038 4988 3243 5055 Judaea',
3296 4992 3498 5048 cultum
3548 4992 3635 5048 Dei

2062 5081 2215 5153 prius
2244 5081 2445 5136 habere
2470 5095 2529 5135 se
2558 5081 2793 5151 iactans,
2817 5090 2873 5137 et
2906 5081 3305 5138 confessionem
3327 5098 3472 5141 verte
3497 5084 3633 5141 ﬁdei.

2066 5174 2348 5246 Porueque
2396 5174 2514 5245 ejus
2564 5174 2650 5230 vel
2688 5182 3005 5238 vacuantur,
3043 5175 3131 5231 vel
3170 5190 3432 5233 corruunt
3465 5196 3479 5233 :
3510 5192 3641 5250 quas

2065 5267 2136 5323 ad
2161 5280 2352 5323 sensus
2382 5265 2587 5323 referre
2608 5265 2884 5333 debemus,
2932 5282 3033 5338 per
3076 5283 3213 5338 quos
3243 5270 3438 5326 animm
3464 5270 3641 5328 conci-

2064 5358 2212 5431 pitur
2236 5356 2540 5429 disciplina.
2593 5355 2746 5412 Tunc
2790 5357 3152 5414 obscura-tur
3175 5360 3357 5416 quinia
3385 5369 3443 5417 et
3469 5359 3641 5416 invol-

2066 5462 2267 5507 vuntur
2317 5450 2577 5518 tenebris,
2624 5460 2679 5508 et
2707 5466 3051 5525 nequaquam
3086 5453 3146 5509 in
3174 5451 3477 5511 Jerusalem
3509 5455 3643 5510 ratio

2064 5553 2256 5617 regnat
2300 5552 2353 5600 et
2393 5560 2574 5600 sermo
2613 5545 2893 5613 doctrinae,
2928 5547 3031 5603 sed
3050 5547 3258 5606 clamor
3296 5558 3351 5604 et
3378 5548 3640 5606 confusio.

2063 5638 2295 5710 Maiores
2319 5653 2537 5710 quoque
2567 5639 2659 5713 qui
2708 5638 2969 5696 deberent
3019 5638 3120 5713 ipsi
3159 5654 3386 5714 pergere
3414 5642 3491 5698 ad
3513 5642 3645 5697 bau-

2065 5735 2283 5793 ricndas
2311 5751 2499 5809 aquas,
2529 5735 2754 5795 mittunt
2780 5733 3050 5807 Iuniores,
3095 5736 3150 5793 in
3173 5734 3497 5811 quibusdam
3520 5732 3647 5789 cani
