  <div class='ocr_page' id='page_1' title='image "/cluster/home/n/w/nwhite01/storage/ocr_20150623/111/hvd.32044009716333/466.png"; bbox 0 0 4008 6340; ppageno 0'>
   <div class='ocr_carea' id='block_1_1' title="bbox 340 303 444 362">
    <p class='ocr_par' dir='ltr' id='par_1_1' title="bbox 340 303 444 362">
     <span class='ocr_line' id='line_1_1' title="bbox 340 303 444 362; baseline 0.019 -2"><span class='ocrx_word' id='word_1_1' title='bbox 340 303 444 362; x_wconf 77' lang='grc'><strong>917</strong></span> 
     </span>
    </p>
   </div>
   <div class='ocr_carea' id='block_1_2' title="bbox 1268 285 2720 360">
    <p class='ocr_par' dir='ltr' id='par_1_2' title="bbox 1268 285 2720 360">
     <span class='ocr_line' id='line_1_2' title="bbox 1268 285 2720 360; baseline -0.005 -2"><span class='ocrx_word' id='word_1_2' title='bbox 1268 298 1630 360; x_wconf 81' lang='lat' dir='ltr'><strong>EXPOSITIO</strong></span> <span class='ocrx_word' id='word_1_3' title='bbox 1665 299 1891 360; x_wconf 79' lang='lat' dir='ltr'><strong>SUPER</strong></span> <span class='ocrx_word' id='word_1_4' title='bbox 1924 287 2295 358; x_wconf 67' lang='lat' dir='ltr'><strong>JEREMIAM.</strong></span> <span class='ocrx_word' id='word_1_5' title='bbox 2335 317 2408 337; x_wconf 73' lang='grc' dir='ltr'><strong>-ι-</strong></span> <span class='ocrx_word' id='word_1_6' title='bbox 2436 285 2566 352; x_wconf 71' lang='lat' dir='ltr'><strong>LlB.</strong></span> <span class='ocrx_word' id='word_1_7' title='bbox 2607 286 2720 352; x_wconf 62' lang='lat' dir='ltr'><strong>Vl].</strong></span> 
     </span>
    </p>
   </div>
   <div class='ocr_carea' id='block_1_3' title="bbox 342 409 3626 493">
    <p class='ocr_par' dir='ltr' id='par_1_3' title="bbox 342 409 3626 493">
     <span class='ocr_line' id='line_1_3' title="bbox 342 409 3626 493; baseline -0.003 -15"><span class='ocrx_word' id='word_1_8' title='bbox 342 419 642 493; x_wconf 84' lang='lat' dir='ltr'><strong>sapientiae,</strong></span> <span class='ocrx_word' id='word_1_9' title='bbox 686 417 742 476; x_wconf 90' lang='lat' dir='ltr'><strong>in</strong></span> <span class='ocrx_word' id='word_1_10' title='bbox 786 415 1107 490; x_wconf 90' lang='lat' dir='ltr'><strong>quibusdam</strong></span> <span class='ocrx_word' id='word_1_11' title='bbox 1137 416 1258 472; x_wconf 89' lang='lat' dir='ltr'><strong>cani</strong></span> <span class='ocrx_word' id='word_1_12' title='bbox 1306 431 1413 472; x_wconf 89' lang='lat' dir='ltr'><strong>non</strong></span> <span class='ocrx_word' id='word_1_13' title='bbox 1461 422 1586 472; x_wconf 88' lang='lat' dir='ltr'><strong>sunt</strong></span> <span class='ocrx_word' id='word_1_14' title='bbox 1623 415 1924 488; x_wconf 65' lang='lat' dir='ltr'><strong>sapientia),</strong></span> <span class='ocrx_word' id='word_1_15' title='bbox 1955 418 2010 480; x_wconf 80' lang='grc' dir='ltr'><strong>Α</strong></span> <span class='ocrx_word' id='word_1_16' title='bbox 2033 412 2227 484; x_wconf 83' lang='lat' dir='ltr'><strong>ceptis,</strong></span> <span class='ocrx_word' id='word_1_17' title='bbox 2256 411 2656 482; x_wconf 77' lang='lat' dir='ltr'><strong>compatientes</strong></span> <span class='ocrx_word' id='word_1_18' title='bbox 2682 411 2738 466; x_wconf 88' lang='lat' dir='ltr'><strong>in</strong></span> <span class='ocrx_word' id='word_1_19' title='bbox 2768 409 3197 477; x_wconf 73' lang='lat' dir='ltr'><strong>inﬁrmitatibus,</strong></span> <span class='ocrx_word' id='word_1_20' title='bbox 3231 409 3286 465; x_wconf 91' lang='lat' dir='ltr'><strong>in</strong></span> <span class='ocrx_word' id='word_1_21' title='bbox 3328 410 3490 468; x_wconf 79' lang='lat' dir='ltr'><strong>minis</strong></span> <span class='ocrx_word' id='word_1_22' title='bbox 3518 419 3626 468; x_wconf 88' lang='lat' dir='ltr'><strong>ter-</strong></span> 
     </span>
    </p>
   </div>
   <div class='ocr_carea' id='block_1_4' title="bbox 339 508 1932 579">
    <p class='ocr_par' dir='ltr' id='par_1_4' title="bbox 339 508 1932 579">
     <span class='ocr_line' id='line_1_4' title="bbox 339 508 1932 579; baseline -0.004 -9"><span class='ocrx_word' id='word_1_23' title='bbox 339 524 392 571; x_wconf 83' lang='lat' dir='ltr'><strong>et</strong></span> <span class='ocrx_word' id='word_1_24' title='bbox 416 514 618 568; x_wconf 91' lang='lat' dir='ltr'><strong>idcirco</strong></span> <span class='ocrx_word' id='word_1_25' title='bbox 646 511 869 566; x_wconf 84' lang='lat' dir='ltr'><strong>veniunt</strong></span> <span class='ocrx_word' id='word_1_26' title='bbox 897 509 964 564; x_wconf 87' lang='lat' dir='ltr'><strong>ad</strong></span> <span class='ocrx_word' id='word_1_27' title='bbox 993 516 1186 579; x_wconf 89' lang='lat' dir='ltr'><strong>puteos</strong></span> <span class='ocrx_word' id='word_1_28' title='bbox 1221 515 1276 563; x_wconf 89' lang='lat' dir='ltr'><strong>et</strong></span> <span class='ocrx_word' id='word_1_29' title='bbox 1306 521 1416 563; x_wconf 89' lang='lat' dir='ltr'><strong>non</strong></span> <span class='ocrx_word' id='word_1_30' title='bbox 1450 508 1736 563; x_wconf 84' lang='lat' dir='ltr'><strong>inveniunt</strong></span> <span class='ocrx_word' id='word_1_31' title='bbox 1764 523 1932 577; x_wconf 83' lang='lat' dir='ltr'><strong>aquas</strong></span> 
     </span>
    </p>
   </div>
   <div class='ocr_carea' id='block_1_5' title="bbox 341 599 1932 676">
    <p class='ocr_par' dir='ltr' id='par_1_5' title="bbox 341 599 1932 676">
     <span class='ocr_line' id='line_1_5' title="bbox 341 599 1932 676; baseline -0.001 -19"><span class='ocrx_word' id='word_1_32' title='bbox 341 619 477 676; x_wconf 91' lang='lat' dir='ltr'><strong>quas</strong></span> <span class='ocrx_word' id='word_1_33' title='bbox 512 602 854 674; x_wconf 75' lang='lat' dir='ltr'><strong>patriarchas</strong></span> <span class='ocrx_word' id='word_1_34' title='bbox 895 599 1166 656; x_wconf 84' lang='lat' dir='ltr'><strong>invenisse</strong></span> <span class='ocrx_word' id='word_1_35' title='bbox 1218 607 1405 653; x_wconf 86' lang='lat' dir='ltr'><strong>narrat</strong></span> <span class='ocrx_word' id='word_1_36' title='bbox 1446 599 1690 654; x_wconf 74' lang='lat' dir='ltr'><strong>historia.</strong></span> <span class='ocrx_word' id='word_1_37' title='bbox 1723 599 1932 671; x_wconf 83' lang='lat' dir='ltr'><strong>Repor-</strong></span> 
     </span>
    </p>
   </div>
   <div class='ocr_carea' id='block_1_6' title="bbox 341 687 1930 760">
    <p class='ocr_par' dir='ltr' id='par_1_6' title="bbox 341 687 1930 760">
     <span class='ocr_line' id='line_1_6' title="bbox 341 687 1930 760; baseline -0.004 -10"><span class='ocrx_word' id='word_1_38' title='bbox 341 704 458 750; x_wconf 89' lang='lat' dir='ltr'><strong>tant</strong></span> <span class='ocrx_word' id='word_1_39' title='bbox 484 709 611 748; x_wconf 89' lang='lat' dir='ltr'><strong>vasa</strong></span> <span class='ocrx_word' id='word_1_40' title='bbox 663 705 758 747; x_wconf 89' lang='lat' dir='ltr'><strong>sua</strong></span> <span class='ocrx_word' id='word_1_41' title='bbox 799 703 991 758; x_wconf 90' lang='lat' dir='ltr'><strong>vacua,</strong></span> <span class='ocrx_word' id='word_1_42' title='bbox 1033 687 1280 759; x_wconf 76' lang='lat' dir='ltr'><strong>iuniores</strong></span> <span class='ocrx_word' id='word_1_43' title='bbox 1324 688 1597 756; x_wconf 81' lang='lat' dir='ltr'><strong>videlicet,</strong></span> <span class='ocrx_word' id='word_1_44' title='bbox 1645 701 1750 744; x_wconf 86' lang='lat' dir='ltr'><strong>non</strong></span> <span class='ocrx_word' id='word_1_45' title='bbox 1785 689 1930 760; x_wconf 88' lang='lat' dir='ltr'><strong>quod</strong></span> 
     </span>
    </p>
   </div>
   <div class='ocr_carea' id='block_1_7' title="bbox 341 781 1929 858">
    <p class='ocr_par' dir='ltr' id='par_1_7' title="bbox 341 781 1929 858">
     <span class='ocr_line' id='line_1_7' title="bbox 341 781 1929 858; baseline -0.004 -17"><span class='ocrx_word' id='word_1_46' title='bbox 341 801 492 858; x_wconf 90' lang='lat' dir='ltr'><strong>aquae</strong></span> <span class='ocrx_word' id='word_1_47' title='bbox 531 802 635 840; x_wconf 89' lang='lat' dir='ltr'><strong>non</strong></span> <span class='ocrx_word' id='word_1_48' title='bbox 679 785 920 848; x_wconf 80' lang='lat' dir='ltr'><strong>fuerint,</strong></span> <span class='ocrx_word' id='word_1_49' title='bbox 977 783 1070 837; x_wconf 89' lang='lat' dir='ltr'><strong>sed</strong></span> <span class='ocrx_word' id='word_1_50' title='bbox 1097 782 1238 853; x_wconf 91' lang='lat' dir='ltr'><strong>quod</strong></span> <span class='ocrx_word' id='word_1_51' title='bbox 1278 781 1350 836; x_wconf 87' lang='lat' dir='ltr'><strong>illi</strong></span> <span class='ocrx_word' id='word_1_52' title='bbox 1392 783 1634 836; x_wconf 87' lang='lat' dir='ltr'><strong>invenire</strong></span> <span class='ocrx_word' id='word_1_53' title='bbox 1673 797 1778 836; x_wconf 90' lang='lat' dir='ltr'><strong>non</strong></span> <span class='ocrx_word' id='word_1_54' title='bbox 1827 797 1929 853; x_wconf 89' lang='lat' dir='ltr'><strong>po-</strong></span> 
     </span>
    </p>
   </div>
   <div class='ocr_carea' id='block_1_8' title="bbox 340 877 1930 941">
    <p class='ocr_par' dir='ltr' id='par_1_8' title="bbox 340 877 1930 941">
     <span class='ocr_line' id='line_1_8' title="bbox 340 877 1930 941; baseline -0.004 -5"><span class='ocrx_word' id='word_1_55' title='bbox 340 881 559 936; x_wconf 84' lang='lat' dir='ltr'><strong>tuerint.</strong></span> <span class='ocrx_word' id='word_1_56' title='bbox 585 899 602 932; x_wconf 74' lang='grc'><strong>(</strong></span> <span class='ocrx_word' id='word_1_57' title='bbox 632 879 853 934; x_wconf 80' lang='lat' dir='ltr'><strong>Confusi</strong></span> <span class='ocrx_word' id='word_1_58' title='bbox 880 885 1004 932; x_wconf 89' lang='lat' dir='ltr'><strong>sunt</strong></span> <span class='ocrx_word' id='word_1_59' title='bbox 1042 885 1095 932; x_wconf 91' lang='lat' dir='ltr'><strong>et</strong></span> <span class='ocrx_word' id='word_1_60' title='bbox 1126 877 1329 941; x_wconf 76' lang='lat' dir='ltr'><strong>adﬂicti,</strong></span> <span class='ocrx_word' id='word_1_61' title='bbox 1361 878 1474 932; x_wconf 84' lang='lat' dir='ltr'><strong>sive</strong></span> <span class='ocrx_word' id='word_1_62' title='bbox 1512 879 1849 933; x_wconf 88' lang='lat' dir='ltr'><strong>erubucrunt</strong></span> <span class='ocrx_word' id='word_1_63' title='bbox 1874 885 1930 929; x_wconf 91' lang='lat' dir='ltr'><strong>c’t</strong></span> 
     </span>
    </p>
   </div>
   <div class='ocr_carea' id='block_1_9' title="bbox 337 955 1927 1044">
    <p class='ocr_par' dir='ltr' id='par_1_9' title="bbox 337 955 1927 1044">
     <span class='ocr_line' id='line_1_9' title="bbox 337 955 1927 1044; baseline -0.004 -16"><span class='ocrx_word' id='word_1_64' title='bbox 337 955 664 1044; x_wconf 80' lang='lat' dir='ltr'><strong>operuerunt</strong></span> <span class='ocrx_word' id='word_1_65' title='bbox 688 972 864 1042; x_wconf 87' lang='lat' dir='ltr'><strong>capita</strong></span> <span class='ocrx_word' id='word_1_66' title='bbox 890 988 1005 1035; x_wconf 90' lang='lat' dir='ltr'><strong>sua,</strong></span> <span class='ocrx_word' id='word_1_67' title='bbox 1021 990 1038 1018; x_wconf 75' lang='grc' dir='ltr'><strong>ι</strong></span> <span class='ocrx_word' id='word_1_68' title='bbox 1063 971 1188 1040; x_wconf 85' lang='lat' dir='ltr'><strong>quia</strong></span> <span class='ocrx_word' id='word_1_69' title='bbox 1215 985 1320 1024; x_wconf 88' lang='lat' dir='ltr'><strong>non</strong></span> <span class='ocrx_word' id='word_1_70' title='bbox 1336 969 1782 1039; x_wconf 88' lang='lat' dir='ltr'><strong>poterantdicere</strong></span> <span class='ocrx_word' id='word_1_71' title='bbox 1805 973 1927 1023; x_wconf 87' lang='lat' dir='ltr'><strong>cum</strong></span> 
     </span>
    </p>
   </div>
   <div class='ocr_carea' id='block_1_10' title="bbox 334 1061 1929 1135">
    <p class='ocr_par' dir='ltr' id='par_1_10' title="bbox 334 1061 1929 1135">
     <span class='ocr_line' id='line_1_10' title="bbox 334 1061 1929 1135; baseline -0.004 -14"><span class='ocrx_word' id='word_1_72' title='bbox 334 1061 623 1135; x_wconf 88' lang='lat' dir='ltr'><strong>Apostolo:</strong></span> <span class='ocrx_word' id='word_1_73' title='bbox 651 1085 669 1115; x_wconf 85' lang='grc'><em>‹</em></span> <span class='ocrx_word' id='word_1_74' title='bbox 692 1064 799 1118; x_wconf 74' lang='lat' dir='ltr'><strong>Nos</strong></span> <span class='ocrx_word' id='word_1_75' title='bbox 831 1074 1010 1121; x_wconf 87' lang='lat' dir='ltr'><strong>autem</strong></span> <span class='ocrx_word' id='word_1_76' title='bbox 1043 1080 1232 1118; x_wconf 91' lang='lat' dir='ltr'><strong>omnes</strong></span> <span class='ocrx_word' id='word_1_77' title='bbox 1265 1063 1502 1118; x_wconf 88' lang='lat' dir='ltr'><strong>revelata</strong></span> <span class='ocrx_word' id='word_1_78' title='bbox 1537 1061 1673 1116; x_wconf 79' lang='lat' dir='ltr'><strong>facie</strong></span> <span class='ocrx_word' id='word_1_79' title='bbox 1699 1061 1929 1133; x_wconf 79' lang='lat' dir='ltr'><strong>gloriam</strong></span> 
     </span>
    </p>
   </div>
   <div class='ocr_carea' id='block_1_11' title="bbox 337 1153 1929 1227">
    <p class='ocr_par' dir='ltr' id='par_1_11' title="bbox 337 1153 1929 1227">
     <span class='ocr_line' id='line_1_11' title="bbox 337 1153 1929 1227; baseline -0.003 -15"><span class='ocrx_word' id='word_1_80' title='bbox 337 1157 549 1212; x_wconf 86' lang='lat' dir='ltr'><strong>Domini</strong></span> <span class='ocrx_word' id='word_1_81' title='bbox 598 1157 1027 1226; x_wconf 79' lang='lat' dir='ltr'><strong>contemplamur</strong></span> <span class='ocrx_word' id='word_1_82' title='bbox 1057 1154 1142 1225; x_wconf 85' lang='lat' dir='ltr'><strong>(ll</strong></span> <span class='ocrx_word' id='word_1_83' title='bbox 1172 1155 1292 1210; x_wconf 87' lang='lat' dir='ltr'><strong>Cor.</strong></span> <span class='ocrx_word' id='word_1_84' title='bbox 1343 1155 1426 1227; x_wconf 88' lang='lat' dir='ltr'><strong>II).</strong></span> <span class='ocrx_word' id='word_1_85' title='bbox 1462 1176 1478 1206; x_wconf 85' lang='lat' dir='ltr'><strong>I</strong></span> <span class='ocrx_word' id='word_1_86' title='bbox 1514 1153 1743 1225; x_wconf 80' lang='lat' dir='ltr'><strong>Propter</strong></span> <span class='ocrx_word' id='word_1_87' title='bbox 1773 1163 1929 1208; x_wconf 74' lang='lat' dir='ltr'><strong>terrae</strong></span> 
     </span>
    </p>
   </div>
   <div class='ocr_carea' id='block_1_12' title="bbox 334 1248 1930 1318">
    <p class='ocr_par' dir='ltr' id='par_1_12' title="bbox 334 1248 1930 1318">
     <span class='ocr_line' id='line_1_12' title="bbox 334 1248 1930 1318; baseline -0.003 -14"><span class='ocrx_word' id='word_1_88' title='bbox 334 1250 668 1314; x_wconf 89' lang='lat' dir='ltr'><strong>vastitatem,</strong></span> <span class='ocrx_word' id='word_1_89' title='bbox 700 1250 814 1303; x_wconf 85' lang='lat' dir='ltr'><strong>sive</strong></span> <span class='ocrx_word' id='word_1_90' title='bbox 846 1253 899 1304; x_wconf 90' lang='lat' dir='ltr'><strong>et</strong></span> <span class='ocrx_word' id='word_1_91' title='bbox 929 1256 1086 1303; x_wconf 77' lang='lat' dir='ltr'><strong>terra:</strong></span> <span class='ocrx_word' id='word_1_92' title='bbox 1112 1263 1276 1318; x_wconf 85' lang='lat' dir='ltr'><strong>Opera</strong></span> <span class='ocrx_word' id='word_1_93' title='bbox 1305 1248 1639 1314; x_wconf 78' lang='lat' dir='ltr'><strong>defecerunt,</strong></span> <span class='ocrx_word' id='word_1_94' title='bbox 1676 1262 1774 1317; x_wconf 90' lang='lat' dir='ltr'><strong>per</strong></span> <span class='ocrx_word' id='word_1_95' title='bbox 1811 1259 1930 1316; x_wconf 68' lang='lat' dir='ltr'><strong>qua:</strong></span> 
     </span>
    </p>
   </div>
   <div class='ocr_carea' id='block_1_13' title="bbox 336 1340 1927 1412">
    <p class='ocr_par' dir='ltr' id='par_1_13' title="bbox 336 1340 1927 1412">
     <span class='ocr_line' id='line_1_13' title="bbox 336 1340 1927 1412; baseline -0.003 -14"><span class='ocrx_word' id='word_1_96' title='bbox 336 1345 402 1399; x_wconf 91' lang='lat' dir='ltr'><strong>ad</strong></span> <span class='ocrx_word' id='word_1_97' title='bbox 439 1344 535 1398; x_wconf 85' lang='lat' dir='ltr'><strong>Dei</strong></span> <span class='ocrx_word' id='word_1_98' title='bbox 583 1343 833 1397; x_wconf 86' lang='lat' dir='ltr'><strong>notitiam</strong></span> <span class='ocrx_word' id='word_1_99' title='bbox 875 1343 1153 1412; x_wconf 77' lang='lat' dir='ltr'><strong>pergimus</strong></span> <span class='ocrx_word' id='word_1_100' title='bbox 1208 1361 1220 1395; x_wconf 88' lang='lat'><strong>:</strong></span> <span class='ocrx_word' id='word_1_101' title='bbox 1275 1357 1551 1411; x_wconf 82' lang='lat' dir='ltr'><strong>causaque</strong></span> <span class='ocrx_word' id='word_1_102' title='bbox 1596 1340 1880 1412; x_wconf 84' lang='lat' dir='ltr'><strong>perspicua</strong></span> <span class='ocrx_word' id='word_1_103' title='bbox 1913 1381 1927 1405; x_wconf 96' lang='lat'><strong>,</strong></span> 
     </span>
    </p>
   </div>
   <div class='ocr_carea' id='block_1_14' title="bbox 335 1428 1927 1506">
    <p class='ocr_par' dir='ltr' id='par_1_14' title="bbox 335 1428 1927 1506">
     <span class='ocr_line' id='line_1_14' title="bbox 335 1428 1927 1506; baseline -0.003 -17"><span class='ocrx_word' id='word_1_104' title='bbox 335 1435 461 1506; x_wconf 86' lang='lat' dir='ltr'><strong>quia</strong></span> <span class='ocrx_word' id='word_1_105' title='bbox 517 1449 624 1486; x_wconf 90' lang='lat' dir='ltr'><strong>non</strong></span> <span class='ocrx_word' id='word_1_106' title='bbox 677 1433 825 1487; x_wconf 87' lang='lat' dir='ltr'><strong>venit</strong></span> <span class='ocrx_word' id='word_1_107' title='bbox 861 1431 1042 1502; x_wconf 90' lang='lat' dir='ltr'><strong>pluvia</strong></span> <span class='ocrx_word' id='word_1_108' title='bbox 1081 1447 1243 1501; x_wconf 86' lang='lat' dir='ltr'><strong>super</strong></span> <span class='ocrx_word' id='word_1_109' title='bbox 1283 1439 1504 1485; x_wconf 89' lang='lat' dir='ltr'><strong>terram.</strong></span> <span class='ocrx_word' id='word_1_110' title='bbox 1563 1451 1580 1481; x_wconf 87' lang='grc'><strong><em>‹</em></strong></span> <span class='ocrx_word' id='word_1_111' title='bbox 1617 1428 1927 1485; x_wconf 85' lang='lat' dir='ltr'><strong>Mandatum</strong></span> 
     </span>
    </p>
   </div>
   <div class='ocr_carea' id='block_1_15' title="bbox 335 1523 1925 1597">
    <p class='ocr_par' dir='ltr' id='par_1_15' title="bbox 335 1523 1925 1597">
     <span class='ocr_line' id='line_1_15' title="bbox 335 1523 1925 1597; baseline -0.004 -16"><span class='ocrx_word' id='word_1_112' title='bbox 335 1537 416 1582; x_wconf 88' lang='lat' dir='ltr'><strong>est</strong></span> <span class='ocrx_word' id='word_1_113' title='bbox 457 1528 655 1597; x_wconf 91' lang='lat' dir='ltr'><strong>quippe</strong></span> <span class='ocrx_word' id='word_1_114' title='bbox 691 1524 941 1588; x_wconf 88' lang='lat' dir='ltr'><strong>nubibus,</strong></span> <span class='ocrx_word' id='word_1_115' title='bbox 977 1540 1042 1578; x_wconf 87' lang='lat' dir='ltr'><strong>ne</strong></span> <span class='ocrx_word' id='word_1_116' title='bbox 1075 1523 1318 1593; x_wconf 88' lang='lat' dir='ltr'><strong>pluerent</strong></span> <span class='ocrx_word' id='word_1_117' title='bbox 1348 1537 1511 1591; x_wconf 83' lang='lat' dir='ltr'><strong>super</strong></span> <span class='ocrx_word' id='word_1_118' title='bbox 1553 1537 1669 1576; x_wconf 90' lang='lat' dir='ltr'><strong>eam</strong></span> <span class='ocrx_word' id='word_1_119' title='bbox 1699 1523 1925 1576; x_wconf 83' lang='lat' dir='ltr'><strong>imbrem</strong></span> 
     </span>
    </p>
   </div>
   <div class='ocr_carea' id='block_1_16' title="bbox 336 1614 1923 1690">
    <p class='ocr_par' dir='ltr' id='par_1_16' title="bbox 336 1614 1923 1690">
     <span class='ocr_line' id='line_1_16' title="bbox 336 1614 1923 1690; baseline -0.004 -18"><span class='ocrx_word' id='word_1_120' title='bbox 336 1619 471 1690; x_wconf 81' lang='lat' dir='ltr'><strong>(Isa.</strong></span> <span class='ocrx_word' id='word_1_121' title='bbox 500 1619 573 1690; x_wconf 90' lang='lat' dir='ltr'><strong>v).</strong></span> <span class='ocrx_word' id='word_1_122' title='bbox 599 1639 616 1671; x_wconf 79' lang='grc' dir='ltr'><strong>ι</strong></span> <span class='ocrx_word' id='word_1_123' title='bbox 649 1617 913 1686; x_wconf 82' lang='lat' dir='ltr'><strong>Agricolae</strong></span> <span class='ocrx_word' id='word_1_124' title='bbox 941 1630 1156 1686; x_wconf 88' lang='lat' dir='ltr'><strong>quoque</strong></span> <span class='ocrx_word' id='word_1_125' title='bbox 1181 1658 1192 1679; x_wconf 95' lang='lat'><strong>,</strong></span> <span class='ocrx_word' id='word_1_126' title='bbox 1219 1631 1449 1685; x_wconf 91' lang='lat' dir='ltr'><strong>quorum</strong></span> <span class='ocrx_word' id='word_1_127' title='bbox 1483 1630 1622 1668; x_wconf 91' lang='lat' dir='ltr'><strong>unus</strong></span> <span class='ocrx_word' id='word_1_128' title='bbox 1648 1614 1885 1684; x_wconf 87' lang='lat' dir='ltr'><strong>loquitur</strong></span> <span class='ocrx_word' id='word_1_129' title='bbox 1911 1632 1923 1666; x_wconf 90' lang='lat'><strong>:</strong></span> 
     </span>
    </p>
   </div>
   <div class='ocr_carea' id='block_1_17' title="bbox 339 1703 1924 1777">
    <p class='ocr_par' dir='ltr' id='par_1_17' title="bbox 339 1703 1924 1777">
     <span class='ocr_line' id='line_1_17' title="bbox 339 1703 1924 1777; baseline -0.003 -16"><span class='ocrx_word' id='word_1_130' title='bbox 339 1728 358 1761; x_wconf 73' lang='grc' dir='ltr'><strong>ι</strong></span> <span class='ocrx_word' id='word_1_131' title='bbox 396 1709 488 1764; x_wconf 89' lang='lat' dir='ltr'><strong>Dei</strong></span> <span class='ocrx_word' id='word_1_132' title='bbox 522 1709 851 1777; x_wconf 71' lang='lat' dir='ltr'><strong>agricultura</strong></span> <span class='ocrx_word' id='word_1_133' title='bbox 875 1749 888 1774; x_wconf 93' lang='lat'><strong>,</strong></span> <span class='ocrx_word' id='word_1_134' title='bbox 939 1708 1034 1763; x_wconf 87' lang='lat' dir='ltr'><strong>Dei</strong></span> <span class='ocrx_word' id='word_1_135' title='bbox 1069 1706 1351 1762; x_wconf 77' lang='lat' dir='ltr'><strong>aediﬁcatio</strong></span> <span class='ocrx_word' id='word_1_136' title='bbox 1379 1707 1510 1760; x_wconf 89' lang='lat' dir='ltr'><strong>estis</strong></span> <span class='ocrx_word' id='word_1_137' title='bbox 1553 1703 1770 1776; x_wconf 86' lang='lat' dir='ltr'><strong>(ICor.</strong></span> <span class='ocrx_word' id='word_1_138' title='bbox 1799 1703 1882 1774; x_wconf 87' lang='grc' dir='ltr'>ιιι)</span> <span class='ocrx_word' id='word_1_139' title='bbox 1910 1720 1924 1769; x_wconf 92' lang='lat'><strong>;</strong></span> 
     </span>
    </p>
   </div>
   <div class='ocr_carea' id='block_1_18' title="bbox 2035 499 3630 569">
    <p class='ocr_par' dir='ltr' id='par_1_18' title="bbox 2035 499 3630 569">
     <span class='ocr_line' id='line_1_18' title="bbox 2035 499 3630 569; baseline 0.001 -8"><span class='ocrx_word' id='word_1_140' title='bbox 2035 504 2258 568; x_wconf 77' lang='lat' dir='ltr'><strong>ribiles,</strong></span> <span class='ocrx_word' id='word_1_141' title='bbox 2308 504 2365 559; x_wconf 74' lang='lat' dir='ltr'><strong>in</strong></span> <span class='ocrx_word' id='word_1_142' title='bbox 2402 499 2874 560; x_wconf 75' lang='lat' dir='ltr'><strong>exhortationibus</strong></span> <span class='ocrx_word' id='word_1_143' title='bbox 2927 503 3145 569; x_wconf 76' lang='lat' dir='ltr'><strong>blandi,</strong></span> <span class='ocrx_word' id='word_1_144' title='bbox 3192 504 3250 557; x_wconf 75' lang='lat' dir='ltr'><strong>in</strong></span> <span class='ocrx_word' id='word_1_145' title='bbox 3291 505 3630 564; x_wconf 78' lang='lat' dir='ltr'><strong>ostendendo</strong></span> 
     </span>
    </p>
   </div>
   <div class='ocr_carea' id='block_1_19' title="bbox 2033 595 3627 670">
    <p class='ocr_par' dir='ltr' id='par_1_19' title="bbox 2033 595 3627 670">
     <span class='ocr_line' id='line_1_19' title="bbox 2033 595 3627 670; baseline 0.001 -17"><span class='ocrx_word' id='word_1_146' title='bbox 2033 598 2348 670; x_wconf 82' lang='lat' dir='ltr'><strong>magisterio</strong></span> <span class='ocrx_word' id='word_1_147' title='bbox 2399 595 2632 654; x_wconf 84' lang='lat' dir='ltr'><strong>humiles</strong></span> <span class='ocrx_word' id='word_1_148' title='bbox 2653 639 2668 665; x_wconf 92' lang='lat'><strong>,</strong></span> <span class='ocrx_word' id='word_1_149' title='bbox 2716 597 2772 653; x_wconf 88' lang='lat' dir='ltr'><strong>in</strong></span> <span class='ocrx_word' id='word_1_150' title='bbox 2838 605 3019 651; x_wconf 80' lang='lat' dir='ltr'><strong>rerum</strong></span> <span class='ocrx_word' id='word_1_151' title='bbox 3068 595 3450 665; x_wconf 80' lang='lat' dir='ltr'><strong>temporalium</strong></span> <span class='ocrx_word' id='word_1_152' title='bbox 3496 612 3627 655; x_wconf 88' lang='lat' dir='ltr'><strong>eon-</strong></span> 
     </span>
    </p>
   </div>
   <div class='ocr_carea' id='block_1_20' title="bbox 2033 687 3628 761">
    <p class='ocr_par' dir='ltr' id='par_1_20' title="bbox 2033 687 3628 761">
     <span class='ocr_line' id='line_1_20' title="bbox 2033 687 3628 761; baseline 0.001 -15"><span class='ocrx_word' id='word_1_153' title='bbox 2033 698 2241 761; x_wconf 88' lang='lat' dir='ltr'><strong>temptu</strong></span> <span class='ocrx_word' id='word_1_154' title='bbox 2292 688 2645 756; x_wconf 86' lang='lat' dir='ltr'><strong>damnantes,</strong></span> <span class='ocrx_word' id='word_1_155' title='bbox 2724 691 2780 745; x_wconf 89' lang='lat' dir='ltr'><strong>in</strong></span> <span class='ocrx_word' id='word_1_156' title='bbox 2848 687 3146 744; x_wconf 71' lang='lat' dir='ltr'><strong>tolerandis</strong></span> <span class='ocrx_word' id='word_1_157' title='bbox 3211 689 3628 748; x_wconf 75' lang='lat' dir='ltr'><strong>adversitatibus</strong></span> 
     </span>
    </p>
   </div>
   <div class='ocr_carea' id='block_1_21' title="bbox 2034 778 3628 854">
    <p class='ocr_par' dir='ltr' id='par_1_21' title="bbox 2034 778 3628 854">
     <span class='ocr_line' id='line_1_21' title="bbox 2034 778 3628 854; baseline 0 -18"><span class='ocrx_word' id='word_1_158' title='bbox 2034 780 2195 854; x_wconf 89' lang='lat' dir='ltr'><strong>rigidi</strong></span> <span class='ocrx_word' id='word_1_159' title='bbox 2229 799 2242 836; x_wconf 86' lang='lat'><strong>:</strong></span> <span class='ocrx_word' id='word_1_160' title='bbox 2273 789 2327 837; x_wconf 91' lang='lat' dir='ltr'><strong>et</strong></span> <span class='ocrx_word' id='word_1_161' title='bbox 2355 790 2538 836; x_wconf 89' lang='lat' dir='ltr'><strong>tamen</strong></span> <span class='ocrx_word' id='word_1_162' title='bbox 2577 782 2705 837; x_wconf 89' lang='lat' dir='ltr'><strong>dum</strong></span> <span class='ocrx_word' id='word_1_163' title='bbox 2755 782 2898 836; x_wconf 82' lang='lat' dir='ltr'><strong>vires</strong></span> <span class='ocrx_word' id='word_1_164' title='bbox 2948 795 3077 836; x_wconf 84' lang='lat' dir='ltr'><strong>suas</strong></span> <span class='ocrx_word' id='word_1_165' title='bbox 3112 778 3332 835; x_wconf 82' lang='lat' dir='ltr'><strong>sibimet</strong></span> <span class='ocrx_word' id='word_1_166' title='bbox 3380 795 3489 835; x_wconf 90' lang='lat' dir='ltr'><strong>non</strong></span> <span class='ocrx_word' id='word_1_167' title='bbox 3531 781 3628 836; x_wconf 91' lang='lat' dir='ltr'><strong>tri-</strong></span> 
     </span>
    </p>
   </div>
   <div class='ocr_carea' id='block_1_22' title="bbox 2032 872 3625 944">
    <p class='ocr_par' dir='ltr' id='par_1_22' title="bbox 2032 872 3625 944">
     <span class='ocr_line' id='line_1_22' title="bbox 2032 872 3625 944; baseline -0.001 -14"><span class='ocrx_word' id='word_1_168' title='bbox 2032 875 2208 930; x_wconf 90' lang='lat' dir='ltr'><strong>buunt</strong></span> <span class='ocrx_word' id='word_1_169' title='bbox 2245 873 2476 931; x_wconf 71' lang='lat' dir='ltr'><strong>firmiter</strong></span> <span class='ocrx_word' id='word_1_170' title='bbox 2500 917 2514 939; x_wconf 90' lang='lat'><strong>,</strong></span> <span class='ocrx_word' id='word_1_171' title='bbox 2562 883 2799 944; x_wconf 88' lang='lat' dir='ltr'><strong>quantus</strong></span> <span class='ocrx_word' id='word_1_172' title='bbox 2837 874 2908 928; x_wconf 88' lang='lat' dir='ltr'><strong>sit</strong></span> <span class='ocrx_word' id='word_1_173' title='bbox 2951 872 3032 928; x_wconf 89' lang='lat' dir='ltr'><strong>eis</strong></span> <span class='ocrx_word' id='word_1_174' title='bbox 3071 872 3226 928; x_wconf 88' lang='lat' dir='ltr'><strong>dolor</strong></span> <span class='ocrx_word' id='word_1_175' title='bbox 3249 913 3263 940; x_wconf 91' lang='lat'><strong>,</strong></span> <span class='ocrx_word' id='word_1_176' title='bbox 3309 873 3378 928; x_wconf 85' lang='lat' dir='ltr'><strong>de</strong></span> <span class='ocrx_word' id='word_1_177' title='bbox 3424 874 3625 929; x_wconf 85' lang='lat' dir='ltr'><strong>caden-</strong></span> 
     </span>
    </p>
   </div>
   <div class='ocr_carea' id='block_1_23' title="bbox 2034 956 3626 1040">
    <p class='ocr_par' dir='ltr' id='par_1_23' title="bbox 2034 956 3626 1040">
     <span class='ocr_line' id='line_1_23' title="bbox 2034 956 3626 1040; baseline 0.001 -19"><span class='ocrx_word' id='word_1_178' title='bbox 2034 969 2178 1025; x_wconf 84' lang='lat' dir='ltr'><strong>tibus</strong></span> <span class='ocrx_word' id='word_1_179' title='bbox 2227 978 2462 1040; x_wconf 89' lang='lat' dir='ltr'><strong>quantus</strong></span> <span class='ocrx_word' id='word_1_180' title='bbox 2507 971 2572 1023; x_wconf 89' lang='lat' dir='ltr'><strong>de</strong></span> <span class='ocrx_word' id='word_1_181' title='bbox 2602 969 2870 1024; x_wconf 84' lang='lat' dir='ltr'><strong>stantibus</strong></span> <span class='ocrx_word' id='word_1_182' title='bbox 2911 967 3078 1023; x_wconf 86' lang='lat' dir='ltr'><strong>timor</strong></span> <span class='ocrx_word' id='word_1_183' title='bbox 3104 1008 3118 1034; x_wconf 92' lang='lat'><strong>,</strong></span> <span class='ocrx_word' id='word_1_184' title='bbox 3146 982 3254 1038; x_wconf 90' lang='lat' dir='ltr'><strong>quo</strong></span> <span class='ocrx_word' id='word_1_185' title='bbox 3282 956 3497 1022; x_wconf 80' lang='lat' dir='ltr'><strong>fervore</strong></span> <span class='ocrx_word' id='word_1_186' title='bbox 3523 967 3626 1022; x_wconf 89' lang='lat' dir='ltr'><strong>alia</strong></span> 
     </span>
    </p>
   </div>
   <div class='ocr_carea' id='block_1_24' title="bbox 2033 1058 3624 1141">
    <p class='ocr_par' dir='ltr' id='par_1_24' title="bbox 2033 1058 3624 1141">
     <span class='ocr_line' id='line_1_24' title="bbox 2033 1058 3624 1141; baseline -0.001 -26"><span class='ocrx_word' id='word_1_187' title='bbox 2033 1058 2258 1131; x_wconf 80' lang='lat' dir='ltr'><strong>adipisci</strong></span> <span class='ocrx_word' id='word_1_188' title='bbox 2290 1066 2566 1131; x_wconf 85' lang='lat' dir='ltr'><strong>appetunt,</strong></span> <span class='ocrx_word' id='word_1_189' title='bbox 2602 1073 2710 1130; x_wconf 87' lang='lat' dir='ltr'><strong>quo</strong></span> <span class='ocrx_word' id='word_1_190' title='bbox 2741 1073 2942 1141; x_wconf 68' lang='lat' dir='ltr'><strong>pavere</strong></span> <span class='ocrx_word' id='word_1_191' title='bbox 2967 1059 3070 1113; x_wconf 87' lang='lat' dir='ltr'><strong>alia</strong></span> <span class='ocrx_word' id='word_1_192' title='bbox 3102 1060 3356 1128; x_wconf 88' lang='lat' dir='ltr'><strong>adempta</strong></span> <span class='ocrx_word' id='word_1_193' title='bbox 3399 1071 3624 1115; x_wconf 84' lang='lat' dir='ltr'><strong>conser-</strong></span> 
     </span>
    </p>
   </div>
   <div class='ocr_carea' id='block_1_25' title="bbox 2030 1153 3624 1225">
    <p class='ocr_par' dir='ltr' id='par_1_25' title="bbox 2030 1153 3624 1225">
     <span class='ocr_line' id='line_1_25' title="bbox 2030 1153 3624 1225; baseline -0.001 -16"><span class='ocrx_word' id='word_1_194' title='bbox 2030 1161 2178 1209; x_wconf 87' lang='lat' dir='ltr'><strong>vant.</strong></span> <span class='ocrx_word' id='word_1_195' title='bbox 2239 1153 2373 1221; x_wconf 86' lang='lat' dir='ltr'><strong>Quia</strong></span> <span class='ocrx_word' id='word_1_196' title='bbox 2421 1168 2552 1225; x_wconf 83' lang='lat' dir='ltr'><strong>ergo</strong></span> <span class='ocrx_word' id='word_1_197' title='bbox 2610 1165 3005 1224; x_wconf 78' lang='lat' dir='ltr'><strong>perpaucorum</strong></span> <span class='ocrx_word' id='word_1_198' title='bbox 3062 1161 3146 1208; x_wconf 86' lang='lat' dir='ltr'><strong>est</strong></span> <span class='ocrx_word' id='word_1_199' title='bbox 3192 1153 3296 1207; x_wconf 81' lang='lat' dir='ltr'><strong>ista</strong></span> <span class='ocrx_word' id='word_1_200' title='bbox 3347 1165 3624 1222; x_wconf 84' lang='lat' dir='ltr'><strong>pensare,</strong></span> 
     </span>
    </p>
   </div>
   <div class='ocr_carea' id='block_1_26' title="bbox 2032 1243 3628 1313">
    <p class='ocr_par' dir='ltr' id='par_1_26' title="bbox 2032 1243 3628 1313">
     <span class='ocr_line' id='line_1_26' title="bbox 2032 1243 3628 1313; baseline -0.001 -14"><span class='ocrx_word' id='word_1_201' title='bbox 2032 1245 2168 1299; x_wconf 85' lang='lat' dir='ltr'><strong>bene</strong></span> <span class='ocrx_word' id='word_1_202' title='bbox 2193 1247 2240 1298; x_wconf 86' lang='lat' dir='ltr'><strong>ei</strong></span> <span class='ocrx_word' id='word_1_203' title='bbox 2269 1245 2468 1299; x_wconf 87' lang='lat' dir='ltr'><strong>dicitur</strong></span> <span class='ocrx_word' id='word_1_204' title='bbox 2495 1263 2507 1298; x_wconf 93' lang='lat'>:</span> <span class='ocrx_word' id='word_1_205' title='bbox 2538 1245 2622 1299; x_wconf 83' lang='lat' dir='ltr'><strong>vel</strong></span> <span class='ocrx_word' id='word_1_206' title='bbox 2649 1245 3013 1313; x_wconf 82' lang='lat' dir='ltr'><strong>parturientes</strong></span> <span class='ocrx_word' id='word_1_207' title='bbox 3058 1257 3248 1299; x_wconf 85' lang='lat' dir='ltr'><strong>cervas</strong></span> <span class='ocrx_word' id='word_1_208' title='bbox 3290 1243 3628 1301; x_wconf 79' lang='lat' dir='ltr'><strong>observasti?</strong></span> 
     </span>
    </p>
   </div>
   <div class='ocr_carea' id='block_1_27' title="bbox 2031 1335 3630 1406">
    <p class='ocr_par' dir='ltr' id='par_1_27' title="bbox 2031 1335 3630 1406">
     <span class='ocr_line' id='line_1_27' title="bbox 2031 1335 3630 1406; baseline 0.001 -15"><span class='ocrx_word' id='word_1_209' title='bbox 2031 1335 2174 1391; x_wconf 87' lang='lat' dir='ltr'><strong>Nihil</strong></span> <span class='ocrx_word' id='word_1_210' title='bbox 2230 1351 2358 1392; x_wconf 90' lang='lat' dir='ltr'><strong>vero</strong></span> <span class='ocrx_word' id='word_1_211' title='bbox 2399 1336 2581 1392; x_wconf 88' lang='lat' dir='ltr'><strong>obstat</strong></span> <span class='ocrx_word' id='word_1_212' title='bbox 2626 1338 2770 1406; x_wconf 87' lang='lat' dir='ltr'><strong>quod</strong></span> <span class='ocrx_word' id='word_1_213' title='bbox 2799 1335 2959 1392; x_wconf 85' lang='lat' dir='ltr'><strong>verba</strong></span> <span class='ocrx_word' id='word_1_214' title='bbox 3002 1337 3147 1392; x_wconf 83' lang='lat' dir='ltr'><strong>Deus</strong></span> <span class='ocrx_word' id='word_1_215' title='bbox 3189 1336 3256 1391; x_wconf 88' lang='lat' dir='ltr'><strong>de</strong></span> <span class='ocrx_word' id='word_1_216' title='bbox 3310 1335 3630 1392; x_wconf 87' lang='lat' dir='ltr'><strong>doctoribus</strong></span> 
     </span>
    </p>
   </div>
   <div class='ocr_carea' id='block_1_28' title="bbox 2031 1426 3624 1497">
    <p class='ocr_par' dir='ltr' id='par_1_28' title="bbox 2031 1426 3624 1497">
     <span class='ocr_line' id='line_1_28' title="bbox 2031 1426 3624 1497; baseline -0.001 -15"><span class='ocrx_word' id='word_1_217' title='bbox 2031 1426 2238 1483; x_wconf 75' lang='lat' dir='ltr'><strong>faciens</strong></span> <span class='ocrx_word' id='word_1_218' title='bbox 2287 1443 2392 1482; x_wconf 89' lang='lat' dir='ltr'><strong>non</strong></span> <span class='ocrx_word' id='word_1_219' title='bbox 2442 1442 2756 1492; x_wconf 86' lang='lat' dir='ltr'><strong>cervorum,</strong></span> <span class='ocrx_word' id='word_1_220' title='bbox 2811 1427 2907 1481; x_wconf 84' lang='lat' dir='ltr'><strong>sed</strong></span> <span class='ocrx_word' id='word_1_221' title='bbox 2953 1441 3237 1482; x_wconf 78' lang='lat' dir='ltr'><strong>cervarum</strong></span> <span class='ocrx_word' id='word_1_222' title='bbox 3295 1439 3392 1483; x_wconf 83' lang='lat' dir='ltr'><strong>eos</strong></span> <span class='ocrx_word' id='word_1_223' title='bbox 3445 1427 3624 1497; x_wconf 84' lang='lat' dir='ltr'><strong>specie</strong></span> 
     </span>
    </p>
   </div>
   <div class='ocr_carea' id='block_1_29' title="bbox 2033 1518 3628 1591">
    <p class='ocr_par' dir='ltr' id='par_1_29' title="bbox 2033 1518 3628 1591">
     <span class='ocr_line' id='line_1_29' title="bbox 2033 1518 3628 1591; baseline -0.001 -16"><span class='ocrx_word' id='word_1_224' title='bbox 2033 1520 2302 1591; x_wconf 78' lang='lat' dir='ltr'><strong>designat,</strong></span> <span class='ocrx_word' id='word_1_225' title='bbox 2331 1519 2456 1589; x_wconf 87' lang='lat' dir='ltr'><strong>quia</strong></span> <span class='ocrx_word' id='word_1_226' title='bbox 2486 1518 2745 1573; x_wconf 87' lang='lat' dir='ltr'><strong>nimirum</strong></span> <span class='ocrx_word' id='word_1_227' title='bbox 2771 1518 2845 1572; x_wconf 91' lang='lat' dir='ltr'><strong>illi</strong></span> <span class='ocrx_word' id='word_1_228' title='bbox 2872 1533 3000 1574; x_wconf 86' lang='lat' dir='ltr'><strong>vere</strong></span> <span class='ocrx_word' id='word_1_229' title='bbox 3024 1519 3278 1575; x_wconf 83' lang='lat' dir='ltr'><strong>doctores</strong></span> <span class='ocrx_word' id='word_1_230' title='bbox 3317 1528 3443 1574; x_wconf 89' lang='lat' dir='ltr'><strong>sunt</strong></span> <span class='ocrx_word' id='word_1_231' title='bbox 3470 1559 3486 1585; x_wconf 94' lang='lat'><strong>,</strong></span> <span class='ocrx_word' id='word_1_232' title='bbox 3531 1519 3628 1589; x_wconf 85' lang='lat' dir='ltr'><strong>qui</strong></span> 
     </span>
    </p>
   </div>
   <div class='ocr_carea' id='block_1_30' title="bbox 2032 1612 3628 1684">
    <p class='ocr_par' dir='ltr' id='par_1_30' title="bbox 2032 1612 3628 1684">
     <span class='ocr_line' id='line_1_30' title="bbox 2032 1612 3628 1684; baseline -0.001 -15"><span class='ocrx_word' id='word_1_233' title='bbox 2032 1630 2154 1669; x_wconf 91' lang='lat' dir='ltr'><strong>cum</strong></span> <span class='ocrx_word' id='word_1_234' title='bbox 2177 1629 2274 1684; x_wconf 91' lang='lat' dir='ltr'><strong>per</strong></span> <span class='ocrx_word' id='word_1_235' title='bbox 2297 1615 2537 1684; x_wconf 86' lang='lat' dir='ltr'><strong>vigorem</strong></span> <span class='ocrx_word' id='word_1_236' title='bbox 2560 1612 2858 1684; x_wconf 86' lang='lat' dir='ltr'><strong>disciplinae</strong></span> <span class='ocrx_word' id='word_1_237' title='bbox 2893 1620 3084 1683; x_wconf 82' lang='lat' dir='ltr'><strong>patres</strong></span> <span class='ocrx_word' id='word_1_238' title='bbox 3105 1613 3214 1666; x_wconf 78' lang='lat' dir='ltr'><strong>sint</strong></span> <span class='ocrx_word' id='word_1_239' title='bbox 3233 1643 3251 1678; x_wconf 66' lang='grc' dir='ltr'><strong><em>ς</em></strong></span> <span class='ocrx_word' id='word_1_240' title='bbox 3281 1625 3378 1683; x_wconf 85' lang='lat' dir='ltr'><strong>per</strong></span> <span class='ocrx_word' id='word_1_241' title='bbox 3405 1612 3628 1684; x_wconf 85' lang='lat' dir='ltr'><strong>pietatis</strong></span> 
     </span>
    </p>
   </div>
   <div class='ocr_carea' id='block_1_31' title="bbox 2028 1705 3623 1775">
    <p class='ocr_par' dir='ltr' id='par_1_31' title="bbox 2028 1705 3623 1775">
     <span class='ocr_line' id='line_1_31' title="bbox 2028 1705 3623 1775; baseline 0.001 -14"><span class='ocrx_word' id='word_1_242' title='bbox 2028 1709 2238 1763; x_wconf 89' lang='lat' dir='ltr'><strong>viscera</strong></span> <span class='ocrx_word' id='word_1_243' title='bbox 2279 1721 2397 1762; x_wconf 88' lang='lat' dir='ltr'><strong>esse</strong></span> <span class='ocrx_word' id='word_1_244' title='bbox 2425 1707 2629 1761; x_wconf 85' lang='lat' dir='ltr'><strong>matres</strong></span> <span class='ocrx_word' id='word_1_245' title='bbox 2667 1711 2958 1768; x_wconf 86' lang='lat' dir='ltr'><strong>noverunt,</strong></span> <span class='ocrx_word' id='word_1_246' title='bbox 3003 1717 3126 1775; x_wconf 83' lang='lat' dir='ltr'><strong>quae</strong></span> <span class='ocrx_word' id='word_1_247' title='bbox 3163 1705 3376 1759; x_wconf 72' lang='lat' dir='ltr'><strong>labores</strong></span> <span class='ocrx_word' id='word_1_248' title='bbox 3419 1713 3623 1762; x_wconf 69' lang='lat' dir='ltr'><strong>sanctae</strong></span> 
     </span>
    </p>
   </div>
   <div class='ocr_carea' id='block_1_32' title="bbox 333 1787 3624 1870">
    <p class='ocr_par' dir='ltr' id='par_1_32' title="bbox 333 1787 3624 1870">
     <span class='ocr_line' id='line_1_32' title="bbox 333 1787 3624 1870; baseline 0.002 -22"><span class='ocrx_word' id='word_1_249' title='bbox 333 1807 389 1854; x_wconf 87' lang='lat' dir='ltr'><strong>et</strong></span> <span class='ocrx_word' id='word_1_250' title='bbox 416 1799 468 1854; x_wconf 84' lang='lat' dir='ltr'><strong>in</strong></span> <span class='ocrx_word' id='word_1_251' title='bbox 506 1797 610 1852; x_wconf 90' lang='lat' dir='ltr'><strong>alio</strong></span> <span class='ocrx_word' id='word_1_252' title='bbox 646 1797 764 1854; x_wconf 85' lang='lat' dir='ltr'><strong>loco</strong></span> <span class='ocrx_word' id='word_1_253' title='bbox 795 1817 806 1851; x_wconf 91' lang='lat'>:</span> <span class='ocrx_word' id='word_1_254' title='bbox 847 1803 864 1848; x_wconf 74' lang='lat' dir='ltr'><strong>r</strong></span> <span class='ocrx_word' id='word_1_255' title='bbox 901 1797 995 1852; x_wconf 88' lang='lat' dir='ltr'><strong>Dei</strong></span> <span class='ocrx_word' id='word_1_256' title='bbox 1020 1806 1400 1866; x_wconf 82' lang='lat' dir='ltr'><strong>coeperatores</strong></span> <span class='ocrx_word' id='word_1_257' title='bbox 1451 1811 1637 1851; x_wconf 88' lang='lat' dir='ltr'><strong>sunms</strong></span> <span class='ocrx_word' id='word_1_258' title='bbox 1657 1837 1670 1861; x_wconf 92' lang='lat'><strong>,</strong></span> <span class='ocrx_word' id='word_1_259' title='bbox 1713 1816 1731 1847; x_wconf 79' lang='grc' dir='ltr'><strong>ι</strong></span> <span class='ocrx_word' id='word_1_260' title='bbox 1790 1811 1922 1865; x_wconf 90' lang='lat' dir='ltr'><strong>ope-</strong></span> <span class='ocrx_word' id='word_1_261' title='bbox 1954 1787 2001 1850; x_wconf 85' lang='grc' dir='ltr'><strong>Β</strong></span> <span class='ocrx_word' id='word_1_262' title='bbox 2029 1800 2398 1870; x_wconf 82' lang='lat' dir='ltr'><strong>conceptionis</strong></span> <span class='ocrx_word' id='word_1_263' title='bbox 2429 1798 2679 1863; x_wconf 88' lang='lat' dir='ltr'><strong>tolerant,</strong></span> <span class='ocrx_word' id='word_1_264' title='bbox 2711 1805 2766 1852; x_wconf 90' lang='lat' dir='ltr'><strong>et</strong></span> <span class='ocrx_word' id='word_1_265' title='bbox 2791 1797 3148 1867; x_wconf 81' lang='lat' dir='ltr'><strong>proferendos</strong></span> <span class='ocrx_word' id='word_1_266' title='bbox 3168 1795 3280 1851; x_wconf 88' lang='lat' dir='ltr'><strong>Deo</strong></span> <span class='ocrx_word' id='word_1_267' title='bbox 3317 1796 3455 1852; x_wconf 80' lang='lat' dir='ltr'><strong>ﬁlios</strong></span> <span class='ocrx_word' id='word_1_268' title='bbox 3477 1798 3624 1854; x_wconf 86' lang='lat' dir='ltr'><strong>intra</strong></span> 
     </span>
    </p>
   </div>
   <div class='ocr_carea' id='block_1_33' title="bbox 335 1886 1926 1959">
    <p class='ocr_par' dir='ltr' id='par_1_33' title="bbox 335 1886 1926 1959">
     <span class='ocr_line' id='line_1_33' title="bbox 335 1886 1926 1959; baseline -0.001 -16"><span class='ocrx_word' id='word_1_269' title='bbox 335 1890 488 1944; x_wconf 87' lang='lat' dir='ltr'><strong>riunt</strong></span> <span class='ocrx_word' id='word_1_270' title='bbox 543 1895 706 1959; x_wconf 90' lang='lat' dir='ltr'><strong>caput</strong></span> <span class='ocrx_word' id='word_1_271' title='bbox 762 1906 916 1944; x_wconf 90' lang='lat' dir='ltr'><strong>suum</strong></span> <span class='ocrx_word' id='word_1_272' title='bbox 957 1898 1012 1942; x_wconf 91' lang='lat' dir='ltr'><strong>et</strong></span> <span class='ocrx_word' id='word_1_273' title='bbox 1059 1888 1500 1951; x_wconf 80' lang='lat' dir='ltr'><strong>confunduntur,</strong></span> <span class='ocrx_word' id='word_1_274' title='bbox 1562 1886 1926 1958; x_wconf 82' lang='lat' dir='ltr'><strong>intclligcntes</strong></span> 
     </span>
    </p>
   </div>
   <div class='ocr_carea' id='block_1_34' title="bbox 333 1977 1752 2051">
    <p class='ocr_par' dir='ltr' id='par_1_34' title="bbox 333 1977 1752 2051">
     <span class='ocr_line' id='line_1_34' title="bbox 333 1977 1752 2051; baseline -0.001 -16"><span class='ocrx_word' id='word_1_275' title='bbox 333 1981 454 2037; x_wconf 89' lang='lat' dir='ltr'><strong>sine</strong></span> <span class='ocrx_word' id='word_1_276' title='bbox 485 1981 574 2034; x_wconf 89' lang='lat' dir='ltr'><strong>Dei</strong></span> <span class='ocrx_word' id='word_1_277' title='bbox 599 1981 765 2051; x_wconf 82' lang='lat' dir='ltr'><strong>gratia</strong></span> <span class='ocrx_word' id='word_1_278' title='bbox 799 1985 850 2033; x_wconf 86' lang='lat' dir='ltr'><strong>et</strong></span> <span class='ocrx_word' id='word_1_279' title='bbox 885 1979 1153 2050; x_wconf 88' lang='lat' dir='ltr'><strong>adjutorio</strong></span> <span class='ocrx_word' id='word_1_280' title='bbox 1182 1979 1381 2034; x_wconf 85' lang='lat' dir='ltr'><strong>frustra</strong></span> <span class='ocrx_word' id='word_1_281' title='bbox 1411 1995 1469 2034; x_wconf 89' lang='lat' dir='ltr'><strong>se</strong></span> <span class='ocrx_word' id='word_1_282' title='bbox 1509 1977 1752 2034; x_wconf 87' lang='lat' dir='ltr'><strong>tendere.</strong></span> 
     </span>
    </p>
   </div>
   <div class='ocr_carea' id='block_1_35' title="bbox 411 2069 1927 2143">
    <p class='ocr_par' dir='ltr' id='par_1_35' title="bbox 411 2069 1927 2143">
     <span class='ocr_line' id='line_1_35' title="bbox 411 2069 1927 2143; baseline 0.001 -19"><span class='ocrx_word' id='word_1_283' title='bbox 411 2092 429 2124; x_wconf 73' lang='grc' dir='ltr'><strong>ι</strong></span> <span class='ocrx_word' id='word_1_284' title='bbox 451 2072 584 2126; x_wconf 82' lang='lat' dir='ltr'><strong>Nam</strong></span> <span class='ocrx_word' id='word_1_285' title='bbox 601 2080 654 2127; x_wconf 89' lang='lat' dir='ltr'><strong>et</strong></span> <span class='ocrx_word' id='word_1_286' title='bbox 679 2074 840 2126; x_wconf 82' lang='lat' dir='ltr'><strong>cerva</strong></span> <span class='ocrx_word' id='word_1_287' title='bbox 864 2069 988 2142; x_wconf 65' lang='lat' dir='ltr'><strong>(sive</strong></span> <span class='ocrx_word' id='word_1_288' title='bbox 1014 2072 1211 2143; x_wconf 75' lang='lat' dir='ltr'><strong>cervae)</strong></span> <span class='ocrx_word' id='word_1_289' title='bbox 1238 2072 1292 2125; x_wconf 91' lang='lat' dir='ltr'><strong>in</strong></span> <span class='ocrx_word' id='word_1_290' title='bbox 1311 2088 1439 2142; x_wconf 82' lang='lat' dir='ltr'><strong>agro</strong></span> <span class='ocrx_word' id='word_1_291' title='bbox 1454 2072 1671 2142; x_wconf 86' lang='lat' dir='ltr'><strong>peperit</strong></span> <span class='ocrx_word' id='word_1_292' title='bbox 1693 2070 1818 2142; x_wconf 75' lang='lat' dir='ltr'><strong>(sive</strong></span> <span class='ocrx_word' id='word_1_293' title='bbox 1831 2086 1927 2141; x_wconf 89' lang='lat' dir='ltr'><strong>pe-</strong></span> 
     </span>
    </p>
   </div>
   <div class='ocr_carea' id='block_1_36' title="bbox 332 2164 1928 2236">
    <p class='ocr_par' dir='ltr' id='par_1_36' title="bbox 332 2164 1928 2236">
     <span class='ocr_line' id='line_1_36' title="bbox 332 2164 1928 2236; baseline 0.002 -19"><span class='ocrx_word' id='word_1_294' title='bbox 332 2165 637 2236; x_wconf 88' lang='lat' dir='ltr'><strong>pererunt),</strong></span> <span class='ocrx_word' id='word_1_295' title='bbox 665 2173 720 2218; x_wconf 91' lang='lat' dir='ltr'><strong>et</strong></span> <span class='ocrx_word' id='word_1_296' title='bbox 746 2164 962 2233; x_wconf 88' lang='lat' dir='ltr'><strong>reliquit</strong></span> <span class='ocrx_word' id='word_1_297' title='bbox 985 2164 1111 2232; x_wconf 84' lang='lat' dir='ltr'><strong>(sive</strong></span> <span class='ocrx_word' id='word_1_298' title='bbox 1125 2164 1647 2235; x_wconf 88' lang='lat' dir='ltr'><strong>reliquerunt),quia</strong></span> <span class='ocrx_word' id='word_1_299' title='bbox 1675 2180 1781 2218; x_wconf 89' lang='lat' dir='ltr'><strong>non</strong></span> <span class='ocrx_word' id='word_1_300' title='bbox 1808 2175 1928 2220; x_wconf 90' lang='lat' dir='ltr'><strong>erat</strong></span> 
     </span>
    </p>
   </div>
   <div class='ocr_carea' id='block_1_37' title="bbox 334 2253 1927 2326">
    <p class='ocr_par' dir='ltr' id='par_1_37' title="bbox 334 2253 1927 2326">
     <span class='ocr_line' id='line_1_37' title="bbox 334 2253 1927 2326; baseline 0.002 -18"><span class='ocrx_word' id='word_1_301' title='bbox 334 2253 552 2308; x_wconf 62' lang='lat' dir='ltr'><strong>berbaJ</strong></span> <span class='ocrx_word' id='word_1_302' title='bbox 577 2253 780 2324; x_wconf 83' lang='lat' dir='ltr'><strong>(Grcg.)</strong></span> <span class='ocrx_word' id='word_1_303' title='bbox 812 2253 937 2309; x_wconf 85' lang='lat' dir='ltr'><strong>Haec</strong></span> <span class='ocrx_word' id='word_1_304' title='bbox 967 2255 1236 2309; x_wconf 87' lang='lat' dir='ltr'><strong>sententia</strong></span> <span class='ocrx_word' id='word_1_305' title='bbox 1270 2255 1334 2309; x_wconf 91' lang='lat' dir='ltr'><strong>de</strong></span> <span class='ocrx_word' id='word_1_306' title='bbox 1370 2255 1688 2311; x_wconf 88' lang='lat' dir='ltr'><strong>doctoribus</strong></span> <span class='ocrx_word' id='word_1_307' title='bbox 1719 2255 1927 2326; x_wconf 85' lang='lat' dir='ltr'><strong>genitos</strong></span> 
     </span>
    </p>
   </div>
   <div class='ocr_carea' id='block_1_38' title="bbox 334 2345 1927 2418">
    <p class='ocr_par' dir='ltr' id='par_1_38' title="bbox 334 2345 1927 2418">
     <span class='ocr_line' id='line_1_38' title="bbox 334 2345 1927 2418; baseline 0.001 -18"><span class='ocrx_word' id='word_1_308' title='bbox 334 2345 473 2400; x_wconf 81' lang='lat' dir='ltr'><strong>ﬁlios</strong></span> <span class='ocrx_word' id='word_1_309' title='bbox 501 2346 712 2400; x_wconf 87' lang='lat' dir='ltr'><strong>incaute</strong></span> <span class='ocrx_word' id='word_1_310' title='bbox 739 2345 1133 2409; x_wconf 85' lang='lat' dir='ltr'><strong>deserentibus,</strong></span> <span class='ocrx_word' id='word_1_311' title='bbox 1167 2346 1368 2401; x_wconf 91' lang='lat' dir='ltr'><strong>dicitur</strong></span> <span class='ocrx_word' id='word_1_312' title='bbox 1394 2351 1407 2400; x_wconf 72' lang='grc' dir='ltr'><strong><em>ὲ</em></strong></span> <span class='ocrx_word' id='word_1_313' title='bbox 1430 2347 1568 2402; x_wconf 86' lang='lat' dir='ltr'><strong>bene</strong></span> <span class='ocrx_word' id='word_1_314' title='bbox 1595 2362 1723 2418; x_wconf 87' lang='lat' dir='ltr'><strong>ergo</strong></span> <span class='ocrx_word' id='word_1_315' title='bbox 1750 2361 1927 2401; x_wconf 73' lang='lat' dir='ltr'><strong>cervae</strong></span> 
     </span>
    </p>
   </div>
   <div class='ocr_carea' id='block_1_39' title="bbox 334 2438 1928 2503">
    <p class='ocr_par' dir='ltr' id='par_1_39' title="bbox 334 2438 1928 2503">
     <span class='ocr_line' id='line_1_39' title="bbox 334 2438 1928 2503; baseline 0.002 -11"><span class='ocrx_word' id='word_1_316' title='bbox 334 2439 583 2493; x_wconf 82' lang='lat' dir='ltr'><strong>doctores</strong></span> <span class='ocrx_word' id='word_1_317' title='bbox 627 2439 1012 2493; x_wconf 89' lang='lat' dir='ltr'><strong>assimilantur.</strong></span> <span class='ocrx_word' id='word_1_318' title='bbox 1058 2438 1192 2492; x_wconf 82' lang='lat' dir='ltr'><strong>Nam</strong></span> <span class='ocrx_word' id='word_1_319' title='bbox 1224 2441 1475 2494; x_wconf 89' lang='lat' dir='ltr'><strong>doctores</strong></span> <span class='ocrx_word' id='word_1_320' title='bbox 1525 2440 1740 2503; x_wconf 88' lang='lat' dir='ltr'><strong>sancti,</strong></span> <span class='ocrx_word' id='word_1_321' title='bbox 1779 2456 1928 2495; x_wconf 92' lang='lat' dir='ltr'><strong>more</strong></span> 
     </span>
    </p>
   </div>
   <div class='ocr_carea' id='block_1_40' title="bbox 336 2527 1927 2600">
    <p class='ocr_par' dir='ltr' id='par_1_40' title="bbox 336 2527 1927 2600">
     <span class='ocr_line' id='line_1_40' title="bbox 336 2527 1927 2600; baseline 0.001 -16"><span class='ocrx_word' id='word_1_322' title='bbox 336 2546 622 2585; x_wconf 81' lang='lat' dir='ltr'><strong>cervarum</strong></span> <span class='ocrx_word' id='word_1_323' title='bbox 668 2527 1009 2600; x_wconf 83' lang='lat' dir='ltr'><strong>interemptis</strong></span> <span class='ocrx_word' id='word_1_324' title='bbox 1047 2531 1195 2586; x_wconf 89' lang='lat' dir='ltr'><strong>vitiis</strong></span> <span class='ocrx_word' id='word_1_325' title='bbox 1219 2571 1235 2598; x_wconf 94' lang='lat'><strong>,</strong></span> <span class='ocrx_word' id='word_1_326' title='bbox 1277 2531 1430 2600; x_wconf 90' lang='lat' dir='ltr'><strong>quasi</strong></span> <span class='ocrx_word' id='word_1_327' title='bbox 1467 2531 1752 2585; x_wconf 75' lang='lat' dir='ltr'><strong>exstinctis</strong></span> <span class='ocrx_word' id='word_1_328' title='bbox 1814 2547 1927 2586; x_wconf 88' lang='lat' dir='ltr'><strong>ser-</strong></span> 
     </span>
    </p>
   </div>
   <div class='ocr_carea' id='block_1_41' title="bbox 332 2617 1928 2694">
    <p class='ocr_par' dir='ltr' id='par_1_41' title="bbox 332 2617 1928 2694">
     <span class='ocr_line' id='line_1_41' title="bbox 332 2617 1928 2694; baseline 0.001 -18"><span class='ocrx_word' id='word_1_329' title='bbox 332 2617 588 2694; x_wconf 84' lang='lat' dir='ltr'><strong>pentibus</strong></span> <span class='ocrx_word' id='word_1_330' title='bbox 619 2617 822 2688; x_wconf 80' lang='lat' dir='ltr'><strong>vivUnl,</strong></span> <span class='ocrx_word' id='word_1_331' title='bbox 854 2632 909 2677; x_wconf 91' lang='lat' dir='ltr'><strong>et</strong></span> <span class='ocrx_word' id='word_1_332' title='bbox 939 2623 1004 2676; x_wconf 87' lang='lat' dir='ltr'><strong>de</strong></span> <span class='ocrx_word' id='word_1_333' title='bbox 1035 2623 1149 2692; x_wconf 90' lang='lat' dir='ltr'><strong>ipsa</strong></span> <span class='ocrx_word' id='word_1_334' title='bbox 1175 2623 1537 2677; x_wconf 78' lang='lat' dir='ltr'><strong>exstinctione</strong></span> <span class='ocrx_word' id='word_1_335' title='bbox 1558 2622 1815 2676; x_wconf 89' lang='lat' dir='ltr'><strong>vitiorum</strong></span> <span class='ocrx_word' id='word_1_336' title='bbox 1861 2624 1928 2678; x_wconf 89' lang='lat' dir='ltr'><strong>ad</strong></span> 
     </span>
    </p>
   </div>
   <div class='ocr_carea' id='block_1_42' title="bbox 335 2711 1927 2770">
    <p class='ocr_par' dir='ltr' id='par_1_42' title="bbox 335 2711 1927 2770">
     <span class='ocr_line' id='line_1_42' title="bbox 335 2711 1927 2770; baseline 0.002 -4"><span class='ocrx_word' id='word_1_337' title='bbox 335 2713 538 2768; x_wconf 82' lang='lat' dir='ltr'><strong>fontem</strong></span> <span class='ocrx_word' id='word_1_338' title='bbox 589 2713 716 2767; x_wconf 83' lang='lat' dir='ltr'><strong>vitae</strong></span> <span class='ocrx_word' id='word_1_339' title='bbox 764 2715 944 2768; x_wconf 92' lang='lat' dir='ltr'><strong>acrius</strong></span> <span class='ocrx_word' id='word_1_340' title='bbox 1005 2713 1375 2768; x_wconf 86' lang='lat' dir='ltr'><strong>inardescunt.</strong></span> <span class='ocrx_word' id='word_1_341' title='bbox 1433 2711 1588 2769; x_wconf 84' lang='lat' dir='ltr'><strong>Unde</strong></span> <span class='ocrx_word' id='word_1_342' title='bbox 1639 2713 1927 2770; x_wconf 85' lang='lat' dir='ltr'><strong>Psalmista</strong></span> 
     </span>
    </p>
   </div>
   <div class='ocr_carea' id='block_1_43' title="bbox 335 2799 1930 2876">
    <p class='ocr_par' dir='ltr' id='par_1_43' title="bbox 335 2799 1930 2876">
     <span class='ocr_line' id='line_1_43' title="bbox 335 2799 1930 2876; baseline 0 -15"><span class='ocrx_word' id='word_1_343' title='bbox 335 2807 410 2861; x_wconf 86' lang='lat' dir='ltr'><strong>ait</strong></span> <span class='ocrx_word' id='word_1_344' title='bbox 443 2825 455 2861; x_wconf 97' lang='lat'>:</span> <span class='ocrx_word' id='word_1_345' title='bbox 495 2825 512 2856; x_wconf 74' lang='grc' dir='ltr'><strong>ι</strong></span> <span class='ocrx_word' id='word_1_346' title='bbox 549 2805 701 2861; x_wconf 85' lang='lat' dir='ltr'><strong>Sicut</strong></span> <span class='ocrx_word' id='word_1_347' title='bbox 731 2805 1005 2861; x_wconf 86' lang='lat' dir='ltr'><strong>desiderat</strong></span> <span class='ocrx_word' id='word_1_348' title='bbox 1055 2821 1247 2861; x_wconf 87' lang='lat' dir='ltr'><strong>cervus</strong></span> <span class='ocrx_word' id='word_1_349' title='bbox 1283 2803 1348 2860; x_wconf 88' lang='lat' dir='ltr'><strong>ad</strong></span> <span class='ocrx_word' id='word_1_350' title='bbox 1380 2805 1557 2861; x_wconf 81' lang='lat' dir='ltr'><strong>fontes</strong></span> <span class='ocrx_word' id='word_1_351' title='bbox 1611 2813 1875 2876; x_wconf 86' lang='lat' dir='ltr'><strong>aquarum</strong></span> <span class='ocrx_word' id='word_1_352' title='bbox 1909 2799 1930 2875; x_wconf 65' lang='grc' dir='ltr'><em>ξ</em></span> 
     </span>
    </p>
   </div>
   <div class='ocr_carea' id='block_1_44' title="bbox 336 2889 1922 2970">
    <p class='ocr_par' dir='ltr' id='par_1_44' title="bbox 336 2889 1922 2970">
     <span class='ocr_line' id='line_1_44' title="bbox 336 2889 1922 2970; baseline 0.001 -20"><span class='ocrx_word' id='word_1_353' title='bbox 336 2897 410 2950; x_wconf 91' lang='lat' dir='ltr'><strong>ita</strong></span> <span class='ocrx_word' id='word_1_354' title='bbox 459 2889 733 2953; x_wconf 83' lang='lat' dir='ltr'><strong>desiderat</strong></span> <span class='ocrx_word' id='word_1_355' title='bbox 769 2899 944 2952; x_wconf 88' lang='lat' dir='ltr'><strong>anima</strong></span> <span class='ocrx_word' id='word_1_356' title='bbox 986 2915 1106 2952; x_wconf 89' lang='lat' dir='ltr'><strong>mea</strong></span> <span class='ocrx_word' id='word_1_357' title='bbox 1130 2900 1198 2955; x_wconf 89' lang='lat' dir='ltr'><strong>ad</strong></span> <span class='ocrx_word' id='word_1_358' title='bbox 1232 2909 1300 2963; x_wconf 91' lang='lat' dir='ltr'><strong>te,</strong></span> <span class='ocrx_word' id='word_1_359' title='bbox 1337 2901 1478 2954; x_wconf 89' lang='lat' dir='ltr'><strong>Deus</strong></span> <span class='ocrx_word' id='word_1_360' title='bbox 1505 2897 1678 2970; x_wconf 81' lang='lat' dir='ltr'><strong>(Psal.</strong></span> <span class='ocrx_word' id='word_1_361' title='bbox 1733 2899 1922 2964; x_wconf 56' lang='lat' dir='ltr'><strong>sui.»</strong></span> 
     </span>
    </p>
   </div>
   <div class='ocr_carea' id='block_1_45' title="bbox 332 2984 1925 3062">
    <p class='ocr_par' dir='ltr' id='par_1_45' title="bbox 332 2984 1925 3062">
     <span class='ocr_line' id='line_1_45' title="bbox 332 2984 1925 3062; baseline 0.003 -20"><span class='ocrx_word' id='word_1_362' title='bbox 332 2984 439 3058; x_wconf 86' lang='lat' dir='ltr'><strong>Ipsi</strong></span> <span class='ocrx_word' id='word_1_363' title='bbox 480 2988 643 3043; x_wconf 90' lang='lat' dir='ltr'><strong>etiam</strong></span> <span class='ocrx_word' id='word_1_364' title='bbox 686 2989 813 3044; x_wconf 90' lang='lat' dir='ltr'><strong>dum</strong></span> <span class='ocrx_word' id='word_1_365' title='bbox 856 2989 1090 3044; x_wconf 88' lang='lat' dir='ltr'><strong>labentia</strong></span> <span class='ocrx_word' id='word_1_366' title='bbox 1144 2991 1303 3062; x_wconf 84' lang='lat' dir='ltr'><strong>hujus</strong></span> <span class='ocrx_word' id='word_1_367' title='bbox 1352 2989 1768 3060; x_wconf 90' lang='lat' dir='ltr'><strong>temporalitatis</strong></span> <span class='ocrx_word' id='word_1_368' title='bbox 1807 3005 1925 3047; x_wconf 89' lang='lat' dir='ltr'><strong>mo-</strong></span> 
     </span>
    </p>
   </div>
   <div class='ocr_carea' id='block_1_46' title="bbox 333 3081 1922 3156">
    <p class='ocr_par' dir='ltr' id='par_1_46' title="bbox 333 3081 1922 3156">
     <span class='ocr_line' id='line_1_46' title="bbox 333 3081 1922 3156; baseline 0.004 -20"><span class='ocrx_word' id='word_1_369' title='bbox 333 3091 533 3143; x_wconf 85' lang='lat' dir='ltr'><strong>menta,</strong></span> <span class='ocrx_word' id='word_1_370' title='bbox 563 3081 717 3151; x_wconf 89' lang='lat' dir='ltr'><strong>quasi</strong></span> <span class='ocrx_word' id='word_1_371' title='bbox 748 3082 1227 3152; x_wconf 72' lang='lat' dir='ltr'><strong>quaedamllumina</strong></span> <span class='ocrx_word' id='word_1_372' title='bbox 1252 3093 1556 3152; x_wconf 89' lang='lat' dir='ltr'><strong>transeunt,</strong></span> <span class='ocrx_word' id='word_1_373' title='bbox 1585 3086 1922 3156; x_wconf 89' lang='lat' dir='ltr'><strong>compatien-</strong></span> 
     </span>
    </p>
   </div>
   <div class='ocr_carea' id='block_1_47' title="bbox 337 3169 1923 3248">
    <p class='ocr_par' dir='ltr' id='par_1_47' title="bbox 337 3169 1923 3248">
     <span class='ocr_line' id='line_1_47' title="bbox 337 3169 1923 3248; baseline 0.003 -21"><span class='ocrx_word' id='word_1_374' title='bbox 337 3183 416 3227; x_wconf 89' lang='lat' dir='ltr'><strong>tes</strong></span> <span class='ocrx_word' id='word_1_375' title='bbox 443 3169 710 3229; x_wconf 86' lang='lat' dir='ltr'><strong>cbaritate</strong></span> <span class='ocrx_word' id='word_1_376' title='bbox 751 3191 913 3229; x_wconf 83' lang='lat' dir='ltr'><strong>onera</strong></span> <span class='ocrx_word' id='word_1_377' title='bbox 973 3192 1068 3230; x_wconf 85' lang='lat' dir='ltr'><strong>sua</strong></span> <span class='ocrx_word' id='word_1_378' title='bbox 1100 3176 1201 3231; x_wconf 88' lang='lat' dir='ltr'><strong>sibi</strong></span> <span class='ocrx_word' id='word_1_379' title='bbox 1243 3176 1473 3232; x_wconf 86' lang='lat' dir='ltr'><strong>invicem</strong></span> <span class='ocrx_word' id='word_1_380' title='bbox 1515 3187 1923 3248; x_wconf 86' lang='lat' dir='ltr'><strong>superponunt,</strong></span> 
     </span>
    </p>
   </div>
   <div class='ocr_carea' id='block_1_48' title="bbox 333 3257 1930 3339">
    <p class='ocr_par' dir='ltr' id='par_1_48' title="bbox 333 3257 1930 3339">
     <span class='ocr_line' id='line_1_48' title="bbox 333 3257 1930 3339; baseline 0.006 -24"><span class='ocrx_word' id='word_1_381' title='bbox 333 3261 459 3332; x_wconf 78' lang='lat' dir='ltr'><strong>quia</strong></span> <span class='ocrx_word' id='word_1_382' title='bbox 490 3257 647 3319; x_wconf 77' lang='lat' dir='ltr'><strong>canta</strong></span> <span class='ocrx_word' id='word_1_383' title='bbox 697 3261 1080 3321; x_wconf 83' lang='lat' dir='ltr'><strong>observatione</strong></span> <span class='ocrx_word' id='word_1_384' title='bbox 1136 3267 1450 3323; x_wconf 90' lang='lat' dir='ltr'><strong>custodiunt</strong></span> <span class='ocrx_word' id='word_1_385' title='bbox 1499 3269 1553 3323; x_wconf 91' lang='lat' dir='ltr'><strong>id</strong></span> <span class='ocrx_word' id='word_1_386' title='bbox 1600 3271 1743 3339; x_wconf 91' lang='lat' dir='ltr'><strong>quod</strong></span> <span class='ocrx_word' id='word_1_387' title='bbox 1793 3273 1930 3325; x_wconf 88' lang='lat' dir='ltr'><strong>scri-</strong></span> 
     </span>
    </p>
   </div>
   <div class='ocr_carea' id='block_1_49' title="bbox 333 3351 1930 3430">
    <p class='ocr_par' dir='ltr' id='par_1_49' title="bbox 333 3351 1930 3430">
     <span class='ocr_line' id='line_1_49' title="bbox 333 3351 1930 3430; baseline 0.006 -23"><span class='ocrx_word' id='word_1_388' title='bbox 333 3363 486 3426; x_wconf 88' lang='lat' dir='ltr'><strong>ptmn</strong></span> <span class='ocrx_word' id='word_1_389' title='bbox 523 3364 605 3410; x_wconf 89' lang='lat' dir='ltr'><strong>est</strong></span> <span class='ocrx_word' id='word_1_390' title='bbox 638 3373 652 3409; x_wconf 88' lang='lat'><strong>:</strong></span> <span class='ocrx_word' id='word_1_391' title='bbox 690 3374 707 3406; x_wconf 74' lang='grc' dir='ltr'><strong>ι</strong></span> <span class='ocrx_word' id='word_1_392' title='bbox 752 3351 988 3411; x_wconf 87' lang='lat' dir='ltr'><strong>Invicem</strong></span> <span class='ocrx_word' id='word_1_393' title='bbox 1018 3373 1186 3412; x_wconf 87' lang='lat' dir='ltr'><strong>onera</strong></span> <span class='ocrx_word' id='word_1_394' title='bbox 1224 3369 1404 3414; x_wconf 85' lang='lat' dir='ltr'><strong>vestra</strong></span> <span class='ocrx_word' id='word_1_395' title='bbox 1440 3368 1655 3430; x_wconf 89' lang='lat' dir='ltr'><strong>portate</strong></span> <span class='ocrx_word' id='word_1_396' title='bbox 1686 3402 1700 3427; x_wconf 95' lang='lat'><strong>,</strong></span> <span class='ocrx_word' id='word_1_397' title='bbox 1746 3370 1800 3416; x_wconf 90' lang='lat' dir='ltr'><strong>et</strong></span> <span class='ocrx_word' id='word_1_398' title='bbox 1850 3362 1930 3417; x_wconf 88' lang='lat' dir='ltr'><strong>sic</strong></span> 
     </span>
    </p>
   </div>
   <div class='ocr_carea' id='block_1_50' title="bbox 336 3434 1931 3524">
    <p class='ocr_par' dir='ltr' id='par_1_50' title="bbox 336 3434 1931 3524">
     <span class='ocr_line' id='line_1_50' title="bbox 336 3434 1931 3524; baseline 0.006 -22"><span class='ocrx_word' id='word_1_399' title='bbox 336 3434 702 3520; x_wconf 81' lang='lat' dir='ltr'><strong>adimplebitis</strong></span> <span class='ocrx_word' id='word_1_400' title='bbox 751 3437 921 3518; x_wconf 83' lang='lat' dir='ltr'><strong>legem</strong></span> <span class='ocrx_word' id='word_1_401' title='bbox 979 3449 1178 3506; x_wconf 80' lang='lat' dir='ltr'><strong>Christi</strong></span> <span class='ocrx_word' id='word_1_402' title='bbox 1244 3450 1387 3523; x_wconf 85' lang='lat' dir='ltr'><strong>(Gal.</strong></span> <span class='ocrx_word' id='word_1_403' title='bbox 1448 3453 1543 3523; x_wconf 87' lang='lat' dir='ltr'><strong>vI).</strong></span> <span class='ocrx_word' id='word_1_404' title='bbox 1576 3473 1594 3503; x_wconf 85' lang='grc'><strong>›</strong></span> <span class='ocrx_word' id='word_1_405' title='bbox 1645 3452 1781 3510; x_wconf 52' lang='grc' dir='ltr'><strong>Ινιίιιρ</strong></span> <span class='ocrx_word' id='word_1_406' title='bbox 1833 3472 1931 3524; x_wconf 90' lang='lat' dir='ltr'><strong>per</strong></span> 
     </span>
    </p>
   </div>
   <div class='ocr_carea' id='block_1_51' title="bbox 335 3535 1928 3613">
    <p class='ocr_par' dir='ltr' id='par_1_51' title="bbox 335 3535 1928 3613">
     <span class='ocr_line' id='line_1_51' title="bbox 335 3535 1928 3613; baseline 0.006 -21"><span class='ocrx_word' id='word_1_407' title='bbox 335 3539 438 3594; x_wconf 81' lang='lat' dir='ltr'><strong>Job</strong></span> <span class='ocrx_word' id='word_1_408' title='bbox 476 3541 714 3595; x_wconf 75' lang='lat' dir='ltr'><strong>dicitur:</strong></span> <span class='ocrx_word' id='word_1_409' title='bbox 745 3560 763 3593; x_wconf 74' lang='grc' dir='ltr'><strong>ι</strong></span> <span class='ocrx_word' id='word_1_410' title='bbox 800 3535 1052 3610; x_wconf 80' lang='lat' dir='ltr'><strong>Nunquid</strong></span> <span class='ocrx_word' id='word_1_411' title='bbox 1082 3542 1223 3596; x_wconf 91' lang='lat' dir='ltr'><strong>nosti</strong></span> <span class='ocrx_word' id='word_1_412' title='bbox 1251 3552 1460 3612; x_wconf 86' lang='lat' dir='ltr'><strong>tempus</strong></span> <span class='ocrx_word' id='word_1_413' title='bbox 1488 3552 1676 3613; x_wconf 90' lang='lat' dir='ltr'><strong>partus</strong></span> <span class='ocrx_word' id='word_1_414' title='bbox 1697 3545 1768 3600; x_wconf 91' lang='lat' dir='ltr'><strong>ibi</strong></span> <span class='ocrx_word' id='word_1_415' title='bbox 1807 3562 1928 3601; x_wconf 91' lang='lat' dir='ltr'><strong>cum</strong></span> 
     </span>
    </p>
   </div>
   <div class='ocr_carea' id='block_1_52' title="bbox 337 3634 1927 3711">
    <p class='ocr_par' dir='ltr' id='par_1_52' title="bbox 337 3634 1927 3711">
     <span class='ocr_line' id='line_1_52' title="bbox 337 3634 1927 3711; baseline 0.001 -20"><span class='ocrx_word' id='word_1_416' title='bbox 337 3637 391 3691; x_wconf 91' lang='lat' dir='ltr'><strong>in</strong></span> <span class='ocrx_word' id='word_1_417' title='bbox 427 3644 615 3705; x_wconf 81' lang='lat' dir='ltr'><strong>petris,</strong></span> <span class='ocrx_word' id='word_1_418' title='bbox 634 3634 715 3689; x_wconf 93' lang='lat' dir='ltr'><strong>vel</strong></span> <span class='ocrx_word' id='word_1_419' title='bbox 746 3635 1111 3704; x_wconf 86' lang='lat' dir='ltr'><strong>parturientes</strong></span> <span class='ocrx_word' id='word_1_420' title='bbox 1138 3650 1330 3691; x_wconf 88' lang='lat' dir='ltr'><strong>cervas</strong></span> <span class='ocrx_word' id='word_1_421' title='bbox 1356 3637 1696 3693; x_wconf 86' lang='lat' dir='ltr'><strong>observasti?</strong></span> <span class='ocrx_word' id='word_1_422' title='bbox 1727 3660 1744 3691; x_wconf 76' lang='grc' dir='ltr'><strong>ι</strong></span> <span class='ocrx_word' id='word_1_423' title='bbox 1784 3637 1927 3711; x_wconf 83' lang='lat' dir='ltr'><strong>(Job.</strong></span> 
     </span>
    </p>
   </div>
   <div class='ocr_carea' id='block_1_53' title="bbox 336 3711 1929 3800">
    <p class='ocr_par' dir='ltr' id='par_1_53' title="bbox 336 3711 1929 3800">
     <span class='ocr_line' id='line_1_53' title="bbox 336 3711 1929 3800; baseline 0.003 -19"><span class='ocrx_word' id='word_1_424' title='bbox 336 3726 519 3799; x_wconf 69' lang='lat' dir='ltr'><strong>XVIII.)</strong></span> <span class='ocrx_word' id='word_1_425' title='bbox 578 3711 873 3780; x_wconf 77' lang='lat' dir='ltr'><strong>liieridiana</strong></span> <span class='ocrx_word' id='word_1_426' title='bbox 910 3742 1038 3796; x_wconf 88' lang='lat' dir='ltr'><strong>pars</strong></span> <span class='ocrx_word' id='word_1_427' title='bbox 1091 3726 1258 3782; x_wconf 89' lang='lat' dir='ltr'><strong>ibiccs</strong></span> <span class='ocrx_word' id='word_1_428' title='bbox 1287 3743 1413 3782; x_wconf 86' lang='lat' dir='ltr'><strong>aves</strong></span> <span class='ocrx_word' id='word_1_429' title='bbox 1453 3733 1641 3796; x_wconf 88' lang='lat' dir='ltr'><strong>vocat,</strong></span> <span class='ocrx_word' id='word_1_430' title='bbox 1673 3746 1792 3800; x_wconf 82' lang='lat' dir='ltr'><strong>quae</strong></span> <span class='ocrx_word' id='word_1_431' title='bbox 1826 3729 1929 3786; x_wconf 76' lang='lat' dir='ltr'><strong>Nili</strong></span> 
     </span>
    </p>
   </div>
   <div class='ocr_carea' id='block_1_54' title="bbox 337 3811 1932 3891">
    <p class='ocr_par' dir='ltr' id='par_1_54' title="bbox 337 3811 1932 3891">
     <span class='ocr_line' id='line_1_54' title="bbox 337 3811 1932 3891; baseline 0.001 -19"><span class='ocrx_word' id='word_1_432' title='bbox 337 3813 558 3872; x_wconf 77' lang='lat' dir='ltr'><strong>ﬂuentis</strong></span> <span class='ocrx_word' id='word_1_433' title='bbox 611 3811 958 3871; x_wconf 84' lang='lat' dir='ltr'><strong>inhabitant:</strong></span> <span class='ocrx_word' id='word_1_434' title='bbox 994 3811 1278 3872; x_wconf 88' lang='lat' dir='ltr'><strong>orientalis</strong></span> <span class='ocrx_word' id='word_1_435' title='bbox 1314 3834 1443 3873; x_wconf 88' lang='lat' dir='ltr'><strong>vero</strong></span> <span class='ocrx_word' id='word_1_436' title='bbox 1473 3817 1932 3891; x_wconf 87' lang='lat' dir='ltr'><strong>occidentalisque</strong></span> 
     </span>
    </p>
   </div>
   <div class='ocr_carea' id='block_1_55' title="bbox 335 3901 1932 3981">
    <p class='ocr_par' dir='ltr' id='par_1_55' title="bbox 335 3901 1932 3981">
     <span class='ocr_line' id='line_1_55' title="bbox 335 3901 1932 3981; baseline 0.004 -21"><span class='ocrx_word' id='word_1_437' title='bbox 335 3905 490 3978; x_wconf 84' lang='lat' dir='ltr'><strong>plaga</strong></span> <span class='ocrx_word' id='word_1_438' title='bbox 531 3908 698 3975; x_wconf 87' lang='lat' dir='ltr'><strong>parva</strong></span> <span class='ocrx_word' id='word_1_439' title='bbox 741 3901 1111 3977; x_wconf 90' lang='lat' dir='ltr'><strong>quadrupedia</strong></span> <span class='ocrx_word' id='word_1_440' title='bbox 1138 3905 1306 3964; x_wconf 86' lang='lat' dir='ltr'><strong>ibices</strong></span> <span class='ocrx_word' id='word_1_441' title='bbox 1327 3909 1609 3976; x_wconf 89' lang='lat' dir='ltr'><strong>nominat,</strong></span> <span class='ocrx_word' id='word_1_442' title='bbox 1637 3909 1833 3981; x_wconf 85' lang='lat' dir='ltr'><strong>quibus</strong></span> <span class='ocrx_word' id='word_1_443' title='bbox 1878 3921 1932 3967; x_wconf 88' lang='lat' dir='ltr'><strong>et</strong></span> 
     </span>
    </p>
   </div>
   <div class='ocr_carea' id='block_1_56' title="bbox 337 3995 1928 4072">
    <p class='ocr_par' dir='ltr' id='par_1_56' title="bbox 337 3995 1928 4072">
     <span class='ocr_line' id='line_1_56' title="bbox 337 3995 1928 4072; baseline 0.006 -22"><span class='ocrx_word' id='word_1_444' title='bbox 337 3997 505 4052; x_wconf 89' lang='lat' dir='ltr'><strong>moris</strong></span> <span class='ocrx_word' id='word_1_445' title='bbox 531 4002 610 4049; x_wconf 88' lang='lat' dir='ltr'><strong>est</strong></span> <span class='ocrx_word' id='word_1_446' title='bbox 645 3995 698 4049; x_wconf 89' lang='lat' dir='ltr'><strong>iu</strong></span> <span class='ocrx_word' id='word_1_447' title='bbox 727 3995 898 4064; x_wconf 87' lang='lat' dir='ltr'><strong>petris</strong></span> <span class='ocrx_word' id='word_1_448' title='bbox 925 4001 1156 4067; x_wconf 86' lang='lat' dir='ltr'><strong>parere,</strong></span> <span class='ocrx_word' id='word_1_449' title='bbox 1182 4001 1308 4070; x_wconf 87' lang='lat' dir='ltr'><strong>quia</strong></span> <span class='ocrx_word' id='word_1_450' title='bbox 1332 4017 1509 4072; x_wconf 91' lang='lat' dir='ltr'><strong>neque</strong></span> <span class='ocrx_word' id='word_1_451' title='bbox 1530 4001 1709 4056; x_wconf 91' lang='lat' dir='ltr'><strong>sciunt</strong></span> <span class='ocrx_word' id='word_1_452' title='bbox 1738 4004 1840 4058; x_wconf 87' lang='lat' dir='ltr'><strong>nisi</strong></span> <span class='ocrx_word' id='word_1_453' title='bbox 1875 4003 1928 4060; x_wconf 92' lang='lat' dir='ltr'><strong>in</strong></span> 
     </span>
    </p>
   </div>
   <div class='ocr_carea' id='block_1_57' title="bbox 337 4083 1932 4159">
    <p class='ocr_par' dir='ltr' id='par_1_57' title="bbox 337 4083 1932 4159">
     <span class='ocr_line' id='line_1_57' title="bbox 337 4083 1932 4159; baseline 0.008 -19"><span class='ocrx_word' id='word_1_454' title='bbox 337 4086 508 4156; x_wconf 87' lang='lat' dir='ltr'><strong>petris</strong></span> <span class='ocrx_word' id='word_1_455' title='bbox 536 4083 800 4140; x_wconf 87' lang='lat' dir='ltr'><strong>habitare.</strong></span> <span class='ocrx_word' id='word_1_456' title='bbox 846 4086 976 4154; x_wconf 82' lang='lat' dir='ltr'><strong>Quae</strong></span> <span class='ocrx_word' id='word_1_457' title='bbox 1003 4088 1046 4142; x_wconf 92' lang='lat' dir='ltr'><strong>si</strong></span> <span class='ocrx_word' id='word_1_458' title='bbox 1092 4091 1308 4159; x_wconf 80' lang='lat' dir='ltr'><strong>quando</strong></span> <span class='ocrx_word' id='word_1_459' title='bbox 1331 4093 1498 4148; x_wconf 91' lang='lat' dir='ltr'><strong>etiam</strong></span> <span class='ocrx_word' id='word_1_460' title='bbox 1528 4088 1596 4148; x_wconf 89' lang='lat' dir='ltr'><strong>de</strong></span> <span class='ocrx_word' id='word_1_461' title='bbox 1622 4093 1745 4151; x_wconf 87' lang='lat' dir='ltr'><strong>altis</strong></span> <span class='ocrx_word' id='word_1_462' title='bbox 1771 4111 1932 4152; x_wconf 89' lang='lat' dir='ltr'><strong>cacu-</strong></span> 
     </span>
    </p>
   </div>
   <div class='ocr_carea' id='block_1_58' title="bbox 340 4176 1929 4249">
    <p class='ocr_par' dir='ltr' id='par_1_58' title="bbox 340 4176 1929 4249">
     <span class='ocr_line' id='line_1_58' title="bbox 340 4176 1929 4249; baseline 0.01 -19"><span class='ocrx_word' id='word_1_463' title='bbox 340 4176 574 4232; x_wconf 89' lang='lat' dir='ltr'><strong>minibus</strong></span> <span class='ocrx_word' id='word_1_464' title='bbox 606 4191 861 4233; x_wconf 76' lang='lat' dir='ltr'><strong>saxorum</strong></span> <span class='ocrx_word' id='word_1_465' title='bbox 904 4191 1100 4249; x_wconf 92' lang='lat' dir='ltr'><strong>ruunt,</strong></span> <span class='ocrx_word' id='word_1_466' title='bbox 1134 4183 1187 4237; x_wconf 91' lang='lat' dir='ltr'><strong>in</strong></span> <span class='ocrx_word' id='word_1_467' title='bbox 1225 4185 1338 4240; x_wconf 88' lang='lat' dir='ltr'><strong>suis</strong></span> <span class='ocrx_word' id='word_1_468' title='bbox 1378 4201 1436 4244; x_wconf 91' lang='lat' dir='ltr'><strong>se</strong></span> <span class='ocrx_word' id='word_1_469' title='bbox 1478 4188 1738 4245; x_wconf 81' lang='lat' dir='ltr'><strong>cornibus</strong></span> <span class='ocrx_word' id='word_1_470' title='bbox 1761 4190 1929 4246; x_wconf 80' lang='lat' dir='ltr'><strong>illaesa</strong></span> 
     </span>
    </p>
   </div>
   <div class='ocr_carea' id='block_1_59' title="bbox 340 4273 1930 4351">
    <p class='ocr_par' dir='ltr' id='par_1_59' title="bbox 340 4273 1930 4351">
     <span class='ocr_line' id='line_1_59' title="bbox 340 4273 1930 4351; baseline 0.007 -25"><span class='ocrx_word' id='word_1_471' title='bbox 340 4273 662 4342; x_wconf 88' lang='lat' dir='ltr'><strong>suscipiunt,</strong></span> <span class='ocrx_word' id='word_1_472' title='bbox 695 4282 859 4344; x_wconf 89' lang='lat' dir='ltr'><strong>caput</strong></span> <span class='ocrx_word' id='word_1_473' title='bbox 887 4277 1085 4346; x_wconf 87' lang='lat' dir='ltr'><strong>quippe</strong></span> <span class='ocrx_word' id='word_1_474' title='bbox 1117 4278 1335 4333; x_wconf 87' lang='lat' dir='ltr'><strong>ruentes</strong></span> <span class='ocrx_word' id='word_1_475' title='bbox 1371 4279 1592 4346; x_wconf 81' lang='lat' dir='ltr'><strong>feriunt,</strong></span> <span class='ocrx_word' id='word_1_476' title='bbox 1626 4280 1779 4351; x_wconf 88' lang='lat' dir='ltr'><strong>cujus</strong></span> <span class='ocrx_word' id='word_1_477' title='bbox 1801 4276 1930 4337; x_wconf 89' lang='lat' dir='ltr'><strong>dum</strong></span> 
     </span>
    </p>
   </div>
   <div class='ocr_carea' id='block_1_60' title="bbox 338 4363 1929 4442">
    <p class='ocr_par' dir='ltr' id='par_1_60' title="bbox 338 4363 1929 4442">
     <span class='ocr_line' id='line_1_60' title="bbox 338 4363 1929 4442; baseline 0.009 -26"><span class='ocrx_word' id='word_1_478' title='bbox 338 4363 512 4432; x_wconf 88' lang='lat' dir='ltr'><strong>prima</strong></span> <span class='ocrx_word' id='word_1_479' title='bbox 547 4380 751 4419; x_wconf 89' lang='lat' dir='ltr'><strong>cornua</strong></span> <span class='ocrx_word' id='word_1_480' title='bbox 782 4367 1088 4435; x_wconf 82' lang='lat' dir='ltr'><strong>Opponunt,</strong></span> <span class='ocrx_word' id='word_1_481' title='bbox 1136 4367 1195 4422; x_wconf 83' lang='lat' dir='ltr'><strong>lit</strong></span> <span class='ocrx_word' id='word_1_482' title='bbox 1222 4375 1380 4423; x_wconf 90' lang='lat' dir='ltr'><strong>omne</strong></span> <span class='ocrx_word' id='word_1_483' title='bbox 1419 4385 1616 4442; x_wconf 89' lang='lat' dir='ltr'><strong>corpus</strong></span> <span class='ocrx_word' id='word_1_484' title='bbox 1661 4378 1690 4427; x_wconf 80' lang='lat' dir='ltr'><strong>a</strong></span> <span class='ocrx_word' id='word_1_485' title='bbox 1713 4371 1929 4441; x_wconf 88' lang='lat' dir='ltr'><strong>jactura</strong></span> 
     </span>
    </p>
   </div>
   <div class='ocr_carea' id='block_1_61' title="bbox 340 4455 1930 4530">
    <p class='ocr_par' dir='ltr' id='par_1_61' title="bbox 340 4455 1930 4530">
     <span class='ocr_line' id='line_1_61' title="bbox 340 4455 1930 4530; baseline 0.007 -21"><span class='ocrx_word' id='word_1_486' title='bbox 340 4471 500 4509; x_wconf 89' lang='lat' dir='ltr'><strong>casus</strong></span> <span class='ocrx_word' id='word_1_487' title='bbox 543 4455 798 4509; x_wconf 88' lang='lat' dir='ltr'><strong>alienum.</strong></span> <span class='ocrx_word' id='word_1_488' title='bbox 841 4458 1140 4512; x_wconf 82' lang='lat' dir='ltr'><strong>Cervarum</strong></span> <span class='ocrx_word' id='word_1_489' title='bbox 1201 4475 1415 4530; x_wconf 91' lang='lat' dir='ltr'><strong>quoque</strong></span> <span class='ocrx_word' id='word_1_490' title='bbox 1445 4462 1611 4518; x_wconf 90' lang='lat' dir='ltr'><strong>moris</strong></span> <span class='ocrx_word' id='word_1_491' title='bbox 1661 4471 1744 4520; x_wconf 89' lang='lat' dir='ltr'><strong>est</strong></span> <span class='ocrx_word' id='word_1_492' title='bbox 1777 4507 1791 4530; x_wconf 92' lang='lat'><strong>,</strong></span> <span class='ocrx_word' id='word_1_493' title='bbox 1848 4467 1930 4520; x_wconf 90' lang='lat' dir='ltr'><strong>in-</strong></span> 
     </span>
    </p>
   </div>
   <div class='ocr_carea' id='block_1_62' title="bbox 341 4548 1927 4622">
    <p class='ocr_par' dir='ltr' id='par_1_62' title="bbox 341 4548 1927 4622">
     <span class='ocr_line' id='line_1_62' title="bbox 341 4548 1927 4622; baseline 0.009 -26"><span class='ocrx_word' id='word_1_494' title='bbox 341 4555 531 4597; x_wconf 88' lang='lat' dir='ltr'><strong>ventos</strong></span> <span class='ocrx_word' id='word_1_495' title='bbox 575 4553 854 4613; x_wconf 86' lang='lat' dir='ltr'><strong>serpentes</strong></span> <span class='ocrx_word' id='word_1_496' title='bbox 925 4548 1310 4617; x_wconf 69' lang='lat' dir='ltr'><strong>exstinguere,</strong></span> <span class='ocrx_word' id='word_1_497' title='bbox 1343 4561 1638 4622; x_wconf 74' lang='lat' dir='ltr'><strong>earumque</strong></span> <span class='ocrx_word' id='word_1_498' title='bbox 1685 4557 1927 4611; x_wconf 81' lang='lat' dir='ltr'><strong>membra</strong></span> 
     </span>
    </p>
   </div>
   <div class='ocr_carea' id='block_1_63' title="bbox 341 4635 1932 4722">
    <p class='ocr_par' dir='ltr' id='par_1_63' title="bbox 341 4635 1932 4722">
     <span class='ocr_line' id='line_1_63' title="bbox 341 4635 1932 4722; baseline 0.008 -32"><span class='ocrx_word' id='word_1_499' title='bbox 341 4635 611 4691; x_wconf 87' lang='lat' dir='ltr'><strong>morsibus</strong></span> <span class='ocrx_word' id='word_1_500' title='bbox 659 4635 941 4692; x_wconf 76' lang='lat' dir='ltr'><strong>dilaniare‘.</strong></span> <span class='ocrx_word' id='word_1_501' title='bbox 981 4635 1175 4722; x_wconf 61' lang='lat' dir='ltr'><strong>fertur</strong></span> <span class='ocrx_word' id='word_1_502' title='bbox 1216 4649 1429 4708; x_wconf 87' lang='lat' dir='ltr'><strong>autem,</strong></span> <span class='ocrx_word' id='word_1_503' title='bbox 1465 4645 1589 4712; x_wconf 87' lang='lat' dir='ltr'><strong>quia</strong></span> <span class='ocrx_word' id='word_1_504' title='bbox 1623 4644 1668 4699; x_wconf 92' lang='lat' dir='ltr'><strong>si</strong></span> <span class='ocrx_word' id='word_1_505' title='bbox 1714 4637 1932 4716; x_wconf 83' lang='lat' dir='ltr'><strong>quando</strong></span> 
     </span>
    </p>
   </div>
   <div class='ocr_carea' id='block_1_64' title="bbox 342 4723 1934 4799">
    <p class='ocr_par' dir='ltr' id='par_1_64' title="bbox 342 4723 1934 4799">
     <span class='ocr_line' id='line_1_64' title="bbox 342 4723 1934 4799; baseline 0.011 -22"><span class='ocrx_word' id='word_1_506' title='bbox 342 4723 560 4780; x_wconf 83' lang='lat' dir='ltr'><strong>ﬂumina</strong></span> <span class='ocrx_word' id='word_1_507' title='bbox 614 4733 898 4782; x_wconf 88' lang='lat' dir='ltr'><strong>transeunt</strong></span> <span class='ocrx_word' id='word_1_508' title='bbox 927 4769 941 4794; x_wconf 96' lang='lat'><strong>,</strong></span> <span class='ocrx_word' id='word_1_509' title='bbox 985 4729 1221 4799; x_wconf 88' lang='lat' dir='ltr'><strong>capitum</strong></span> <span class='ocrx_word' id='word_1_510' title='bbox 1273 4749 1492 4789; x_wconf 92' lang='lat' dir='ltr'><strong>suorum</strong></span> <span class='ocrx_word' id='word_1_511' title='bbox 1541 4752 1707 4792; x_wconf 91' lang='lat' dir='ltr'><strong>onera</strong></span> <span class='ocrx_word' id='word_1_512' title='bbox 1754 4735 1934 4794; x_wconf 81' lang='lat' dir='ltr'><strong>dorsis</strong></span> 
     </span>
    </p>
   </div>
   <div class='ocr_carea' id='block_1_65' title="bbox 339 4820 1930 4896">
    <p class='ocr_par' dir='ltr' id='par_1_65' title="bbox 339 4820 1930 4896">
     <span class='ocr_line' id='line_1_65' title="bbox 339 4820 1930 4896; baseline 0.009 -24"><span class='ocrx_word' id='word_1_513' title='bbox 339 4820 760 4890; x_wconf 83' lang='lat' dir='ltr'><strong>praecedentium</strong></span> <span class='ocrx_word' id='word_1_514' title='bbox 791 4830 1194 4893; x_wconf 89' lang='lat' dir='ltr'><strong>superponunt,</strong></span> <span class='ocrx_word' id='word_1_515' title='bbox 1226 4826 1436 4896; x_wconf 84' lang='lat' dir='ltr'><strong>sibique</strong></span> <span class='ocrx_word' id='word_1_516' title='bbox 1479 4829 1707 4883; x_wconf 89' lang='lat' dir='ltr'><strong>invicem</strong></span> <span class='ocrx_word' id='word_1_517' title='bbox 1740 4847 1930 4886; x_wconf 85' lang='lat' dir='ltr'><strong>succe-</strong></span> 
     </span>
    </p>
   </div>
   <div class='ocr_carea' id='block_1_66' title="bbox 341 4910 1928 4983">
    <p class='ocr_par' dir='ltr' id='par_1_66' title="bbox 341 4910 1928 4983">
     <span class='ocr_line' id='line_1_66' title="bbox 341 4910 1928 4983; baseline 0.008 -16"><span class='ocrx_word' id='word_1_518' title='bbox 341 4913 531 4967; x_wconf 88' lang='lat' dir='ltr'><strong>dentes</strong></span> <span class='ocrx_word' id='word_1_519' title='bbox 561 4910 800 4967; x_wconf 83' lang='lat' dir='ltr'><strong>laborem</strong></span> <span class='ocrx_word' id='word_1_520' title='bbox 829 4915 1086 4983; x_wconf 88' lang='lat' dir='ltr'><strong>ponderis</strong></span> <span class='ocrx_word' id='word_1_521' title='bbox 1115 4919 1336 4974; x_wconf 88' lang='lat' dir='ltr'><strong>omnino</strong></span> <span class='ocrx_word' id='word_1_522' title='bbox 1367 4937 1474 4975; x_wconf 91' lang='lat' dir='ltr'><strong>non</strong></span> <span class='ocrx_word' id='word_1_523' title='bbox 1499 4923 1756 4976; x_wconf 88' lang='lat' dir='ltr'><strong>sentiunt.</strong></span> <span class='ocrx_word' id='word_1_524' title='bbox 1794 4917 1928 4978; x_wconf 86' lang='lat' dir='ltr'><strong>Par-</strong></span> 
     </span>
    </p>
   </div>
   <div class='ocr_carea' id='block_1_67' title="bbox 343 5003 1932 5072">
    <p class='ocr_par' dir='ltr' id='par_1_67' title="bbox 343 5003 1932 5072">
     <span class='ocr_line' id='line_1_67' title="bbox 343 5003 1932 5072; baseline 0.01 -16"><span class='ocrx_word' id='word_1_525' title='bbox 343 5003 604 5059; x_wconf 88' lang='lat' dir='ltr'><strong>turicntcs</strong></span> <span class='ocrx_word' id='word_1_526' title='bbox 646 5005 790 5059; x_wconf 90' lang='lat' dir='ltr'><strong>enim</strong></span> <span class='ocrx_word' id='word_1_527' title='bbox 841 5023 1031 5062; x_wconf 83' lang='lat' dir='ltr'><strong>cervas</strong></span> <span class='ocrx_word' id='word_1_528' title='bbox 1074 5009 1370 5067; x_wconf 87' lang='lat' dir='ltr'><strong>observare</strong></span> <span class='ocrx_word' id='word_1_529' title='bbox 1399 5024 1480 5068; x_wconf 84' lang='lat' dir='ltr'><strong>est</strong></span> <span class='ocrx_word' id='word_1_530' title='bbox 1516 5033 1527 5068; x_wconf 91' lang='lat'><strong>:</strong></span> <span class='ocrx_word' id='word_1_531' title='bbox 1563 5013 1680 5069; x_wconf 92' lang='lat' dir='ltr'><strong>illos</strong></span> <span class='ocrx_word' id='word_1_532' title='bbox 1719 5009 1932 5072; x_wconf 79' lang='lat' dir='ltr'><strong>laberes</strong></span> 
     </span>
    </p>
   </div>
   <div class='ocr_carea' id='block_1_68' title="bbox 340 5099 1929 5177">
    <p class='ocr_par' dir='ltr' id='par_1_68' title="bbox 340 5099 1929 5177">
     <span class='ocr_line' id='line_1_68' title="bbox 340 5099 1929 5177; baseline 0.009 -25"><span class='ocrx_word' id='word_1_533' title='bbox 340 5108 578 5168; x_wconf 86' lang='lat' dir='ltr'><strong>patrum,</strong></span> <span class='ocrx_word' id='word_1_534' title='bbox 624 5099 714 5168; x_wconf 88' lang='lat' dir='ltr'><strong>qui</strong></span> <span class='ocrx_word' id='word_1_535' title='bbox 762 5100 1031 5171; x_wconf 89' lang='lat' dir='ltr'><strong>spiritales</strong></span> <span class='ocrx_word' id='word_1_536' title='bbox 1072 5103 1211 5160; x_wconf 85' lang='lat' dir='ltr'><strong>ﬁlios</strong></span> <span class='ocrx_word' id='word_1_537' title='bbox 1241 5117 1516 5177; x_wconf 81' lang='lat' dir='ltr'><strong>generant,</strong></span> <span class='ocrx_word' id='word_1_538' title='bbox 1547 5120 1704 5163; x_wconf 91' lang='lat' dir='ltr'><strong>cauta</strong></span> <span class='ocrx_word' id='word_1_539' title='bbox 1752 5113 1929 5166; x_wconf 87' lang='lat' dir='ltr'><strong>consi-</strong></span> 
     </span>
    </p>
   </div>
   <div class='ocr_carea' id='block_1_69' title="bbox 345 5193 1927 5270">
    <p class='ocr_par' dir='ltr' id='par_1_69' title="bbox 345 5193 1927 5270">
     <span class='ocr_line' id='line_1_69' title="bbox 345 5193 1927 5270; baseline 0.008 -24"><span class='ocrx_word' id='word_1_540' title='bbox 345 5193 621 5248; x_wconf 88' lang='lat' dir='ltr'><strong>deratione</strong></span> <span class='ocrx_word' id='word_1_541' title='bbox 655 5210 904 5263; x_wconf 89' lang='lat' dir='ltr'><strong>pensare.</strong></span> <span class='ocrx_word' id='word_1_542' title='bbox 963 5194 1201 5252; x_wconf 87' lang='lat' dir='ltr'><strong>Solertcr</strong></span> <span class='ocrx_word' id='word_1_543' title='bbox 1238 5200 1435 5269; x_wconf 90' lang='lat' dir='ltr'><strong>quippe</strong></span> <span class='ocrx_word' id='word_1_544' title='bbox 1464 5199 1780 5257; x_wconf 89' lang='lat' dir='ltr'><strong>intuendum</strong></span> <span class='ocrx_word' id='word_1_545' title='bbox 1806 5214 1889 5259; x_wconf 86' lang='lat' dir='ltr'><strong>est</strong></span> <span class='ocrx_word' id='word_1_546' title='bbox 1914 5247 1927 5270; x_wconf 96' lang='lat'><strong>,</strong></span> 
     </span>
    </p>
   </div>
   <div class='ocr_carea' id='block_1_70' title="bbox 346 5283 1928 5363">
    <p class='ocr_par' dir='ltr' id='par_1_70' title="bbox 346 5283 1928 5363">
     <span class='ocr_line' id='line_1_70' title="bbox 346 5283 1928 5363; baseline 0.009 -26"><span class='ocrx_word' id='word_1_547' title='bbox 346 5285 486 5354; x_wconf 89' lang='lat' dir='ltr'><strong>quod</strong></span> <span class='ocrx_word' id='word_1_548' title='bbox 515 5283 603 5341; x_wconf 90' lang='lat' dir='ltr'><strong>hic</strong></span> <span class='ocrx_word' id='word_1_549' title='bbox 625 5303 805 5343; x_wconf 89' lang='lat' dir='ltr'><strong>sermo</strong></span> <span class='ocrx_word' id='word_1_550' title='bbox 835 5296 945 5342; x_wconf 89' lang='lat' dir='ltr'><strong>tam</strong></span> <span class='ocrx_word' id='word_1_551' title='bbox 978 5289 1266 5359; x_wconf 85' lang='lat' dir='ltr'><strong>vigilanter</strong></span> <span class='ocrx_word' id='word_1_552' title='bbox 1293 5292 1642 5363; x_wconf 87' lang='lat' dir='ltr'><strong>imprimitur,</strong></span> <span class='ocrx_word' id='word_1_553' title='bbox 1674 5303 1733 5349; x_wconf 94' lang='lat' dir='ltr'><strong>ut</strong></span> <span class='ocrx_word' id='word_1_554' title='bbox 1779 5295 1928 5350; x_wconf 86' lang='lat' dir='ltr'><strong>dica-</strong></span> 
     </span>
    </p>
   </div>
   <div class='ocr_carea' id='block_1_71' title="bbox 347 5378 1931 5458">
    <p class='ocr_par' dir='ltr' id='par_1_71' title="bbox 347 5378 1931 5458">
     <span class='ocr_line' id='line_1_71' title="bbox 347 5378 1931 5458; baseline 0.008 -28"><span class='ocrx_word' id='word_1_555' title='bbox 347 5386 453 5444; x_wconf 87' lang='lat' dir='ltr'><strong>tur,</strong></span> <span class='ocrx_word' id='word_1_556' title='bbox 485 5378 818 5434; x_wconf 88' lang='lat' dir='ltr'><strong>observasti?</strong></span> <span class='ocrx_word' id='word_1_557' title='bbox 844 5381 978 5449; x_wconf 85' lang='lat' dir='ltr'><strong>Quia</strong></span> <span class='ocrx_word' id='word_1_558' title='bbox 1020 5383 1206 5452; x_wconf 90' lang='lat' dir='ltr'><strong>utique</strong></span> <span class='ocrx_word' id='word_1_559' title='bbox 1251 5399 1642 5454; x_wconf 84' lang='lat' dir='ltr'><strong>perpaucorum</strong></span> <span class='ocrx_word' id='word_1_560' title='bbox 1681 5397 1766 5443; x_wconf 88' lang='lat' dir='ltr'><strong>est</strong></span> <span class='ocrx_word' id='word_1_561' title='bbox 1801 5401 1931 5458; x_wconf 89' lang='lat' dir='ltr'><strong>pen-</strong></span> 
     </span>
    </p>
   </div>
   <div class='ocr_carea' id='block_1_72' title="bbox 348 5469 1930 5549">
    <p class='ocr_par' dir='ltr' id='par_1_72' title="bbox 348 5469 1930 5549">
     <span class='ocr_line' id='line_1_72' title="bbox 348 5469 1930 5549; baseline 0.006 -24"><span class='ocrx_word' id='word_1_562' title='bbox 348 5485 491 5534; x_wconf 86' lang='lat' dir='ltr'><strong>sare,</strong></span> <span class='ocrx_word' id='word_1_563' title='bbox 508 5470 598 5539; x_wconf 90' lang='lat' dir='ltr'><strong>qui</strong></span> <span class='ocrx_word' id='word_1_564' title='bbox 624 5469 778 5525; x_wconf 89' lang='lat' dir='ltr'><strong>labor</strong></span> <span class='ocrx_word' id='word_1_565' title='bbox 795 5474 864 5526; x_wconf 87' lang='lat' dir='ltr'><strong>sit</strong></span> <span class='ocrx_word' id='word_1_566' title='bbox 887 5474 937 5526; x_wconf 91' lang='lat' dir='ltr'><strong>in</strong></span> <span class='ocrx_word' id='word_1_567' title='bbox 965 5476 1435 5543; x_wconf 66' lang='lat' dir='ltr'><strong>praedicationibus</strong></span> <span class='ocrx_word' id='word_1_568' title='bbox 1457 5487 1695 5547; x_wconf 89' lang='lat' dir='ltr'><strong>patrum,</strong></span> <span class='ocrx_word' id='word_1_569' title='bbox 1715 5482 1930 5549; x_wconf 89' lang='lat' dir='ltr'><strong>quantis</strong></span> 
     </span>
    </p>
   </div>
   <div class='ocr_carea' id='block_1_73' title="bbox 349 5561 1929 5637">
    <p class='ocr_par' dir='ltr' id='par_1_73' title="bbox 349 5561 1929 5637">
     <span class='ocr_line' id='line_1_73' title="bbox 349 5561 1929 5637; baseline 0.006 -20"><span class='ocrx_word' id='word_1_570' title='bbox 349 5561 622 5617; x_wconf 86' lang='lat' dir='ltr'><strong>doloribus</strong></span> <span class='ocrx_word' id='word_1_571' title='bbox 660 5565 812 5632; x_wconf 86' lang='lat' dir='ltr'><strong>quasi</strong></span> <span class='ocrx_word' id='word_1_572' title='bbox 862 5568 1222 5637; x_wconf 89' lang='lat' dir='ltr'><strong>quibusquam</strong></span> <span class='ocrx_word' id='word_1_573' title='bbox 1277 5571 1566 5627; x_wconf 89' lang='lat' dir='ltr'><strong>conatibus</strong></span> <span class='ocrx_word' id='word_1_574' title='bbox 1616 5574 1823 5628; x_wconf 89' lang='lat' dir='ltr'><strong>animas</strong></span> <span class='ocrx_word' id='word_1_575' title='bbox 1874 5572 1929 5627; x_wconf 87' lang='lat' dir='ltr'><strong>in</strong></span> 
     </span>
    </p>
   </div>
   <div class='ocr_carea' id='block_1_74' title="bbox 349 5655 1931 5733">
    <p class='ocr_par' dir='ltr' id='par_1_74' title="bbox 349 5655 1931 5733">
     <span class='ocr_line' id='line_1_74' title="bbox 349 5655 1931 5733; baseline 0.005 -22"><span class='ocrx_word' id='word_1_576' title='bbox 349 5655 453 5711; x_wconf 84' lang='lat' dir='ltr'><strong>ﬁde</strong></span> <span class='ocrx_word' id='word_1_577' title='bbox 483 5663 532 5709; x_wconf 91' lang='lat' dir='ltr'><strong>et</strong></span> <span class='ocrx_word' id='word_1_578' title='bbox 570 5658 979 5712; x_wconf 86' lang='lat' dir='ltr'><strong>conversatione</strong></span> <span class='ocrx_word' id='word_1_579' title='bbox 1035 5662 1343 5729; x_wconf 87' lang='lat' dir='ltr'><strong>parturiunt</strong></span> <span class='ocrx_word' id='word_1_580' title='bbox 1389 5682 1400 5717; x_wconf 95' lang='lat'>:</span> <span class='ocrx_word' id='word_1_581' title='bbox 1455 5678 1619 5733; x_wconf 91' lang='lat' dir='ltr'><strong>quam</strong></span> <span class='ocrx_word' id='word_1_582' title='bbox 1666 5675 1822 5718; x_wconf 87' lang='lat' dir='ltr'><strong>cauta</strong></span> <span class='ocrx_word' id='word_1_583' title='bbox 1873 5680 1931 5719; x_wconf 92' lang='lat' dir='ltr'><strong>se</strong></span> 
     </span>
    </p>
   </div>
   <div class='ocr_carea' id='block_1_75' title="bbox 347 5747 1928 5828">
    <p class='ocr_par' dir='ltr' id='par_1_75' title="bbox 347 5747 1928 5828">
     <span class='ocr_line' id='line_1_75' title="bbox 347 5747 1928 5828; baseline 0.006 -25"><span class='ocrx_word' id='word_1_584' title='bbox 347 5747 724 5805; x_wconf 88' lang='lat' dir='ltr'><strong>observatione</strong></span> <span class='ocrx_word' id='word_1_585' title='bbox 751 5749 1212 5822; x_wconf 84' lang='lat' dir='ltr'><strong>circumspiciunt,</strong></span> <span class='ocrx_word' id='word_1_586' title='bbox 1257 5761 1316 5809; x_wconf 93' lang='lat' dir='ltr'><strong>ut</strong></span> <span class='ocrx_word' id='word_1_587' title='bbox 1355 5755 1463 5811; x_wconf 84' lang='lat' dir='ltr'><strong>sint</strong></span> <span class='ocrx_word' id='word_1_588' title='bbox 1503 5754 1677 5812; x_wconf 74' lang='lat' dir='ltr'><strong>fortes</strong></span> <span class='ocrx_word' id='word_1_589' title='bbox 1695 5749 1761 5810; x_wconf 86' lang='lat' dir='ltr'><strong>in</strong></span> <span class='ocrx_word' id='word_1_590' title='bbox 1787 5770 1928 5828; x_wconf 74' lang='lat' dir='ltr'><strong>prae-</strong></span> 
     </span>
    </p>
   </div>
   <div class='ocr_carea' id='block_1_76' title="bbox 1956 4513 2012 4574">
    <p class='ocr_par' dir='ltr' id='par_1_76' title="bbox 1956 4513 2012 4574">
     <span class='ocr_line' id='line_1_76' title="bbox 1956 4513 2012 4574; baseline 0 0"><span class='ocrx_word' id='word_1_591' title='bbox 1956 4513 2012 4574; x_wconf 91' lang='lat' dir='ltr'><strong>D</strong></span> 
     </span>
    </p>
   </div>
   <div class='ocr_carea' id='block_1_77' title="bbox 2031 1889 3628 1961">
    <p class='ocr_par' dir='ltr' id='par_1_77' title="bbox 2031 1889 3628 1961">
     <span class='ocr_line' id='line_1_77' title="bbox 2031 1889 3628 1961; baseline -0.003 -13"><span class='ocrx_word' id='word_1_592' title='bbox 2031 1903 2244 1948; x_wconf 89' lang='lat' dir='ltr'><strong>uterum</strong></span> <span class='ocrx_word' id='word_1_593' title='bbox 2288 1891 2570 1948; x_wconf 80' lang='lat' dir='ltr'><strong>charitatis</strong></span> <span class='ocrx_word' id='word_1_594' title='bbox 2612 1897 2852 1961; x_wconf 89' lang='lat' dir='ltr'><strong>portant.</strong></span> <span class='ocrx_word' id='word_1_595' title='bbox 2899 1889 2958 1943; x_wconf 87' lang='lat' dir='ltr'><strong>In</strong></span> <span class='ocrx_word' id='word_1_596' title='bbox 3010 1889 3219 1944; x_wconf 82' lang='lat' dir='ltr'><strong>edenda</strong></span> <span class='ocrx_word' id='word_1_597' title='bbox 3285 1889 3430 1943; x_wconf 88' lang='lat' dir='ltr'><strong>enim</strong></span> <span class='ocrx_word' id='word_1_598' title='bbox 3475 1889 3628 1960; x_wconf 89' lang='lat' dir='ltr'><strong>prole</strong></span> 
     </span>
    </p>
   </div>
   <div class='ocr_carea' id='block_1_78' title="bbox 2033 1981 3626 2053">
    <p class='ocr_par' dir='ltr' id='par_1_78' title="bbox 2033 1981 3626 2053">
     <span class='ocr_line' id='line_1_78' title="bbox 2033 1981 3626 2053; baseline 0.001 -17"><span class='ocrx_word' id='word_1_599' title='bbox 2033 1983 2264 2053; x_wconf 87' lang='lat' dir='ltr'><strong>amplius</strong></span> <span class='ocrx_word' id='word_1_600' title='bbox 2293 1992 2497 2038; x_wconf 90' lang='lat' dir='ltr'><strong>matres</strong></span> <span class='ocrx_word' id='word_1_601' title='bbox 2537 1982 2785 2038; x_wconf 88' lang='lat' dir='ltr'><strong>laborant</strong></span> <span class='ocrx_word' id='word_1_602' title='bbox 2805 1995 2926 2050; x_wconf 86' lang='lat' dir='ltr'><strong>quae</strong></span> <span class='ocrx_word' id='word_1_603' title='bbox 2961 1987 3296 2035; x_wconf 83' lang='lat' dir='ltr'><strong>crescentem</strong></span> <span class='ocrx_word' id='word_1_604' title='bbox 3339 1981 3478 2035; x_wconf 86' lang='lat' dir='ltr'><strong>intra</strong></span> <span class='ocrx_word' id='word_1_605' title='bbox 3507 1990 3626 2037; x_wconf 88' lang='lat' dir='ltr'><strong>ute-</strong></span> 
     </span>
    </p>
   </div>
   <div class='ocr_carea' id='block_1_79' title="bbox 2031 2072 3629 2144">
    <p class='ocr_par' dir='ltr' id='par_1_79' title="bbox 2031 2072 3629 2144">
     <span class='ocr_line' id='line_1_79' title="bbox 2031 2072 3629 2144; baseline -0.001 -17"><span class='ocrx_word' id='word_1_606' title='bbox 2031 2090 2152 2128; x_wconf 89' lang='lat' dir='ltr'><strong>rum</strong></span> <span class='ocrx_word' id='word_1_607' title='bbox 2195 2074 2605 2144; x_wconf 88' lang='lat' dir='ltr'><strong>conccptionem</strong></span> <span class='ocrx_word' id='word_1_608' title='bbox 2652 2073 2813 2143; x_wconf 86' lang='lat' dir='ltr'><strong>longo</strong></span> <span class='ocrx_word' id='word_1_609' title='bbox 2851 2072 3119 2126; x_wconf 89' lang='lat' dir='ltr'><strong>mensium</strong></span> <span class='ocrx_word' id='word_1_610' title='bbox 3174 2078 3416 2143; x_wconf 88' lang='lat' dir='ltr'><strong>tempore</strong></span> <span class='ocrx_word' id='word_1_611' title='bbox 3465 2073 3629 2127; x_wconf 84' lang='lat' dir='ltr'><strong>susti-</strong></span> 
     </span>
    </p>
   </div>
   <div class='ocr_carea' id='block_1_80' title="bbox 2031 2165 3631 2236">
    <p class='ocr_par' dir='ltr' id='par_1_80' title="bbox 2031 2165 3631 2236">
     <span class='ocr_line' id='line_1_80' title="bbox 2031 2165 3631 2236; baseline -0.001 -14"><span class='ocrx_word' id='word_1_612' title='bbox 2031 2172 2186 2232; x_wconf 90' lang='lat' dir='ltr'><strong>nent,</strong></span> <span class='ocrx_word' id='word_1_613' title='bbox 2211 2175 2264 2220; x_wconf 92' lang='lat' dir='ltr'><strong>et</strong></span> <span class='ocrx_word' id='word_1_614' title='bbox 2293 2181 2412 2236; x_wconf 85' lang='lat' dir='ltr'><strong>quae</strong></span> <span class='ocrx_word' id='word_1_615' title='bbox 2441 2181 2508 2221; x_wconf 83' lang='lat' dir='ltr'><strong>ex</strong></span> <span class='ocrx_word' id='word_1_616' title='bbox 2529 2173 2686 2220; x_wconf 90' lang='lat' dir='ltr'><strong>utero</strong></span> <span class='ocrx_word' id='word_1_617' title='bbox 2712 2165 3100 2236; x_wconf 85' lang='lat' dir='ltr'><strong>procedentem</strong></span> <span class='ocrx_word' id='word_1_618' title='bbox 3131 2177 3238 2219; x_wconf 82' lang='lat' dir='ltr'><strong>non</strong></span> <span class='ocrx_word' id='word_1_619' title='bbox 3273 2165 3390 2221; x_wconf 83' lang='lat' dir='ltr'><strong>sine</strong></span> <span class='ocrx_word' id='word_1_620' title='bbox 3421 2165 3631 2236; x_wconf 81' lang='lat' dir='ltr'><strong>magnis</strong></span> 
     </span>
    </p>
   </div>
   <div class='ocr_carea' id='block_1_81' title="bbox 2034 2260 2631 2330">
    <p class='ocr_par' dir='ltr' id='par_1_81' title="bbox 2034 2260 2631 2330">
     <span class='ocr_line' id='line_1_81' title="bbox 2034 2260 2631 2330; baseline -0.003 -14"><span class='ocrx_word' id='word_1_621' title='bbox 2034 2260 2310 2316; x_wconf 89' lang='lat' dir='ltr'><strong>doloribus</strong></span> <span class='ocrx_word' id='word_1_622' title='bbox 2336 2261 2631 2330; x_wconf 82' lang='lat' dir='ltr'><strong>deponunt.</strong></span> 
     </span>
    </p>
   </div>
   <div class='ocr_carea' id='block_1_82' title="bbox 2109 2349 3620 2421">
    <p class='ocr_par' dir='ltr' id='par_1_82' title="bbox 2109 2349 3620 2421">
     <span class='ocr_line' id='line_1_82' title="bbox 2109 2349 3620 2421; baseline 0.001 -20"><span class='ocrx_word' id='word_1_623' title='bbox 2109 2367 2127 2401; x_wconf 78' lang='grc' dir='ltr'><strong>ι</strong></span> <span class='ocrx_word' id='word_1_624' title='bbox 2158 2350 2422 2420; x_wconf 85' lang='lat' dir='ltr'><strong>Etonagri</strong></span> <span class='ocrx_word' id='word_1_625' title='bbox 2442 2357 2710 2404; x_wconf 84' lang='lat' dir='ltr'><strong>steterunt</strong></span> <span class='ocrx_word' id='word_1_626' title='bbox 2739 2351 2793 2405; x_wconf 92' lang='lat' dir='ltr'><strong>in</strong></span> <span class='ocrx_word' id='word_1_627' title='bbox 2823 2349 3066 2421; x_wconf 87' lang='lat' dir='ltr'><strong>rupibus,</strong></span> <span class='ocrx_word' id='word_1_628' title='bbox 3096 2357 3381 2405; x_wconf 80' lang='lat' dir='ltr'><strong>traxerunt</strong></span> <span class='ocrx_word' id='word_1_629' title='bbox 3402 2356 3620 2405; x_wconf 76' lang='lat' dir='ltr'><strong>ventum</strong></span> 
     </span>
    </p>
   </div>
   <div class='ocr_carea' id='block_1_83' title="bbox 2033 2441 3626 2513">
    <p class='ocr_par' dir='ltr' id='par_1_83' title="bbox 2033 2441 3626 2513">
     <span class='ocr_line' id='line_1_83' title="bbox 2033 2441 3626 2513; baseline 0.001 -17"><span class='ocrx_word' id='word_1_630' title='bbox 2033 2442 2187 2512; x_wconf 90' lang='lat' dir='ltr'><strong>quasi</strong></span> <span class='ocrx_word' id='word_1_631' title='bbox 2245 2443 2532 2507; x_wconf 88' lang='lat' dir='ltr'><strong>dracones,</strong></span> <span class='ocrx_word' id='word_1_632' title='bbox 2591 2442 2905 2498; x_wconf 79' lang='lat' dir='ltr'><strong>defecerunt</strong></span> <span class='ocrx_word' id='word_1_633' title='bbox 2945 2441 3086 2511; x_wconf 89' lang='lat' dir='ltr'><strong>oculi</strong></span> <span class='ocrx_word' id='word_1_634' title='bbox 3117 2455 3334 2509; x_wconf 79' lang='lat' dir='ltr'><strong>eorum,</strong></span> <span class='ocrx_word' id='word_1_635' title='bbox 3364 2444 3488 2513; x_wconf 89' lang='lat' dir='ltr'><strong>quia</strong></span> <span class='ocrx_word' id='word_1_636' title='bbox 3519 2457 3626 2498; x_wconf 89' lang='lat' dir='ltr'><strong>non</strong></span> 
     </span>
    </p>
   </div>
   <div class='ocr_carea' id='block_1_84' title="bbox 2033 2532 3628 2607">
    <p class='ocr_par' dir='ltr' id='par_1_84' title="bbox 2033 2532 3628 2607">
     <span class='ocr_line' id='line_1_84' title="bbox 2033 2532 3628 2607; baseline 0.002 -22"><span class='ocrx_word' id='word_1_637' title='bbox 2033 2540 2154 2586; x_wconf 90' lang='lat' dir='ltr'><strong>erat</strong></span> <span class='ocrx_word' id='word_1_638' title='bbox 2199 2533 2365 2588; x_wconf 90' lang='lat' dir='ltr'><strong>herba</strong></span> <span class='ocrx_word' id='word_1_639' title='bbox 2412 2532 2538 2605; x_wconf 79' lang='lat' dir='ltr'><strong>(sive</strong></span> <span class='ocrx_word' id='word_1_640' title='bbox 2575 2532 2803 2605; x_wconf 80' lang='lat' dir='ltr'><strong>fenum).</strong></span> <span class='ocrx_word' id='word_1_641' title='bbox 2841 2554 2860 2586; x_wconf 74' lang='grc' dir='ltr'><strong>ι</strong></span> <span class='ocrx_word' id='word_1_642' title='bbox 2897 2533 3174 2607; x_wconf 74' lang='grc' dir='ltr'><strong>(Ηίενοη.)</strong></span> <span class='ocrx_word' id='word_1_643' title='bbox 3208 2532 3444 2591; x_wconf 79' lang='lat' dir='ltr'><strong>Grandis</strong></span> <span class='ocrx_word' id='word_1_644' title='bbox 3471 2534 3628 2590; x_wconf 85' lang='lat' dir='ltr'><strong>steri-</strong></span> 
     </span>
    </p>
   </div>
   <div class='ocr_carea' id='block_1_85' title="bbox 2033 2623 3625 2697">
    <p class='ocr_par' dir='ltr' id='par_1_85' title="bbox 2033 2623 3625 2697">
     <span class='ocr_line' id='line_1_85' title="bbox 2033 2623 3625 2697; baseline 0.001 -19"><span class='ocrx_word' id='word_1_645' title='bbox 2033 2623 2180 2690; x_wconf 89' lang='lat' dir='ltr'><strong>litas,</strong></span> <span class='ocrx_word' id='word_1_646' title='bbox 2215 2623 2433 2695; x_wconf 86' lang='lat' dir='ltr'><strong>quando</strong></span> <span class='ocrx_word' id='word_1_647' title='bbox 2482 2633 2534 2679; x_wconf 89' lang='lat' dir='ltr'><strong>et</strong></span> <span class='ocrx_word' id='word_1_648' title='bbox 2572 2641 2748 2681; x_wconf 82' lang='lat' dir='ltr'><strong>cervae</strong></span> <span class='ocrx_word' id='word_1_649' title='bbox 2795 2626 2848 2681; x_wconf 89' lang='lat' dir='ltr'><strong>in</strong></span> <span class='ocrx_word' id='word_1_650' title='bbox 2894 2639 3023 2697; x_wconf 87' lang='lat' dir='ltr'><strong>agro</strong></span> <span class='ocrx_word' id='word_1_651' title='bbox 3056 2625 3316 2697; x_wconf 86' lang='lat' dir='ltr'><strong>pariunt,</strong></span> <span class='ocrx_word' id='word_1_652' title='bbox 3348 2634 3402 2681; x_wconf 89' lang='lat' dir='ltr'><strong>et</strong></span> <span class='ocrx_word' id='word_1_653' title='bbox 3457 2625 3625 2680; x_wconf 86' lang='lat' dir='ltr'><strong>relin-</strong></span> 
     </span>
    </p>
   </div>
   <div class='ocr_carea' id='block_1_86' title="bbox 2034 2717 3624 2790">
    <p class='ocr_par' dir='ltr' id='par_1_86' title="bbox 2034 2717 3624 2790">
     <span class='ocr_line' id='line_1_86' title="bbox 2034 2717 3624 2790; baseline 0 -17"><span class='ocrx_word' id='word_1_654' title='bbox 2034 2727 2207 2789; x_wconf 90' lang='lat' dir='ltr'><strong>quunt</strong></span> <span class='ocrx_word' id='word_1_655' title='bbox 2253 2718 2391 2775; x_wconf 81' lang='lat' dir='ltr'><strong>fetus</strong></span> <span class='ocrx_word' id='word_1_656' title='bbox 2431 2735 2589 2785; x_wconf 89' lang='lat' dir='ltr'><strong>suos,</strong></span> <span class='ocrx_word' id='word_1_657' title='bbox 2637 2721 2762 2790; x_wconf 88' lang='lat' dir='ltr'><strong>quia</strong></span> <span class='ocrx_word' id='word_1_658' title='bbox 2789 2735 2895 2774; x_wconf 93' lang='lat' dir='ltr'><strong>non</strong></span> <span class='ocrx_word' id='word_1_659' title='bbox 2927 2722 2997 2774; x_wconf 84' lang='lat' dir='ltr'><strong>sit</strong></span> <span class='ocrx_word' id='word_1_660' title='bbox 3025 2719 3192 2776; x_wconf 89' lang='lat' dir='ltr'><strong>herba</strong></span> <span class='ocrx_word' id='word_1_661' title='bbox 3249 2719 3336 2774; x_wconf 86' lang='lat' dir='ltr'><strong>vel</strong></span> <span class='ocrx_word' id='word_1_662' title='bbox 3385 2717 3570 2774; x_wconf 81' lang='lat' dir='ltr'><strong>fenum</strong></span> <span class='ocrx_word' id='word_1_663' title='bbox 3606 2759 3624 2786; x_wconf 90' lang='lat'><strong>,</strong></span> 
     </span>
    </p>
   </div>
   <div class='ocr_carea' id='block_1_87' title="bbox 2033 2809 3624 2883">
    <p class='ocr_par' dir='ltr' id='par_1_87' title="bbox 2033 2809 3624 2883">
     <span class='ocr_line' id='line_1_87' title="bbox 2033 2809 3624 2883; baseline 0.001 -16"><span class='ocrx_word' id='word_1_664' title='bbox 2033 2821 2095 2868; x_wconf 92' lang='lat' dir='ltr'><strong>ut</strong></span> <span class='ocrx_word' id='word_1_665' title='bbox 2147 2825 2266 2882; x_wconf 76' lang='lat' dir='ltr'><strong>quae</strong></span> <span class='ocrx_word' id='word_1_666' title='bbox 2310 2812 2477 2866; x_wconf 92' lang='lat' dir='ltr'><strong>odore</strong></span> <span class='ocrx_word' id='word_1_667' title='bbox 2515 2813 2729 2867; x_wconf 90' lang='lat' dir='ltr'><strong>narium</strong></span> <span class='ocrx_word' id='word_1_668' title='bbox 2779 2817 3060 2883; x_wconf 86' lang='lat' dir='ltr'><strong>serpentes</strong></span> <span class='ocrx_word' id='word_1_669' title='bbox 3105 2812 3403 2868; x_wconf 83' lang='lat' dir='ltr'><strong>extrahunt</strong></span> <span class='ocrx_word' id='word_1_670' title='bbox 3433 2809 3501 2868; x_wconf 85' lang='lat' dir='ltr'><strong>de</strong></span> <span class='ocrx_word' id='word_1_671' title='bbox 3528 2823 3624 2868; x_wconf 85' lang='lat' dir='ltr'><strong>ea-</strong></span> 
     </span>
    </p>
   </div>
   <div class='ocr_carea' id='block_1_88' title="bbox 2032 2903 3628 2975">
    <p class='ocr_par' dir='ltr' id='par_1_88' title="bbox 2032 2903 3628 2975">
     <span class='ocr_line' id='line_1_88' title="bbox 2032 2903 3628 2975; baseline 0 -16"><span class='ocrx_word' id='word_1_672' title='bbox 2032 2905 2235 2970; x_wconf 90' lang='lat' dir='ltr'><strong>vernis,</strong></span> <span class='ocrx_word' id='word_1_673' title='bbox 2268 2914 2324 2959; x_wconf 90' lang='lat' dir='ltr'><strong>et</strong></span> <span class='ocrx_word' id='word_1_674' title='bbox 2354 2914 2616 2960; x_wconf 87' lang='lat' dir='ltr'><strong>venenata</strong></span> <span class='ocrx_word' id='word_1_675' title='bbox 2655 2905 2988 2960; x_wconf 82' lang='lat' dir='ltr'><strong>interﬁciunt</strong></span> <span class='ocrx_word' id='word_1_676' title='bbox 3017 2905 3334 2969; x_wconf 80' lang='lat' dir='ltr'><strong>animantia,</strong></span> <span class='ocrx_word' id='word_1_677' title='bbox 3355 2903 3478 2960; x_wconf 84' lang='lat' dir='ltr'><strong>cibo</strong></span> <span class='ocrx_word' id='word_1_678' title='bbox 3505 2919 3628 2975; x_wconf 81' lang='lat' dir='ltr'><strong>gra-</strong></span> 
     </span>
    </p>
   </div>
   <div class='ocr_carea' id='block_1_89' title="bbox 2023 2993 3630 3066">
    <p class='ocr_par' dir='ltr' id='par_1_89' title="bbox 2023 2993 3630 3066">
     <span class='ocr_line' id='line_1_89' title="bbox 2023 2993 3630 3066; baseline 0.001 -18"><span class='ocrx_word' id='word_1_679' title='bbox 2023 2995 2125 3048; x_wconf 64' lang='lat' dir='ltr'><strong>tia:</strong></span> <span class='ocrx_word' id='word_1_680' title='bbox 2153 3011 2263 3050; x_wconf 91' lang='lat' dir='ltr'><strong>non</strong></span> <span class='ocrx_word' id='word_1_681' title='bbox 2291 3002 2534 3048; x_wconf 89' lang='lat' dir='ltr'><strong>utantur.</strong></span> <span class='ocrx_word' id='word_1_682' title='bbox 2569 2994 2767 3066; x_wconf 83' lang='lat' dir='ltr'><strong>Onagri</strong></span> <span class='ocrx_word' id='word_1_683' title='bbox 2800 3010 3036 3065; x_wconf 89' lang='lat' dir='ltr'><strong>quoque,</strong></span> <span class='ocrx_word' id='word_1_684' title='bbox 3055 2993 3122 3050; x_wconf 91' lang='lat' dir='ltr'><strong>de</strong></span> <span class='ocrx_word' id='word_1_685' title='bbox 3149 2996 3346 3065; x_wconf 91' lang='lat' dir='ltr'><strong>quibus</strong></span> <span class='ocrx_word' id='word_1_686' title='bbox 3369 2995 3630 3064; x_wconf 83' lang='lat' dir='ltr'><strong>scriptum</strong></span> 
     </span>
    </p>
   </div>
   <div class='ocr_carea' id='block_1_90' title="bbox 2035 3085 3630 3157">
    <p class='ocr_par' dir='ltr' id='par_1_90' title="bbox 2035 3085 3630 3157">
     <span class='ocr_line' id='line_1_90' title="bbox 2035 3085 3630 3157; baseline -0.001 -16"><span class='ocrx_word' id='word_1_687' title='bbox 2035 3095 2121 3142; x_wconf 90' lang='lat' dir='ltr'><strong>est</strong></span> <span class='ocrx_word' id='word_1_688' title='bbox 2157 3105 2168 3140; x_wconf 91' lang='lat'><strong>:</strong></span> <span class='ocrx_word' id='word_1_689' title='bbox 2208 3105 2226 3136; x_wconf 76' lang='grc' dir='ltr'><strong>ι</strong></span> <span class='ocrx_word' id='word_1_690' title='bbox 2262 3085 2395 3153; x_wconf 88' lang='lat' dir='ltr'><strong>Quis</strong></span> <span class='ocrx_word' id='word_1_691' title='bbox 2424 3087 2630 3141; x_wconf 88' lang='lat' dir='ltr'><strong>dimisit</strong></span> <span class='ocrx_word' id='word_1_692' title='bbox 2673 3086 2727 3140; x_wconf 92' lang='lat' dir='ltr'><strong>in</strong></span> <span class='ocrx_word' id='word_1_693' title='bbox 2774 3086 3066 3142; x_wconf 87' lang='lat' dir='ltr'><strong>solitudine</strong></span> <span class='ocrx_word' id='word_1_694' title='bbox 3101 3102 3364 3157; x_wconf 81' lang='lat' dir='ltr'><strong>onagrum</strong></span> <span class='ocrx_word' id='word_1_695' title='bbox 3398 3086 3630 3142; x_wconf 85' lang='lat' dir='ltr'><strong>liberum</strong></span> 
     </span>
    </p>
   </div>
   <div class='ocr_carea' id='block_1_91' title="bbox 2037 3175 3626 3250">
    <p class='ocr_par' dir='ltr' id='par_1_91' title="bbox 2037 3175 3626 3250">
     <span class='ocr_line' id='line_1_91' title="bbox 2037 3175 3626 3250; baseline -0.001 -18"><span class='ocrx_word' id='word_1_696' title='bbox 2037 3178 2178 3250; x_wconf 84' lang='lat' dir='ltr'><strong>(Job.</strong></span> <span class='ocrx_word' id='word_1_697' title='bbox 2224 3175 2456 3249; x_wconf 73' lang='lat' dir='ltr'><strong>xxnx)?</strong></span> <span class='ocrx_word' id='word_1_698' title='bbox 2492 3197 2509 3228; x_wconf 83' lang='lat' dir='ltr'><strong>I</strong></span> <span class='ocrx_word' id='word_1_699' title='bbox 2546 3177 2704 3248; x_wconf 88' lang='lat' dir='ltr'><strong>plana</strong></span> <span class='ocrx_word' id='word_1_700' title='bbox 2728 3185 2784 3232; x_wconf 91' lang='lat' dir='ltr'><strong>et</strong></span> <span class='ocrx_word' id='word_1_701' title='bbox 2815 3178 3142 3248; x_wconf 85' lang='lat' dir='ltr'><strong>campestria</strong></span> <span class='ocrx_word' id='word_1_702' title='bbox 3212 3178 3579 3247; x_wconf 87' lang='lat' dir='ltr'><strong>relinquentes</strong></span> <span class='ocrx_word' id='word_1_703' title='bbox 3611 3219 3626 3242; x_wconf 96' lang='lat'><strong>,</strong></span> 
     </span>
    </p>
   </div>
   <div class='ocr_carea' id='block_1_92' title="bbox 2036 3266 3633 3337">
    <p class='ocr_par' dir='ltr' id='par_1_92' title="bbox 2036 3266 3633 3337">
     <span class='ocr_line' id='line_1_92' title="bbox 2036 3266 3633 3337; baseline 0 -16"><span class='ocrx_word' id='word_1_704' title='bbox 2036 3275 2183 3322; x_wconf 90' lang='lat' dir='ltr'><strong>stent</strong></span> <span class='ocrx_word' id='word_1_705' title='bbox 2215 3268 2271 3321; x_wconf 92' lang='lat' dir='ltr'><strong>in</strong></span> <span class='ocrx_word' id='word_1_706' title='bbox 2301 3267 2526 3337; x_wconf 90' lang='lat' dir='ltr'><strong>rupibus</strong></span> <span class='ocrx_word' id='word_1_707' title='bbox 2563 3274 2619 3322; x_wconf 91' lang='lat' dir='ltr'><strong>et</strong></span> <span class='ocrx_word' id='word_1_708' title='bbox 2657 3280 2879 3322; x_wconf 87' lang='lat' dir='ltr'><strong>currere</strong></span> <span class='ocrx_word' id='word_1_709' title='bbox 2921 3275 3224 3337; x_wconf 84' lang='lat' dir='ltr'><strong>nequeant,</strong></span> <span class='ocrx_word' id='word_1_710' title='bbox 3258 3275 3312 3321; x_wconf 92' lang='lat' dir='ltr'><strong>et</strong></span> <span class='ocrx_word' id='word_1_711' title='bbox 3352 3266 3633 3322; x_wconf 88' lang='lat' dir='ltr'><strong>attrahant</strong></span> 
     </span>
    </p>
   </div>
   <div class='ocr_carea' id='block_1_93' title="bbox 2033 3357 3631 3428">
    <p class='ocr_par' dir='ltr' id='par_1_93' title="bbox 2033 3357 3631 3428">
     <span class='ocr_line' id='line_1_93' title="bbox 2033 3357 3631 3428; baseline -0.001 -14"><span class='ocrx_word' id='word_1_712' title='bbox 2033 3367 2253 3414; x_wconf 90' lang='lat' dir='ltr'><strong>ventum</strong></span> <span class='ocrx_word' id='word_1_713' title='bbox 2308 3359 2362 3413; x_wconf 91' lang='lat' dir='ltr'><strong>in</strong></span> <span class='ocrx_word' id='word_1_714' title='bbox 2422 3359 2719 3414; x_wconf 87' lang='lat' dir='ltr'><strong>draconum</strong></span> <span class='ocrx_word' id='word_1_715' title='bbox 2772 3357 3216 3425; x_wconf 89' lang='lat' dir='ltr'><strong>similitudinem,</strong></span> <span class='ocrx_word' id='word_1_716' title='bbox 3268 3357 3631 3428; x_wconf 82' lang='lat' dir='ltr'><strong>deﬁciantque</strong></span> 
     </span>
    </p>
   </div>
   <div class='ocr_carea' id='block_1_94' title="bbox 2034 3451 3625 3520">
    <p class='ocr_par' dir='ltr' id='par_1_94' title="bbox 2034 3451 3625 3520">
     <span class='ocr_line' id='line_1_94' title="bbox 2034 3451 3625 3520; baseline -0.001 -14"><span class='ocrx_word' id='word_1_717' title='bbox 2034 3452 2174 3506; x_wconf 86' lang='lat' dir='ltr'><strong>oculi</strong></span> <span class='ocrx_word' id='word_1_718' title='bbox 2229 3461 2450 3517; x_wconf 83' lang='lat' dir='ltr'><strong>eorum,</strong></span> <span class='ocrx_word' id='word_1_719' title='bbox 2497 3461 2551 3506; x_wconf 87' lang='lat' dir='ltr'><strong>et</strong></span> <span class='ocrx_word' id='word_1_720' title='bbox 2596 3451 2804 3506; x_wconf 89' lang='lat' dir='ltr'><strong>claram</strong></span> <span class='ocrx_word' id='word_1_721' title='bbox 2859 3451 3033 3506; x_wconf 88' lang='lat' dir='ltr'><strong>lucem</strong></span> <span class='ocrx_word' id='word_1_722' title='bbox 3069 3464 3295 3506; x_wconf 87' lang='lat' dir='ltr'><strong>cernere</strong></span> <span class='ocrx_word' id='word_1_723' title='bbox 3331 3457 3625 3520; x_wconf 88' lang='lat' dir='ltr'><strong>nequeant.</strong></span> 
     </span>
    </p>
   </div>
   <div class='ocr_carea' id='block_1_95' title="bbox 2034 3540 3631 3612">
    <p class='ocr_par' dir='ltr' id='par_1_95' title="bbox 2034 3540 3631 3612">
     <span class='ocr_line' id='line_1_95' title="bbox 2034 3540 3631 3612; baseline 0.001 -16"><span class='ocrx_word' id='word_1_724' title='bbox 2034 3542 2472 3596; x_wconf 80' lang='lat' dir='ltr'><strong>Rationabilibus</strong></span> <span class='ocrx_word' id='word_1_725' title='bbox 2527 3543 2823 3597; x_wconf 87' lang='lat' dir='ltr'><strong>subtractis</strong></span> <span class='ocrx_word' id='word_1_726' title='bbox 2867 3542 3024 3607; x_wconf 89' lang='lat' dir='ltr'><strong>cibis,</strong></span> <span class='ocrx_word' id='word_1_727' title='bbox 3077 3543 3294 3598; x_wconf 87' lang='lat' dir='ltr'><strong>siccitas</strong></span> <span class='ocrx_word' id='word_1_728' title='bbox 3335 3540 3451 3597; x_wconf 66' lang='lat' dir='ltr'><strong>haec</strong></span> <span class='ocrx_word' id='word_1_729' title='bbox 3487 3557 3631 3612; x_wconf 65' lang='lat' dir='ltr'><strong>saepe</strong></span> 
     </span>
    </p>
   </div>
   <div class='ocr_carea' id='block_1_96' title="bbox 2035 3627 3638 3705">
    <p class='ocr_par' dir='ltr' id='par_1_96' title="bbox 2035 3627 3638 3705">
     <span class='ocr_line' id='line_1_96' title="bbox 2035 3627 3638 3705; baseline 0 -15"><span class='ocrx_word' id='word_1_730' title='bbox 2035 3635 2234 3693; x_wconf 87' lang='lat' dir='ltr'><strong>accidit</strong></span> <span class='ocrx_word' id='word_1_731' title='bbox 2274 3635 2327 3688; x_wconf 86' lang='lat' dir='ltr'><strong>in</strong></span> <span class='ocrx_word' id='word_1_732' title='bbox 2368 3627 2654 3698; x_wconf 89' lang='lat' dir='ltr'><strong>ecclesiis,</strong></span> <span class='ocrx_word' id='word_1_733' title='bbox 2702 3634 2919 3705; x_wconf 89' lang='lat' dir='ltr'><strong>quando</strong></span> <span class='ocrx_word' id='word_1_734' title='bbox 2949 3643 3004 3689; x_wconf 90' lang='lat' dir='ltr'><strong>et</strong></span> <span class='ocrx_word' id='word_1_735' title='bbox 3031 3635 3178 3690; x_wconf 86' lang='lat' dir='ltr'><strong>cervi</strong></span> <span class='ocrx_word' id='word_1_736' title='bbox 3223 3643 3280 3689; x_wconf 88' lang='lat' dir='ltr'><strong>et</strong></span> <span class='ocrx_word' id='word_1_737' title='bbox 3322 3635 3510 3705; x_wconf 78' lang='lat' dir='ltr'><strong>onagri</strong></span> <span class='ocrx_word' id='word_1_738' title='bbox 3548 3635 3638 3704; x_wconf 45' lang='lat' dir='ltr'><strong>in:</strong></span> 
     </span>
    </p>
   </div>
   <div class='ocr_carea' id='block_1_97' title="bbox 2034 3725 3631 3796">
    <p class='ocr_par' dir='ltr' id='par_1_97' title="bbox 2034 3725 3631 3796">
     <span class='ocr_line' id='line_1_97' title="bbox 2034 3725 3631 3796; baseline 0 -15"><span class='ocrx_word' id='word_1_739' title='bbox 2034 3728 2326 3781; x_wconf 81' lang='lat' dir='ltr'><strong>veniuntur</strong></span> <span class='ocrx_word' id='word_1_740' title='bbox 2357 3727 2411 3780; x_wconf 92' lang='lat' dir='ltr'><strong>in</strong></span> <span class='ocrx_word' id='word_1_741' title='bbox 2466 3725 2699 3796; x_wconf 85' lang='lat' dir='ltr'><strong>pepulis,</strong></span> <span class='ocrx_word' id='word_1_742' title='bbox 2738 3734 2794 3780; x_wconf 89' lang='lat' dir='ltr'><strong>et</strong></span> <span class='ocrx_word' id='word_1_743' title='bbox 2826 3726 3213 3796; x_wconf 81' lang='lat' dir='ltr'><strong>magistrorum</strong></span> <span class='ocrx_word' id='word_1_744' title='bbox 3242 3725 3470 3796; x_wconf 86' lang='lat' dir='ltr'><strong>penuria</strong></span> <span class='ocrx_word' id='word_1_745' title='bbox 3499 3740 3631 3782; x_wconf 88' lang='lat' dir='ltr'><strong>con-</strong></span> 
     </span>
    </p>
   </div>
   <div class='ocr_carea' id='block_1_98' title="bbox 2036 3815 3632 3887">
    <p class='ocr_par' dir='ltr' id='par_1_98' title="bbox 2036 3815 3632 3887">
     <span class='ocr_line' id='line_1_98' title="bbox 2036 3815 3632 3887; baseline -0.001 -15"><span class='ocrx_word' id='word_1_746' title='bbox 2036 3818 2451 3872; x_wconf 88' lang='lat' dir='ltr'><strong>contabescunt.</strong></span> <span class='ocrx_word' id='word_1_747' title='bbox 2493 3817 2630 3870; x_wconf 89' lang='lat' dir='ltr'><strong>Sunt</strong></span> <span class='ocrx_word' id='word_1_748' title='bbox 2662 3817 2753 3887; x_wconf 90' lang='lat' dir='ltr'><strong>qui</strong></span> <span class='ocrx_word' id='word_1_749' title='bbox 2777 3825 3007 3887; x_wconf 89' lang='lat' dir='ltr'><strong>possunt</strong></span> <span class='ocrx_word' id='word_1_750' title='bbox 3030 3815 3264 3882; x_wconf 89' lang='lat' dir='ltr'><strong>discere,</strong></span> <span class='ocrx_word' id='word_1_751' title='bbox 3288 3824 3344 3870; x_wconf 90' lang='lat' dir='ltr'><strong>ct</strong></span> <span class='ocrx_word' id='word_1_752' title='bbox 3368 3830 3477 3871; x_wconf 90' lang='lat' dir='ltr'><strong>non</strong></span> <span class='ocrx_word' id='word_1_753' title='bbox 3505 3825 3632 3871; x_wconf 89' lang='lat' dir='ltr'><strong>sunt</strong></span> 
     </span>
    </p>
   </div>
   <div class='ocr_carea' id='block_1_99' title="bbox 2035 3905 2615 3979">
    <p class='ocr_par' dir='ltr' id='par_1_99' title="bbox 2035 3905 2615 3979">
     <span class='ocr_line' id='line_1_99' title="bbox 2035 3905 2615 3979; baseline 0 -17"><span class='ocrx_word' id='word_1_754' title='bbox 2035 3905 2125 3979; x_wconf 87' lang='lat' dir='ltr'><strong>qui</strong></span> <span class='ocrx_word' id='word_1_755' title='bbox 2158 3907 2370 3978; x_wconf 90' lang='lat' dir='ltr'><strong>possint</strong></span> <span class='ocrx_word' id='word_1_756' title='bbox 2399 3907 2615 3963; x_wconf 87' lang='lat' dir='ltr'><strong>docere.</strong></span> 
     </span>
    </p>
   </div>
   <div class='ocr_carea' id='block_1_100' title="bbox 2113 3993 3630 4081">
    <p class='ocr_par' dir='ltr' id='par_1_100' title="bbox 2113 3993 3630 4081">
     <span class='ocr_line' id='line_1_100' title="bbox 2113 3993 3630 4081; baseline 0.003 -31"><span class='ocrx_word' id='word_1_757' title='bbox 2113 4007 2132 4050; x_wconf 66' lang='grc' dir='ltr'><em>ἀ</em></span> <span class='ocrx_word' id='word_1_758' title='bbox 2175 3993 2234 4053; x_wconf 83' lang='lat' dir='ltr'><strong>Si</strong></span> <span class='ocrx_word' id='word_1_759' title='bbox 2274 3995 2588 4081; x_wconf 78' lang='lat' dir='ltr'><strong>iniquitates</strong></span> <span class='ocrx_word' id='word_1_760' title='bbox 2624 4005 2824 4054; x_wconf 75' lang='lat' dir='ltr'><strong>nostrae</strong></span> <span class='ocrx_word' id='word_1_761' title='bbox 2875 3998 3258 4069; x_wconf 87' lang='lat' dir='ltr'><strong>responderint</strong></span> <span class='ocrx_word' id='word_1_762' title='bbox 3291 3997 3418 4072; x_wconf 78' lang='lat' dir='ltr'><strong>(sive</strong></span> <span class='ocrx_word' id='word_1_763' title='bbox 3464 4000 3630 4055; x_wconf 83' lang='lat' dir='ltr'><strong>resti-</strong></span> 
     </span>
    </p>
   </div>
   <div class='ocr_carea' id='block_1_101' title="bbox 2041 4089 3629 4162">
    <p class='ocr_par' dir='ltr' id='par_1_101' title="bbox 2041 4089 3629 4162">
     <span class='ocr_line' id='line_1_101' title="bbox 2041 4089 3629 4162; baseline 0.003 -19"><span class='ocrx_word' id='word_1_764' title='bbox 2041 4109 2059 4142; x_wconf 76' lang='grc' dir='ltr'><strong>ι</strong></span> <span class='ocrx_word' id='word_1_765' title='bbox 2103 4091 2286 4157; x_wconf 86' lang='lat' dir='ltr'><strong>terint)</strong></span> <span class='ocrx_word' id='word_1_766' title='bbox 2315 4089 2468 4147; x_wconf 90' lang='lat' dir='ltr'><strong>nobis</strong></span> <span class='ocrx_word' id='word_1_767' title='bbox 2495 4134 2510 4158; x_wconf 98' lang='lat'><strong>,</strong></span> <span class='ocrx_word' id='word_1_768' title='bbox 2553 4091 2801 4160; x_wconf 89' lang='lat' dir='ltr'><strong>Domine,</strong></span> <span class='ocrx_word' id='word_1_769' title='bbox 2845 4091 2930 4148; x_wconf 83' lang='lat' dir='ltr'><strong>fac</strong></span> <span class='ocrx_word' id='word_1_770' title='bbox 2966 4098 3190 4162; x_wconf 86' lang='lat' dir='ltr'><strong>propter</strong></span> <span class='ocrx_word' id='word_1_771' title='bbox 3219 4105 3414 4149; x_wconf 88' lang='lat' dir='ltr'><strong>nomen</strong></span> <span class='ocrx_word' id='word_1_772' title='bbox 3453 4099 3629 4161; x_wconf 90' lang='lat' dir='ltr'><strong>tuum,</strong></span> 
     </span>
    </p>
   </div>
   <div class='ocr_carea' id='block_1_102' title="bbox 2040 4177 3633 4256">
    <p class='ocr_par' dir='ltr' id='par_1_102' title="bbox 2040 4177 3633 4256">
     <span class='ocr_line' id='line_1_102' title="bbox 2040 4177 3633 4256; baseline 0.004 -20"><span class='ocrx_word' id='word_1_773' title='bbox 2040 4201 2059 4236; x_wconf 79' lang='grc' dir='ltr'><strong>ι</strong></span> <span class='ocrx_word' id='word_1_774' title='bbox 2101 4181 2358 4256; x_wconf 85' lang='lat' dir='ltr'><strong>quoniam</strong></span> <span class='ocrx_word' id='word_1_775' title='bbox 2397 4177 2581 4240; x_wconf 66' lang='lat' dir='ltr'><strong>tnuita&#39;e</strong></span> <span class='ocrx_word' id='word_1_776' title='bbox 2626 4191 2752 4240; x_wconf 91' lang='lat' dir='ltr'><strong>sunt</strong></span> <span class='ocrx_word' id='word_1_777' title='bbox 2781 4183 3100 4242; x_wconf 86' lang='lat' dir='ltr'><strong>aversiones</strong></span> <span class='ocrx_word' id='word_1_778' title='bbox 3134 4194 3334 4242; x_wconf 69' lang='lat' dir='ltr'><strong>nostra:</strong></span> <span class='ocrx_word' id='word_1_779' title='bbox 3361 4185 3462 4256; x_wconf 75' lang='lat' dir='ltr'><strong>(vel</strong></span> <span class='ocrx_word' id='word_1_780' title='bbox 3508 4199 3633 4256; x_wconf 88' lang='lat' dir='ltr'><strong>pec-</strong></span> 
     </span>
    </p>
   </div>
   <div class='ocr_carea' id='block_1_103' title="bbox 2039 4267 3626 4360">
    <p class='ocr_par' dir='ltr' id='par_1_103' title="bbox 2039 4267 3626 4360">
     <span class='ocr_line' id='line_1_103' title="bbox 2039 4267 3626 4360; baseline 0.002 -30"><span class='ocrx_word' id='word_1_781' title='bbox 2039 4297 2057 4330; x_wconf 81' lang='grc'><strong><em>‹</em></strong></span> <span class='ocrx_word' id='word_1_782' title='bbox 2103 4287 2225 4333; x_wconf 86' lang='lat' dir='ltr'><strong>cata</strong></span> <span class='ocrx_word' id='word_1_783' title='bbox 2255 4279 2483 4360; x_wconf 78' lang='lat' dir='ltr'><strong>nostra).</strong></span> <span class='ocrx_word' id='word_1_784' title='bbox 2516 4275 2635 4334; x_wconf 87' lang='lat' dir='ltr'><strong>Tibi</strong></span> <span class='ocrx_word' id='word_1_785' title='bbox 2674 4267 3043 4349; x_wconf 76' lang='lat' dir='ltr'><strong>peccavimus,</strong></span> <span class='ocrx_word' id='word_1_786' title='bbox 3074 4277 3409 4351; x_wconf 84' lang='lat' dir='ltr'><strong>exspectatio</strong></span> <span class='ocrx_word' id='word_1_787' title='bbox 3438 4278 3626 4344; x_wconf 84' lang='lat' dir='ltr'><strong>Israel,</strong></span> 
     </span>
    </p>
   </div>
   <div class='ocr_carea' id='block_1_104' title="bbox 2040 4369 3630 4444">
    <p class='ocr_par' dir='ltr' id='par_1_104' title="bbox 2040 4369 3630 4444">
     <span class='ocr_line' id='line_1_104' title="bbox 2040 4369 3630 4444; baseline 0.003 -22"><span class='ocrx_word' id='word_1_788' title='bbox 2040 4387 2058 4422; x_wconf 70' lang='grc' dir='ltr'><strong>ι</strong></span> <span class='ocrx_word' id='word_1_789' title='bbox 2101 4372 2337 4426; x_wconf 88' lang='lat' dir='ltr'><strong>salvator</strong></span> <span class='ocrx_word' id='word_1_790' title='bbox 2378 4369 2494 4442; x_wconf 82' lang='lat' dir='ltr'><strong>ejus</strong></span> <span class='ocrx_word' id='word_1_791' title='bbox 2533 4374 2587 4426; x_wconf 90' lang='lat' dir='ltr'><strong>in</strong></span> <span class='ocrx_word' id='word_1_792' title='bbox 2637 4379 2883 4444; x_wconf 89' lang='lat' dir='ltr'><strong>tempore</strong></span> <span class='ocrx_word' id='word_1_793' title='bbox 2920 4369 3310 4428; x_wconf 88' lang='lat' dir='ltr'><strong>tribulationis.</strong></span> <span class='ocrx_word' id='word_1_794' title='bbox 3348 4387 3370 4424; x_wconf 83' lang='lat' dir='ltr'><strong>I</strong></span> <span class='ocrx_word' id='word_1_795' title='bbox 3419 4369 3477 4427; x_wconf 87' lang='lat' dir='ltr'><strong>Si</strong></span> <span class='ocrx_word' id='word_1_796' title='bbox 3533 4372 3630 4427; x_wconf 90' lang='lat' dir='ltr'><strong>du-</strong></span> 
     </span>
    </p>
   </div>
   <div class='ocr_carea' id='block_1_105' title="bbox 2036 4455 3627 4534">
    <p class='ocr_par' dir='ltr' id='par_1_105' title="bbox 2036 4455 3627 4534">
     <span class='ocr_line' id='line_1_105' title="bbox 2036 4455 3627 4534; baseline 0 -18"><span class='ocrx_word' id='word_1_797' title='bbox 2036 4455 2293 4528; x_wconf 86' lang='lat' dir='ltr'><strong>bitamus,</strong></span> <span class='ocrx_word' id='word_1_798' title='bbox 2319 4475 2490 4531; x_wconf 87' lang='lat' dir='ltr'><strong>quare</strong></span> <span class='ocrx_word' id='word_1_799' title='bbox 2513 4475 2621 4517; x_wconf 90' lang='lat' dir='ltr'><strong>non</strong></span> <span class='ocrx_word' id='word_1_800' title='bbox 2646 4461 2984 4519; x_wconf 88' lang='lat' dir='ltr'><strong>descendunt</strong></span> <span class='ocrx_word' id='word_1_801' title='bbox 3003 4461 3198 4534; x_wconf 70' lang='lat' dir='ltr'><strong>pluviae</strong></span> <span class='ocrx_word' id='word_1_802' title='bbox 3219 4477 3382 4533; x_wconf 85' lang='lat' dir='ltr'><strong>super</strong></span> <span class='ocrx_word' id='word_1_803' title='bbox 3403 4472 3627 4529; x_wconf 80' lang='lat' dir='ltr'><strong>terram,</strong></span> 
     </span>
    </p>
   </div>
   <div class='ocr_carea' id='block_1_106' title="bbox 2037 4549 3692 4627">
    <p class='ocr_par' dir='ltr' id='par_1_106' title="bbox 2037 4549 3692 4627">
     <span class='ocr_line' id='line_1_106' title="bbox 2037 4549 3692 4627; baseline 0.001 -19"><span class='ocrx_word' id='word_1_804' title='bbox 2037 4565 2207 4624; x_wconf 89' lang='lat' dir='ltr'><strong>quare</strong></span> <span class='ocrx_word' id='word_1_805' title='bbox 2248 4564 2442 4609; x_wconf 86' lang='lat' dir='ltr'><strong>cuncta</strong></span> <span class='ocrx_word' id='word_1_806' title='bbox 2480 4554 2733 4611; x_wconf 88' lang='lat' dir='ltr'><strong>ariditate</strong></span> <span class='ocrx_word' id='word_1_807' title='bbox 2771 4566 3138 4622; x_wconf 88' lang='lat' dir='ltr'><strong>marcescant,</strong></span> <span class='ocrx_word' id='word_1_808' title='bbox 3163 4549 3449 4611; x_wconf 84' lang='lat' dir='ltr'><strong>audiamus</strong></span> <span class='ocrx_word' id='word_1_809' title='bbox 3476 4569 3488 4611; x_wconf 72' lang='grc' dir='ltr'><strong><em>τ</em></strong></span> <span class='ocrx_word' id='word_1_810' title='bbox 3515 4553 3625 4610; x_wconf 83' lang='grc' dir='ltr'><strong>Ῑηί-</strong></span> <span class='ocrx_word' id='word_1_811' title='bbox 3683 4619 3692 4627; x_wconf 30' lang='grc' dir='ltr'><em>ο</em></span> 
     </span>
    </p>
   </div>
   <div class='ocr_carea' id='block_1_107' title="bbox 2036 4644 3624 4718">
    <p class='ocr_par' dir='ltr' id='par_1_107' title="bbox 2036 4644 3624 4718">
     <span class='ocr_line' id='line_1_107' title="bbox 2036 4644 3624 4718; baseline 0.004 -22"><span class='ocrx_word' id='word_1_812' title='bbox 2036 4646 2273 4712; x_wconf 88' lang='lat' dir='ltr'><strong>quitates</strong></span> <span class='ocrx_word' id='word_1_813' title='bbox 2287 4653 2484 4700; x_wconf 77' lang='lat' dir='ltr'><strong>nostrae</strong></span> <span class='ocrx_word' id='word_1_814' title='bbox 2498 4647 2815 4701; x_wconf 72' lang='lat' dir='ltr'><strong>reatiterunt</strong></span> <span class='ocrx_word' id='word_1_815' title='bbox 2843 4649 3021 4714; x_wconf 88' lang='lat' dir='ltr'><strong>nobis,</strong></span> <span class='ocrx_word' id='word_1_816' title='bbox 3050 4655 3355 4718; x_wconf 90' lang='lat' dir='ltr'><strong>propterea,</strong></span> <span class='ocrx_word' id='word_1_817' title='bbox 3375 4644 3624 4713; x_wconf 88' lang='lat' dir='ltr'><strong>Domine,</strong></span> 
     </span>
    </p>
   </div>
   <div class='ocr_carea' id='block_1_108' title="bbox 2039 4738 3627 4807">
    <p class='ocr_par' dir='ltr' id='par_1_108' title="bbox 2039 4738 3627 4807">
     <span class='ocr_line' id='line_1_108' title="bbox 2039 4738 3627 4807; baseline 0.004 -18"><span class='ocrx_word' id='word_1_818' title='bbox 2039 4745 2142 4789; x_wconf 87' lang='lat' dir='ltr'><strong>non</strong></span> <span class='ocrx_word' id='word_1_819' title='bbox 2185 4738 2481 4790; x_wconf 90' lang='lat' dir='ltr'><strong>secundum</strong></span> <span class='ocrx_word' id='word_1_820' title='bbox 2506 4752 2669 4807; x_wconf 90' lang='lat' dir='ltr'><strong>opera</strong></span> <span class='ocrx_word' id='word_1_821' title='bbox 2709 4747 2916 4805; x_wconf 89' lang='lat' dir='ltr'><strong>nostra,</strong></span> <span class='ocrx_word' id='word_1_822' title='bbox 2961 4740 3054 4795; x_wconf 90' lang='lat' dir='ltr'><strong>sed</strong></span> <span class='ocrx_word' id='word_1_823' title='bbox 3091 4739 3390 4795; x_wconf 90' lang='lat' dir='ltr'><strong>secundum</strong></span> <span class='ocrx_word' id='word_1_824' title='bbox 3430 4753 3627 4795; x_wconf 90' lang='lat' dir='ltr'><strong>nomen</strong></span> 
     </span>
    </p>
   </div>
   <div class='ocr_carea' id='block_1_109' title="bbox 2039 4810 3626 4888">
    <p class='ocr_par' dir='ltr' id='par_1_109' title="bbox 2039 4810 3626 4888">
     <span class='ocr_line' id='line_1_109' title="bbox 2039 4810 3626 4888; baseline 0.002 -3"><span class='ocrx_word' id='word_1_825' title='bbox 2039 4838 2285 4885; x_wconf 88' lang='lat' dir='ltr'><strong>sanctum</strong></span> <span class='ocrx_word' id='word_1_826' title='bbox 2332 4839 2484 4884; x_wconf 88' lang='lat' dir='ltr'><strong>tuum</strong></span> <span class='ocrx_word' id='word_1_827' title='bbox 2531 4830 2686 4886; x_wconf 91' lang='lat' dir='ltr'><strong>vince</strong></span> <span class='ocrx_word' id='word_1_828' title='bbox 2757 4831 2955 4886; x_wconf 89' lang='lat' dir='ltr'><strong>multas</strong></span> <span class='ocrx_word' id='word_1_829' title='bbox 3014 4830 3329 4887; x_wconf 89' lang='lat' dir='ltr'><strong>aversiones</strong></span> <span class='ocrx_word' id='word_1_830' title='bbox 3389 4810 3626 4888; x_wconf 66' lang='lat' dir='ltr'><strong>nostras.</strong></span> 
     </span>
    </p>
   </div>
   <div class='ocr_carea' id='block_1_110' title="bbox 2039 4919 3630 4995">
    <p class='ocr_par' dir='ltr' id='par_1_110' title="bbox 2039 4919 3630 4995">
     <span class='ocr_line' id='line_1_110' title="bbox 2039 4919 3630 4995; baseline 0.002 -17"><span class='ocrx_word' id='word_1_831' title='bbox 2039 4919 2160 4978; x_wconf 89' lang='lat' dir='ltr'><strong>Tibi</strong></span> <span class='ocrx_word' id='word_1_832' title='bbox 2205 4923 2349 4978; x_wconf 76' lang='lat' dir='ltr'><strong>enim</strong></span> <span class='ocrx_word' id='word_1_833' title='bbox 2394 4925 2775 4994; x_wconf 88' lang='lat' dir='ltr'><strong>peccavimus,</strong></span> <span class='ocrx_word' id='word_1_834' title='bbox 2825 4939 2989 4995; x_wconf 91' lang='lat' dir='ltr'><strong>quem</strong></span> <span class='ocrx_word' id='word_1_835' title='bbox 3032 4923 3212 4980; x_wconf 89' lang='lat' dir='ltr'><strong>cordis</strong></span> <span class='ocrx_word' id='word_1_836' title='bbox 3261 4933 3475 4981; x_wconf 88' lang='lat' dir='ltr'><strong>secreta</strong></span> <span class='ocrx_word' id='word_1_837' title='bbox 3518 4937 3630 4981; x_wconf 89' lang='lat' dir='ltr'><strong>non</strong></span> 
     </span>
    </p>
   </div>
   <div class='ocr_carea' id='block_1_111' title="bbox 2037 5013 3628 5090">
    <p class='ocr_par' dir='ltr' id='par_1_111' title="bbox 2037 5013 3628 5090">
     <span class='ocr_line' id='line_1_111' title="bbox 2037 5013 3628 5090; baseline 0.004 -22"><span class='ocrx_word' id='word_1_838' title='bbox 2037 5013 2247 5082; x_wconf 83' lang='lat' dir='ltr'><strong>fallunt,</strong></span> <span class='ocrx_word' id='word_1_839' title='bbox 2297 5026 2351 5070; x_wconf 89' lang='lat' dir='ltr'><strong>et</strong></span> <span class='ocrx_word' id='word_1_840' title='bbox 2376 5025 2426 5070; x_wconf 91' lang='lat' dir='ltr'><strong>te</strong></span> <span class='ocrx_word' id='word_1_841' title='bbox 2448 5018 2827 5087; x_wconf 77' lang='lat' dir='ltr'><strong>praestolamur</strong></span> <span class='ocrx_word' id='word_1_842' title='bbox 2851 5059 2866 5084; x_wconf 93' lang='lat'><strong>,</strong></span> <span class='ocrx_word' id='word_1_843' title='bbox 2897 5015 2986 5088; x_wconf 92' lang='lat' dir='ltr'><strong>qui</strong></span> <span class='ocrx_word' id='word_1_844' title='bbox 3017 5031 3145 5072; x_wconf 88' lang='lat' dir='ltr'><strong>vera</strong></span> <span class='ocrx_word' id='word_1_845' title='bbox 3177 5029 3302 5088; x_wconf 90' lang='lat' dir='ltr'><strong>spes</strong></span> <span class='ocrx_word' id='word_1_846' title='bbox 3331 5027 3387 5072; x_wconf 90' lang='lat' dir='ltr'><strong>et</strong></span> <span class='ocrx_word' id='word_1_847' title='bbox 3429 5031 3628 5090; x_wconf 84' lang='lat' dir='ltr'><strong>exspe-</strong></span> 
     </span>
    </p>
   </div>
   <div class='ocr_carea' id='block_1_112' title="bbox 2012 5107 3626 5178">
    <p class='ocr_par' dir='ltr' id='par_1_112' title="bbox 2012 5107 3626 5178">
     <span class='ocr_line' id='line_1_112' title="bbox 2012 5107 3626 5178; baseline 0.001 -14"><span class='ocrx_word' id='word_1_848' title='bbox 2012 5109 2206 5164; x_wconf 83' lang='lat' dir='ltr'><strong>ctatio</strong></span> <span class='ocrx_word' id='word_1_849' title='bbox 2233 5124 2290 5163; x_wconf 90' lang='lat' dir='ltr'><strong>es</strong></span> <span class='ocrx_word' id='word_1_850' title='bbox 2322 5107 2504 5174; x_wconf 88' lang='lat' dir='ltr'><strong>lsrael,</strong></span> <span class='ocrx_word' id='word_1_851' title='bbox 2547 5115 2603 5163; x_wconf 93' lang='lat' dir='ltr'><strong>et</strong></span> <span class='ocrx_word' id='word_1_852' title='bbox 2628 5109 2808 5164; x_wconf 91' lang='lat' dir='ltr'><strong>salvas</strong></span> <span class='ocrx_word' id='word_1_853' title='bbox 2834 5123 2930 5164; x_wconf 91' lang='lat' dir='ltr'><strong>eos</strong></span> <span class='ocrx_word' id='word_1_854' title='bbox 2955 5109 3008 5163; x_wconf 93' lang='lat' dir='ltr'><strong>in</strong></span> <span class='ocrx_word' id='word_1_855' title='bbox 3042 5117 3285 5178; x_wconf 86' lang='lat' dir='ltr'><strong>tempore</strong></span> <span class='ocrx_word' id='word_1_856' title='bbox 3317 5109 3626 5166; x_wconf 87' lang='lat' dir='ltr'><strong>tribulatio-</strong></span> 
     </span>
    </p>
   </div>
   <div class='ocr_carea' id='block_1_113' title="bbox 2036 5200 3628 5272">
    <p class='ocr_par' dir='ltr' id='par_1_113' title="bbox 2036 5200 3628 5272">
     <span class='ocr_line' id='line_1_113' title="bbox 2036 5200 3628 5272; baseline 0.002 -16"><span class='ocrx_word' id='word_1_857' title='bbox 2036 5201 2142 5265; x_wconf 88' lang='lat' dir='ltr'><strong>nis,</strong></span> <span class='ocrx_word' id='word_1_858' title='bbox 2184 5201 2338 5271; x_wconf 75' lang='lat' dir='ltr'><strong>juxta</strong></span> <span class='ocrx_word' id='word_1_859' title='bbox 2369 5200 2498 5255; x_wconf 91' lang='lat' dir='ltr'><strong>illud</strong></span> <span class='ocrx_word' id='word_1_860' title='bbox 2526 5202 2668 5271; x_wconf 92' lang='lat' dir='ltr'><strong>quod</strong></span> <span class='ocrx_word' id='word_1_861' title='bbox 2718 5203 2978 5272; x_wconf 91' lang='lat' dir='ltr'><strong>scriptum</strong></span> <span class='ocrx_word' id='word_1_862' title='bbox 3009 5211 3131 5257; x_wconf 87' lang='lat' dir='ltr'><strong>est:</strong></span> <span class='ocrx_word' id='word_1_863' title='bbox 3164 5219 3182 5252; x_wconf 73' lang='grc' dir='ltr'><strong>ι</strong></span> <span class='ocrx_word' id='word_1_864' title='bbox 3216 5201 3298 5258; x_wconf 86' lang='lat' dir='ltr'><strong>Ad</strong></span> <span class='ocrx_word' id='word_1_865' title='bbox 3338 5201 3628 5259; x_wconf 88' lang='lat' dir='ltr'><strong>Dominum</strong></span> 
     </span>
    </p>
   </div>
   <div class='ocr_carea' id='block_1_114' title="bbox 2036 5289 3620 5368">
    <p class='ocr_par' dir='ltr' id='par_1_114' title="bbox 2036 5289 3620 5368">
     <span class='ocr_line' id='line_1_114' title="bbox 2036 5289 3620 5368; baseline -0.001 -20"><span class='ocrx_word' id='word_1_866' title='bbox 2036 5305 2157 5348; x_wconf 86' lang='lat' dir='ltr'><strong>cam</strong></span> <span class='ocrx_word' id='word_1_867' title='bbox 2184 5292 2476 5346; x_wconf 86' lang='lat' dir='ltr'><strong>tribularer</strong></span> <span class='ocrx_word' id='word_1_868' title='bbox 2497 5291 2720 5346; x_wconf 89' lang='lat' dir='ltr'><strong>clamavi</strong></span> <span class='ocrx_word' id='word_1_869' title='bbox 2753 5301 2807 5347; x_wconf 91' lang='lat' dir='ltr'><strong>et</strong></span> <span class='ocrx_word' id='word_1_870' title='bbox 2833 5289 3109 5348; x_wconf 78' lang='lat' dir='ltr'><strong>exaudivit</strong></span> <span class='ocrx_word' id='word_1_871' title='bbox 3135 5289 3620 5368; x_wconf 79' lang='lat' dir='ltr'><strong>me(Psal.cxnI).I</strong></span> 
     </span>
    </p>
   </div>
   <div class='ocr_carea' id='block_1_115' title="bbox 2036 5387 3627 5464">
    <p class='ocr_par' dir='ltr' id='par_1_115' title="bbox 2036 5387 3627 5464">
     <span class='ocr_line' id='line_1_115' title="bbox 2036 5387 3627 5464; baseline 0.003 -24"><span class='ocrx_word' id='word_1_872' title='bbox 2036 5387 2291 5442; x_wconf 91' lang='lat' dir='ltr'><strong>Dicamus</strong></span> <span class='ocrx_word' id='word_1_873' title='bbox 2325 5396 2380 5441; x_wconf 84' lang='lat' dir='ltr'><strong>et</strong></span> <span class='ocrx_word' id='word_1_874' title='bbox 2409 5402 2507 5441; x_wconf 91' lang='lat' dir='ltr'><strong>nos</strong></span> <span class='ocrx_word' id='word_1_875' title='bbox 2538 5388 2589 5441; x_wconf 91' lang='lat' dir='ltr'><strong>in</strong></span> <span class='ocrx_word' id='word_1_876' title='bbox 2637 5395 2881 5459; x_wconf 85' lang='lat' dir='ltr'><strong>tempore</strong></span> <span class='ocrx_word' id='word_1_877' title='bbox 2926 5391 3208 5458; x_wconf 75' lang='lat' dir='ltr'><strong>siCcitatis,</strong></span> <span class='ocrx_word' id='word_1_878' title='bbox 3250 5405 3627 5464; x_wconf 86' lang='lat' dir='ltr'><strong>aquarumque</strong></span> 
     </span>
    </p>
   </div>
   <div class='ocr_carea' id='block_1_116' title="bbox 2035 5481 3626 5555">
    <p class='ocr_par' dir='ltr' id='par_1_116' title="bbox 2035 5481 3626 5555">
     <span class='ocr_line' id='line_1_116' title="bbox 2035 5481 3626 5555; baseline 0.004 -19"><span class='ocrx_word' id='word_1_879' title='bbox 2035 5483 2305 5552; x_wconf 88' lang='lat' dir='ltr'><strong>penuria:</strong></span> <span class='ocrx_word' id='word_1_880' title='bbox 2351 5501 2368 5533; x_wconf 74' lang='grc' dir='ltr'><strong>ι</strong></span> <span class='ocrx_word' id='word_1_881' title='bbox 2409 5481 2526 5537; x_wconf 90' lang='lat' dir='ltr'><strong>Tibi</strong></span> <span class='ocrx_word' id='word_1_882' title='bbox 2579 5487 2922 5555; x_wconf 89' lang='lat' dir='ltr'><strong>peccavimus</strong></span> <span class='ocrx_word' id='word_1_883' title='bbox 2971 5496 3025 5542; x_wconf 90' lang='lat' dir='ltr'><strong>et</strong></span> <span class='ocrx_word' id='word_1_884' title='bbox 3086 5486 3290 5541; x_wconf 88' lang='lat' dir='ltr'><strong>malum</strong></span> <span class='ocrx_word' id='word_1_885' title='bbox 3337 5502 3524 5542; x_wconf 89' lang='lat' dir='ltr'><strong>coram</strong></span> <span class='ocrx_word' id='word_1_886' title='bbox 3571 5495 3626 5542; x_wconf 70' lang='lat' dir='ltr'><strong>te</strong></span> 
     </span>
    </p>
   </div>
   <div class='ocr_carea' id='block_1_117' title="bbox 2037 5572 3624 5652">
    <p class='ocr_par' dir='ltr' id='par_1_117' title="bbox 2037 5572 3624 5652">
     <span class='ocr_line' id='line_1_117' title="bbox 2037 5572 3624 5652; baseline 0.006 -26"><span class='ocrx_word' id='word_1_887' title='bbox 2037 5572 2267 5629; x_wconf 82' lang='lat' dir='ltr'><strong>fecimus</strong></span> <span class='ocrx_word' id='word_1_888' title='bbox 2311 5575 2483 5647; x_wconf 82' lang='lat' dir='ltr'><strong>(Psal.</strong></span> <span class='ocrx_word' id='word_1_889' title='bbox 2538 5575 2590 5650; x_wconf 72' lang='grc' dir='ltr'>ι)</span> <span class='ocrx_word' id='word_1_890' title='bbox 2615 5619 2630 5644; x_wconf 88' lang='grc'>,</span> <span class='ocrx_word' id='word_1_891' title='bbox 2670 5599 2688 5632; x_wconf 85' lang='grc'>›</span> <span class='ocrx_word' id='word_1_892' title='bbox 2721 5587 2873 5634; x_wconf 90' lang='lat' dir='ltr'><strong>tuum</strong></span> <span class='ocrx_word' id='word_1_893' title='bbox 2912 5582 3264 5652; x_wconf 78' lang='lat' dir='ltr'><strong>praetolamur</strong></span> <span class='ocrx_word' id='word_1_894' title='bbox 3308 5583 3624 5648; x_wconf 88' lang='lat' dir='ltr'><strong>adventum,</strong></span> 
     </span>
    </p>
   </div>
   <div class='ocr_carea' id='block_1_118' title="bbox 2039 5668 3617 5742">
    <p class='ocr_par' dir='ltr' id='par_1_118' title="bbox 2039 5668 3617 5742">
     <span class='ocr_line' id='line_1_118' title="bbox 2039 5668 3617 5742; baseline 0.004 -22"><span class='ocrx_word' id='word_1_895' title='bbox 2039 5668 2130 5736; x_wconf 89' lang='lat' dir='ltr'><strong>qui</strong></span> <span class='ocrx_word' id='word_1_896' title='bbox 2175 5668 2353 5724; x_wconf 87' lang='lat' dir='ltr'><strong>salvas</strong></span> <span class='ocrx_word' id='word_1_897' title='bbox 2384 5670 2570 5737; x_wconf 89' lang='lat' dir='ltr'><strong>Israel,</strong></span> <span class='ocrx_word' id='word_1_898' title='bbox 2623 5671 2732 5729; x_wconf 85' lang='lat' dir='ltr'><strong>non</strong></span> <span class='ocrx_word' id='word_1_899' title='bbox 2776 5689 2876 5731; x_wconf 87' lang='lat' dir='ltr'><strong>suo</strong></span> <span class='ocrx_word' id='word_1_900' title='bbox 2927 5673 3171 5742; x_wconf 82' lang='lat' dir='ltr'><strong>merito,</strong></span> <span class='ocrx_word' id='word_1_901' title='bbox 3230 5673 3325 5731; x_wconf 83' lang='lat' dir='ltr'><strong>sed</strong></span> <span class='ocrx_word' id='word_1_902' title='bbox 3369 5682 3461 5729; x_wconf 86' lang='lat' dir='ltr'><strong>tua</strong></span> <span class='ocrx_word' id='word_1_903' title='bbox 3505 5671 3617 5728; x_wconf 82' lang='lat' dir='ltr'><strong>cle-</strong></span> 
     </span>
    </p>
   </div>
   <div class='ocr_carea' id='block_1_119' title="bbox 2039 5756 2293 5816">
    <p class='ocr_par' dir='ltr' id='par_1_119' title="bbox 2039 5756 2293 5816">
     <span class='ocr_line' id='line_1_119' title="bbox 2039 5756 2293 5816; baseline 0.008 -2"><span class='ocrx_word' id='word_1_904' title='bbox 2039 5759 2262 5816; x_wconf 56' lang='lat' dir='ltr'><strong>mentia.</strong></span> <span class='ocrx_word' id='word_1_905' title='bbox 2291 5756 2293 5759; x_wconf 78' lang='grc'><em>’</em></span> 
     </span>
    </p>
   </div>
  </div>
