4008 6340
480 313 584 371 919
1113 315 1174 369 Β.
1215 313 1471 371 RABANI
1509 313 1729 372 MAURI
1764 311 2063 371 ARCHIEP

2191 312 2434 371 DGUNT.
2475 313 2759 370 OPERUM
2793 314 2974 370 PARS
3013 314 3099 369 ΙΙἸ.
3652 317 3774 372 920

555 451 573 482 ι
617 429 798 498 Quare
842 429 1058 486 futurus
1097 442 1157 485 es
1197 429 1353 499 quasi
1394 427 1617 486 colonus
1659 429 1715 485 in
1753 436 1940 496 terra,
1996 426 2459 494 ctADominum,
2495 430 2588 500 qui
2655 431 2813 486 statis
2871 431 2925 486 in
2981 431 3142 486 domo
3191 431 3423 500 Domini,
3459 435 3515 488 in
3592 436 3772 493 atriis

482 545 500 575 ‹
543 523 697 594 quasi
721 522 897 580 viator
919 521 1196 578 declinans
1225 521 1294 576 ad
1315 520 1641 576 manendum
1661 521 1684 574 ?
1703 518 1882 588 Quare
1911 518 2057 576 futu-
2157 519 2347 574 donius
2376 519 2470 574 Dei
2514 519 2686 574 nostri
2715 519 2888 592 (Ps‘al.
2917 521 3160 593 cxxxrv).
3193 541 3212 574 ›

483 635 501 667 ο
549 630 641 670 rus
667 630 727 670 es
771 613 919 669 velut
965 613 1050 668 vir
1093 628 1262 684 vagus
1292 620 1387 667 aut
1416 611 1592 678 fortis,
1623 613 1716 682 qui
1743 626 1850 667 non
1878 620 2056 683 potest
2146 660 2151 665 .
2233 629 2251 662 ι
2295 609 2363 664 Et
2389 610 2522 666 dixit
2546 610 2802 667 Dominus
2833 613 2901 667 ad
2927 627 3012 668 me
3040 630 3054 667 :
3079 612 3198 668 Noli
3225 629 3383 669 orare
3410 630 3512 686 pro
3538 617 3770 687 populo

482 725 500 758 ι
548 705 790 761 salvari?
827 724 845 757 ι
877 703 1227 776 Septuaginta
1262 721 1276 757 :
1315 723 1333 754 ι
1368 703 1548 771 Quare
1587 701 1763 758 factus
1814 718 1874 758 es
1914 702 2056 759 sicut
2160 719 2180 754 α
2226 701 2328 757 isto
2357 701 2412 756 in
2441 702 2661 757 bonum.
2692 701 2824 759 Cum
2855 702 3250 773 jejunaverint,
3299 722 3407 762 non
3449 709 3769 764 exaudiam

481 813 501 847 ι
545 797 750 852 advena
778 796 834 850 in
858 804 1020 857 terra,
1059 803 1114 850 et
1161 795 1316 864 quasi
1371 793 1622 866 indigena
1670 793 1944 850 divertens
1984 795 2055 851 ad
2159 811 2178 846 ‹
2218 808 2406 864 preces
2434 809 2660 862 eorum,
2691 802 2746 850 et
2774 796 2820 851 si
2864 796 3156 852 obtulerint
3211 798 3669 855 holocautomata
3710 813 3770 856 et

479 904 498 937 ι
544 888 905 943 manendum?
930 884 1184 957 Nunquid
1204 887 1316 942 eris
1341 879 1495 958 quasi
1536 887 1698 942 homo
1731 887 2008 943 dormiens
2035 928 2051 955 ,
2159 901 2180 936 ι
2223 883 2502 948 victimas,
2529 899 2632 940 non
2666 885 2952 955 suscipiam
2979 901 3073 942 eas
3094 927 3111 952 ,
3159 889 3413 958 quoniam
3451 890 3674 959 gladio,
3710 901 3770 946 et

478 996 497 1029 ι
539 985 594 1033 et
619 978 775 1049 quasi
802 978 886 1032 vir
905 978 998 1048 qui
1043 977 1242 1033 salvari
1277 991 1384 1032 non
1425 977 1630 1048 possit?
1659 997 1678 1030 ›
1708 975 1878 1033 ειυᾶωί
1906 978 2054 1034 hunc
2159 993 2178 1028 ι
2221 974 2384 1043 fame,
2429 984 2485 1032 et
2526 985 2677 1048 peste
2723 992 2824 1050 ego
2852 994 3166 1034 consumam
3189 995 3302 1036 eos.
3335 1000 3353 1032 ι
3388 980 3639 1037 Stultum
3676 994 3768 1038 est

471 1069 647 1126 locum
687 1070 767 1126 sic
799 1070 1103 1142 intelligunt
1133 1083 1150 1123 :
1179 1069 1358 1137 Quare
1393 1083 1648 1141 segregas
1691 1077 1744 1124 te
1782 1084 1814 1124 a
1851 1068 2053 1141 pepulo
2152 1081 2312 1122 orare
2335 1081 2434 1137 pro
2454 1081 2520 1122 eo
2543 1067 2635 1138 qui
2661 1067 2901 1138 peccarit
2920 1069 2988 1123 ad
3008 1071 3761 1137 mortem,dicente.loanne:

468 1172 562 1220 tuo
590 1172 645 1218 et
677 1163 829 1234 quasi
860 1164 1036 1219 viator
1072 1159 1292 1234 propter
1315 1163 1475 1217 unius
1504 1162 1654 1217 hora:
1697 1161 2048 1234 refrigerium
2159 1174 2178 1208 ι
2214 1157 2311 1213 Est
2337 1166 2618 1229 peccatum
2642 1160 2710 1214 ad
2733 1169 2962 1216 mortem
2989 1202 3004 1227 ,
3035 1177 3144 1217 non
3173 1178 3271 1233 pro
3294 1162 3384 1218 illo
3411 1164 3532 1220 dico
3557 1174 3632 1219 ut
3662 1181 3764 1220 ro-

471 1270 577 1310 non
619 1270 775 1310 curas
803 1253 946 1324 quali
975 1254 1148 1310 utaris
1187 1253 1443 1324 hospitio,
1489 1253 1583 1308 sed
1619 1253 1686 1306 ad
1716 1253 1823 1308 alia
1868 1261 2049 1308 trans-
2153 1257 2242 1321 get
2268 1249 2390 1320 quis
2417 1249 2596 1320 (Joan.
2627 1251 2702 1323 v).
2735 1272 2754 1305 ι
2788 1252 2976 1309 Omnis
3010 1253 3267 1325 iniquitas
3299 1265 3584 1326 peccatum
3615 1265 3715 1312 est
3743 1299 3760 1324 ,

468 1349 666 1416 iturus,
713 1365 820 1404 non
847 1348 1024 1406 salvas
1069 1348 1280 1418 plebem
1317 1357 1464 1402 tuam
1500 1355 1555 1402 et
1580 1347 1838 1417 templum
1872 1361 2048 1416 quon-
2152 1349 2309 1396 etest
2335 1353 2615 1411 peccatum
2646 1360 2752 1399 non
2784 1347 2852 1401 ad
2874 1355 3124 1401 mortem.
3156 1346 3366 1416 Jejuuia
3379 1359 3435 1404 et
3462 1365 3673 1420 preces
3704 1359 3762 1406 et

465 1443 588 1497 dam
615 1441 876 1513 inclytum
895 1441 1137 1498 deseris?
1178 1441 1361 1495 Nostri
1391 1455 1521 1495 vero
1548 1440 1614 1496 de
1640 1438 1822 1495 futura
1844 1439 2050 1496 Christi
2151 1432 2382 1488 Victima!
2411 1443 2466 1488 et
2496 1434 2804 1490 holocausta
2837 1445 2963 1492 tunc
3012 1439 3322 1506 proficiunt,
3371 1456 3496 1495 cum
3530 1443 3762 1497 recedi-

464 1536 867 1606 dispensaiione
901 1536 1008 1591 dici
1050 1542 1284 1606 putant,
1321 1533 1465 1604 quod
1512 1530 1727 1588 futurus
1776 1532 1847 1588 sit
1886 1547 2047 1604 pere-
2151 1541 2271 1581 mus
2293 1539 2322 1578 a
2355 1525 2523 1594 vitiis,
2555 1536 2608 1582 et
2641 1527 2830 1584 flemus
2872 1530 3092 1599 antiqua
3123 1541 3364 1602 peccata
3392 1550 3404 1586 :
3438 1534 3523 1588 sin
3551 1543 3758 1589 autem

466 1629 654 1699 grinus
696 1629 752 1684 in
802 1636 948 1684 terra
973 1669 990 1696 ν
1035 1636 1094 1682 et,
1132 1641 1299 1699 parvo
1349 1635 1591 1696 tempore
1640 1633 1800 1681 terra
1852 1641 2050 1680 usurus
2151 1616 2207 1671 in
2237 1616 2532 1674 sceleribus
2558 1629 2959 1688 permanentes,
3004 1622 3373 1691 putaverimus
3399 1625 3539 1680 votis
3573 1634 3759 1695 atque

463 1721 724 1791 ιιοερίιίο,
768 1729 825 1777 ει
857 1721 1014 1792 quasi
1055 1721 1137 1776 vir
1182 1720 1582 1791 ρετιηηείεηε,
1633 1735 1698 1775 ac
1747 1720 2000 1776 ι-οιηιειιιε
2025 1761 2041 1786 ,
2072 1786 2113 1792 _
2151 1707 2431 1762 sacrificiis
2457 1708 2724 1764 redimere
2752 1726 2850 1765 nos
2879 1725 3036 1765 aures
3059 1711 3174 1776 Dei,
3205 1714 3562 1770 vehementer
3582 1730 3759 1769 erra-

462 1786 653 1868 relicto
698 1786 895 1878 Israel,
929 1811 1114 1866 tendat
1143 1786 1210 1866 ad
1232 1812 1475 1882 gentium
1503 1810 1902 1867 multitudinem
1922 1851 1938 1878 ,
1985 1819 2048 1866 ut
2072 1786 2121 1846 Β
2147 1815 2268 1856 mus
2291 1841 2304 1865 ν
2363 1800 2607 1870 iniquum
2656 1803 2982 1857 arbilmnles
3027 1804 3214 1858 Deum-
3269 1803 3371 1871 Ουί
3397 1805 3543 1860 enim
3569 1806 3759 1860 semel

458 1900 526 1956 de
560 1901 679 1956 loco
707 1901 774 1956 ad
801 1901 977 1956 locum
994 1943 1008 1967 ,
1042 1902 1108 1956 de
1133 1902 1330 1973 populo
1357 1902 1424 1957 ad
1451 1901 1729 1972 populum,
1753 1902 1818 1957 dc
1848 1901 2046 1971 templo
2149 1891 2327 1963 gladio
2352 1900 2408 1947 et
2433 1892 2574 1947 fame
2599 1900 2652 1948 et
2673 1901 2824 1963 peste
2854 1892 3018 1948 fuerit
3044 1893 3344 1950 destinatus
3362 1936 3376 1960 ,
3431 1896 3590 1950 nullis
3617 1915 3748 1957 pre-

465 1991 530 2044 ad
554 1991 852 2046 Ecclesium
900 2000 1162 2046 transeat.
1207 1990 1361 2059 Quod
1400 2001 1580 2048 autem
1618 1992 1773 2063 juxta
1815 1991 2046 2062 Septua-

2169 1983 2300 2038 :ibus
2329 1982 2447 2037 erui
2497 1992 2694 2052 potest.
2752 1983 2905 2040 Unde
2952 1993 3007 2038 et
3050 1987 3324 2054 propheta:
3381 1987 3631 2053 dicitur,_
3677 1997 3752 2043 ne

462 2081 612 2151 ginta
635 2065 876 2137 dicitur:
905 2103 923 2134 ‹
952 2081 1202 2153 Nunquid
1230 2082 1338 2138 eris
1361 2083 1515 2153 quasi
1548 2084 1711 2139 homo
1747 2085 2042 2149 dormiens,

1783 2085 2042 2149 οηηίεηε,
2147 2071 2348 2128 frustra
2378 2083 2528 2144 roget
2549 2075 2689 2144 quod
2722 2075 3010 2144 impetrare
3033 2092 3142 2132 non
3175 2078 3363 2147 possit.

459 2182 513 2229 et
539 2175 693 2245 quasi
729 2177 812 2231 vir
847 2177 939 2247 qui
985 2176 1183 2231 salvari
1214 2192 1321 2233 non
1350 2177 1553 2246 possit?
1585 2196 1602 2228 ι
1635 2177 2042 2234 similitudinem

2223 2185 2240 2217 ι
2285 2166 2351 2220 Et
2402 2167 2514 2221 dixi
2547 2167 2693 2233 :Ah,
2716 2168 2805 2231 ab,
2831 2169 2919 2232 ab,
2961 2169 3188 2224 Domine
3221 2169 3365 2225 Deus
3385 2169 3509 2242 (sive
3530 2171 3624 2240 qui
3659 2187 3751 2239 es,

458 2266 649 2334 ponit,
695 2280 801 2321 non
844 2267 925 2322 rei
971 2267 1288 2331 veritatem,
1326 2267 1650 2322 secundum
1714 2269 1844 2323 illud
1898 2269 2041 2338 quod

2168 2278 2170 2307 :
2212 2257 2435 2313 Domine
2458 2259 2642 2330 Deus).
2669 2258 2950 2328 Prophetre
2981 2259 3168 2314 dicunt
3193 2260 3272 2315 eis
3296 2280 3308 2314 :
3333 2259 3449 2315 Non
3480 2261 3751 2318 videbitis

456 2357 716 2428 scriptum
745 2364 830 2412 est
862 2373 877 2412 :
914 2377 932 2411 ‹
965 2357 1155 2430 Surge,
1186 2375 1284 2414 cur
1312 2358 1516 2414 dormis
1543 2399 1557 2424 ,
1586 2359 1852 2415 Domine?
1881 2382 1899 2413 ι
1933 2377 2041 2416 non
2151 2369 2171 2401 ε
2215 2349 2469 2418 gladium,
2514 2357 2569 2404 ει
2613 2351 2786 2405 fames
2832 2365 2936 2403 ηοιι
2987 2350 3094 2406 erit
3133 2351 3186 2405 ίη
3219 2351 3395 2418 "Obisi
3426 2353 3519 2407 Sed
3543 2367 3750 2421 Pacem

456 2449 600 2518 quod
636 2450 897 2506 Dominus
935 2450 1192 2517 dormiat,
1219 2452 1284 2507 de
1306 2468 1413 2523 quo
1435 2452 1634 2507 dicitur
1667 2467 1681 2506 ε
1724 2472 1742 2503 ι
1783 2452 1898 2508 Non
1922 2453 2043 2509 dor.
2150 2457 2168 2490 ‹
2210 2454 2395 2494 veram
2429 2439 2577 2494 dabit
2606 2441 2759 2495 vobis
2790 2441 2841 2494 in
2873 2440 2991 2496 loco
3034 2441 3157 2496 isto.
3206 2442 3274 2496 Et
3312 2443 3446 2498 dixit
3473 2444 3750 2500 Dominus

454 2541 669 2597 mitabit
723 2557 899 2613 neque
936 2543 1184 2610 dormiet,
1217 2543 1308 2613 qui
1349 2543 1586 2598 custodit
1647 2543 1812 2598 Israel
1863 2543 2036 2615 (Psal.

2163 2550 2168 2581 l
2210 2532 2278 2585 ad
2302 2546 2389 2585 me
2432 2548 2444 2584 :
2484 2529 2647 2586 Falsa
2692 2532 2969 2602 propheta:
3014 2532 3379 2587 vaticinantur
3413 2533 3468 2586 in
3513 2534 3746 2587 nomine

453 2634 601 2707 cxxr)
621 2675 635 2701 ,
670 2654 688 2686 ι
733 2635 827 2690 sed
855 2636 1001 2705 quod
1026 2636 1113 2691 his
1133 2635 1378 2690 videatur
1395 2635 1631 2690 dormire
1652 2651 1787 2706 quos
1813 2636 2034 2692 deserit.

2160 2639 2168 2673 ι
2210 2637 2352 2677 meo.
2384 2621 2502 2677 Non
2531 2623 2656 2678 misi
2681 2638 2793 2689 eos,
2821 2633 2875 2678 et
2910 2639 3012 2678 non
3041 2625 3272 2694 praecepi
3301 2625 3412 2690 eis,
3447 2639 3624 2695 neque
3651 2624 3743 2678 lo-

455 2726 695 2796 Denique
722 2733 776 2781 et
809 2726 864 2781 in
895 2728 1348 2798 consequentibus
1385 2743 1494 2782 non
1543 2729 1837 2784 scribitur:
1883 2746 1902 2779 ‹
1943 2729 2038 2784 Vir

2160 2733 2166 2765 l
2211 2721 2368 2770 cutus
2394 2730 2513 2770 sum
2542 2716 2610 2770 ad
2643 2729 2738 2771 eos
2761 2732 2774 2769 :
2800 2715 3063 2771 visionem
3112 2715 3426 2771 mendacem
3451 2757 3465 2782 ,
3507 2723 3563 2770 et
3597 2716 3743 2770 divi.

454 2817 728 2873 dormiens
749 2817 839 2887 qui
869 2817 1063 2872 salvari
1110 2833 1216 2873 ηοη
1251 2819 1459 2888 possit,
1495 2837 1515 2872 ι
1550 2819 1644 2875 εθά
1673 2838 1691 2871 ι
1714 2820 1867 2890 quasi
1896 2819 1978 2874 vir
2010 2838 2031 2874 ι
2146 2824 2166 2858 ε
2207 2806 2484 2862 nationem
2529 2805 2921 2862 fraudulentam
2952 2847 2968 2876 ,
3017 2813 3072 2862 et
3119 2807 3489 2862 seductionem
3546 2807 3740 2862 cordis

452 2907 508 2963 in
547 2918 774 2980 utroque
807 2912 1213 2987 ἀνθρωποπάθως
1236 2911 1511 2968 scribitur,
2146 2914 2165 2984 ξ
2211 2897 2294 2952 sui
2338 2896 2663 2968 prophetam
2699 2897 2874 2953 vobis.
2907 2917 2926 2950 ι
2979 2897 3221 2953 Audiant
3274 2899 3391 2954 haec
3434 2897 3686 2969 magistri
3719 2939 3737 2965 ,

913 3048 925 3060 ,
1077 3049 1129 3062 μ
1302 3049 1340 3062 ﬁ
1441 3049 1452 3061 ,
1617 3056 1629 3062 Α
1889 3056 1901 3062 Δ
2141 2989 2234 3060 qui
2284 2989 2630 3060 peccantibus
2661 3030 2677 3056 ,
2732 2997 2791 3044 et
2844 2990 2897 3044 in
2947 2990 3060 3046 suis
3102 2990 3249 3045 vitiis
3287 2990 3740 3062 permanentibus

513 3065 548 3150 f
583 3047 664 3101 Tu
683 3057 864 3153 a‘mem
911 3048 965 3153 in
1006 3049 1162 3104 "Obis
1189 3064 1268 3115 es,
1300 3049 1636 3153 Domjmvnet
1663 3063 1858 3104 nomen
1887 3056 2036 3153 ¹ξ¹¹ξ¹¹¹
2073 3145 2106 3153 _
2141 3047 2401 3150 prospera
2438 3047 2785 3150 pollicentur,
2820 3080 2911 3150 qui
2942 3080 3129 3136 dicunt
3168 3047 3423 3138 divitibus
3451 3099 3463 3135 :
3498 3081 3616 3135 Non
3644 3081 3737 3135 vi-

459 3157 479 3190 ‹
511 3139 821 3239 invocatum
851 3146 933 3194 est
946 3155 1120 3239 super
1143 3156 1261 3239 nos,
1286 3139 1758 3239 Rga-defelln'qufls
1782 3154 1880 3196 nos
1909 3140 2036 3239 (δδυῗ
2062 3145 2108 3210 C
2141 3139 2335 3225 debitis
2363 3139 2600 3239 gladium
2626 3139 3019 3225 tormentorum
3040 3170 3159 3237 Dei,
3186 3178 3242 3226 et
3264 3169 3434 3226 fames
3467 3186 3577 3227 non
3625 3173 3739 3227 erit

465 3247 626 3334 ‘_“°“
655 3231 989 3334 0P'lvismris
1017 3232 1230 3334 nostri)
1263 3253 1281 3285 ³
1312 3231 1414 3300 om
1443 3233 1583 3334 13pm]
1609 3230 2035 3334 Judmsﬂqum
2137 3265 2192 3320 in
2218 3230 2393 3320 vobis:
2424 3263 2818 3320 Saturabimini
2867 3263 3064 3334 quippe
3111 3230 3452 3321 sermonibus
3487 3263 3586 3320 Dei
3612 3305 3630 3330 ,
3676 3281 3739 3320 et

451 3325 656 3379 advena
682 3320 1004 3427 Ῑυίυῐυδξθδν
1034 3325 1300 3392 emam"
1329 3333 1385 3381 et
1416 3325 1501 3380 "ir
1527 3339 1724 3396 vagus'
1757 3327 2036 3397 antiquam
2135 3369 2323 3428 pacem
2366 3355 2515 3410 dabit
2541 3355 2696 3411 vobis
2722 3320 2982 3410 Dominus
3000 3320 3350 3411 verissimam
3384 3355 3440 3410 in
3478 3355 3598 3412 loco
3614 3320 3735 3411 Ἐο-

451 3417 710 3518 ᾳθδθτθηδ
757 3417 1106 3518 mansmf'em’
1159 3417 1211 3470 in
1240 3417 1395 3471 "Obis
1431 3417 1642 3472 habitas
1659 3458 1692 3518 _’_
1733 3425 1788 3472 et
1839 3432 2034 3518 "03‘9"
2135 3417 2334 3512 etesiae,
2363 3445 2476 3502 sive
2497 3445 2818 3502 Jerusalem.
2848 3445 3003 3513 Quod
3031 3454 3212 3501 autem
3258 3445 3396 3502 dixit
3430 3446 3585 3518 juxta
3614 3444 3720 3501 He-

451 3515 607 3612 t‘lum.
629 3523 798 3614 δυΡξθιξ
826 3523 925 3564 nos
962 3510 1266 3614 ίηγθξδίιξξη
1290 3519 1402 3577 θεῖ’
1437 3519 1497 3567 υί
1522 3512 1853 3582 appellem“
2135 3510 2376 3594 braicam
2402 3539 2564 3594 tertio
2602 3539 2691 3605 ah,
2723 3538 2816 3603 ah,
2845 3510 2933 3603 ait,
2974 3537 3043 3592 ad
3079 3537 3263 3608 priora
3292 3510 3590 3607 respondit,
3635 3537 3732 3592 ubi

449 3601 608 3655 sliani
642 3618 656 3655 :
696 3601 898 3656 idcirco
939 3617 1009 3658 ne
1066 3601 1406 3674 derelinquas
1444 3617 1575 3670 nos,
1633 3619 1807 3676 neque
1846 3605 2006 3661 oblivi

2222 3629 2394 3683 minus
2418 3627 2989 3694 fueratcomminatus,
3011 3628 3196 3684 dicens
3219 3647 3232 3683 :
3257 3647 3276 3679 ι
3298 3629 3488 3685 Gladio
3507 3636 3560 3685 et
3581 3623 3731 3683 fame
3801 3613 3805 3617 ”

449 3693 620 3796 scari‘s
647 3693 840 3760 nostri,
870 3694 1076 3764 quibus’
1089 3695 1158 3796 de
1185 3693 1368 3750 futuro
1395 3695 1632 3752 adventu
1676 3705 1766 3752 tuo
1792 3696 2034 3754 omnium
2135 3729 2192 3778 et
2221 3729 2371 3791 peste
2406 3736 2506 3794 ego
2528 3735 2844 3778 consumam
2878 3693 2990 3778 eos;
3031 3741 3049 3773 ,
3075 3721 3209 3790 Quia
3233 3722 3400 3793 igitur
3420 3723 3724 3796 prophetat,

447 3783 833 3855 Pml’hetamm
864 3799 960 3839 ora
991 3784 1322 3841 “cinerum-
2135 3815 2245 3872 imo
2284 3783 2767 3887 pseudoprophetis
2791 3815 2924 3872 falsa
2963 3817 3185 3887 polliciti
3223 3783 3369 3885 sunt,
3395 3783 3724 3876 ideo.Domi-

523 3935 542 3967 ι
586 3915 713 3972 Haec
739 3916 872 3972 dicit
900 3916 1158 3972 Dominus
1200 3915 1397 3987 populo
1453 3915 1580 3971 huic
1620 3932 1634 3970 :
1678 3912 1817 3982 Quia
1844 3914 2033 3970 dilexit
2132 3923 2236 3964 nus
2265 3907 2476 3965 locutus
2501 3916 2585 3964 est
2611 3923 2709 3978 per
2736 3906 3028 3966 Jeremiam
3062 3929 3075 3964 :
3113 3908 3292 3966 Nolite
3325 3911 3516 3967 audire
3554 3913 3724 3968 verba

453 4026 472 4058 ι
520 4005 649 4079 (sive
669 4007 995 4081 dilexerunt)
1011 4023 1231 4067 movere
1263 4009 1427 4078 pedes
1450 4023 1596 4076 suos,
1616 4016 1672 4063 et
1700 4022 1807 4062 non
1829 4007 2034 4078 quievit

2139 4001 2744 4072 pseudoprophetarum,
2779 4001 2873 4072 qui
2903 4016 3010 4057 non
3046 4017 3077 4055 a
3112 4016 3199 4056 me
3238 4001 3390 4057 missi
3439 4012 3592 4069 sunt,
3627 4003 3722 4059 sed

453 4115 471 4148 ι
519 4097 646 4170 (sive
697 4114 805 4154 non
854 4098 1261 4170 pepercerunt),
1311 4107 1365 4158 et
1409 4099 1637 4154 Domino
1687 4115 1795 4154 non
1831 4098 2034 4172 placuit
2133 4106 2231 4146 sua
2250 4091 2527 4146 voluntate
2551 4101 2836 4147 venerunt.
2883 4091 3038 4148 Unde
3057 4107 3399 4164 nequaquam
3424 4095 3717 4166 propheta,

453 4209 470 4240 ι
518 4189 643 4261 (sive
694 4198 747 4244 et
799 4189 943 4245 Deus
984 4206 1091 4245 non
1137 4190 1595 4260 complacuitsibi
1625 4189 1680 4244 in
1721 4190 1856 4260 eis),
1888 4205 2032 4246 nunc

2136 4184 2226 4238 sed
2253 4183 2421 4238 divini
2449 4193 2576 4240 sunt
2619 4184 2941 4255 appellandi,
2986 4185 3077 4256 qui
3123 4186 3488 4242 seductionem
3524 4189 3719 4260 populo

454 4298 472 4330 ι
517 4279 893 4335 recordahitur
929 4280 1273 4350 iniquitatum
1307 4294 1527 4346 eorum,
1558 4288 1614 4335 et
1637 4280 1877 4336 visitabit
1901 4296 2030 4350 pec-
2131 4276 2443 4346 loquuntur.
2477 4275 2643 4332 Multo
2671 4277 2819 4332 enim
2864 4277 3058 4332 melius
3099 4286 3183 4333 est
3214 4279 3407 4334 timore
3438 4295 3717 4350 poenarum

451 4390 470 4422 ι
516 4379 635 4424 cata
661 4385 870 4428 eorum.
911 4391 930 4422 ι
966 4371 1185 4426 Dicente
1207 4371 1432 4442 populo:
1468 4371 1647 4440 Quare
1676 4372 1850 4428 factus
1881 4388 1943 4429 es
1972 4381 2032 4430 ut
2131 4371 2421 4427 emendare
2461 4379 2683 4441 peccata
2706 4412 2720 4438 ,
2773 4387 2934 4442 quam
2975 4385 3069 4443 spe
3099 4388 3485 4444 prosperorum
3523 4375 3717 4431 divinae

449 4461 678 4528 advena,
710 4471 765 4518 et
792 4462 986 4528 viator,
1029 4472 1084 4519 et
1106 4478 1274 4533 vagus
1295 4506 1309 4531 ,
1338 4475 1396 4520 ut
1425 4473 1571 4522 tuam
1601 4467 1819 4522 deseras
1877 4482 2030 4522 man—
2053 4508 2110 4572 Β
2133 4463 2415 4520 sententiae
2444 4464 2748 4534 subjacere.

445 4551 695 4608 sionem?
721 4553 1006 4624 respondet
1058 4553 1316 4611 Dominus
1365 4557 1632 4627 quondam
1655 4559 1851 4630 populo
1884 4576 1982 4618 suo
2011 4579 2024 4616 :
2053 4551 2106 4572 ⁴¹¹
2211 4575 2230 4608 ι
2274 4555 2399 4614 ldeo
2428 4557 2543 4612 haec
2588 4557 2720 4612 dicit
2763 4557 3024 4614 Dominus
3058 4558 3125 4614 de
3161 4560 3440 4630 prophetis
3480 4560 3570 4631 qui
3592 4575 3715 4630 pro-

446 4642 540 4697 Vis
587 4658 748 4699 nosse
799 4645 1096 4722 rationem,
1149 4648 1390 4704 ausculta
1434 4649 1578 4719 quod
1623 4651 1858 4708 dicitur:
1893 4652 2030 4721 Quia
2137 4667 2157 4703 ι
2197 4649 2425 4721 phelant
2452 4648 2508 4704 in
2534 4649 2754 4704 nomine
2793 4663 2917 4706 ῐηθο
2944 4689 2960 4716 ν
2991 4664 3127 4720 quos
3157 4664 3256 4722 080
3287 4666 3396 4706 ηοιι
3425 4650 3547 4706 ιιιίδί
3573 4691 3588 4718 ν
3637 4650 3715 4704 di-

446 4731 634 4788 dilexit
677 4733 906 4806 populus
935 4719 1154 4792 mdvere
1183 4738 1346 4807 pedes
1393 4755 1542 4807 suos,
1582 4749 1638 4796 et
1675 4757 1790 4797 non
1809 4719 2031 4798 abstulit
2138 4759 2158 4792 ι
2199 4719 2427 4798 centes:
2459 4739 2682 4797 Gladius
2712 4751 2765 4797 et
2790 4741 2962 4797 fames
3007 4719 3114 4798 non
3157 4719 3262 4798 erit
3310 4743 3364 4798 in
3398 4753 3539 4799 terra
3569 4743 3708 4798 hac:

427 4836 539 4880 'eos
585 4826 652 4881 de
681 4827 939 4898 compede
969 4837 1342 4898 peccatorum,
1387 4832 1500 4887 sive
1542 4847 1646 4887 non
1679 4833 1884 4903 quievit
1911 4875 1926 4900 ,
1973 4820 2028 4891 et
2136 4849 2157 4884 ‹
2199 4830 2398 4888 Gladio
2420 4840 2476 4888 et
2497 4831 2639 4887 fame
2666 4842 3052 4888 consumantur
3079 4835 3356 4906 propheta:
3384 4835 3460 4890 illi
3489 4853 3503 4901 ;
3537 4844 3592 4890 et
3619 4850 3712 4905 po-

441 4925 588 4972 stare
634 4934 742 4974 non
787 4920 1006 4990 potuit:
1038 4921 1239 4978 idcirco
1294 4931 1349 4978 et
1399 4939 1499 4994 ego
1527 4925 1738 4980 deserui
1777 4942 1920 4992 eum,
1970 4935 2028 4984 ei,
2137 4940 2154 4974 ι
2197 4921 2308 4994 puli
2337 4923 2532 4992 quibus
2560 4925 3021 4994 prophetaverunt
3063 4933 3224 4978 erunt
3264 4923 3493 4995 projecti
3533 4924 3710 4979 inviis

443 5009 587 5065 nulla
632 5012 762 5066 mihi
809 5013 865 5066 in
910 5013 1001 5069 illo
1045 5025 1129 5070 est
1160 5016 1569 5086 complacentia.
1615 5019 1713 5088 Qui
1744 5021 1908 5092 igitur
1932 5021 2026 5077 diu
2133 5030 2154 5064 ι
2200 5011 2530 5078 Jerusalem.
2565 5027 2677 5082 prae
2709 5011 2853 5069 fame
2900 5022 2955 5069 et
3000 5013 3206 5084 gladio,
3256 5021 3310 5068 et
3353 5030 3459 5068 non
3491 5015 3596 5069 erit
3621 5014 3710 5086 qui

442 5100 675 5165 distulit,
705 5109 760 5156 et
786 5118 883 5173 per
905 5106 1223 5174 patientiam
1266 5107 1438 5161 noluit
1481 5110 1672 5177 punire
1699 5118 2024 5182 peccantes,
2136 5121 2154 5154 ι
2203 5103 2431 5173 Sepelit“
2479 5118 2592 5170 COS.
2637 5105 2737 5175 iPSi
2787 5115 2842 5160 Ct
2894 5120 3091 5160 uxores
3139 5121 3352 5172 eorum,
3385 5107 3479 5161 ﬁlii
3509 5117 3563 5162 et
3593 5106 3710 5162 ﬁlia?

443 5190 570 5259 quia
621 5190 673 5244 in
715 5193 921 5252 scelere
964 5209 1398 5266 permanserunt,
1427 5203 1801 5257 recordabitur
1833 5203 2030 5274 iniqui-
2137 5215 2155 5249 ε
2199 5212 2387 5254 eorum
2420 5216 2434 5252 ε
2466 5208 2522 5252 ει
2550 5196 2820 5254 effundam
2851 5215 3011 5270 super
3037 5216 3131 5256 eos
3173 5200 3372 5256 malum
3402 5217 3558 5257 suum
3590 5203 3712 5273 (sive

447 5289 619 5366 tatum
648 5297 862 5361 eorum,
904 5294 959 5341 et
1005 5288 1157 5358 quasi
1196 5292 1594 5361 aegrotantium,
1629 5302 1684 5348 ct
1713 5293 1880 5349 Deum
1923 5311 2030 5351 non
2139 5307 2157 5340 ι
2203 5290 2387 5363 mala).
2428 5311 2446 5342 ›
2478 5290 2718 5347 Caveant
2754 5293 3237 5364 pseudopropheta:
3261 5336 3278 5359 ,
3319 5295 3412 5364 qui
3456 5310 3714 5366 prospera

443 5370 793 5456 scutie‘ntium
826 5385 1048 5446 peccata
1103 5380 1380 5447 visitabit,
1410 5389 1468 5435 ut
1496 5381 1636 5436 ultra
1662 5398 1890 5454 peccare
1935 5385 2028 5440 de-
2133 5382 2497 5453 promittendo
2548 5383 2895 5454 supplantant
2937 5384 3191 5454 populum
3232 5385 3352 5451 Dei,
3393 5401 3462 5440 ne
3512 5395 3567 5442 et
3614 5386 3716 5456 ipsi

446 5461 662 5518 sistant.
697 5465 998 5524 Notandum
1021 5481 1200 5527 autem
1231 5475 1285 5529 in
1318 5475 1611 5546 Scripturis
1638 5477 1860 5542 sanctis,
1885 5478 2028 5547 quod
2134 5484 2380 5545 pereant,
2407 5484 2462 5531 et
2485 5477 2741 5548 deceptus
2763 5477 2992 5548 populus
3015 5478 3176 5534 simili
3207 5479 3448 5535 deleatur
3470 5480 3714 5547 interitu,

447 5569 662 5625 semper
686 5569 1029 5630 peccatorum
1061 5576 1384 5622 moveantur
1411 5569 1595 5638 pedes,
1621 5577 1673 5625 et
1700 5570 1902 5626 sanctis
1949 5570 2029 5626 di-
2131 5566 2455 5640 jaceantque
2504 5571 2558 5626 in
2583 5571 2685 5627 viis
2708 5569 3007 5626 Jerusalem
3034 5612 3048 5637 ,
3094 5578 3151 5628 et
3197 5571 3409 5626 Domini
3448 5579 3730 5643 praecepta

448 5656 606 5730 catur
659 5663 778 5706 cum
837 5651 1017 5724 Moyse
1074 5671 1087 5710 :
1146 5675 1164 5709 ‹
1222 5655 1301 5711 Tu
1347 5674 1474 5715 vero
1543 5661 1630 5716 hic
1676 5670 1757 5717 sta
1813 5677 2028 5717 mecum
2137 5660 2431 5729 calcantes,
2454 5661 2596 5718 fame
2624 5672 2678 5719 et
2707 5663 2886 5734 gladio
2914 5673 3159 5735 pereant,
3191 5673 3384 5720 etnon
3414 5667 3488 5722 sit
3514 5667 3717 5736 quise-

473 5740 630 5797 Deut.
669 5743 896 5828 v)..»,;Et
924 5747 1050 5822 alibi
1076 5748 1336 5819 scriptum
1366 5753 1476 5826 sit:
1506 5772 1524 5808 ι
1560 5753 1832 5819 Laudate,
1861 5755 2026 5820 servi,
2136 5754 2301 5826 pellat
2354 5770 2471 5822 cos,
2521 5771 2623 5813 nec
2671 5757 3017 5831 ignominiam
3043 5771 3236 5831 eorum
3254 5759 3465 5831 aperiat
3491 5759 3720 5828 pulvere
