4008 6340
251 373 348 438 921

1081 432 1085 436 _
1138 358 1498 420 EXPOSITIO
1537 355 1764 416 SUPER
1801 350 2168 409 JEREMIAM.
2208 341 2440 409 -Ὶαιιὶ
2485 349 2593 406 VII.

3411 337 3519 396 92%

250 486 602 566 pmnitentiaa.
626 484 692 541 Et
713 483 815 554 ipsi
839 481 984 537 enim
1012 477 1310 551 prophetae,
1337 484 1393 530 et
1419 473 1669 545 populus,
1699 483 1832 525 uxo-
1856 470 1914 531 Α
1936 473 2091 540 mini,
2134 482 2190 529 et
2225 481 2509 543 peccatum
2550 469 2742 525 matris
2765 467 2882 537 ejus
2917 483 3023 523 non
3060 464 3304 521 deleatur
3340 479 3354 518 :
3383 461 3516 519 ﬁant

255 561 449 654 resque
474 594 680 641 eorum,
735 585 791 631 et
843 573 936 628 ﬁlii
981 580 1035 627 et
1085 570 1228 634 ﬁliae,
1251 567 1536 636 omnisque
1558 561 1837 636 generatio

255 653 462 746 abstine
485 671 594 727 ullo
631 667 950 740 pollinotore
991 663 1044 717 in
1071 659 1470 732 Sterquilinium
1493 657 1614 712 erit.
1640 653 1838 722 Quanti

257 745 436 840 iacent
483 765 539 820 in
593 761 697 817 viis
721 755 1058 815 Jerusalem!
1123 761 1256 824 quot
1299 751 1572 808 cernimus
1601 745 1838 816 insepul‘

259 839 343 914 tos
371 856 611 926 recipere
638 850 782 908 mala
809 863 929 924 sua,
949 861 1090 918 quae,
1117 843 1346 901 Domino
1383 839 1715 904 eﬁ‘undente,
1745 851 1842 908 pa-

260 951 464 1008 tiuntur
487 949 501 1003 Σ

338 1061 356 1094 ε
400 1041 467 1096 Et
491 1039 637 1095 dices
664 1036 732 1092 ad
754 1049 847 1092 eos
871 1033 1097 1090 verbum
1142 1029 1287 1087 istud
1327 1044 1343 1084 :
1385 1027 1667 1084 Deducant
1702 1021 1844 1079 oculi

264 1151 284 1186 ι
327 1132 431 1188 mei
461 1131 754 1202 lacrymam
799 1127 925 1200 (sive
974 1126 1244 1182 deducant
1287 1121 1429 1178 oculi
1457 1119 1625 1176 vestri
1671 1118 1846 1187 lacry-

265 1245 284 1278 ί
330 1223 500 1295 mas),
538 1238 636 1294 per
664 1221 807 1278 diem
853 1228 910 1274 et
960 1225 1174 1274 noctem
1200 1256 1215 1283 ,
1255 1223 1312 1272 et
1335 1230 1444 1270 non
1476 1218 1692 1268 taceant
1718 1209 1846 1282 (sive

265 1339 284 1372 ι
329 1333 438 1374 non
469 1316 742 1387 cessent),
765 1313 1026 1385 quoniam
1052 1310 1375 1368 contritione
1396 1321 1589 1378 magna
1610 1303 1847 1361 contrita

264 1429 283 1462 ι
330 1417 414 1465 est
464 1409 616 1478 virgo
666 1405 776 1460 ﬁlia
810 1403 993 1474 populi
1030 1403 1170 1467 mei,
1203 1400 1357 1470 plaga
1402 1398 1636 1475 pessima
1685 1394 1849 1449 vehe-

165 1493 174 1500 ’
267 1519 287 1554 ι
334 1508 566 1557 menter.
602 1519 621 1552 ι
673 1495 971 1568 Dupliciter
996 1493 1087 1549 hic
1118 1493 1267 1547 locus
1313 1490 1629 1559 intelligitur
1658 1527 1673 1553 ,
1705 1486 1849 1558 quod

257 1591 346 1649 vel
383 1592 498 1662 ipse
533 1589 676 1645 Deus
702 1587 924 1659 plangat
965 1582 1217 1655 populum
1252 1596 1432 1646 suum,
1474 1587 1529 1634 et
1564 1577 1708 1634 oculi
1733 1574 1852 1643 ejus

260 1687 390 1742 ﬁere
421 1701 526 1740 non
563 1692 796 1748 cessent,
847 1680 933 1736 vel
973 1687 1122 1736 certe
1160 1677 1388 1746 imperet
1419 1683 1479 1728 ut
1528 1671 1850 1743 populorum

261 1779 404 1835 oeuli
429 1776 685 1848 lacrymis
711 1774 897 1838 ﬂuant,
915 1787 1016 1828 nec
1039 1771 1154 1827 leve
1176 1785 1296 1826 esse
1317 1768 1459 1839 quod
1489 1765 1852 1838 plangendum

1943 575 2130 623 contra
2161 565 2450 621 Dominum
2501 577 2744 633 semper,
2803 568 2861 616 et
2905 560 3178 630 dispereat
3243 555 3312 612 de
3372 563 3519 611 terra

1942 659 2205 714 memoria
2230 671 2420 713 eorum
2448 653 2621 729 (Ρδαι.
2653 651 2828 724 cvm).
2868 671 2888 703 ›

1969 824 1978 830 _
2020 769 2039 803 ι
2075 749 2152 806 Ne
2172 765 2271 806 nos
2299 750 2392 806 des
2418 749 2475 804 in
2500 745 2847 819 opprobrium
2875 751 3097 816 propter
3122 757 3318 798 nomen
3345 749 3520 805 tuum,

1951 861 1971 897 ‹
2013 857 2188 914 neque
2227 841 2394 898 facias
2435 840 2591 897 nobis
2613 836 3015 894 contumeliam.
3061 834 3193 891 Solii
3218 834 3400 907 glorim
3421 842 3524 888 tum

1951 954 1970 988 ι
2017 936 2324 1002 recordare,
2367 950 2435 991 ne
2480 934 2696 989 irritum
2720 931 2888 988 facias
2934 929 3112 986 foedus
3154 937 3305 983 tuum
3347 909 3535 983 nobis?

1952 1047 1971 1082 ‹
2014 1044 2156 1085 cum.
2201 1049 2220 1080 ι
2256 1027 2461 1083 Solium
2501 1026 2684 1098 gloriae
2726 1025 2820 1079 Dei
2852 1040 2956 1079 non
2995 1022 3170 1080 solum
3203 1021 3530 1078 arbitremur

1947 1121 2209 1192 templum
2235 1119 2610 1190 Judteae,quod
2633 1133 2774 1188 saepe
2801 1117 3134 1172 destructum
3157 1121 3260 1180 est,
3285 1113 3378 1169 sed
3404 1128 3523 1167 om—

1948 1227 2073 1268 nem
2096 1217 2339 1268 sanctum
2363 1211 2418 1265 in
2453 1226 2579 1281 quo,
2609 1207 2764 1279 juxta
2793 1207 2927 1262 illud
2947 1207 3089 1278 quod
3120 1206 3380 1275 scriptum
3409 1211 3528 1259 est:

1949 1303 2226 1359 Thronum
2249 1303 2366 1373 ejus
2403 1300 2459 1356 in
2488 1307 2691 1356 terram
2733 1299 2962 1354 allisisti.
2996 1297 3148 1352 Tunc
3174 1296 3410 1352 alliditur
3442 1303 3527 1348 at-

1950 1410 2056 1466 que
2083 1394 2412 1458 destruitur,
2445 1391 2660 1461 quando
2694 1389 3037 1445 multitudine
3074 1397 3418 1459 peccatorum
3453 1385 3534 1440 of-

1951 1485 2184 1543 fenderit
2216 1485 2407 1540 Deum.
2445 1482 2553 1538 Sed
2587 1490 2768 1538 tamen
2794 1481 2887 1553 qui
2910 1497 3007 1537 sua
3035 1481 3191 1551 culpa
3219 1479 3402 1551 periit,
3431 1480 3536 1534 Do-

1952 1575 2085 1632 mini
2114 1574 2400 1631 clementia
2443 1581 2805 1638 sustentatur,
2829 1587 2951 1642 quae
2981 1578 3225 1626 mutatur
3251 1569 3541 1625 severitate

1956 1669 2259 1734 sententiae,
2317 1668 2360 1722 si
2389 1667 2605 1722 irritum
2633 1665 2798 1720 faciat
2826 1664 3088 1719 Dominus
3112 1670 3331 1734 pactum
3358 1676 3538 1726 suum,

1957 1777 2065 1832 quo
2094 1775 2193 1816 nos
2223 1760 2402 1814 salvos
2428 1757 2639 1813 futuros
2659 1772 2780 1813 esse
2804 1756 3074 1826 pollicitus
3093 1763 3194 1811 est.

263 1872 357 1936 sit,
402 1885 524 1924 cum
547 1836 703 1938 'virgo
748 1865 857 1920 ﬁlia
884 1836 1063 1936 populi
1119 1861 1200 1917 sui
1252 1836 1576 1916 contritione
1614 1836 1850 1910 maxima
1877 1836 1943 1896 Β
2032 1874 2052 1907 ι
2096 1853 2348 1934 Nunquid
2425 1860 2550 1906 sunt
2628 1850 2684 1904 in
2741 1848 3080 1917 sculptilibus
3152 1846 3392 1919 gentium
3449 1845 3542 1915 qui

265 1963 498 2034 etplaga
547 1959 872 2016 intolerabili
917 1971 1176 2028 percussa
1222 1955 1314 2010 sit.
1362 1952 1468 2008 Alii
1509 1968 1578 2007 ex
1615 1963 1850 2022 persona

265 2054 542 2126 prophetat:
566 2052 681 2106 haec
714 2051 818 2105 dici
850 2048 1207 2104 arbitrantur.

343 2164 362 2195 ι
410 2143 467 2199 Si
499 2155 753 2214 egressus
783 2138 937 2194 fuero
964 2138 1032 2194 ad
1057 2152 1216 2206 agros
1238 2177 1253 2203 ,
1283 2150 1410 2192 ecce
1437 2133 1601 2190 occisi
1627 2133 1804 2205 gladio
1835 2149 1849 2185 :

274 2256 292 2289 ι
340 2245 393 2291 et
424 2235 469 2290 si
496 2232 756 2289 introiero
792 2231 848 2286 in
891 2230 1206 2294 civitatem,
1237 2241 1366 2282 ecce
1399 2223 1661 2279 attenuati
1709 2221 1854 2276 fame

273 2348 291 2381 ‹
339 2327 462 2402 (sive
492 2325 676 2382 dolore
706 2321 1207 2393 famis).Prophetae
1228 2333 1440 2388 quoque
1468 2323 1522 2371 et
1548 2313 1856 2370 sacerdotes

273 2439 290 2472 ι
339 2401 590 2474 abierunt
637 2417 691 2471 in
751 2423 953 2470 terram
1017 2426 1179 2481 quam
1240 2408 1580 2480 ignorabant.
1614 2424 1633 2456 ι
1702 2401 1856 2458 Justa

267 2527 428 2569 causa
463 2508 774 2582 plangendi,
805 2507 948 2578 quod
994 2506 1148 2575 virgo
1197 2502 1430 2558 contrita
1455 2500 1566 2565 sit,
1602 2496 1712 2552 ﬁlia
1736 2510 1859 2566 per-

270 2621 449 2671 cussa,
478 2603 817 2674 populusque
871 2598 1100 2654 deletus.
1151 2596 1209 2652 Si
1255 2595 1400 2652 enim
1425 2635 1438 2659 ,
1474 2593 1671 2662 inquit,
1711 2589 1860 2645 foras

270 2695 420 2752 exire
454 2692 676 2748 voluero
699 2731 715 2757 ,
755 2688 1075 2745 interfectos
1117 2685 1312 2741 videbo
1344 2701 1356 2737 :
1391 2683 1437 2738 si
1482 2680 1691 2753 ingredi
1730 2678 1861 2733 civi-

274 2799 471 2851 tatem,
528 2792 832 2840 attenuatos
874 2788 929 2836 et
976 2779 1189 2836 ossibus
1234 2777 1326 2830 vix
1373 2776 1661 2837 haerentes,
1702 2769 1863 2825 famis

275 2880 601 2938 necessitate
621 2876 972 2948 conspiciam.
998 2873 1065 2927 Et
1087 2871 1215 2942 quid
1241 2871 1441 2925 mirum
1467 2868 1572 2923 hoc
1604 2868 1670 2923 de
1706 2864 1863 2937 plebe

275 2982 330 3028 et
362 2968 582 3038 ignobili
611 2967 770 3039 vulgo
802 2965 981 3021 dicere
1009 3004 1024 3030 ,
1065 2977 1190 3018 cum
1238 2959 1514 3032 propheta:
1553 2972 1767 3028 quoque
1808 2962 1865 3009 et

276 3062 586 3123 sacerdotes
613 3059 705 3130 qui
739 3057 860 3114 aliis
903 3069 1164 3128 prospera
1210 3051 1641 3124 prophetabant,
1681 3056 1736 3103 et
1772 3045 1864 3118 qui

279 3157 546 3214 iubebant
569 3153 700 3225 legis
728 3150 940 3222 aperire
964 3149 1237 3212 mandata,
1263 3145 1366 3216 ipsi
1395 3142 1556 3198 ierint
1582 3142 1635 3196 in
1663 3149 1864 3196 terram

1957 1971 1976 2003 ι
2022 1948 2239 2021 pluant,
2273 1952 2366 1999 aut
2403 1944 2524 1998 coeli
2568 1950 2794 2014 possunt
2822 1939 2954 1996 dare
2981 1939 3224 1995 imbres?
3265 1937 3453 1992 Nonne
3483 1944 3539 1989 tu

1960 2060 1978 2095 ι
2024 2057 2104 2107 es,
2120 2039 2347 2094 Domine
2359 2037 2524 2102 Deus,
2551 2050 2710 2105 quem
2733 2032 3198 2104 exspectavimus?
3221 2038 3276 2084 tu
3300 2030 3444 2084 enim
3461 2028 3540 2084 fe-

1961 2157 1978 2189 ε
2027 2136 2150 2191 cisti
2186 2133 2367 2188 omnia
2399 2131 2534 2186 haec.
2581 2148 2602 2182 ι
2633 2127 2763 2183 Post
2791 2127 2990 2182 multos
3017 2125 3307 2194 variosque
3333 2137 3544 2178 sermo—

1955 2244 2054 2284 nes
2082 2226 2222 2282 redit
2261 2226 2327 2279 ad
2351 2223 2568 2278 titulum
2587 2219 2906 2293 prophetiae,
2927 2220 2982 2274 in
3004 2235 3111 2290 quo
3139 2218 3402 2287 scriptum
3422 2223 3538 2272 est:

1963 2340 1981 2373 ι
2016 2317 2170 2386 Quod
2199 2315 2399 2372 factum
2437 2321 2519 2369 est
2559 2313 2785 2368 verbum
2810 2310 3024 2365 Domini
3063 2309 3130 2364 ad
3155 2306 3446 2363 Jeremiam
3477 2306 3547 2361 de

1959 2409 2302 2468 sermonibus
2320 2404 2604 2463 siccitatis.
2637 2423 2654 2454 ι
2682 2403 2825 2475 Ergo
2845 2402 2990 2474 quod
3008 2401 3159 2466 dicit,
3175 2401 3280 2456 hoc
3295 2407 3397 2463 est,
3421 2397 3548 2468 quia

1959 2503 2266 2560 daemonum
2309 2497 2596 2554 simulacra
2642 2510 2749 2550 non
2791 2501 3017 2566 possunt
3054 2493 3271 2562 pluere,
3303 2504 3403 2546 nec
3425 2488 3546 2546 caeli

1960 2610 2057 2666 per
2076 2608 2134 2649 se
2157 2592 2286 2648 dare
2305 2591 2533 2646 imbrem
2559 2602 2736 2652 suum,
2766 2585 2886 2641 ideo
2913 2593 2991 2651 tu,
3022 2583 3250 2639 Domine
3273 2583 3416 2637 Deus
3447 2594 3543 2634 no-

1963 2693 2109 2748 ster,‘
2140 2697 2302 2754 quem
2353 2694 2567 2750 semper
2615 2676 3067 2746 exspectavimus,
3114 2673 3166 2728 in
3221 2686 3380 2742 quem
3426 2684 3550 2740 spes

1963 2784 2181 2832 nostras
2210 2782 2264 2830 et
2285 2780 2411 2829 vota
2451 2770 2837 2835 convertimus,
2874 2776 2954 2834 tu,
2985 2768 3052 2823 da
3083 2765 3319 2837 pluviam
3346 2772 3496 2818 tuam
3527 2779 3540 2816 :

1966 2875 2059 2922 tua
2083 2865 2231 2922 enim
2274 2871 2398 2918 sunt
2431 2863 2630 2918 omnia.
2661 2861 2732 2916 Et
2755 2858 3017 2932 quidquid
3043 2857 3170 2913 boni
3202 2865 3316 2923 est,
3348 2855 3469 2930 sine
3494 2843 3576 2909 te'

1965 2958 2118 3028 cujus
2162 2965 2275 3025 est,
2314 2957 2428 3012 dari
2467 2971 2575 3011 non
2607 2961 2805 3026 potest.
2862 2951 3115 3007 Dicamus
3141 2957 3196 3004 et
3225 2950 3330 3026 hoc
3361 2955 3550 3004 contra

1967 3055 2274 3120 haereticos,
2320 3051 2411 3121 qui
2456 3049 2692 3120 pluviam
2739 3046 3108 3103 doctrinarum
3159 3043 3396 3118 tribpere
3443 3056 3550 3096 non

1968 3154 2237 3221 possunt:
2275 3151 2330 3199 et
2376 3157 2498 3198 cum
2546 3154 2604 3195 se
2644 3138 2812 3194 caelos
2856 3151 2976 3192 esse
3002 3133 3344 3207 promittant,
3390 3138 3445 3186 et
3486 3131 3553 3186 de

280 3263 442 3319 quam
473 3247 823 3319 ignorabant,
863 3251 918 3298 et
966 3240 1296 3312 captivitatis
1343 3236 1698 3294 sustinuerint
1746 3249 1862 3289 ma-

1973 3255 2026 3296 se
2065 3239 2325 3307 scriptum
2376 3234 2674 3306 glorientur
2712 3248 2728 3285 :
2773 3249 2791 3282 (
2844 3227 2978 3284 Coeli
3022 3232 3283 3281 enarrant
3323 3221 3551 3294 gloriam

277 3341 422 3397 lum?
443 3339 676 3396 Audiant
699 3337 804 3394 hoc
836 3336 1114 3409 prophetat
1135 3331 1324 3396 nostri,
1353 3339 1407 3388 et
1427 3330 1571 3401 quod
1594 3343 1693 3383 nec
1717 3328 1862 3382 intus

281 3449 383 3489 nec
413 3429 548 3487 foris
572 3437 794 3500 propter
818 3425 1198 3499 negligentiam
1241 3438 1430 3479 eorum
1470 3423 1542 3478 sit
1573 3421 1682 3476 ulla
1710 3435 1866 3475 secu-

287 3523 421 3577 ritas
447 3535 462 3574 :
492 3519 637 3590 quod
670 3527 726 3574 et
774 3532 867 3572 eos
896 3515 1299 3579 scandalizent,
1330 3513 1424 3582 qui
1463 3511 1596 3568 foris
1636 3519 1782 3576 sunt,
1813 3517 1869 3564 et

284 3629 378 3670 eos
402 3613 496 3684 qui
522 3613 689 3678 intus,
711 3609 853 3666 fame
887 3608 1111 3664 interire
1135 3611 1440 3678 patiantur;
1470 3613 1525 3660 et
1564 3604 1657 3676 qui
1683 3609 1870 3658 auoto-

285 3722 376 3764 rcs
415 3705 617 3761 fuerint
647 3703 938 3776 peccandi,
971 3703 1080 3758 sint
1107 3700 1444 3756 cruciatuum
1473 3697 1628 3754 socii.

364 3818 384 3852 ι
429 3797 680 3868 Nunquid
726 3796 1018 3869 projiciens
1068 3791 1317 3862 abiecisti
1363 3791 1574 3858 Judam,
1614 3796 1708 3844 aut
1742 3804 1874 3846 mon

295 3910 316 3945 ι
362 3890 673 3947 abominata
704 3896 789 3945 est
816 3889 997 3943 anima
1033 3886 1165 3942 tua?
1191 3883 1370 3953 Quare
1396 3899 1528 3955 ergo
1555 3879 1872 3953 percussisti

293 4000 313 4035 ι
357 3995 489 4047 nos,
534 3979 609 4034 ita
649 3987 710 4035 ut
739 3977 881 4034 nulla
907 3975 1257 4033 sit‘sanitas?
1291 3972 1739 4044 Exspectavimus
1779 3985 1874 4041 pa-

296 4093 316 4126 ι
361 4088 502 4140 cem,
545 4079 601 4127 et
634 4085 743 4126 non
772 4078 857 4125 est
901 4069 1108 4145 bonng
1145 4085 1158 4122 :
1196 4074 1252 4122 et
1288 4073 1502 4137 tempus
1541 4063 1874 4130 curationis,

298 4188 316 4220 ι
361 4175 415 4222 et
442 4181 570 4222 ecce
599 4164 858 4220 turbatio.
895 4182 913 4214 ›
949 4160 1175 4216 Miratur
1194 4160 1462 4231 propheta
1499 4157 1642 4229 quod
1683 4155 1876 4211 Judam

295 4271 350 4318 et
384 4258 704 4324 Jerusalem,
729 4265 784 4312 et
809 4255 1037 4311 duarum
1071 4251 1325 4308 videlicet
1350 4251 1588 4307 tribuum
1626 4259 1887 4320 regnum,

295 4352 351 4408 in
377 4366 482 4421 quo
512 4357 630 4404 erat
653 4355 708 4403 et
731 4346 921 4418 religio
946 4345 1066 4411 Dei,
1095 4352 1150 4399 et
1174 4342 1361 4414 templi
1383 4340 1742 4407 caeremoniae,
1774 4340 1879 4395 Do-

296 4443 474 4498 minus
506 4450 616 4496 tam
658 4446 878 4508 repente
907 4434 1197 4506 projecerit
1224 4473 1241 4500 ,
1267 4442 1322 4488 et
1348 4441 1501 4488 tanta
1549 4431 1880 4503 percusserit

294 4537 472 4610 plaga,
496 4532 721 4589 utnulla
742 4531 914 4602 possit
943 4528 1191 4584 adhiberi
1211 4527 1502 4582 medicina.
1539 4545 1557 4576 ‹
1586 4525 1879 4594 Exspecta-

1966 3334 2061 3389 Dei
2087 3331 2261 3405 (Psat.
2279 3328 2456 3400 mn),
2477 3349 2495 3380 ι
2526 3341 2707 3382 tamen
2733 3339 2840 3380 non
2867 3328 3093 3394 possunt
3119 3319 3320 3374 imbres
3349 3316 3552 3371 donare

1968 3424 2246 3482 doctrinas.
2283 3420 2444 3478 Solus
2483 3427 2568 3476 est
2602 3417 2748 3474 enim
2778 3417 2940 3482 Deus,
2985 3413 3082 3496 (qui
3123 3425 3280 3467 suum
3319 3409 3572 3476 instruat,

1970 3516 2250 3589 populum,
2297 3521 2353 3570 et
2387 3510 2730 3568 diversitates
2770 3506 2958 3580 gratiae
3000 3505 3202 3562 tribuat
3235 3507 3560 3573 exspectan-

1973 3610 2117 3667 tibus
2146 3624 2224 3664 se.

2573 3693 2801 3754 CAPUT
2845 3691 2963 3748 XV.

1977 3815 2116 3884 Non.
2158 3813 2305 3868 audit
2350 3809 2640 3884 Domin_us_
2660 3822 2834 3884 preces
2885 3801 3102 3884 Maysis.
3128 3807 3213 3884 et.
3242 3795 3501 3884 Samuelis
3540 3813 3560 3850 :

2045 3866 2365 3956 pir'redicatur
2399 3881 2575 3956 passio
2605 3866 2815 3956 Domini
2847 3886 2894 3930 et
2925 3866 3055 3928 ultio
3082 3872 3141 3926 in
3176 3869 3430 3934 Judazos;
3466 3866 3559 3922 de-

2049 3950 2219 4026 fertur
2250 3969 2348 4009 vva:
2371 3950 2444 4007 a‘d
2474 3950 2890 4022 pradicatorem.

2056 4089 2075 4120 ι
2116 4070 2184 4124 Et
2230 4067 2365 4125 dixit
2394 4065 2656 4122 Dominus
2697 4061 2766 4118 ad
2795 4075 2884 4117 me
2915 4077 2929 4114 :
2963 4059 3021 4115 Si
3065 4056 3319 4114 steterint
3350 4054 3563 4126 Moyses

1985 4181 2005 4216 ι
2049 4171 2105 4219 et
2139 4159 2356 4217 Samuel
2399 4173 2584 4216 coram
2613 4172 2699 4212 me
2742 4155 2868 4228 (sive
2896 4161 3088 4209 contra
3133 4149 3265 4222 me),
3321 4165 3430 4206 non
3477 4156 3565 4204 est

1987 4272 2007 4305 ‹
2041 4253 2221 4308 anima
2247 4266 2368 4306 mea
2390 4250 2457 4305 ad
2482 4241 2738 4320 ptipulum
2763 4245 2945 4300 istum.
2976 4262 2995 4295 ‹
3030 4241 3140 4298 Hos
3160 4240 3304 4298 enim
3330 4240 3565 4312 legimus

1981 4346 2074 4402 irae
2101 4343 2310 4401 Domini
2344 4358 2444 4414 pro
2475 4339 2672 4413 populo
2696 4337 2994 4404 restitisse,
3024 4343 3078 4392 et
3108 4333 3220 4405 jam
3249 4333 3565 4404 impenden-

1986 4447 2092 4494 tem
2121 4437 2379 4492 avertisse
2418 4433 2762 4491 sententiam.
2796 4431 2941 4497 Etsi,
2982 4429 3180 4500 inquit,
3207 4426 3284 4483 illi
3319 4426 3569 4483 steterint

1982 4533 2069 4588 vel
2093 4532 2148 4586 in
2179 4538 2468 4602 conspectu
2503 4543 2657 4594 meo,
2692 4526 2778 4581 vel
2805 4532 2993 4582 contra
3032 4538 3120 4578 me
3165 4540 3178 4575 :
3219 4535 3448 4592 quorum
3475 4519 3568 4574 uni

294 4596 494 4693 vimus,
543 4624 737 4694 inquit,
791 4636 982 4692 pacem
1038 4629 1093 4676 et
1136 4627 1349 4690 tempus
1399 4619 1718 4684 curationis,
1757 4638 1775 4669 ›
1823 4625 1879 4672 et

1985 4625 2122 4681 dixit
2154 4596 2328 4678 Deus?
2365 4641 2383 4671 ί
2421 4619 2638 4674 Dimitte
2663 4630 2773 4681 me,
2804 4624 2860 4670 et
2881 4615 3181 4686 percutiam
3204 4611 3459 4683 populum
3493 4609 3566 4664 is-

298 4718 508 4775 nullum
563 4723 646 4770 est
700 4713 936 4778 bonum,
988 4712 1084 4767 sed
1145 4710 1449 4766 econtrario
1501 4709 1779 4763 turbatio:
1819 4717 1880 4763 ut

298 4811 390 4867 ubi
424 4809 577 4881 prius
619 4805 798 4860 fuerat
828 4803 1004 4860 cultus
1030 4803 1127 4858 Dei
1156 4810 1318 4873 atque
1348 4800 1713 4871 tranquillitas
1742 4841 1756 4866 ,
1804 4800 1878 4855 ibi

301 4902 657 4962 seditionibus
681 4907 735 4954 et
766 4897 947 4955 hostili
978 4896 1198 4951 fremitu
1235 4895 1418 4950 omnia
1454 4894 1877 4964 complerentur.

301 4999 359 5054 Si
390 4995 604 5068 quando
635 5008 764 5064 ergo
794 4999 850 5046 et
877 5002 1062 5046 nostra
1095 4988 1247 5054 Sion,
1273 4996 1568 5059 nosterque
1604 4985 1742 5042 Juda
1789 4987 1885 5041 ab-

296 5093 485 5166 jicitur
512 5132 527 5158 ,
573 5097 630 5146 et
679 5085 1080 5143 abominabitur
1119 5083 1266 5138 illum
1305 5083 1485 5138 anima
1515 5083 1650 5149 Dei,
1681 5097 1885 5152 nequa-

303 5204 464 5259 quam
502 5186 783 5250 miremur,
836 5182 930 5237 sed
957 5180 1126 5251 magis
1157 5178 1400 5234 dicamus
1428 5177 1568 5249 quod
1591 5178 1836 5246 sequitur
1870 5195 1883 5230 :

381 5300 398 5331 ι
433 5278 812 5348 Cognovimus,
843 5272 1092 5338 Domine,
1124 5270 1431 5340 impietates
1459 5276 1671 5324 nostras
1701 5278 1756 5322 et
1786 5268 1890 5322 ini-

313 5389 333 5422 ι
377 5366 608 5439 quitates
631 5376 847 5438 patrum
875 5373 1206 5429 nostrorum,
1223 5363 1349 5434 quia
1369 5363 1712 5433 peccavimus
1735 5361 1883 5418 tibi.»

308 5459 378 5518 Et
402 5475 521 5532 nos,
555 5459 749 5526 inquit,
777 5465 832 5532 et
855 5463 1038 5527 patres
1061 5456 1232 5512 nostri
1255 5455 1443 5510 eadem
1468 5453 1737 5510 dementia
1766 5469 1889 5526 per-

309 5558 466 5620 cepta
499 5545 829 5618 negleximus
855 5587 869 5610 ,
901 5556 956 5602 et
981 5547 1202 5616 impleta
1237 5555 1322 5602 est
1353 5547 1404 5601 in
1439 5545 1593 5602 nobis
1633 5545 1889 5603 mensura

311 5641 599 5711 majorum;
633 5645 692 5694 ut
719 5625 981 5710 quidquid
1007 5640 1112 5695 illis
1137 5638 1418 5704 defuerat,
1442 5647 1631 5695 nostro
1675 5639 1890 5694 cumulo

314 5731 692 5801 compl‘eretur.
741 5728 899 5784 Unde
929 5731 982 5784 et
1029 5727 1095 5784 de
1131 5729 1267 5784 Juda
1294 5727 1527 5784 dicitur:
1561 5749 1580 5779 ‹
1609 5729 1664 5782 In
1690 5725 1891 5784 memo-

316 5824 455 5878 riam
486 5821 678 5877 redeat'
712 5819 970 5889 iniquitas
995 5829 1211 5889 patrum
1235 5818 1429 5886 ejtis'in
1459 5819 1761 5890 censpeCtu'
1789 5819 1891 5876 Do;

1986 4728 2120 4781 tum,
2157 4737 2175 4768 ι
2212 4723 2392 4768 tamen
2417 4727 2525 4767 non
2557 4707 2864 4771 exaudiam,
2898 4705 3154 4776 quoniam
3194 4709 3569 4758 consummata

1988 4815 2113 4864 sunt
2132 4805 2336 4862 scelera
2356 4801 2538 4873 populi
2553 4795 2928 4867 delinquentis.
2953 4794 3093 4861 Quid
3110 4800 3215 4858 est,
3239 4791 3383 4860 quod
3401 4790 3571 4844 inter-

1988 4901 2169 4958 missis
2196 4865 2503 4966 relicti-sq'ue
2530 4901 2609 4949 tot
2636 4865 2881 4964 patribus
2903 4887 3001 4943 soli
3031 4886 3242 4958 Moyses
3264 4893 3320 4939 et
3349 4881 3565 4938 Samuel
3597 4865 3606 4874 ’

1993 4992 2059 5046 ad
2108 4988 2346 5052 medium
2395 4985 2773 5045 deducuntur,
2827 4993 3057 5050 quorum
3107 4974 3246 5030 mira
3295 4971 3573 5028 obtinendi

1991 5081 2161 5136 virtus
2188 5077 2522 5141 ostenditur,
2548 5075 2674 5130 dum
2705 5087 2803 5128 nec
2826 5070 2928 5141 ipsi
2952 5083 3109 5140 posse
3140 5067 3472 5122 intercedere
3499 5063 3575 5118 di-

1990 5181 2205 5240 cuntur,
2241 5155 2314 5226 ac.
2332 5171 2380 5224 si
2407 5177 2591 5240 aperte
2618 5165 2877 5221 Dominus
2899 5162 3041 5217 dicat
3066 5179 3079 5215 :
3105 5158 3215 5214 Nec
3242 5158 3360 5214 illos
3385 5156 3570 5220 audio,

1990 5283 2127 5340 quos
2169 5275 2386 5338 propter
2424 5277 2674 5332 magnum
2719 5258 2992 5330 petitionis
3032 5271 3141 5311 sua:
3182 5254 3433 5309 meritum
3474 5253 3575 5307 mi-

1991 5361 2138 5416 nime
2177 5359 2504 5415 contemno?
2529 5356 2670 5423 Quid
2707 5368 2838 5425 ergo
2866 5359 2949 5408 est
2988 5351 3131 5422 quod
3164 5349 3374 5420 Moyses
3397 5357 3451 5403 et
3478 5349 3578 5403 Sa-

1992 5452 2136 5508 muel
2163 5449 2373 5507 caeteris
2407 5449 2649 5519 patribus
2688 5446 2742 5501 in
2772 5443 3135 5515 postulatione
3181 5432 3577 5512 prmferuntur?

1990 5545 2095 5601 nisi
2125 5543 2267 5613 quod
2289 5541 2393 5596 duo
2418 5541 2507 5596 isti
2533 5537 2902 5594 tantummodo
2938 5537 2993 5592 in
3019 5543 3212 5592 cuncta
3244 5531 3577 5588 Testameuti

1997 5634 2205 5691 Veteris
2238 5632 2377 5689 serie
2410 5632 2574 5686 etiam
2617 5645 2714 5701 pro
2758 5627 2989 5684 inimicis
3030 5627 3142 5684 suis
3187 5626 3437 5697 leguntur
3483 5638 3579 5678 ex-

1991 5726 2377 5783 orasserlln'u’s
2401 5723 2651 5794 a'populo
2673 5719 2940 5792 lapidibus
2960 5719 3266 5791 impetitur,
3297 5725 3351 5771 et
3394 5723 3576 5784 tamen

1992 5825 2092 5890 pro
2115 5805 2508 5889 lapidatOribus
2528 5818 2644 5874 suis
2659 5800 2954 5872 Dominum
2981 5815 3301 5884 deprecatur
3317 5828 3330 5840 ο
3347 5809 3486 5863 alter
3503 5822 3572 5862 ex
