4008 6340
393 343 503 408 923

1032 338 1095 394 ιι.
1133 332 1390 394 RABANI
1427 327 1648 394 unum
1685 320 2012 392 ARCHIEP.
2052 313 2365 388 uocum.
2405 309 2694 388 manu
2723 321 2908 386 rans
2943 327 3032 384 ιιι.

3577 329 3716 388 924

391 457 699 540 principatu
729 457 1000 531 dejicitur,
1045 467 1102 516 et
1139 466 1321 516 tamen
1363 457 1590 531 petitus,
1621 464 1684 513 ut
1709 462 1987 520 exoraret,
2017 453 2207 517 Arion
2249 449 2540 519 liberavit,
2576 446 2673 507 sed
2717 455 2931 540 tantum
2968 447 3106 506 tilias
3153 465 3278 521 quae
3297 447 3528 508 forsitan
3579 467 3714 511 non

393 537 629 622 fatetur,
665 553 852 609 dicens
885 551 1084 608 :Absit
1111 553 1142 607 a‘
1174 565 1262 606 me
1309 549 1414 608 hoc
1458 553 1743 623 peccatum
1777 550 1833 604 in
1883 545 1992 604 Do-
2092 551 2492 618 peccaveraut;
2521 541 2802 611 etJosias,
2832 537 2920 599 vir
2944 551 3186 608 sanctus,
3218 559 3324 600 non
3353 546 3529 602 solum
3558 551 3716 620 pec-

398 647 570 712 mino,
594 644 882 714 quominus
915 656 1130 698 cessem
1176 653 1338 698 orare
1361 655 1464 714 pro
1490 641 1666 699 vobis.
1707 655 1728 695 ι
1755 639 1816 698 Si
1842 635 1991 714 Moy-

400 752 513 804 ses,
546 733 748 807 inquit,
789 745 844 791 et
880 731 1100 790 Samuel
1129 733 1382 790 steterint
1405 744 1593 790 coram
1628 747 1738 800 me,
1767 739 1876 788 non
1904 741 1990 788 est

399 830 579 886 anima
607 831 726 885 mea
748 815 817 884 ad
837 827 1092 900 populum
1116 827 1316 892 istum;
1365 833 1384 880 ὑ
1423 841 1488 884 ac
1515 828 1561 884 si
1585 835 1770 898 aperte
1792 825 1940 882 dicat
1971 843 1988 880 :

371 910 376 915 ’
400 922 514 980 Nec
541 921 662 978 illos
681 919 843 978 modo
871 922 972 992 pro
1000 921 1190 977 amicis
1211 918 1390 987 audio,
1417 935 1555 990 quos
1585 932 1797 992 magna:
1819 915 1991 972 virtu-

402 1015 474 1072 tis
500 1014 694 1072 merito
715 1030 875 1072 orare
904 1015 1069 1071 etiam
1095 1029 1194 1086 pro
1221 1001 1457 1070 inimicis
1486 1013 1620 1070 scio.
1653 1013 1838 1068 Virtus
1859 1022 1990 1084 ergo

399 1121 547 1162 verae
595 1105 859 1161 orationis
911 1111 1020 1170 est,
1076 1104 1340 1161 celsitudo
1392 1103 1680 1160 charitatis
1707 1118 1722 1158 :
1753 1107 1810 1159 et
1858 1107 1989 1158 tunc

403 1198 632 1270 quisque
668 1197 814 1270 quod
843 1205 989 1254 recte
1016 1197 1150 1269 petit
1181 1195 1501 1268 adipiscitur
1524 1238 1538 1263 ,
1576 1211 1700 1252 cum
1725 1194 1842 1266 eius
1867 1195 1990 1251 ani;

402 1304 525 1345 mus
549 1289 600 1345 in
642 1290 906 1360 petitione
934 1303 1036 1346 nec
1067 1289 1276 1344 inimici
1305 1287 1429 1344 odio
1450 1287 1716 1344 fuscatur.
1751 1285 1888 1343 Huic
1913 1286 1990 1342 si-

402 1383 530 1440 mile
566 1391 650 1439 est
704 1383 856 1450 illud,
904 1383 1048 1454 quod
1103 1383 1158 1438 in
1193 1381 1475 1438 Ezechiele
1523 1381 1723 1452 legitur
1769 1377 1989 1452 (Bacch.

401 1476 516 1548 le)
556 1493 570 1530 :
615 1493 634 1527 ι
671 1474 739 1530 Et
764 1475 937 1532 factus
971 1479 1056 1531 est
1079 1486 1260 1530 sermo
1298 1471 1514 1528 Domini
1549 1471 1614 1527 ad
1645 1482 1734 1528 me
1762 1471 1990 1527 dicens:

399 1563 506 1621 Fili
533 1566 799 1634 hominis,
832 1573 978 1622 terra
1008 1579 1128 1622 cum
1153 1565 1460 1637 peccaverit
1504 1561 1659 1629 inihi,
1691 1569 1752 1617 ut
1788 1571 1995 1634 praeva-

401 1659 607 1715 ricetur
633 1661 1016 1731 prmvaricalis,
1047 1665 1101 1715 et
1123 1659 1411 1715 extendam
1439 1667 1659 1714 manmn
1689 1667 1866 1713 meam
1898 1669 2006 1712 su-‘

399 1765 500 1822 per
527 1767 678 1816 eam,
707 1759 763 1806 et
793 1757 1071 1807 cumeram
1102 1751 1308 1822 virgam
1341 1750 1496 1821 panis
1531 1747 1669 1817 ejus,
1705 1756 1758 1804 et
1789 1747 1992 1804 immit-

2091 646 2332 696 catorem
2355 637 2611 710 populum
2645 637 2757 694 suis
2786 637 3080 717 virtutibus
3103 628 3209 693 rion
3237 637 3484 706 salvavit,
3514 641 3618 696 sed
3637 651 3713 699 et

2091 731 2207 808 ipse
2224 735 2276 792 in
2293 734 2531 806 peccatis
2551 733 2698 790 illius
2713 735 2960 789 mortuus
2979 741 3063 788 est
3077 729 3132 807 (1
3150 729 3188 786 ιν
3204 732 3456 806 Rég.nit
3469 745 3517 792 et
3535 735 3702 809 itu).

2092 823 2312 897 Quodsi
2337 829 2630 900 aliquando
2658 827 2880 900 propter
2901 821 3175 883 Abraham
3209 827 3264 884 et
3300 827 3472 885 David
3505 830 3558 886 in
3594 847 3710 901 po-

2093 933 2270 981 steros
2295 939 2486 980 eorum
2518 909 2948 979 misericordiam
2982 937 3135 977 suam
3174 921 3436 980 Dominus
3460 923 3704 993 pollice-

2093 1024 2203 1084 tur,
2257 1015 2552 1072 notandum
2592 1001 2718 1088 quia
2746 1015 2853 1071 iton
2880 1013 2966 1070 his
2997 1017 3205 1085 parcat,
3245 1015 3340 1086 qui
3369 1015 3422 1070 in
3459 1016 3704 1072 sceleri-

2091 1101 2194 1166 bus
2241 1111 2604 1180 perseverent,
2655 1105 2750 1161 Sed
2802 1105 2893 1176 qui
2945 1111 3110 1178 agunt
3151 1105 3574 1176 paenitudinem,
3635 1101 3718 1162 ut

2092 1200 2288 1256 merita
2311 1203 2526 1270 patrum
2557 1197 2790 1253 filiorum
2823 1195 3040 1266 adjuvet
3071 1195 3374 1250 eouversio.
3411 1195 3570 1259 Cum,
3605 1195 3704 1252 in—

2093 1293 2231 1365 quit,
2276 1293 2392 1348 hare
2437 1307 2496 1349 se
2527 1291 2600 1348 ita
2644 1290 2900 1358 habeant,
2932 1293 2988 1346 et
3027 1297 3228 1345 terram
3256 1290 3624 1360 peccatricem
3671 1306 3707 1346 ει

2095 1377 2322 1458 singulis
2353 1385 2529 1457 plagis
2562 1389 2834 1440 tantorum
2885 1381 3126 1437 virorum
3157 1396 3260 1436 non
3292 1380 3464 1436 salvet
3491 1381 3693 1451 depreo

2094 1480 2261 1545 catio,
2315 1477 2395 1536 sic
2431 1478 2562 1534 dicit
2615 1475 2878 1533 Dominus
2905 1475 3069 1541 Deus,
3104 1475 3196 1544 qui
3233 1469 3540 1530 Jerusalem
3597 1487 3712 1528 ne—

2094 1564 2255 1625 fanda
2285 1569 2556 1641 peccavit,
2597 1571 2832 1640 quatuor
2863 1567 3022 1623 simul
3053 1566 3241 1638 plagas
3269 1571 3566 1628 tantorum,
3601 1563 3704 1618 in-

2094 1658 2289 1718 ducam
2331 1676 2494 1733 super
2533 1665 2654 1716 eam
2685 1657 2946 1730 gladium,
2983 1672 3092 1728 quo
3136 1657 3204 1712 ab
3249 1653 3496 1710 hostibus
3525 1653 3709 1710 truci-

2099 1744 2277 1822 datur,
2309 1761 2364 1809 et
2392 1753 2627 1819 famem,-
2655 1760 2818 1823 quam
2846 1751 2898 1806 iu
2927 1749 3208 1806 obsidione
3237 1747 3488 1810 Sustinet,
3517 1756 3572 1801 et
3594 1747 3708 1800 be-

404 1842 586 1897 tamin
607 1841 962 1906 eamt‘amem.
991 1847 1047 1896 et
1074 1839 1399 1896 interﬁciam
1423 1840 1490 1895 de
1519 1854 1584 1894 ea
1616 1837 1995 1906 hominem.'et
2023 1827 2076 1888 Β
2097 1847 2266 1913 stias,
2300 1844 2498 1916 quibus
2536 1841 2804 1914 fugientes
2836 1829 2890 1895 in
2919 1839 3152 1896 desertis
3178 1843 3235 1896 et
3262 1837 3491 1893 saltibus
3529 1836 3710 1892 devo-

397 1932 686 2005 jumenta:
723 1934 846 1988 etsi
883 1932 1083 1989 fuerint
1129 1937 1242 1988 tres
1271 1932 1374 1987 viri
1421 1931 1512 1988 iSti
1555 1931 1610 1988 in
1651 1932 1828 1988 medio
1854 1933 1990 2006 ejus,

403 2025 539 2092 Noe,
563 2033 620 2082 et
665 2023 873 2092 Daniel,
921 2031 976 2082 et
1016 2021 1118 2082 Job
1141 2066 1154 2091 ,
1190 2025 1290 2096 ipsi
1315 2025 1528 2097 justitia
1555 2040 1652 2082 sua
1683 2024 1996 2082 iiberabunt

405 2119 618 2175 animas
667 2129 812 2183 suas,
855 2117 930 2174 ait
979 2115 1241 2174 Dominus
1274 2117 1633 2172 exercituum.
1665 2116 1822 2184 Quod
1855 2117 1902 2172 si
1940 2123 1997 2173 et

403 2213 609 2270 bestias
651 2209 917 2284 pessimas
961 2211 1226 2267 induero
1254 2223 1420 2282 super
1447 2217 1648 2266 terram
1685 2217 1746 2265 ut
1787 2218 1994 2266 rastem

405 2315 547 2368 eam,
575 2309 631 2356 et
675 2301 842 2382 fuerit
882 2301 1064 2367 invia;
1105 2307 1170 2356 eo
1201 2297 1346 2371 quod
1386 2309 1494 2356 non
1524 2302 1596 2356 sit
1622 2299 1995 2372 pertransiens

405 2401 630 2466 propter
660 2393 866 2450 bestias
886 2434 902 2458 ,
927 2401 1038 2448 tres
1063 2391 1166 2448 viri
1197 2391 1288 2448 isti
1317 2392 1410 2462 qui
1450 2392 1652 2448 fuerint
1673 2391 1727 2448 in
1756 2405 1844 2458 ea,
1872 2391 1996 2448 vivo

408 2497 530 2558 ego,
561 2483 691 2540 dicit
727 2483 1006 2551 Dominus,
1043 2483 1170 2555 quia
1198 2497 1300 2539 nec
1332 2483 1473 2539 ﬁlios
1501 2498 1602 2539 nec
1631 2481 1772 2540 filias
1802 2481 1998 2540 liberas

407 2578 582 2634 bunt:
611 2573 707 2632 sed
737 2575 838 2648 ipsi
869 2571 970 2632 soli
997 2574 1404 2642 liberabuntur,
1436 2583 1584 2632 terra
1621 2581 1802 2631 autem
1841 2571 1998 2648 deso-

409 2666 636 2724 lubitur.
652 2642 808 2725 Velsi
825 2667 1062 2740 gladium
1077 2667 1346 2723 induxere
1366 2683 1529 2738 super
1543 2675 1748 2723 terram
1761 2642 1928 2736 illam,
1943 2675 2002 2724 et

410 2760 598 2818 dixero
624 2761 836 2832 gladio:
853 2757 1044 2817 Transi
1068 2773 1166 2832 per
1176 2775 1317 2827 eam,
1346 2763 1401 2816 et
1414 2759 1738 2817 interfecero
1752 2761 1818 2816 de
1829 2773 1894 2816 ea
1908 2761 2002 2816 ho-

411 2853 612 2909 minem
635 2861 692 2910 et
707 2851 1038 2922 iumentum,
1065 2861 1122 2910 et
1142 2862 1255 2910 tres
1274 2851 1376 2907 viri
1406 2851 1498 2908 isti
1523 2851 1726 2910 fuerint
1747 2855 1801 2910 in
1824 2853 2002 2912 medio

411 2941 551 3012 ejus,
583 2943 706 2998 vivo
745 2957 866 3014 ego,
900 2941 1031 2999 dicit
1060 2941 1322 2998 Dominus
1346 2939 1490 2998 Deus
1511 2983 1526 3009 ,
1559 2958 1666 2999 non
1695 2941 2003 3001 liberabunt

413 3031 554 3088 filios
596 3047 718 3094 nec.
738 3032 896 3100 illius;
947 3034 1042 3088 sed
1085 3034 1185 3104 ipsi
1230 3031 1330 3088 soli
1377 3032 1772 3110 liberabuntur,
1829 3047 1848 3087 ι
1895 3039 2000 3091 etc.

414 3121 690 3190 Quaeritur
715 3136 840 3177 cum
871 3129 928 3178 et
947 3122 1242 3189 Abraham,
1273 3126 1328 3178 et
1353 3123 1526 3192 lsaac,
1558 3133 1616 3180 et
1641 3121 1828 3191 Iacob,
1855 3122 2004 3198 May:

2097 1945 2270 2006 ratur,
2282 1947 2336 1996 et
2350 1939 2736 2010 pestilentiam,
2755 1941 2874 2007 qua:
2885 1941 3100 2008 semper
3115 1933 3313 1990 famem
3328 1950 3391 1990 ac
3405 1933 3702 2005 penuriam

2097 2029 2362 2100 sequitur,
2393 2044 2492 2101 pro
2528 2043 2634 2098 qua
2679 2027 2890 2103 vulgata
2932 2024 3100 2082 editio
3126 2031 3359 2081 mortem
3387 2021 3696 2080 transtulit.

2097 2105 2245 2187 llaec,
2278 2120 2476 2196 inquit,
2513 2118 2766 2175 inducam
2791 2119 2955 2190 Super
2973 2121 3118 2184 eam,
3141 2123 3201 2173 ut
3225 2123 3327 2172 he‘c
3354 2116 3605 2172 homines
3633 2114 3698 2170 in

2097 2229 2162 2272 ea
2193 2213 2534 2280 remaneant,
2555 2227 2656 2268 nec
2671 2211 2938 2282 iumenta.

2173 2323 2192 2357 ι
2236 2301 2384 2374 Ejice
2414 2301 2515 2376 (vel
2542 2301 2752 2374 emitte)
2784 2301 2904 2358 illos
2933 2316 2966 2356 a
2997 2299 3138 2358 facie
3163 2301 3380 2369 memet
3399 2299 3692 2373 egredian-

2104 2413 2123 2447 ι
2153 2397 2261 2450 tur.
2284 2415 2304 2448 ι
2332 2387 2451 2450 Nan
2475 2392 2593 2450 loco
2621 2393 2881 2449 recedunt
2902 2409 2932 2448 a
2963 2393 3072 2449 Deo
3097 2386 3440 2464 peceatores,
3473 2391 3567 2448 sed
3595 2405 3697 2446 vo-

2098 2487 2328 2554 luntate,
2355 2493 2665 2560 quanquam
2699 2487 2940 2558 legamus
2963 2494 3020 2542 et
3039 2483 3214 2542 Adam
3239 2487 3294 2541 et
3323 2483 3457 2543 Cain
3489 2484 3694 2556 eiectos

2099 2585 2220 2638 esSe
2241 2581 2272 2636 εἰ
2297 2579 2440 2637 facie
2466 2580 2560 2637 Dei
2590 2578 2744 2654 (Gai.
2778 2579 2884 2652 ιιι).

2177 2691 2196 2726 ι
2240 2673 2392 2744 Quod
2428 2673 2473 2730 si
2499 2675 2738 2732 dixerint
2768 2672 2836 2728 ad
2866 2669 2919 2730 te
2944 2676 2957 2728 ὲ
2987 2665 3106 2740 Quo
3135 2659 3519 2746 egrediemur?
3546 2669 3693 2727 dices

2106 2761 2128 2819 ι
2171 2757 2241 2821 ad
2283 2778 2376 2822 eos
2402 2781 2417 2820 :
2449 2761 2577 2822 [hec
2609 2761 2741 2822 dicit
2768 2757 3032 2821 Dominus
3063 2761 3079 2820 ξ
3107 2761 3209 2832 Qui
3239 2761 3307 2820 ad
3337 2768 3594 2828 mortem,
3625 2763 3694 2819 ad

2108 2845 2130 2916 ι
2173 2866 2446 2928 mortem;
2491 2861 2546 2918 et
2595 2861 2690 2932 qui
2719 2856 2788 2916 ad
2823 2857 3091 2934 gladium,
3122 2853 3191 2915 ad
3225 2857 3495 2933 gladium;
3527 2857 3583 2914 et
3601 2857 3692 2929 qui

2110 2971 2130 3006 ι
2173 2953 2240 3008 ad
2274 2949 2496 3018 famem,
2543 2949 2611 3007 ad
2635 2949 2868 3022 famem;
2898 2960 2954 3009 et
2981 2951 3075 3022 qui
3101 2947 3168 3007 ad
3202 2946 3593 3022 captivitatem,
3627 2949 3696 3006 ad

2111 3065 2128 3097 ι
2170 3046 2567 3117 captivitatem:
2594 3033 2663 3100 Et
2675 3037 2912 3100 visitabo
2927 3039 3092 3116 super
3103 3043 3197 3099 eos
3217 3043 3452 3114 quatuOr
3464 3042 3694 3114 species,

2111 3157 2130 3190 ι
2171 3136 2302 3192 dicit
2337 3134 2637 3192 Dominus:
2673 3131 2910 3208 gladium
2949 3133 3020 3189 ad
3045 3133 3398 3199 occisionem,
3444 3137 3500 3188 et
3534 3145 3697 3185 canes

415 3229 506 3275 ses
537 3229 754 3288 quoque
800 3221 857 3273 et
907 3216 1086 3272 caeteri
1128 3215 1456 3288 patriarcha:
1489 3226 1546 3274 et
1574 3188 1852 3290 propheta:
1868 3188 2000 3291 justi
2029 3188 2076 3256 δ
2175 3188 3023 3296 Ztvvolatilia
3049 3225 3261 3284 cmliet
3299 3188 3502 3282 bestias
3541 3227 3698 3280 terra

415 3308 638 3376 fuerint,
668 3320 769 3366 cur
813 3310 1008 3390 horum
1058 3311 1434 3367 tantummodo
1474 3311 1570 3368 flat
1605 3311 1830 3380 mentio,
1859 3313 2002 3386 quod
2112 3341 2132 3374 ι
2176 3321 2244 3376 ad
2269 3317 2635 3377 devorandum
2661 3329 2717 3378 et
2744 3319 3138 3392 dissipautlum.
3170 3339 3190 3373 ι
3223 3313 3470 3388 Quatuor
3491 3315 3692 3390 plagas,

415 3399 576 3456 Ῑοοίίθ
609 3398 857 3456 90M“?-
905 3399 1018 3458 Νοε
1047 3400 1195 3456 enim
1228 3398 1518 3460 imminens
1545 3399 1694 3460 orbis
1731 3413 2002 3460 terrarum
2052 3431 2056 3438 '
2107 3411 2304 3484 quibus
2332 3411 2563 3468 traditus
2586 3421 2671 3468 est
2707 3399 2936 3483 populus
2974 3401 3302 3477 ludam-uni,
3355 3409 3520 3466 etiam
3563 3401 3696 3462 Eze-

417 3491 700 3558 diiuvium;
741 3494 869 3564 quia
913 3493 1092 3549 omnis
1139 3497 1284 3550 terra
1311 3493 1576 3566 polluerat
1611 3493 1728 3552 vias
1764 3493 2000 3564 Domini,

2114 3501 2298 3560 ciliciis
2325 3503 2614 3574 prephe'tia
2629 3497 2968 3559 demonstrat
2997 3495 3214 3574 (Ezech.
3244 3499 3361 3574 χιιι)
3393 3519 3406 3555 :
3439 3491 3696 3572 gladium,

417 3585 633 3644 dill'erre
668 3602 775 3641 non
813 3588 1014 3658 potuit,
1055 3587 1152 3666 sed
1195 3588 1335 3644 filios
1362 3589 1456 3660 qui
1485 3587 1718 3646 forsitan
1759 3587 2006 3659 ejusdem
2106 3593 2494 3668 pestilentiam,
2536 3595 2756 3663 famem,
2799 3591 3003 3652 bestias
3049 3601 3106 3651 et
3137 3589 3528 3664 captivitatem.
3557 3589 3700 3646 inter

415 3685 636 3740 virtutis
655 3693 832 3751 erant,
865 3693 920 3741 et
947 3685 1018 3740 ob
1037 3677 1398 3740 seminarium
1419 3685 1641 3742 humani
1670 3686 1884 3756 generis
1905 3687 2004 3742 ba-

415 3775 536 3859 buit
573 3785 902 3833 reservatus.
935 3775 1121 3832 Daniel
1161 3791 1374 3850 quoque
1418 3776 1796 3832 imminentem
1837 3774 2010 3848 capti-

415 3871 644 3926 Vitatcm
682 3869 864 3942 populi
913 3867 1220 3925 Judworum
1259 3869 1420 3925 nullis
1456 3867 1673 3926 ﬂetibus
1715 3863 2002 3942 mitigavit.

420 3962 528 4020 Sed
551 3962 653 4020 Job
678 3979 784 4019 non
809 3963 879 4018 ob
909 3970 1154 4034 peccata,
1185 3956 1280 4018 sed
1301 3957 1370 4018 ob
1395 3960 1770 4034 probationem
1794 3977 1896 4018 nec
1915 3952 2010 4018 do-

419 4067 567 4115 mum
595 4065 696 4113 nec
727 4053 866 4112 illius
893 4055 1161 4112 liberavit.
1191 4047 1300 4110 Alii
1331 4061 1513 4110 autem
1540 4053 1726 4112 dicunt
1755 4072 1770 4109 :
1795 4054 1922 4125 quia
1953 4054 2009 4110 hi

421 4141 631 4207 tantum
669 4159 781 4206 tres
808 4150 911 4204 viri
935 4157 991 4205 et
1029 4159 1290 4221 prospera
1333 4153 1389 4204 et
1423 4147 1672 4222 adversa,
1705 4156 1760 4204 et
1792 4155 2011 4202 rursum

421 4251 677 4316 prospera
705 4249 1122 4313 conspexerunt,
1147 4233 1350 4296 idcirco
1372 4239 1576 4312 pariter
1603 4239 1932 4304 nominatos,
1956 4243 2013 4294 et

423 4335 527 4390 hoc
574 4331 806 4390 latenter
855 4327 1173 4406 signiﬁcari,
1232 4337 1294 4385 ut
1331 4329 1602 4402 quomodo
1645 4329 1720 4386 illi
1763 4331 1905 4387 bona
1957 4338 2013 4386 et

424 4420 590 4491 mala,
639 4423 695 4479 et
747 4427 962 4480 rursum
1011 4420 1136 4478 lana
1183 4417 1460 4488 viderunt,
1524 4418 1603 4478 sic
1647 4427 1704 4478 et
1752 4422 2012 4492 populum

425 4513 610 4582 latael,
635 4511 728 4587 qui
744 4515 897 4586 prius
922 4511 1078 4570 bouis
1102 4509 1302 4569 fruitus
1327 4513 1530 4579 fuerat,
1552 4521 1606 4570 et
1628 4521 1815 4586 postea
1841 4515 2015 4586 capti-

426 4607 608 4668 v'itatis
635 4607 890 4666 sustinuit
912 4603 1124 4680 legum,
1154 4602 1198 4662 si
1224 4607 1396 4678 egerit
1413 4603 1808 4678 paenitentiam,
1834 4607 2015 4664 redire

425 4701 596 4773 possit
621 4699 690 4755 ad
725 4697 1014 4771 pristinam
1041 4696 1373 4753 felicitatem.
1403 4695 1554 4765 Quod
1581 4697 1624 4752 si
1663 4697 1798 4764 Noe,
1825 4706 1880 4753 et
1908 4697 2012 4754 Da-

426 4794 555 4862 niel,
583 4803 640 4850 et
669 4792 790 4860 Job,
819 4793 1026 4864 pariter
1070 4791 1378 4864 congregati
1423 4791 1562 4846 etin
1603 4807 1711 4848 uno
1756 4791 1877 4848 loco
1923 4806 2016 4864 po-

427 4886 538 4954 siti,
579 4888 940 4958 peccatricem
986 4895 1212 4952 terram,
1259 4887 1364 4942 hoc
1391 4890 1498 4952 eet,
1529 4899 1623 4942 eos
1649 4887 1741 4958 qui
1774 4887 1829 4943 in
1867 4891 2014 4944 terra

430 4981 704 5046 habitant,
733 4988 839 5035 non
871 4985 1098 5050 possunt
1126 4979 1220 5034 ira:
1258 4979 1353 5034 Dei
1376 4977 1698 5034 subtrahere
1730 4996 1743 5032 :
1772 4979 1901 5048 quid
1929 4979 2013 5034 di-

429 5071 658 5128 cendum
705 5079 789 5127 est
831 5073 898 5128 de
933 5072 1018 5126 his
1045 5070 1137 5142 qui
1169 5075 1360 5140 putant
1391 5071 1592 5125 merito
1613 5077 1899 5141 parentum
1929 5079 2015 5128 at-

431 5177 538 5236 que
581 5162 870 5219 virtutibus
913 5175 1074 5233 posse
1119 5161 1258 5217 filios
1301 5169 1618 5233 peccatores
1651 5161 1718 5218 de
1755 5164 2016 5235 gehennae

432 5257 646 5332 ignibus
693 5254 947 5313 liberari?
985 5253 1136 5312 Unde
1174 5259 1274 5310 uec
1322 5255 1796 5325 prevaricatorem
1847 5256 2016 5313 tilium

432 5357 589 5424 pater
625 5349 824 5418 poterit
883 5347 1132 5411 liberare,
1179 5353 1281 5402 nec
1329 5357 1532 5405 sancta:
1587 5349 2019 5407 conversationis

434 5450 611 5496 mater
663 5436 948 5507 impudicae
986 5435 1112 5493 tilia:
1145 5439 1297 5496 dabit
1341 5441 1563 5512 prmia
1599 5443 1874 5512 pudicitiae
1905 5457 1920 5498 :
1961 5453 2017 5498 et

436 5528 742 5587 econtrario
787 5537 1075 5599 parentum
1111 5531 1243 5586 vitia
1277 5529 1404 5588 filiis
1438 5544 1546 5601 non
1583 5535 1876 5600 nocebunt,-
1926 5533 2024 5590 sed

435 5625 615 5682 anima
655 5637 776 5695 quas
809 5621 1120 5694 peccaverit
1169 5621 1281 5694 ipsa
1313 5625 1596 5680 morietur.
1624 5625 1727 5681 Lot
1752 5627 1804 5680 iu
1847 5619 2018 5682 Sodo-

437 5721 541 5779 mis
569 5717 822 5776 habitans
847 5713 1001 5790 (Gen.
1029 5717 1147 5788 nx)
1167 5757 1182 5783 ,
1221 5717 1314 5772 sed
1346 5723 1401 5775 et
1429 5717 1625 5789 spiritu
1648 5725 1705 5776 et
1731 5727 1895 5774 carne
1921 5727 2017 5789 pe-

440 5812 690 5887 regrinus
707 5851 728 5880 ,
771 5819 996 5869 uxorein
1049 5813 1174 5882 quia
1223 5815 1351 5882 post
1397 5817 1614 5885 tergum
1665 5819 2016 5884 respexerat,

2039 4565 2095 4632 D

2107 3689 2310 3746 bestias
2361 3691 2544 3744 autem
2589 3703 2754 3744 canes
2805 3691 3020 3759 quoque
3064 3695 3119 3744 et
3157 3683 3396 3743 volatilia
3445 3685 3696 3756 intellige,

2109 3779 2306 3851 quibus
2337 3782 2403 3836 'ad
2433 3781 2723 3836 laceranda
2753 3781 2807 3834 et
2833 3778 3142 3836 devoranda
3172 3787 3228 3833 et
3249 3778 3560 3848 dissipanda
3580 3791 3700 3832 cor-

2109 3878 2242 3944 pora
2276 3865 2472 3927 tradita
2503 3877 2647 3928 sunt.
2679 3867 2864 3942 Neque
2888 3871 3030 3930 enim
3052 3867 3166 3926 fieri
3197 3869 3412 3942 peierat
3439 3869 3516 3934 iit,
3543 3872 3696 3923 ‘crc'a-

2113 3957 2228 4022 tore
2256 3960 2518 4038 neglecto,
2558 3965 2667 4022 non
2693 3965 2945 4022 universa
2973 3972 3221 4020 creatura
3257 3962 3607 4034 consurgeret
3645 3961 3697 4016 in

2110 4059 2450 4130 peCcatores.
2893 4051 2934 4089 ⁸

2189 4170 2208 4202 ι
2253 4145 2322 4206 Et
2343 4147 2483 4206 dabo
2509 4152 2604 4207 eds
2631 4145 2684 4206 in
2715 4146 2984 4206 fervorem
3015 4147 3142 4224 (sive
3166 4141 3606 4220 commotionem)
3647 4155 3699 4202 et

2119 4247 2140 4294 ι
2185 4239 2462 4314 angustias
2484 4239 2754 4298 universis
2789 4239 2968 4313 regnis
2991 4244 3150 4296 terra:
3169 4231 3395 4311 propter
3421 4233 3700 4294 Manassen
3738 4239 3744 4242 ’

2120 4351 2140 4386 ι
2184 4331 2352 4388 tilium
2379 4324 2628 4388 Ezechiae
2663 4332 2807 4404 regis
2829 4330 2965 4387 Jmla
2985 4373 3000 4399 ,
3027 4345 3190 4404 super
3212 4331 3461 4387 omnibus
3485 4340 3604 4399 quze
3624 4327 3701 4384 fe-

2122 4427 2142 4476 ι
2185 4423 2260 4480 cit
2288 4421 2342 4479 in
2372 4414 2694 4481 Jerusalem.
2747 4444 2766 4478 ι
2801 4418 3058 4496 Legimus
3087 4423 3142 4480 iu
3184 4421 3398 4478 Dierum
3426 4419 3702 4480 volumine

2120 4508 2400 4602 Manassen
2415 4515 2913 4590 postcaptivitatem
2938 4515 2993 4575 et
3021 4504 3389 4589 paenitentiam
3420 4513 3701 4570 reversum

2123 4611 2178 4666 in
2215 4604 2556 4677 Jerusalem,
2599 4617 2764 4681 atque
2811 4625 3086 4682 regnasse,
3137 4607 3230 4664 sed
3263 4607 3535 4679 quomodo
3579 4621 3702 4661 san-

2121 4707 2334 4760 ctorum
2364 4703 2556 4758 merita
2591 4701 2928 4758 descendunt
2951 4689 3020 4757 ad
3049 4699 3316 4772 posteros,
3344 4695 3486 4754 sicut
3511 4696 3698 4764 David,

2122 4803 2178 4850 et
2203 4803 2520 4851 caeterorum
2555 4815 2568 4851 :
2610 4793 2688 4852 sic
2709 4799 3055 4866 peccatorum
3081 4790 3308 4866 flagitia,
3360 4793 3405 4848 si
3439 4787 3590 4846 liberi
3620 4805 3705 4844 ne

2121 4878 2384 4966 potesque
2419 4883 2616 4942 similia
2644 4885 2930 4958 gesserint,
2978 4886 3044 4941 ad
3082 4893 3330 4956 posteros
3364 4882 3702 4954 perveniunt.

2123 4985 2276 5054 Quod
2298 4991 2480 5037 autem
2497 4977 2676 5044 dicit,t
2698 4977 2836 5034 dabo
2857 4993 2950 5034 eos
2973 4975 3027 5032 in
3046 4977 3314 5032 fervorem
3329 4977 3445 5032 sive
3466 4987 3704 5032 commo-

2123 5079 2345 5142 tionem,
2390 5081 2445 5128 et
2475 5072 2754 5145 angustias
2800 5070 3064 5126 universae
3102 5065 3282 5134 terrae,
3323 5077 3378 5124 et
3413 5068 3516 5123 sub
3539 5063 3708 5136 Baby-

2122 5153 2280 5224 loniis
2304 5181 2371 5223 ex
2402 5173 2554 5237 parte
2593 5162 2921 5232 completum
2956 5169 3064 5226 est,
3103 5165 3158 5216 et
3201 5169 3348 5214 nunc
3377 5157 3630 5228 expletur
3654 5156 3707 5211 in

2123 5257 2258 5326 toto,
2311 5257 2528 5330 quando
2576 5256 2872 5327 pessimum
2928 5263 3111 5326 regem
3168 5258 3224 5308 et
3277 5251 3368 5322 qui
3423 5249 3709 5322 repleverit

2120 5343 2419 5407 Jerusalem
2444 5365 2472 5402 τι
2497 5355 2652 5419 porta
2673 5351 2842 5416 usque
2862 5346 2928 5402 ad
2953 5351 3164 5415 portam
3195 5352 3389 5399 cruore
3413 5336 3706 5410 iustorum,

2123 5441 2353 5516 populus
2381 5441 2624 5496 imitatus
2652 5445 2736 5495 est
2763 5437 2980 5508 impius,
3011 5443 3077 5492 ex
3104 5448 3212 5506 quo
3241 5433 3501 5490 discimus
3524 5445 3706 5504 regum

2125 5547 2190 5588 ac
2227 5532 2527 5605 principum
2565 5541 2620 5586 et
2655 5531 3068 5602 praepositorum
3099 5525 3302 5584 scelere
3330 5523 3558 5598 populos
3593 5523 3706 5596 ple-

2123 5635 2352 5694 rumque
2386 5619 2575 5678 deleri.
3420 5617 3446 5636 ’

2199 5730 2219 5768 ι
2264 5714 2396 5784 Quis
2442 5715 2586 5769 enim
2643 5711 2985 5770 miserebitur
3041 5714 3161 5780 tui,
3218 5705 3560 5768 Jerusalem?
3616 5706 3709 5784 aut

2130 5831 2150 5865 ι
2194 5810 2318 5884 quis
2338 5807 2752 5867 contristabitur
2767 5823 2875 5882 pro
2902 5807 2997 5866 te?
3022 5811 3117 5864 aut
3137 5807 3261 5879 quis
3296 5805 3398 5862 ibit
3420 5803 3489 5860 ad
3517 5783 3680 5874 rogali
