4008 6340
275 387 382 444 995

1166 383 1530 442 Εχιλοειτιο
1563 381 1786 442 SUPER
1823 381 2194 445 JEREMIAM.
2234 413 2307 432 —
2340 385 2470 446 LIB.
2511 391 2620 449 VII.

3435 393 3545 459 Μ

281 519 303 553 ι
349 499 478 553 dum
504 512 606 568 pro
633 509 767 568 pace
794 495 922 551 tua?
955 515 975 546 ι
1005 493 1204 568 (θήῃ.)
1234 497 1550 569 Exemplum
1573 499 1854 570 accipiam.
1885 503 1932 566 Α
1955 499 2166 570 posteri
2188 501 2408 557 tradunt
2423 502 2772 574 interpretari
2800 505 3194 565 Conculcatant.
3212 510 3377 567 Jebus
3407 528 3535 585 ergo

275 590 463 648 Hostis
491 590 762 660 quispiam
793 587 1011 643 rebellis
1041 603 1105 642 ac
1141 590 1434 658 perduellis
1467 599 1655 646 contra
1685 593 1856 663 impe-

274 692 517 739 ratorem
547 681 704 750 huius
734 690 891 736 terrae
933 680 1271 751 adjudicatus
1297 691 1380 738 est
1407 697 1422 738 :
1452 684 1524 738 ab
1559 685 1662 742 hoc
1684 687 1860 742 omnis

273 773 650 830 misericordia
673 771 918 827 aufertur
941 789 954 825 :
979 771 1210 837 scilicet,
1233 789 1302 827 ne
1322 773 1450 828 dum
1465 774 1724 832 damnato
1736 777 1858 846 quis

273 870 584 931 miseretur,
617 866 839 935 incipiat
881 865 1156 944 oilendpre
1195 868 1668 922 condemnantetn.
1718 866 1857 923 Sunt

273 971 455 1016 autem
497 960 738 1014 nonnulli
767 959 861 1028 qui
887 959 1147 1029 adjiciunt
1179 960 1246 1018 ad
1286 962 1653 1026 severitatem,
1688 971 1746 1016 ut
1791 977 1858 1017 ne

271 1052 662 1107 couitristentur
710 1051 928 1119 quidem
964 1065 1128 1120 super
1183 1066 1270 1115 eo,
1322 1053 1377 1106 id
1415 1069 1742 1124 magnopere
1767 1055 1858 1108 de-

271 1149 527 1212 vituntes,
577 1162 647 1202 ne
674 1161 773 1218 per
817 1161 1111 1202 maerorem
1154 1148 1334 1204 vultus
1361 1158 1619 1219 putentur
1652 1150 1856 1220 judicio

269 1239 415 1311 regis
465 1238 686 1295 oil‘endi.
742 1239 800 1295 Si
857 1239 1155 1296 intellixisti
1195 1244 1521 1312 exemplum,
1573 1244 1856 1300 considera

270 1339 400 1388 tune
435 1333 506 1387 ob
535 1341 756 1404 peccata
802 1333 971 1388 multa
1001 1349 1032 1388 a
1065 1336 1176 1390 Deo
1217 1337 1632 1391 condemnatum
1663 1352 1857 1406 pecca-

270 1431 466 1490 torem,
494 1433 549 1479 et
573 1425 696 1480 vide
720 1426 990 1494 quomodo
1013 1427 1500 1483 innumerabilibus
1521 1430 1728 1500 angelis
1759 1429 1858 1485 hu-

269 1530 433 1572 mano
459 1518 645 1587 generi
684 1519 1130 1588 praesidentibus,
1161 1536 1230 1576 ne
1258 1521 1326 1575 ab
1355 1536 1464 1576 uno
1495 1524 1712 1592 quidem
1751 1525 1854 1579 mi-

271 1608 566 1664 sericordia
603 1609 796 1681 dignus
836 1610 1128 1680 iudicetur.
1170 1613 1378 1680 Singuli
1412 1615 1610 1685 quippe
1639 1617 1856 1687 angelo-

269 1716 389 1756 rum
419 1703 827 1771 perspicientes,
859 1705 984 1775 quia
1015 1705 1154 1760 Deus
1205 1716 1288 1761 est
1329 1708 1421 1776 qui
1452 1709 1854 1777 condemnavit,

271 1794 397 1864 quia
427 1806 642 1851 creator
667 1806 750 1854 est
775 1799 866 1868 qui
891 1814 1013 1854 eum
1039 1811 1340 1868 aversatur,
1373 1811 1429 1857 et
1462 1802 1566 1856 tale
1587 1816 1706 1857 esse
1730 1819 1855 1872 pec-

1958 591 2298 660 conculcata,
2324 608 2356 647 a
2377 593 2788 652 fortitudinibus
2814 599 3125 665 contrariis,
3153 603 3331 656 anima
3353 611 3538 659 nostra

1958 690 2319 738 transmutata
2346 692 2460 750 est,
2495 692 2551 740 et
2576 686 2721 740 facta
2748 695 2831 742 est
2863 687 3164 744 Jerusalem
3198 690 3344 747 Visis
3374 694 3537 764 pacis.

1957 773 2017 830 Si
2066 776 2140 830 ita
2198 784 2320 846 post
2359 778 2770 836 diminutionem
2816 796 2846 835 a
2895 769 3093 850 Jebus,
3146 785 3201 839 in
3242 785 3542 844 Jerusalem

1956 869 2297 938 peccaveris,
2334 879 2388 925 et
2417 871 2737 943 sanguinem
2783 877 3114 942 testamenti,
3157 876 3299 932 sicut
3321 879 3540 947 quidam
3623 937 3626 942 _

1956 968 2012 1014 et
2053 969 2108 1014 tu
2140 976 2483 1016 communem
2532 963 2956 1028 existimaveris,
3002 965 3290 1022 diceturet
3336 967 3402 1022 de
3442 978 3494 1022 te
3521 989 3541 1025 :-

1961 1070 1983 1102 ι
2015 1050 2149 1118 Quis
2173 1062 2362 1122 parcet
2390 1069 2554 1122 super
2578 1062 2648 1119 te,
2666 1053 2990 1121 Jerusalem,
3028 1065 3083 1112 et
3108 1057 3230 1126 quis
3253 1058 3544 1113 contrista-

1957 1143 2103 1198 bitur
2128 1159 2290 1214 super
2331 1146 2427 1200 te?
2462 1165 2482 1198 ι
2515 1146 2648 1212 Quis
2676 1147 2822 1218 enim
2869 1149 3280 1204 contristabitur
3301 1191 3315 1216 ,
3349 1151 3394 1206 si
3421 1151 3542 1205 talis

1958 1233 2166 1299 fueris,
2227 1245 2287 1290 ut
2340 1237 2523 1292 tradas
2579 1236 2802 1293 Iesum?
2859 1239 3238 1311 Unusquisque
3269 1249 3539 1309 nostrum,

1957 1330 2174 1397 quando
2202 1339 2410 1399 peccat,
2461 1333 2700 1386 maxime
2725 1331 3033 1403 quicunque
3062 1342 3252 1403 peccat
3280 1334 3538 1404 iugentia,

1958 1417 2012 1474 in
2039 1418 2222 1474 Jesum
2260 1429 2450 1488 peccat
2477 1439 2489 1474 :
2522 1422 2567 1476 si
2591 1430 2771 1477 autem
2796 1431 2854 1478 et
2883 1426 3172 1480 recesserit
3197 1439 3228 1479 a
3260 1425 3396 1492 ﬁde,
3414 1427 3544 1490 btet

1957 1509 2090 1565 facit
2127 1511 2448 1579 spiritaliter
2475 1511 2715 1579 Christo,
2749 1528 2870 1584 quae
2896 1515 3254 1584 corporaliter
3296 1514 3426 1571 fecit
3452 1512 3542 1570 Je—

1957 1601 2214 1656 rusalem.
2246 1601 2606 1668 Quamobrem
2644 1621 2662 1653 ι
2698 1613 2903 1673 quanto
2925 1603 3047 1674 plus
3073 1605 3412 1660 arbitramini
3451 1605 3546 1660 de-

1957 1694 2157 1750 teriora
2183 1694 2381 1748 mereri
2403 1693 2662 1764 supplicia
2683 1708 2828 1758 eum,
2857 1696 2948 1764 qui
2974 1695 3168 1750 Filium
3199 1696 3294 1751 Dei
3317 1695 3541 1752 concul-

1959 1789 2183 1854 caverit,
2234 1797 2290 1844 et
2339 1789 2656 1857 sanguinem
2714 1787 2847 1842 Novi
2899 1787 3232 1844 Testamenti
3282 1788 3545 1858 pollutum

271 1899 538 1955 Catum,ut
552 1893 860 1948 misericors
872 1901 928 1948 et
945 1893 1183 1949 clemens
1198 1896 1337 1950 Deus
1351 1896 1748 1964 quodammodo
1764 1911 1856 1950 ne-

1962 1883 2175 1938 duxerlt
2224 1881 2278 1936 in
2305 1896 2414 1952 quo
2457 1880 2830 1936 sanctiﬁcatus
2868 1888 2972 1943 est,
3004 1889 3058 1934 et
3099 1879 3325 1950 Spiritui
3362 1880 3547 1950 gratim

270 1982 580 2038 cessitatem
595 2001 784 2056 passus
806 1986 898 2051 sit,
923 1994 980 2040 ut
995 2001 1156 2058 super
1175 2003 1298 2043 eum
1315 1989 1633 2044 sententiam
1647 2003 1861 2059 prome-

272 2082 389 2128 ret:
415 2091 522 2129 non
549 2087 799 2146 parcunt,
825 2094 933 2134 non
949 2081 1356 2144 contristantur,
1379 2096 1485 2134 non
1508 2082 1856 2146 miserentur,

271 2181 381 2224 non
415 2180 760 2225 revertuntur
790 2179 850 2224 ut
883 2181 1074 2242 rogent
1108 2188 1206 2242 pro
1243 2189 1308 2226 eo
1343 2188 1554 2243 pacem.
1588 2170 1856 2243 (nierum)

271 2259 460 2317 Nullus
473 2262 616 2316 enim
640 2262 846 2317 offenso
870 2264 982 2318 Deo
996 2272 1170 2332 potest
1185 2279 1281 2334 pro
1293 2263 1510 2332 ﬂagitiis
1526 2278 1716 2334 rogare
1733 2278 1857 2334 pec-

271 2353 534 2417 cautium,
564 2353 689 2422 quia
712 2367 810 2408 nec
832 2363 943 2410 tum
973 2355 1209 2410 clemens
1252 2365 1429 2425 potest
1457 2364 1708 2410 creatura
1739 2369 1858 2410 esse

272 2460 430 2514 quam
459 2445 728 2510 conditor,
766 2461 865 2501 nec
891 2447 964 2501 ita
1015 2447 1226 2502 alienus
1273 2447 1533 2512 externis,
1585 2447 1858 2517 quomodo

270 2535 529 2591 Dominus
569 2537 684 2592 suis
705 2553 950 2607 parcere.
978 2538 1180 2610 (Or-ig.)
1205 2538 1502 2594 Jerusalem
1532 2539 1697 2610 igitur
1738 2553 1859 2608 quae

269 2628 337 2682 ad
366 2629 547 2698 prior’a
589 2629 798 2684 scelera
825 2630 987 2684 etiam
1013 2630 1124 2685 .boc
1163 2629 1352 2698 adiecit
1375 2672 1388 2694 ,
1422 2637 1479 2684 ut
1516 2630 1861 2700 crucifigeret

268 2720 553 2776 Dominum
600 2737 782 2776 meum
823 2721 1029 2788 Jesum,
1065 2731 1122 2779 et
1160 2724 1210 2777 in
1258 2730 1466 2777 tantum
1517 2723 1859 2778 consurrexit

270 2811 468 2876 scelus,
500 2823 562 2867 ut
587 2812 656 2868 de
677 2829 741 2868 ea
767 2813 972 2868 diceret
995 2813 1114 2884 ipse
1139 2811 1392 2868 Salvator
1418 2829 1430 2866 :

345 2925 366 2957 ο
409 2905 743 2970 Jerusalem,
793 2903 1098 2960 Jerusalem
1129 2945 1144 2971 ,
1203 2920 1328 2974 quae
1368 2905 1575 2960 occidis
1630 2905 1860 2976 prophe-

276 3015 299 3048 ι
343 3005 447 3062 tas,
477 3005 532 3050 et
563 2996 769 3067 lapidas
802 2996 997 3052 missos
1019 2997 1086 3051 ad
1128 3004 1207 3063 te;
1234 2997 1445 3066 quoties
1468 2997 1613 3051 volui
1637 3012 1860 3066 congre-

282 3107 300 3142 ι
349 3105 477 3161 gare
507 3091 647 3145 ﬁlios
675 3100 796 3146 tuos
821 3091 962 3147 sicut
987 3091 1186 3162 gallina
1210 3099 1508 3164 congregat
1533 3092 1706 3162 pullos
1732 3106 1858 3147 suos

277 3201 296 3233 ι
337 3184 437 3237 sub
469 3183 582 3238 alas
620 3198 778 3248 suas,
821 3184 1132 3240 et-noluisti
1165 3201 1177 3238 :
1208 3199 1336 3240 ecce
1362 3184 1666 3240 dimittetur
1705 3185 1857 3240 vobis
1886 3228 1931 3250 η

1959 1975 2345 2032 contumeliam
2387 1967 2627 2029 fecerit?
2671 1971 2730 2027 Si
2769 1971 3102 2027 conculcasti
3147 1969 3330 2025 Jesum
3377 1969 3546 2023 illium

1960 2070 2079 2136 Dei,
2111 2070 2157 2124 si
2181 2068 2356 2124 fecisti
2386 2066 2689 2122 convicium
2715 2065 2943 2135 Spiritui
2971 2064 3179 2134 gratim,
3221 2063 3343 2132 quis
3362 2068 3546 2131 parcet

1963 2177 2128 2232 super
2161 2162 2248 2215 te?
2277 2159 2402 2230 quis
2439 2158 2853 2214 contristabitur
2882 2171 3047 2226 super
3084 2165 3136 2211 te
3161 2156 3185 2208 Τ
3215 2154 3337 2224 quis
3367 2167 3527 2208 rever

1962 2263 2110 2309 tetur
2133 2268 2326 2325 rogare
2347 2266 2411 2308 ea
2434 2267 2555 2321 quas
2578 2251 2631 2304 in
2656 2265 2791 2322 pace
2817 2258 2946 2304 sunt
2971 2249 3068 2302 tibi
3088 2250 3112 2305 t
3136 2249 3316 2319 ipsum
3340 2244 3547 2311 Jesum,

1961 2349 2053 2417 qui
2101 2346 2348 2417 rogabat,
2395 2343 2604 2414 pariter
2643 2351 2698 2398 et
2738 2341 3032 2412 prmetabat
3079 2355 3146 2395 ea
3173 2355 3295 2410 qua:
3313 2345 3469 2393 erant
3495 2335 3548 2391 in

1959 2455 2110 2511 pace,
2139 2438 2376 2509 prodidit
2426 2437 2606 2490 anima
2656 2435 2932 2505 peccatrix
2967 2451 2980 2487 :
3033 2434 3155 2503 quis
3198 2438 3379 2502 potest
3404 2428 3547 2484 ultra

1961 2543 2172 2602 rogare,
2193 2542 2491 2584 conversus
2515 2527 2582 2581 ad
2610 2541 2673 2581 ea
2696 2540 2816 2596 quas
2841 2531 2968 2580 sunt
2987 2524 3086 2578 tibi
3108 2524 3161 2576 in
3180 2521 3341 2593 pace?
3361 2519 3540 2577 Scien-

1962 2631 2045 2677 tes
2064 2636 2196 2693 ergo
2216 2621 2340 2692 quia
2369 2617 2699 2689 impossibile
2715 2624 2801 2672 est
2814 2631 2930 2682 eos,
2945 2616 3038 2686 qui
3056 2635 3074 2667 ε
3103 2613 3270 2670 semei
3291 2621 3417 2669 sunt
3431 2611 3522 2667 illu

1959 2713 2180 2777 minati,
2211 2720 2564 2781 gustaverunt
2593 2709 2757 2764 etiam
2799 2707 2998 2762 donum
3028 2705 3274 2770 satiesue,
3294 2712 3349 2759 et
3377 2702 3546 2774 parti-

1958 2806 2109 2875 eipes
2133 2813 2259 2859 sunt
2299 2803 2426 2858 facti
2475 2801 2713 2872 Spiritus
2755 2795 3350 2868 sancti,'gustaverunt
3388 2793 3545 2850 nihilo

1959 2899 2176 2955 oniinus
2201 2897 2401 2952 bonum
2432 2894 2528 2949 Dei
2550 2893 2798 2959 verbum,
2831 2892 3166 2960 virtutesque
3195 2888 3380 2945 saculi
3413 2901 3548 2941 ven-

1960 2992 2091 3058 turi,
2117 2998 2172 3045 et
2215 2989 2450 3061 prolapsi
2481 2995 2624 3050 sunt,
2656 2985 2908 3042 renovari
2939 2999 3152 3039 rursum
3178 2984 3250 3037 ad
3276 2981 3547 3053 pauitan-

1963 3083 2114 3147 tiam,
2148 3082 2344 3136 iterum
2384 3079 2762 3151 crucifigentes
2809 3076 3160 3146 sibimetipsis
3190 3073 3388 3130 Filium
3426 3071 3550 3139 Dei,

1960 3180 2016 3226 et
2044 3171 2280 3226 ostentui
2303 3169 2564 3224 habentes
2592 3168 2785 3222 :-omni
2821 3167 3009 3222 labore
3033 3165 3274 3220 nitamur
3300 3179 3374 3219 ne
3397 3171 3451 3220 et
3479 3163 3547 3218 de

278 3289 298 3322 ι
340 3236 532 3328 domus
565 3236 778 3328 vestra,
799 3236 1266 3348 desertaﬁiiifatllr.

1963 3262 2119 3318 nobis
2142 3262 2386 3317 dicatur:
2409 3280 2427 3311 ι
2460 3260 2593 3328 Quis
2612 3266 2798 3330 parcet
2821 3273 2984 3329 super
3010 3266 3082 3322 te,
3106 3255 3432 3321 Jerusalem,
3455 3264 3544 3309 aut

273 3365 440 3420 missa
480 3374 585 3430 est,
617 3380 670 3422 et
705 3370 876 3442 usque
921 3367 986 3421 ad
1032 3383 1270 3437 praesens
1311 3383 1522 3440 tempus
1574 3369 1850 3424 destituta.

271 3461 460 3531 Angeli
494 3462 585 3530 qui
619 3475 836 3529 semper
865 3461 1266 3516 auxiliabantur
1289 3464 1358 3528 ei,
1399 3477 1500 3533 per
1529 3477 1665 3532 quos
1691 3462 1854 3517 etiam

275 3551 361 3606 lex
391 3551 558 3622 Moysi
585 3552 780 3606 tradita
805 3561 917 3615 est,
949 3569 1048 3622 per
1067 3555 1288 3625 angelos
1321 3555 1373 3609 in
1404 3570 1566 3609 manu
1591 3555 1853 3610 mediato-

249 3635 371 3711 °ris,
398 3646 740 3698 (testi-uerunt
761 3657 882 3698 eam
925 3652 979 3698 et
1004 3645 1256 3700 dixerunt
1284 3663 1300 3700 :
1328 3645 1506 3700 Multis
1527 3645 1856 3702 facinoribus

272 3749 528 3806 oppressa
555 3742 661 3800 est,
693 3733 880 3789 Jesum
902 3734 1192 3800 interfecit,
1226 3737 1278 3790 in
1302 3737 1587 3790 Dominum
1610 3746 1855 3790 nostrum

272 3829 421 3886 misit
469 3843 680 3882 manus.
733 3825 978 3893 Quandiu
1029 3828 1237 3882 minora
1282 3828 1543 3897 peccavit,
1586 3828 1854 3897 potuimus

272 3936 463 3992 rogare
485 3935 586 3990 pro
606 3936 690 3984 ea,
723 3919 1001 3990 potuimus
1026 3920 1314 3975 obsecrare
1347 3919 1653 3982 Dominum,
1680 3918 1857 3988 petul-

271 4027 392 4066 mus
417 4025 639 4081 parcere
667 4011 716 4064 ei
741 4027 756 4067 :
786 4023 950 4080 super
976 4011 1079 4066 isto
1107 4025 1236 4066 rem
1257 4011 1379 4081 quis
1403 4010 1623 4080 parcat?
1645 4009 1701 4064 Si
1733 4024 1858 4080 pec-

271 4119 402 4158 cans
428 4103 736 4172 peccaverit
778 4103 864 4157 vir
895 4103 948 4156 in
976 4103 1150 4157 virum
1171 4145 1186 4167 ,
1231 4101 1532 4158 exorabunt
1559 4115 1660 4171 pro
1686 4117 1770 4166 eo;
1805 4101 1850 4156 si

274 4207 453 4252 autem
501 4199 553 4252 in
591 4198 877 4252 Dominum
929 4196 1254 4267 peccaverit,
1302 4197 1426 4266 quis
1475 4195 1719 4250 exorabit
1757 4210 1858 4265 pro

271 4289 371 4343 eo?
396 4308 413 4339 ς
443 4287 659 4342 Grande
687 4288 955 4357 piaculum
982 4272 1252 4343 commisit
1283 4286 1584 4342 Jerusalem
1610 4305 1625 4340 :
1652 4287 1855 4358 grande

269 4381 601 4453 perpetravit
630 4379 800 4434 nefas.
835 4398 858 4430 ι
882 4379 1055 4434 Deein
1094 4380 1572 4435 eommiuationem
1602 4379 1742 4434 facta
1766 4387 1850 4434 est

274 4482 330 4529 et
354 4473 552 4527 dicitur
583 4473 648 4526 ad
671 4487 827 4526 eant:
857 4472 988 4538 Quis
1012 4482 1199 4542 parcet
1222 4489 1388 4542 super
1414 4480 1486 4537 te,
1532 4471 1854 4537 Jerusalem,

1962 3357 2086 3425 quis
2119 3354 2529 3411 contristabitur
2555 3367 2719 3422 super
2747 3360 2826 3418 te,
2855 3362 2952 3406 aut
2975 3350 3103 3420 quis
3130 3357 3430 3405 revertetur
3460 3363 3548 3405 ro-

1961 3464 2090 3522 gare
2113 3449 2166 3504 in
2198 3461 2385 3518 pacem
2413 3445 2552 3500 tibi?
2590 3461 2609 3495 ι

2036 3578 2055 3611 r
2099 3559 2179 3612 Tu
2221 3554 2485 3626 reliquisti
2518 3568 2656 3619 -me,
2710 3551 2842 3607 dicit
2884 3551 3190 3606 Dominus:
3243 3557 3548 3606 retrorsum

1966 3665 1984 3702 t
2030 3647 2230 3703 abiisti.
2272 3666 2289 3698 ι
2333 3643 2603 3718 (meram)
2649 3641 2823 3699 Causa
2854 3643 3118 3708 redditur,
3162 3653 3334 3712 quare
3367 3641 3548 3697 nullus

1959 3741 2282 3796 misereatur
2327 3735 2645 3801 Jerusalem,
2677 3749 2778 3790 nec
2802 3734 3158 3790 contristetur
3183 3748 3282 3803 pro
3319 3747 3408 3798 ea,
3444 3745 3548 3787 nec

1957 3848 2056 3904 pro
2076 3846 2212 3903 pace
2233 3829 2376 3884 illius
2391 3830 2656 3884 obsecret.
2695 3826 2850 3894 Quod
2865 3841 3007 3889 cum,
3034 3825 3187 3897 juxta
3202 3823 3544 3898 Apostolum,

1957 3922 2319 3996 posteriorum
2346 3919 2671 3976 obliviscens
2689 3960 2702 3984 ,
2735 3917 2801 3972 ad
2836 3918 3018 3987 priora
3048 3931 3109 3970 se
3129 3915 3422 3970 extendam
3452 3914 3548 3967 (le-

1957 4019 2160 4082 bucrit,
2190 4015 2495 4072 econtrario
2524 4022 2826 4068 retroversa
2847 4013 2919 4066 sit
2943 4021 2998 4067 et
3041 4010 3328 4082 Egyptias
3351 4023 3548 4065 carnes

1959 4109 2299 4167 desiderarit.
2330 4105 2469 4175 Quid
2495 4114 2676 4161 autem
2713 4105 2782 4160 sit
2813 4113 2959 4160 retro
2986 4104 3285 4170 ambulare,
3317 4103 3433 4159 sive
3456 4115 3530 4157 ex-

1961 4205 2103 4260 tendi
2128 4203 2181 4258 in
2207 4203 2410 4274 priora,
2442 4199 2746 4256 considera.
2786 4195 2987 4272 (Orig.)
3010 4194 3194 4251 Justus
3216 4203 3402 4252 eortim
3430 4207 3547 4265 quat

1958 4301 2106 4351 retro
2133 4300 2258 4348 sunt
2287 4291 2610 4347 obliviscens
2635 4331 2648 4355 ,
2680 4289 2730 4344 in
2760 4288 2941 4360 priora
2965 4286 3275 4342 extenditur
3302 4305 3314 4340 :
3350 4300 3544 4356 peccas

1959 4397 2044 4443 tor
2083 4385 2440 4457 posteriorum
2472 4382 2742 4448 meminit,
2789 4381 2974 4453 priora
2997 4394 3104 4434 non
3134 4385 3410 4450 appetens.
3445 4375 3546 4445 Qui

1957 4485 2136 4532 autem
2197 4476 2554 4547 posteriorum
2619 4470 2862 4527 meminit
2926 4471 3314 4542 praevaricatur
3363 4471 3415 4525 in
3473 4469 3547 4524 le-

275 4574 364 4618 ant
392 4565 512 4632 quis
553 4564 970 4617 contristabitur
989 4579 1154 4632 super
1178 4564 1273 4617 te?
1293 4563 1401 4616 Nos
1427 4579 1534 4617 non
1567 4563 1854 4619 eoutr‘rsta-
1878 4585 1930 4650 Β
1956 4575 2074 4638 gem
2095 4562 2217 4620 Jesu
2243 4563 2472 4619 dicentis
2504 4577 2518 4616 :
2550 4578 2571 4612 ε
2607 4559 2684 4616 Ne
2717 4570 3068 4616 convertatur
3108 4569 3406 4616 retrorsum
3447 4558 3549 4614 tol-

275 4654 453 4706 biamr
481 4668 645 4721 super
687 4653 992 4706 Jerusalem
1012 4694 1025 4716 ,
1073 4660 1126 4706 et
1167 4652 1570 4706 calamitatibus
1601 4651 1716 4719 ejus
1737 4694 1750 4717 ,
1793 4661 1852 4706 ct
1955 4659 2064 4713 lere
2093 4658 2470 4712 vestimentum
2499 4668 2686 4718 suum,
2727 4672 2745 4704 ι
2780 4653 3093 4707 inobediens
3123 4661 3207 4707 est
3237 4653 3381 4705 dicto
3407 4650 3542 4717 ejus.

275 4748 454 4800 otnuis
475 4747 653 4816 populi
692 4747 834 4800 illius
860 4762 876 4800 :
909 4747 1118 4800 illorum
1147 4747 1344 4816 quippe
1369 4748 1567 4802 delicto
1592 4749 1736 4802 salus
1763 4763 1852 4803 no-

273 4841 358 4893 bis
379 4838 522 4892 facta
540 4848 621 4893 est
643 4839 714 4893 ad
732 4838 1091 4893 aemulandum
1115 4849 1225 4892 eos.
1257 4838 1322 4891 Et
1337 4838 1462 4907 quia
1485 4839 1562 4893 sic
1589 4840 1851 4908 peccavit,

269 4940 330 4985 ut
355 4941 486 4984 voce
516 4929 729 4984 Domini
753 4929 1042 4994 inseratur,
1073 4929 1206 4996 Quis
1225 4937 1412 5000 parcet
1444 4943 1607 5000 super
1648 4939 1719 4993 te,
1765 4929 1857 4985 Je-

272 5022 506 5076 rusalem
531 5024 554 5075 ‘t
577 5037 678 5094 ego
701 5035 917 5091 quoque
939 5022 1064 5076 dico
1087 5022 1154 5075 ad
1190 5020 1608 5077 interfectricem
1638 5022 1854 5078 Domini

271 5119 378 5169 mei
407 5129 426 5168 ξ
451 5116 584 5182 Quis
618 5123 808 5184 parcat
826 5129 988 5184 super
1008 5123 1079 5180 te,
1107 5113 1426 5180 Jerusalem,
1443 5124 1496 5169 et
1512 5115 1636 5184 quis
1652 5116 1857 5170 contri-

272 5206 501 5259 stabitur
525 5220 688 5275 super
709 5207 798 5260 te?
821 5205 1226 5259 Transeendam
1263 5213 1442 5259 autem
1465 5207 1536 5259 ad
1557 5205 1852 5276 spiritalem

274 5295 610 5355 intellecturus
641 5296 714 5350 ab
754 5296 1063 5352 humilitate
1108 5296 1326 5361 littera,
1369 5297 1510 5352 viam
1546 5297 1680 5352 mibi
1721 5312 1855 5367 pan-

269 5387 436 5443 dente
459 5387 684 5451 ratione,
705 5396 766 5442 ut
785 5388 1002 5442 videam
1024 5388 1295 5457 quomodo
1318 5402 1652 5458 unaquaeth
1673 5388 1852 5443 anima

277 5478 437 5548 digna
480 5493 614 5547 pace
641 5479 736 5533 Dei
773 5478 1076 5534 Jerusalem
1124 5488 1481 5549 nueupetnr.
1521 5480 1650 5536 Post
1689 5481 1853 5536 disci-

277 5571 478 5641 plinam
531 5570 730 5640 quippe
774 5572 1014 5625 divinant
1053 5572 1232 5627 facta
1274 5581 1358 5627 cst
1402 5573 1720 5639 Jurusalem,
1756 5575 1850 5644 qui

277 5664 429 5734 prius
453 5661 631 5716 fuerat
660 5660 844 5717 Jebus.
887 5662 1124 5719 Historia
1153 5665 1336 5728 refert,
1375 5665 1504 5733 quia
1526 5681 1725 5721 mn
1746 5666 1852 5724 loci

277 5757 438 5812 istius
476 5754 652 5809 fuerat
694 5753 882 5818 Jebus,
921 5763 976 5810 et
1013 5766 1200 5825 postea
1225 5770 1562 5814 colimutato
1584 5761 1850 5817 vocabulo

279 5856 584 5920 nuncupata
612 5847 684 5902 sit
705 5846 1061 5904 Hiemsalctn.
1093 5847 1262 5905 ω..
1289 5857 1478 5910 autem
1497 5849 1850 5912 Mm

1954 4749 2276 4804 Mementote
2292 4747 2476 4801 uxoris
2499 4745 2602 4800 Lot
2627 4763 2640 4798 :
2665 4744 2961 4798 contemnit
2984 4744 3267 4814 Imperium
3294 4744 3545 4797 Salvato-

1957 4843 2062 4897 ris:
2104 4858 2122 4891 t
2161 4839 2327 4893 Nemo
2362 4839 2580 4892 mittens
2614 4851 2775 4907 super
2808 4844 3046 4890 aratrum
3075 4850 3286 4898 manus,
3313 4843 3366 4888 et
3404 4834 3545 4902 aspi-

1958 4933 2107 4988 ciens
2145 4912 2468 4994 retrorsum,
2501 4936 2656 4998 aptus
2676 4936 2758 4983 est
2787 4941 2954 4999 regno
2978 4927 3072 4981 Dei
3096 4925 3246 4998 (Luc.
3278 4925 3373 4994 Ix).
3414 4942 3432 4975 ι

2033 5043 2054 5076 r
2098 5023 2165 5078 Et
2190 5021 2477 5077 extendam
2505 5033 2724 5074 manum
2753 5033 2926 5074 meam
2955 5032 3116 5088 super
3147 5026 3220 5082 te,
3249 5025 3305 5071 et
3333 5016 3543 5070 interii.

1953 5116 2094 5171 ciam
2127 5124 2202 5170 te.
2254 5112 2518 5168 Laboravi
2547 5119 2766 5182 rogatus
2793 5110 2918 5181 (sive
2949 5108 3192 5180 rogans).
3226 5127 3244 5158 ι
3292 5108 3398 5162 Pro
3429 5123 3535 5176 quo

1958 5223 1982 5258 ο
2025 5205 2376 5276 Septuaginta
2436 5202 2870 5266 transtulerunt,
2922 5219 2942 5253 ι
2995 5213 3338 5271 nequaquam
3397 5200 3538 5254 ultra

1961 5315 1981 5351 ο
2023 5298 2292 5353 dimittam
2321 5312 2434 5352 eos.
2483 5313 2502 5349 ι
2545 5293 2843 5365 (Πίθωνι.)
2879 5292 3068 5348 Manus
3093 5301 3312 5348 extenta
3345 5307 3540 5362 pereu-

1953 5390 2138 5445 tientis
2163 5388 2420 5444 indiciam
2433 5394 2520 5442 est
2546 5404 2561 5440 :
2589 5384 2912 5450 interfectio,
2930 5393 3273 5454 peccaturus
3300 5384 3440 5438 iram
3463 5385 3538 5440 si-

1957 5485 2636 5555 gniﬁcatconsumiatam.
2663 5477 2816 5545 Quod
2845 5485 3024 5532 autem
3057 5477 3237 5532 intulit
3263 5494 3278 5534 :
3316 5493 3335 5528 ι
3367 5477 3538 5532 Labo-

1955 5575 2072 5629 ravi
2101 5583 2320 5644 rogatus
2345 5573 2472 5642 (sire
2516 5569 2752 5641 rogans),
2801 5589 2822 5622 ι
2869 5569 3138 5638 duplicem
3183 5585 3400 5626 senum
3440 5571 3537 5625 ba-

1954 5663 2070 5731 bet,
2099 5665 2243 5737 quod
2253 5663 2366 5734 iam
2396 5662 2664 5718 deiecerit
2684 5662 2848 5726 Deus,
2868 5662 3162 5718 crebroeis
3181 5663 3538 5733 ignoscendo,

1953 5769 2012 5817 et
2036 5759 2210 5814 lassus
2233 5758 2331 5822 sit,
2357 5770 2574 5828 supper
2595 5769 2694 5811 eos
2717 5769 3022 5825 provocans
3044 5756 3117 5810 ad
3137 5755 3388 5810 salum

2009 5845 3540 5928 taceamne-unumsumere-
