4008 6340
502 324 607 392 927
1143 317 1223 386 ΒΪ
1244 326 1499 384 RABANI
1534 324 1756 385 MAURI
1790 312 2115 380 ARCHIEP.
2154 319 2464 379 MOGUNT.
2505 319 2794 378 OPERUM
2832 286 3014 376 ΡΑῄὸ
3045 320 3141 404 111.
3722 316 3847 377 θέ

507 463 531 502 s
567 447 694 520 (sive
745 442 926 518 populi
972 440 1122 514 mei).
1177 438 1434 495 lnterfeci
1482 446 1539 493 et
1578 436 1789 509 perdidi
1834 434 2090 507 populum
2117 432 2169 494 A
2196 431 2273 489 De
2297 442 2455 489 nocte
2477 434 2677 490 etenim
2721 441 2905 490 custos
2943 435 3109 501 venit,
3139 435 3267 506 quia
3292 435 3514 491 humani
3574 433 3845 506 generis

506 554 531 591 ι
572 549 774 601 meum,
816 542 875 591 et
912 542 1095 589 tamen
1125 529 1285 586 aviis
1322 528 1438 584 suis
1480 543 1590 585 non
1634 534 1761 583 sunt
1804 525 2032 582 reversi.
2068 543 2088 578 ι
2194 537 2494 601 protector,
2516 537 2573 586 et
2598 529 2919 585 manifestus
2947 529 3002 584 in
3026 544 3192 584 carne
3217 531 3490 601 apparuit,
3518 538 3584 585 et
3619 539 3841 585 tamen

500 625 641 697 Quid
659 626 882 699 prodest
907 623 1106 694 saepius
1139 637 1228 677 me
1256 620 1458 692 rogari,
1488 635 1615 675 cum
1642 634 1673 673 a
1701 618 1807 674 viis
1829 618 1944 673 suis
1962 632 2092 688 pes—
2194 621 2340 678 hunc
2389 637 2576 693 pressa
2614 620 2856 692 perfidiae
2897 637 3010 677 sua;
3061 620 3299 677 tenebris
3347 620 3536 677 Iudaea
3566 621 3842 676 minime

500 717 656 777 simis
679 732 788 774 non
827 716 1191 781 revertantur,
1224 728 1329 769 nec
1354 720 1520 783 agant
1543 709 1965 782 paenitentiam?
2003 708 2096 764 Di—
2196 714 2464 787 cognovit.
2490 712 2594 771 Ubi
2611 712 2750 770 bene
2777 728 2848 770 ex
2870 728 3006 771 voce
3031 714 3274 770 custodis
3299 714 3521 771 additur
3554 733 3572 769 :
3610 732 3633 766 ι
3666 714 3841 770 venit

501 810 677 882 spersi
725 808 873 865 enim
925 821 1041 872 eos,
1104 805 1261 878 quasi
1311 802 1638 868 ventilabro,
1695 796 1755 857 ut
1803 815 2096 873 purgarem
2195 821 2355 862 mane
2381 812 2436 861 et
2456 819 2585 862 nox.
2611 825 2630 857 ι
2658 804 2795 874 Quia
2824 820 2923 877 per
2950 805 3068 889 ejus
3094 806 3509 877 praeseientiam,
3544 815 3612 862 et
3670 822 3836 862 nova

501 915 688 958 aream
710 913 910 965 meam,
942 906 997 955 et
1021 896 1255 969 dispersi
1283 895 1338 951 in
1376 895 1549 966 portis
1578 902 1755 960 terrm,
1795 902 1857 948 ut
1894 891 2094 949 inferni
2194 897 2288 954 lux
2315 898 2517 954 mundo
2559 896 2833 963 inclaruit,
2867 906 2925 953 et
2954 905 3139 954 tamen
3184 898 3241 953 in
3271 899 3435 954 corde
3483 896 3835 954 inﬁdelium

502 991 899 1067 quodammodo
937 991 1214 1049 calcarent
1246 989 1475 1046 limina:
1510 997 1567 1044 et
1602 986 1851 1044 interfeci
1880 995 1938 1045 et
1967 1002 2096 1060 per-

501 1087 612 1146 didi
636 1087 892 1159 pepulum
919 1084 1132 1159 meum),
1168 1094 1229 1141 ut
1256 1084 1433 1142 coacti
1463 1083 1732 1140 malorum
1758 1082 2094 1140 necessitate

503 1180 871 1254 impendentia
901 1179 1141 1236 vitarent
1179 1177 1345 1234 mala.

577 1292 597 1326 ι
632 1272 994 1343 Multiplicatae
1017 1280 1146 1328 sunt
1168 1270 1303 1327 mihi
1332 1269 1507 1326 viduae
1534 1269 1653 1340 ejus
1680 1284 1844 1340 super
1870 1283 2093 1325 arenam

505 1383 528 1420 ι
571 1366 760 1422 maris.
791 1364 981 1422 Induxi
1000 1365 1080 1421 eis
1105 1379 1268 1435 super
1282 1371 1513 1419 matrem
1535 1362 1895 1419 adolescentis
1914 1370 2095 1418 vasta-

505 1473 527 1509 s
574 1464 751 1513 torem
778 1456 1004 1511 meridie
1037 1472 1051 1510 :
1085 1453 1208 1510 misi
1250 1467 1413 1523 super
1450 1452 1699 1509 civitates
1736 1461 1958 1523 repente
1989 1460 2095 1509 ter-

506 1566 527 1600 ι
571 1563 772 1605 rorem.
813 1568 833 1602 ι
877 1545 1118 1602 Diversis
1145 1542 1599 1601 medicaminibus
1638 1543 1786 1614 cupit
1810 1542 1953 1599 Deus
1987 1543 2095 1599 sal-

500 1655 633 1698 vare
655 1647 968 1712 peccantes,
1000 1648 1063 1692 ut
1094 1636 1188 1707 qui
1220 1642 1665 1705 contempserant
1703 1634 2090 1702 blandientem,

466 1762 469 1763 ν
501 1733 731 1790 timeant
753 1730 1195 1788 comminantem.
1237 1728 1425 1784 Vidua:
1448 1726 1817 1797 multiplicata:
1852 1734 1979 1785 sunt
2002 1742 2094 1783 su-

2194 998 2408 1048 vetusta
2434 990 2653 1047 caecitas
2680 991 2961 1048 remansit.
2993 992 3139 1074 Bene
3161 999 3348 1047 autem
3369 992 3604 1058 dicitur,
3642 994 3832 1064 quasi

2195 1083 2250 1139 in
2279 1090 2439 1140 nocte
2467 1083 2547 1140 sic
2566 1083 2864 1154 palpabunt
2890 1083 2944 1138 in
2983 1083 3231 1139 meridie.
3264 1083 3379 1141 Hoc
3410 1100 3649 1157 quoque
3694 1086 3833 1157 pal-

2194 1177 2373 1248 pando
2405 1177 2746 1247 exquirimus
2781 1175 2926 1247 quod
2961 1177 3136 1233 oculis
3177 1193 3286 1234 non
3313 1178 3587 1235 videmus.
3621 1178 3827 1235 Judaei

2195 1261 2379 1327 autem
2403 1279 2588 1343 aperta
2621 1272 2738 1343 ejus
2770 1271 3037 1341 miracula
3060 1272 3333 1341 viderant,
3368 1283 3424 1330 et
3457 1276 3656 1332 adhuc
3680 1292 3828 1331 eum

2195 1361 2349 1434 quasi
2380 1362 2665 1434 palpantes
2694 1363 3060 1434 inquirebant,
3088 1379 3212 1420 cum
3239 1350 3499 1422 dicerent
3523 1383 3539 1422 :
3574 1369 3826 1436 Quous-

2196 1468 2301 1523 que
2336 1452 2479 1508 tollis
2527 1454 2764 1509 animam
2803 1455 3088 1511 nostram?
3127 1455 3186 1512 Si
3214 1463 3273 1511 tu
3311 1472 3371 1513 es
3398 1457 3689 1523 Christus,
3726 1459 3828 1515 die

2196 1548 2352 1603 nobis
2396 1549 2597 1617 palam.

2274 1656 2293 1689 ι
2330 1638 2423 1692 Vae
2488 1638 2660 1705 mihi,
2712 1648 2888 1696 mater
2930 1654 3093 1707 mea,
3137 1655 3309 1712 quare
3367 1644 3606 1714 genuisti
3678 1659 3820 1711 me,

2203 1752 2222 1784 ι
2258 1732 2435 1787 virum
2460 1732 2592 1789 rixae
2617 1732 2745 1806 (sive
2765 1731 3004 1806 judicii),
3027 1734 3204 1790 virum
3229 1734 3514 1791 discordiae
3535 1735 3680 1807 (sive
3713 1736 3819 1808 qui

497 1839 598 1896 per
634 1838 859 1880 arenam
879 1822 1049 1877 maris
1074 1837 1088 1874 :
1114 1819 1418 1876 interfectis
1444 1819 1595 1885 viris,
1616 1826 1841 1886 matres,
1867 1820 2094 1890 perditis
2121 1836 2171 1897 Β
2205 1840 2222 1874 ι
2255 1821 2491 1895 judicer)
2511 1864 2525 1891 ,
2550 1824 2606 1879 in
2640 1825 2897 1881 universa
2926 1833 3094 1881 terra.
3127 1845 3147 1878 ι
3177 1825 3448 1900 (Ηὶενοη.)
3471 1828 3675 1885 Potest
3700 1829 3821 1885 hoc

500 1915 711 1980 liberis,
750 1928 971 1971 sensere
998 1912 1324 1978 vastantem,
1357 1928 1468 1969 non
1493 1912 1548 1967 in
1570 1920 1730 1969 nocte
1757 1920 1810 1968 et
1836 1926 1932 1983 per
1958 1913 2092 1968 insi-

501 2006 642 2072 dias,
682 2006 779 2061 sed
818 2005 969 2061 clara
1012 2005 1132 2061 luce
1166 2022 1179 2060 :
1215 2015 1273 2060 ut
1307 2005 1560 2061 ostendat
1586 2011 1829 2073 apertam
1858 2004 1968 2059 vim
1990 2004 2089 2060 ad-

500 2097 731 2154 versarii
775 2096 1036 2154 fortioris.
1077 2115 1097 2149 ι
1140 2096 1279 2163 Misi,
1314 2096 1505 2165 inquit,
1547 2111 1711 2166 super
1752 2094 2023 2152 civitates.
2064 2114 2085 2149 ι

502 2188 656 2246 Haud
678 2189 900 2246 dubium
930 2190 1062 2261 quin
1086 2188 1225 2245 Juda
1251 2197 1306 2245 et
1332 2188 1513 2260 populi
1539 2189 1843 2260 peccatoris
1871 2195 2093 2259 repente

501 2293 791 2352 terrorem,
808 2293 869 2341 ut
882 2293 1086 2356 quanto
1103 2284 1205 2340 fuit
1226 2283 1466 2341 subitum
1484 2284 1709 2351 malum,
1735 2290 1888 2339 tanto
1901 2280 2093 2339 difﬁci-

499 2377 606 2433 lius
633 2387 780 2435 esset
815 2377 1091 2450 effugium.
1370 2422 1375 2429 ι
1462 2382 1467 2387 ’

580 2491 598 2521 ι
639 2468 919 2547 Inﬁrmata
961 2477 1047 2526 est
1083 2468 1209 2542 (sive
1231 2468 1473 2542 abjecit),
1503 2476 1593 2524 aut
1615 2482 1787 2524 vacua
1813 2468 1960 2524 facta
1985 2475 2090 2535 est,

507 2580 526 2613 ι
572 2576 692 2633 quae
712 2562 922 2632 peperit
945 2570 1150 2633 septem
1172 2561 1303 2634 (sive
1329 2560 1616 2633 plurimos)
1646 2578 1660 2615 :
1688 2560 1887 2617 defecit
1910 2560 2095 2617 anima

507 2672 529 2708 ι
571 2653 707 2725 ejus,
755 2654 955 2710 occidit
1004 2655 1055 2710 ei
1092 2654 1206 2721 sol,
1242 2670 1367 2710 cum
1402 2655 1580 2709 adhuc
1630 2662 1775 2710 esset
1819 2654 1935 2710 dies
1977 2653 2094 2726 (aut

508 2762 530 2797 ι
572 2746 784 2803 medius
808 2745 948 2818 dies)
987 2764 1003 2802 :
1033 2745 1259 2803 confusa
1286 2754 1370 2802 est
1399 2754 1455 2802 et
1480 2746 1715 2802 erubuit.
1750 2746 1819 2801 Et
1848 2744 2095 2825 residuos

507 2856 529 2890 ι
573 2836 692 2907 ejus
746 2838 803 2894 in
850 2838 1089 2911 gladium
1145 2838 1323 2905 dabo,
1384 2838 1437 2893 in
1493 2847 1791 2908 conspectu
1846 2822 2094 2894 inimico-

508 2947 529 2983 ι
573 2945 697 2985 rum
716 2944 930 2996 eorum,
959 2930 1037 2985 ait
1059 2930 1338 2986 Dominus.
1376 2948 1396 2981 ι
1422 2927 1581 3000 Smpe
1607 2927 1845 2986 diximus
1867 2928 2095 2985 verbum

503 3023 829 3080 Hebraicum
856 3032 985 3089 var:
1020 3023 1106 3078 vel
1136 3033 1351 3094 septem,
1381 3021 1466 3077 vel
1482 3021 1846 3091 juramentum
1874 3036 2091 3087 sonare,

501 3116 588 3172 vel
636 3115 912 3188 plurimos.
960 3114 1116 3171 Unde
1170 3123 1225 3170 et
1266 3113 1480 3169 diversa
1525 3121 1609 3169 est
1661 3112 2036 3184 interpretatio
2072 3130 2085 3166 :

2195 1913 2582 1987 συνεκδοχικῶς
2611 1915 2679 1971 de
2712 1914 2950 1973 Ieremia
2988 1916 3236 1988 intelligi,
3270 1919 3416 1987 quod
3446 1934 3560 1975 non
3588 1920 3651 1974 in
3686 1930 3816 1976 toto

2193 2005 2324 2061 orbe
2341 2007 2729 2073 terrarum,sed
2745 2007 2799 2062 in
2812 2014 2956 2063 terra
2968 2006 2996 2062 J
3003 2007 3152 2063 udam
3166 2009 3236 2063 sit
3242 2007 3538 2077 judicatus.
3547 2008 3705 2066 Vere
3716 2026 3818 2068 au-

2194 2103 2302 2152 tem
2332 2097 2561 2153 Domino
2584 2099 2841 2168 competit
2859 2097 3259 2170 Salvatori,qui
3280 2100 3589 2172 loquiturin
3606 2102 3814 2159 Evan-

2193 2189 2334 2260 geiio
2347 2188 2530 2261 (Joan.
2546 2190 2625 2262 lx)
2646 2209 2659 2244 :
2677 2190 2736 2246 ln
2751 2188 3017 2260 judicium
3028 2206 3127 2263 ego
3144 2192 3197 2247 in
3220 2193 3481 2250 mundum
3499 2196 3682 2251 istum
3710 2213 3814 2253 ve-

2192 2284 2272 2350 ni,
2286 2290 2345 2337 ιιι
2365 2284 2456 2355 qui
2479 2298 2585 2339 non
2607 2284 2793 2340 vident
2814 2286 3052 2354 videant,
3071 2295 3127 2343 et
3145 2288 3238 2358 qui
3261 2289 3447 2345 vident
3466 2291 3601 2361 caeci
3626 2290 3806 2349 ﬁant.

2193 2373 2271 2430 De
2320 2390 2427 2446 quo
2471 2376 2734 2447 scriptum
2779 2385 2908 2433 est:
2947 2397 2966 2430 ι
3015 2378 3157 2435 Ecce
3202 2380 3412 2451 positus
3460 2391 3547 2438 est
3587 2384 3690 2439 hic
3746 2386 3809 2440 in

2194 2464 2409 2520 ruinam
2445 2474 2501 2522 et
2540 2466 2598 2521 in
2639 2468 3097 2524 resurrectionem
3138 2469 3434 2543 multorum
3480 2471 3536 2526 in
3582 2472 3804 2539 Israel,

2193 2565 2250 2614 et
2299 2557 2355 2612 in
2405 2557 2619 2629 signum
2663 2557 2752 2612 cui
2791 2558 3194 2614 contradicetur
3243 2559 3414 2632 (Luc.
3451 2560 3552 2635 ιι).
3586 2582 3606 2613 ι
3658 2563 3808 2632 Quis

2193 2651 2338 2706 enim
2394 2649 2869 2722 philOSOphorum?
2917 2652 3041 2722 quis
3093 2653 3239 2708 enim
3288 2654 3613 2725 gentilium?
3666 2656 3807 2727 quis

2193 2746 2577 2802 haereticorum
2608 2760 2716 2801 non
2742 2743 2951 2817 judicat
2998 2745 3275 2802 Christum
3297 2787 3314 2814 ,
3364 2749 3692 2818 ponentium
3748 2750 3805 2808 ei

2193 2838 2340 2912 leges
2370 2837 2692 2905 nativitatis,
2711 2846 2768 2894 et
2793 2838 3082 2909 passionis,
3104 2840 3632 2912 resurrectionisque
3653 2857 3802 2910 suae,

2193 2938 2249 2986 et
2286 2930 2647 2986 substantiae?
2675 2929 2787 2987 Nec
2830 2931 3031 2987 mirum
3055 2932 3214 3003 juxta
3242 2933 3507 3004 assumpti
3535 2936 3802 3004 corporis

2192 3021 2481 3079 veritatem
2496 3020 2771 3077 Christum
2803 3022 3012 3077 dicere:
3037 3040 3056 3073 (
3078 3021 3172 3077 Va:
3197 3022 3329 3078 mihi
3348 3063 3364 3089 ,
3391 3030 3569 3079 mater
3595 3039 3749 3092 mea,
3773 3044 3796 3078 ι

2193 3125 2316 3167 cum
2358 3117 2414 3166 et
2455 3110 2513 3166 in
2553 3109 2661 3165 alio
2687 3110 2806 3166 loco
2851 3111 3137 3182 perspicue
3166 3128 3411 3183 persona:
3439 3112 3555 3182 ejus
3586 3129 3802 3171 conve-

498 3206 720 3278 Aquila,
752 3205 1107 3279 Septuaginta
1144 3214 1202 3261 ct
1232 3204 1602 3261 Thcodotione
1630 3213 1824 3273 septem
1860 3202 2091 3260 transfe-
2114 3209 2163 3274 ς,
2195 3203 2326 3269 niat,
2353 3201 2498 3271 quod
2529 3202 2767 3258 dicitur;
2806 3221 2825 3254 ι
2857 3203 2951 3259 Vae
2976 3203 3132 3269 mihi,
3158 3204 3282 3274 quia
3306 3204 3485 3261 factus
3504 3221 3631 3261 sum
3646 3207 3801 3262 sicut

500 3300 765 3365 rentibus,
798 3296 1126 3370 Symmacho
1152 3295 1429 3368 plurimos.
1451 3296 1582 3363 Qum
1607 3294 1776 3365 igitur
1797 3302 1915 3350 erat
1938 3295 2090 3352 dives

502 3389 709 3456 liberis,
732 3389 867 3447 orba
902 3391 1083 3448 subito
1112 3388 1259 3446 facta
1284 3396 1388 3456 est,
1416 3398 1473 3444 ct
1499 3388 1645 3444 clara
1673 3387 1793 3444 lucc
1822 3387 2088 3458 disperiit,

500 3490 558 3540 ct
584 3480 808 3539 confusa
838 3489 925 3539 est
962 3482 1019 3538 in
1060 3479 1350 3538 solitudine
1392 3478 1499 3536 sui.
1549 3477 1838 3549 Reliquum
1885 3486 2088 3545 autem,

502 3576 598 3640 ait,
630 3572 889 3645 populum
920 3573 1130 3629 tradam
1156 3570 1356 3643 gladio,
1379 3578 1440 3626 ut
1467 3577 1724 3637 mortem,
1747 3578 1802 3626 et
1831 3569 1969 3626 iram
1995 3569 2093 3626 Dei

499 3666 678 3723 nullus
704 3665 942 3738 eifugiat.
982 3664 1088 3721 Alii
1113 3665 1183 3720 ad
1211 3678 1539 3735 synagogam
1584 3660 1829 3719 referunt
1865 3676 1987 3733 quae
2011 3661 2094 3717 in-

503 3758 720 3815 ﬁrmata
760 3765 865 3825 est,
910 3764 971 3812 ut
997 3755 1256 3817 Ecclesia!
1299 3763 1575 3812 cresceret
1608 3752 1917 3820 multitudo,
1936 3753 2093 3824 juxta

500 3848 647 3923 illud.
662 3846 810 3919 quod
850 3847 1114 3919 scriptum
1152 3854 1275 3903 est:
1313 3863 1333 3898 ι
1390 3843 1604 3901 Sterilis
1633 3844 1846 3915 peperit
1885 3851 2094 3915 septem

506 3943 634 4014 (sive
677 3933 1019 4015 plurimos),
1070 3948 1127 3997 et
1186 3955 1309 4013 quae
1356 3938 1556 3997 multos
1613 3937 1848 3994 habebat
1889 3937 2094 3993 liberos

503 4037 779 4093 inﬁrmata
808 4045 893 4093 est
927 4034 992 4108 (I
1023 4033 1155 4107 Reg.
1192 4033 1277 4107 ιι),
1307 4052 1327 4087 ι
1371 4032 1514 4089 unde
1555 4039 1613 4087 et
1667 4032 1867 4088 occidit
1906 4031 1957 4086 ci
2014 4028 2096 4087 sol

495 4125 745 4197 iustitiae,
799 4126 856 4183 in
907 4123 1063 4195 cujus
1099 4124 1293 4196 pennis
1325 4131 1408 4181 est
1440 4124 1648 4179 sanitas
1690 4121 1949 4195 (Malach.
1984 4123 2091 4191 tv):

500 4226 556 4275 et
601 4218 807 4276 idcirco
875 4226 1080 4273 aeterna
1138 4213 1458 4271 confusione
1516 4220 1769 4284 cooperta
1820 4221 1923 4278 cst,
1970 4227 2097 4285 per-

501 4311 637 4367 deus
661 4308 920 4382 pepulum
931 4322 1092 4364 suum
1112 4305 1292 4378 gladio
1305 4302 1594 4375 spirituali.
1620 4299 1823 4375 (Greg.)
1847 4303 1986 4361 Hinc
2013 4313 2099 4362 est

500 4401 647 4474 quod
686 4401 740 4457 in
782 4398 884 4456 Job
929 4399 1168 4473 legitur:
1207 4415 1226 4448 ι
1271 4395 1378 4452 Per
1426 4396 1570 4452 diem
1606 4396 1889 4452 incurrant
1943 4403 2098 4453 tene-

500 4495 662 4558 bras,
711 4501 769 4549 et
794 4491 947 4563 quasi
1002 4491 1059 4546 in
1101 4498 1280 4556 nocte,
1314 4488 1395 4545 sic
1424 4485 1723 4559 palpabunt
1757 4488 1813 4543 in
1863 4487 2092 4545 meridie

2195 3296 2288 3367 qui
2316 3295 2523 3366 colligit
2550 3294 2807 3365 stipulam
2837 3295 2891 3349 iu
2920 3310 3100 3351 messe
3118 3336 3134 3363 ,
3172 3304 3229 3351 et
3270 3297 3417 3352 sicut
3445 3312 3700 3354 racemus
3732 3300 3796 3357 in

2194 3382 2466 3444 vindemia
2490 3401 2598 3443 non
2626 3387 2834 3443 habens
2859 3388 3064 3458 spicam
3080 3430 3095 3455 ,
3124 3396 3186 3443 ut
3209 3390 3457 3445 comedat
3482 3390 3795 3461 primitiva.

2193 3480 2261 3535 Et
2286 3494 2354 3535 ne
2369 3487 2622 3550 putemus
2640 3478 2937 3549 gemituum
2954 3477 3245 3535 utilitatem
3266 3478 3459 3536 referri
3473 3480 3542 3536 ad
3559 3482 3797 3537 verbum

2194 3573 2312 3641 Dei,
2356 3573 2451 3643 qui
2480 3572 2551 3629 sit
2574 3571 2703 3640 iste,
2731 3572 2823 3643 qui
2849 3571 3089 3643 plangat,
3119 3573 3306 3629 statim
3326 3574 3603 3644 sequitur:
3642 3593 3664 3626 ι
3695 3574 3817 3632 γε

2194 3665 2350 3733 mihi,
2392 3664 2606 3731 anima,
2643 3664 2771 3735 quia
2798 3664 2962 3735 periit
3005 3672 3285 3722 revertens
3322 3680 3355 3720 a
3383 3673 3531 3722 terra
3567 3683 3581 3719 :
3622 3684 3644 3719 ι
3679 3682 3797 3722 non

2192 3756 2336 3829 quod
2367 3755 2670 3812 dividamus
2698 3770 2959 3826 personas
2975 3796 2990 3822 ,
3012 3765 3073 3811 ut
3092 3756 3244 3827 impii
3266 3754 3475 3813 faciunt
3496 3774 3510 3810 :
3529 3756 3623 3812 sed
3641 3756 3792 3828 quod

2194 3864 2336 3905 unus
2356 3856 2519 3919 atque
2537 3848 2681 3905 idem
2707 3847 2876 3903 Filius
2897 3847 3020 3915 Dei,
3036 3863 3182 3904 nunc
3194 3847 3351 3918 juxta
3371 3862 3612 3915 carnem,
3639 3864 3790 3905 nunc

2188 3940 2346 4012 juxta
2372 3940 2596 4001 verbum
2622 3939 2875 4011 loquatur
2901 3937 3018 3995 Dei.
3039 3938 3057 4011 (
3080 3937 3263 4011 Orig.)
3285 3937 3470 4010 Neque
3497 3940 3649 3996 enim
3677 3955 3793 3997 ser-

2196 4046 2286 4087 mo
2332 4029 2429 4087 Dei
2470 4031 2702 4087 sustinet
2725 4038 3011 4098 mortem,
3057 4031 3151 4087 sed
3195 4032 3378 4099 homo,
3408 4032 3503 4103 qui
3531 4031 3669 4089 istos
3695 4048 3795 4105 pa-

2197 4121 2334 4177 titur
2378 4120 2642 4188 atfectus,
2689 4131 2751 4175 ut
2791 4137 2935 4192 saepe
2978 4122 3349 4192 exposuimus.
3383 4122 3444 4179 Si
3472 4123 3794 4182 consideres

2196 4214 2396 4285 ubique
2424 4221 2696 4285 martyres
2724 4214 3114 4270 condemnatos
3132 4255 3148 4281 ,
3176 4223 3234 4271 et
3268 4216 3335 4271 de
3364 4214 3590 4285 singulis
3613 4215 3795 4271 eccle-

2197 4305 2293 4362 siis
2318 4305 2591 4363 exhibitos
2620 4307 2689 4362 ad
2716 4306 2953 4364 tribunal
2974 4348 2990 4376 ,
3013 4306 3225 4365 videbis
3252 4307 3524 4379 quomodo
3554 4323 3655 4380 per
3681 4310 3793 4365 sin-

2197 4396 2351 4470 gulos
2397 4405 2669 4471 martyres
2692 4396 2863 4468 _Jesus
2905 4398 3155 4457 Christus
3203 4401 3611 4457 condemnetur.
3664 4402 3789 4473 Ipse

2198 4491 2345 4547 enim
2377 4498 2481 4558 est,
2506 4491 2601 4562 qui
2626 4491 2683 4547 in
2715 4490 3123 4563 perhibentibus
3162 4492 3380 4549 veritati
3417 4492 3787 4549 testimonium

503 4582 667 4655 (Job.
698 4582 777 4655 v).
806 4602 826 4636 ι
864 4582 971 4638 Per
1000 4580 1144 4637 diem
1185 4579 1437 4636 tenebras
1476 4579 1820 4634 incurrerunt
1853 4596 1865 4633 :
1893 4574 1991 4650 qui
2035 4578 2094 4634 in
2118 4577 2172 4639 D
2190 4580 2468 4654 judicatur
2498 4601 2510 4638 :
2543 4591 2601 4639 et
2623 4583 2727 4639 hoc
2767 4582 2998 4640 ﬁdeliter
3022 4584 3266 4656 suscipe,
3296 4585 3476 4642 sciens
3506 4585 3632 4656 quia
3675 4602 3786 4640 non

502 4677 619 4748 ipsa
646 4675 897 4732 veritatis
918 4673 1230 4745 praesentia,
1256 4671 1496 4745 perfidiae
1516 4685 1702 4729 errore
1724 4672 1913 4728 cmcati
1945 4679 2090 4727 sunt.

501 4771 661 4827 Clare
705 4770 907 4842 quippe
946 4782 1045 4839 per
1074 4768 1217 4824 diem
1259 4765 1524 4833 cernitur,
1563 4779 1662 4837 per
1706 4772 1924 4844 noctem
1966 4777 2095 4818 vero

502 4871 688 4921 nostra
716 4862 865 4919 acies
882 4862 1227 4919 obscuratur.
1258 4859 1647 4916 Persecutores
1675 4856 1842 4927 igitur
1860 4853 2095 4912 Redem-

501 4960 676 5031 ptoris
706 4959 902 5025 nostri,
951 4958 1080 5015 dum
1122 4958 1319 5015 divina:
1357 4956 1576 5013 virtutis
1618 4954 1880 5010 miracula
1909 4968 2099 5011 cerne-

504 5059 648 5117 rent,
693 5059 750 5107 et
774 5060 956 5108 tamen
981 5051 1049 5108 de
1073 5049 1192 5121 ejus
1232 5048 1517 5106 divinitate
1541 5046 1877 5113 dubitarent,
1925 5047 1981 5102 in
2009 5046 2097 5104 die

505 5143 760 5200 tenebras
781 5143 927 5215 passi
954 5152 1098 5208 sunt,
1122 5142 1251 5213 quia
1277 5141 1455 5197 visum
1486 5140 1543 5195 in
1569 5138 1689 5194 luce
1716 5139 2091 5210 perdiderunt.

504 5235 643 5292 Hinc
668 5250 764 5293 eos
787 5236 902 5308 ipsa
931 5236 1050 5293 Lux
1071 5235 1329 5292 admonet
1353 5232 1540 5289 dicens
1564 5251 1579 5288 :
1608 5249 1629 5284 ι
1655 5231 1944 5289 Ambulate
1964 5233 2101 5291 dum.

510 5326 687 5384 lucem
747 5328 961 5387 habetis
986 5369 1002 5395 ,
1059 5343 1130 5384 ne
1188 5342 1287 5384 vos
1335 5326 1575 5382 tenebrae
1636 5327 2097 5397 comprehendant

488 5419 693 5494 .(Joan.
724 5420 846 5494 xu).
876 5442 896 5474 ι
930 5420 1070 5476 Hinc
1096 5427 1179 5476 est
1201 5419 1347 5490 quod
1388 5433 1579 5475 vocem
1617 5419 1995 5491 pmnitentium
2035 5421 2094 5477 in

511 5529 571 5571 se
597 5516 862 5586 propheta
881 5514 1079 5568 iterum
1095 5513 1326 5585 sumpsit
1343 5513 1563 5570 dicens:
1585 5532 1604 5567 ι
1623 5513 1950 5586 lmpegimus
1975 5505 2091 5569 me-

511 5609 672 5676 ridie,
702 5609 858 5680 quasi
889 5608 945 5663 in
983 5608 1250 5675 tenebris;
1288 5616 1346 5664 et
1367 5608 1677 5681 caliginosis
1703 5608 1861 5680 quasi
1895 5607 2099 5664 mortui

513 5702 652 5777 (Isa.
669 5703 809 5776 xxi).
833 5723 852 5757 ι
871 5702 1010 5759 Hinc
1028 5703 1224 5759 iterum
1246 5702 1414 5759 dixit:
1443 5701 1670 5761 sCustos
1680 5704 1811 5775 quid
1832 5703 1900 5760 de
1919 5709 2111 5770 nocte,

513 5796 840 5868 custosquid
854 5797 923 5857 de
938 5797 1129 5857 nocte?
1149 5795 1298 5853 Dixit
1318 5797 1678 5864 custos,venit
1687 5811 1845 5854 mane
1855 5803 1913 5853 et
1923 5809 2093 5867 nox.)

2198 4688 2252 4736 te
2275 4678 2474 4734 dixerit
2495 4693 2616 4735 esse
2643 4678 2698 4734 in
2724 4693 2964 4743 carcere,
2982 4693 3108 4735 cum
3132 4678 3303 4736 fueris
3328 4678 3385 4734 in
3409 4693 3648 4745 carcere,
3678 4694 3785 4734 non

2200 4780 2252 4828 te
2278 4772 2489 4828 esurire
2517 4787 2643 4828 cum
2666 4771 2927 4829 esurieris
2949 4812 2965 4839 ,
3001 4787 3127 4828 cum
3152 4772 3358 4829 sitieris
3386 4788 3495 4828 non
3526 4782 3579 4828 te
3601 4773 3784 4838 sitire,

2199 4863 2297 4921 sed
2311 4865 2680 4936 semetipsum.
2709 4882 2729 4918 ι
2751 4864 2810 4921 ln
2824 4880 3068 4932 carcere,
3085 4865 3281 4937 inquit,
3308 4863 3387 4922 fui
3411 4874 3470 4921 et
3481 4866 3707 4923 venistis
3720 4866 3783 4921 ad

2200 4970 2307 5024 me,
2332 4956 2534 5011 esurivi
2559 4964 2617 5011 et
2639 4954 2866 5013 dedistis
2890 4957 3026 5014 mihi
3050 4956 3380 5014 manducare
3397 4998 3414 5025 ,
3438 4958 3585 5014 sitivi
3610 4966 3665 5013 et
3688 4973 3785 5030 po-

2200 5046 2357 5103 tastis
2381 5061 2469 5102 me
2499 5045 2714 5119 (Matth.
2740 5046 2891 5120 xxv).
2919 5047 3108 5119 Itaque
3133 5049 3301 5104 etiam
3325 5049 3373 5105 si
3397 5049 3786 5107 condemnatur

2200 5139 2561 5207 Christianus,
2575 5156 2682 5197 non
2702 5157 2802 5213 pro
2821 5141 2927 5198 alia
2956 5150 3135 5198 tamen
3150 5159 3227 5210 re,
3252 5158 3429 5215 neque
3440 5160 3547 5215 pro
3568 5144 3787 5201 sceleri-

2201 5234 2305 5291 bus
2328 5234 2461 5299 suis,
2493 5233 2589 5290 sed
2613 5247 2713 5304 pro
2738 5233 2844 5289 hoc
2877 5241 3105 5302 tantum,
3137 5237 3281 5306 quod
3311 5235 3655 5293 Christianus
3680 5248 3785 5305 est,

2203 5325 2453 5384 Christus
2472 5334 2577 5395 est,
2601 5327 2697 5411 qui
2713 5327 3134 5386 condemnatur:
3158 5346 3227 5387 ex
3251 5347 3360 5403 quo
3378 5331 3636 5401 efﬁcitur,
3650 5340 3713 5389 ut
3734 5334 3786 5389 in

2201 5420 2350 5476 omni
2370 5428 2517 5478 terra
2539 5422 2928 5479 condemnetur
2946 5422 3102 5481 Jesus
3120 5465 3135 5492 ,
3160 5427 3585 5497 quotiescunque
3624 5426 3675 5483 is
3702 5427 3793 5483 ad

2203 5512 2420 5582 dicitur,
2458 5516 2553 5586 qui
2588 5531 2688 5586 pro
2712 5531 2779 5572 eo
2803 5516 3215 5573 condemnatur.
3243 5516 3362 5574 Non
3391 5517 3568 5575 solum
3608 5527 3791 5575 autem

2203 5607 2347 5678 apud
2368 5605 2580 5677 judices
2608 5607 2790 5665 saeculi
2828 5616 2887 5666 et
2932 5596 3282 5666 tribunalium
3307 5618 3612 5682 potestates
3635 5609 3794 5668 Chri-

2203 5709 2320 5757 stus
2348 5701 2584 5768 auditur,
2613 5702 2709 5759 sed
2736 5702 2903 5759 etiam
2925 5703 2974 5759 si
2999 5703 3324 5760 calumniam
3349 5701 3699 5760 Christianus
3723 5702 3792 5760 ab

2204 5792 2387 5865 aliquo
2408 5794 2633 5865 patitur,
2656 5802 2715 5851 et
2757 5802 3088 5867 provocatur
3114 5796 3184 5854 ad
3213 5796 3393 5855 litem:
3418 5804 3550 5852 tunc
3572 5810 3792 5868 quoque
