4008 6340
219 389 325 449 929
786 454 793 459 _
1056 440 1061 441 ,
1116 373 1482 470 EXPOSlTIO
1518 380 1747 440 SUPER
1781 381 2259 454 teneamur
2293 382 2423 438 LIB.
2465 381 2577 438 vn.
3387 384 3494 441 930

220 502 471 559 Christus
485 499 1047 573 dijudicaturinjuste.
1063 499 1279 571 Ubique
1293 500 1544 557 Christus
1559 501 1811 558 condem-
1851 553 1869 573 ι
1920 542 1923 545 ι
1988 519 2007 552 ‹
2040 499 2182 556 Dicit
2205 499 2467 556 Dominus
2494 516 2507 553 :
2542 497 2599 554 Si
2633 512 2741 553 non
2770 498 3013 569 reliquize
3043 506 3149 554 tua:
3178 497 3234 554 in
3262 498 3493 564 bonum,

220 553 947 662 natur,atquediscernitt;r,
964 592 1099 647 etab
1114 591 1235 647 aliis
1249 592 1468 663 quidem
1484 593 1807 649 condemna-
1834 553 1885 616 Α
1917 614 1937 647 ‹
1976 593 2025 649 si
2062 608 2169 649 non
2204 593 2416 649 occurri
2455 591 2552 648 tibi
2586 592 2643 647 in
2680 553 2923 664 tempore
2961 591 3303 658 aﬂlictionis,
3345 600 3399 647 et
3446 591 3501 645 in
3592 594 3596 600 '

223 691 331 749 tur,
348 684 417 739 ab
436 684 558 739 aliis
579 699 687 739 non
711 684 1127 751 condemnatur,
1152 685 1197 740 si
1222 693 1405 741 autem
1431 700 1540 740 non
1562 686 1811 742 condem-
1917 705 1936 738 ‹
1974 692 2219 755 tempore
2251 683 2615 741 tribulationis
2642 690 2698 740 et
2724 682 2985 754 angustia:
3012 683 3299 740 adversum
3321 676 3510 738 inimi-’

222 786 409 843 natur,
435 777 725 848 excipitur.
754 776 949 847 Aperis
975 777 1025 832 ei
1050 777 1283 844 ostium,
1305 777 1604 849 ingreditur
1624 778 1692 832 ad
1719 786 1807 835 te:
1918 796 1936 829 ι
1972 791 2116 834 cum.
2150 772 2440 850 (Hierom)
2480 776 2715 832 Possunt
2742 767 2869 830 haec
2895 784 2950 831 et
2978 788 3045 830 ex
3072 789 3302 847 persona
3350 771 3504 829 lere»

225 871 405 927 credis
432 871 487 926 in
516 886 640 926 eum
660 911 676 937 ,
706 870 949 926 vescitur
977 878 1178 926 tecum.
1209 870 1267 926 Si
1298 884 1429 926 vero
1458 870 1526 926 de
1554 870 1811 942 religione
1912 866 2035 923 mia:
2058 867 2266 939 accipi,
2291 867 2383 938 qui
2405 867 2643 938 pessimo
2671 874 2934 938 tempore,
2963 873 3019 922 et
3044 866 3160 937 jam
3187 865 3502 922 imminente

226 965 455 1021 audiens
490 962 799 1019 Christiana
838 978 948 1018 non
982 963 1289 1035 susceperis
1321 976 1464 1030 eam,
1500 963 1636 1019 nihil
1666 962 1813 1019 aliud
1915 958 2229 1030 captivitate
2248 959 2576 1031 prophetare
2595 957 2908 1029 compulsus
2928 964 3032 1023 est,
3055 963 3111 1011 et
3135 956 3270 1011 dura
3291 954 3501 1026 perpeti

226 1055 393 1120 facis,
444 1068 606 1123 quam
642 1051 970 1109 condemnas
1015 1052 1202 1111 Jesum
1222 1095 1238 1122 ,
1269 1062 1329 1109 ut
1359 1055 1671 1110 mendacem
1695 1094 1710 1120 ,
1730 1098 1731 1101 η
1753 1061 1815 1109 ιιι
1914 1065 1948 1104 a
1975 1050 2173 1122 p0pulo
2199 1066 2307 1107 non
2337 1051 2624 1117 credente,
2673 1050 2742 1105 ad
2771 1049 2846 1115 id,
2876 1048 3021 1119 quod
3050 1062 3211 1120 supra
3244 1046 3457 1102 dixerat
3484 1063 3499 1101 :

226 1147 565 1203 seductorem
594 1146 905 1214 hominum,
936 1156 1000 1203 ut
1037 1147 1092 1202 in
1127 1163 1369 1204 errorem
1404 1148 1662 1203 mundum
1698 1156 1812 1203 tra-
1920 1158 1940 1193 ι
1973 1140 2068 1197 Va:
2093 1141 2246 1207 mihi,
2270 1151 2465 1208 mater,
2482 1148 2543 1196 ut
2566 1139 2698 1211 quid
2712 1154 2801 1195 me
2817 1137 3050 1210 genuisti
3074 1137 3271 1204 virum,
3295 1135 3389 1206 qui
3408 1132 3504 1203 ju-

227 1238 444 1294 hentem
471 1252 486 1292 :
509 1257 528 1289 ‹
549 1238 706 1308 quasi
733 1253 893 1309 quem
926 1238 1163 1311 genuisti
1193 1238 1390 1305 virum,
1418 1239 1510 1310 qui
1537 1236 1749 1307 judicer
1761 1244 1818 1294 et
1915 1228 2069 1287 dicer
2086 1238 2143 1285 et
2168 1230 2451 1287 discernar
2475 1231 2625 1288 omni
2652 1239 2912 1300 tempore,
2935 1236 2992 1284 et
3015 1220 3225 1298 reliqua
3249 1245 3263 1281 :
3287 1241 3509 1298 respon-

226 1332 511 1389 discernar
537 1333 685 1388 omni
716 1341 896 1389 terrm.
943 1352 961 1385 ι
995 1332 1319 1404 Quicunque
1363 1332 1578 1403 penitus
1617 1333 1668 1386 ei
1708 1347 1816 1388 non
1917 1323 1998 1379 ἀὶι
2020 1325 2283 1381 Dominus
2310 1342 2323 1378 :
2357 1324 2476 1380 Noli
2503 1323 2855 1381 considerare
2882 1323 3204 1395 praesentia,
3239 1322 3336 1378 sed
3364 1321 3505 1378 futu-

228 1424 491 1491 credunt,
519 1424 885 1480 condemnant
914 1440 1074 1491 eum;
1109 1425 1202 1495 qui
1242 1432 1424 1480 autem
1455 1424 1727 1489 credunt,
1763 1430 1820 1479 et
1918 1432 2000 1485 ra,
2027 1416 2272 1488 reliquiae
2296 1418 2441 1473 enim
2469 1425 2576 1474 tuae
2597 1424 2656 1473 et
2676 1416 2976 1474 novissima
3001 1423 3163 1472 erunt
3185 1415 3240 1470 in
3261 1415 3465 1472 bonum
3489 1431 3503 1469 :

138 1547 146 1555 -
230 1518 411 1575 adhuc
442 1519 756 1591 ambigunt,
787 1517 1091 1587 dijudicant
1128 1518 1299 1574 illum.
1342 1519 1459 1574 Duo
1486 1518 1650 1590 igitur
1677 1516 1820 1588 apud
1920 1511 2162 1583 Denique
2195 1518 2251 1566 et
2273 1509 2330 1567 in
2349 1511 2759 1581 praesentiarum
2791 1527 2914 1568 cum
2944 1518 2998 1566 te
3021 1518 3280 1582 cuperent
3300 1508 3509 1566 inimici

231 1612 481 1668 homines
511 1610 764 1668 Christus
791 1612 1129 1682 perpetitur:
1163 1611 1231 1667 ab
1256 1609 1547 1666 incredulis
1572 1610 1823 1665 condem-
1920 1604 2250 1677 opprimere,
2309 1602 2438 1659 aﬂ'ui
2472 1604 2604 1671 tibi,
2637 1612 2695 1660 et
2723 1618 2844 1667 meo
2875 1613 3154 1675 protectus
3187 1618 3249 1661 es
3281 1601 3503 1658 auxilio.

231 1710 418 1768 natur,
449 1702 517 1757 ab
548 1701 952 1773 ambigentibus
980 1701 1324 1757 discernitur.
1356 1698 1415 1756 Si
1456 1708 1642 1771 portas
1682 1699 1821 1755 ima-
1923 1696 2040 1753 Hoc
2066 1704 2249 1752 autem
2281 1701 2389 1751 tam
2417 1694 2485 1751 ad
2513 1694 2805 1752 Jeremiam
2826 1735 2842 1763 ,
2887 1710 3049 1766 quam
3079 1695 3374 1752 secundum
3404 1694 3513 1750 dis-

233 1796 414 1866 ginem
463 1794 737 1861 cmlestis,
790 1794 1033 1866 deposita
1081 1792 1314 1864 indagine
1346 1794 1576 1857 terreni,
1626 1808 1735 1848 non
1764 1807 1825 1848 es
1923 1790 2296 1862 pensationem
2321 1789 2503 1846 carnis
2527 1798 2819 1860 assumpta!
2838 1790 2907 1845 ad
2952 1787 3294 1845 Salvatorem
3317 1786 3514 1844 referri

235 1897 385 1943 terra
441 1868 809 1944 condemnans
868 1902 989 1942 eum
1011 1927 1026 1954 ,
1083 1901 1257 1957 neque
1295 1895 1476 1953 terra,
1507 1885 1564 1942 in
1603 1901 1708 1957 qua
1729 1883 1822 1954 ju-
1849 1915 1900 1978 Β
1924 1891 2122 1955 potest.
2156 1883 2262 1940 Pro
2290 1898 2356 1940 eo
2387 1883 2531 1954 quod
2582 1897 2682 1939 nos
2703 1880 2861 1950 juxta
2890 1880 3213 1937 Hebraicum
3252 1881 3515 1951 interpre~

234 1978 453 2034 dicatur
480 1987 643 2050 atque
672 1979 1016 2035 discernitur.
1850 1969 1896 1978 ’⁷
1931 1974 2033 2029 tati
2062 1989 2249 2030 sumus
2276 1991 2289 2028 :
2325 1992 2344 2026 ι
2377 1972 2579 2029 Omnes
2608 1971 2939 2028 maledicunt
2975 1971 3141 2037 mihi,
3179 1989 3198 2023 ι
3229 1986 3404 2042 usque
3446 1969 3515 2025 ad

255 2099 258 2102 ~
314 2089 333 2122 ι
372 2068 490 2126 Νοη
537 2069 811 2135 feneravi,
859 2085 961 2125 nec
1007 2068 1273 2125 feneravit
1321 2068 1452 2125 mihi
1495 2069 1821 2139 quisquam:
1929 2083 2054 2125 eum
2084 2068 2299 2133 locum,
2330 2067 2422 2123 ubi
2447 2068 2711 2139 scriptum
2740 2076 2861 2122 est:
2893 2085 2912 2118 ‹
2945 2066 3001 2120 1η
3030 2073 3274 2137 tempore
3302 2065 3518 2122 tribula-

243 2180 263 2215 ε
297 2177 488 2218 omnes
533 2161 859 2218 maledicent
888 2162 1042 2218 mihi.
1078 2181 1098 2215 ι
1126 2162 1235 2218 Pro
1285 2178 1393 2234 quo
1436 2162 1582 2217 LXX
1610 2180 1623 2216 :
1655 2182 1673 2214 ι
1709 2162 1827 2218 Νοιι
1929 2161 2097 2218 tionis
2123 2162 2413 2217 adversum
2453 2158 2765 2225 inimicum,
2797 2177 2815 2211 ι
2843 2157 2899 2213 in
2924 2157 3165 2214 editione
3192 2156 3408 2229 vulgata
3439 2158 3516 2214 ita

245 2273 264 2306 ι
301 2252 517 2324 profui,
541 2268 716 2324 neque
737 2253 943 2324 profuit
965 2253 1098 2309 mihi
1125 2255 1431 2326 quisquam.
1458 2275 1477 2305 ι
1504 2254 1826 2321 Theodotio,
1930 2253 2195 2324 scriptum
2222 2251 2402 2323 reperi
2430 2265 2446 2305 :
2480 2270 2499 2303 ‹
2526 2248 2811 2305 Fortitudo
2835 2264 2956 2305 mea
2981 2247 3179 2304 defecit
3204 2249 3262 2305 in
3292 2250 3374 2306 his
3422 2249 3515 2319 qui

246 2368 266 2401 ι
301 2348 418 2404 Non
449 2348 631 2414 debui,
664 2363 841 2419 neque
862 2348 1048 2404 debuit
1076 2349 1210 2403 mihi
1231 2350 1540 2419 quisquam.
1571 2368 1589 2399 ›
1621 2347 1827 2404 Pr’aedi-
1931 2348 2263 2404 maledicunt
2288 2346 2422 2402 mihi
2450 2362 2466 2413 ;
2497 2344 2611 2412 fiat,
2640 2343 2887 2409 Domine,
2920 2341 3277 2414 dirigentibus
3303 2339 3442 2405 illis,
3472 2339 3520 2394 si

240 2439 387 2496 cavit
448 2439 712 2496 Jeremias
776 2440 1033 2495 mandata
1097 2439 1299 2495 divina.
1341 2438 1514 2496 Nemo
1561 2440 1680 2505 his,
1736 2437 1830 2508 qui
1931 2457 2041 2497 non
2074 2439 2224 2496 astiti
2254 2438 2351 2495 tibi
2380 2438 2437 2493 in
2469 2445 2714 2506 tempore
2754 2433 3061 2490 alllictionis
3100 2446 3324 2494 eorum,
3364 2437 3419 2485 et
3464 2429 3521 2483 in

239 2532 679 2604 praedicabantur
707 2532 975 2588 attendit:
1010 2532 1359 2603 quamobrem
1382 2532 1559 2601 quasi
1589 2531 1831 2587 medicus
1935 2540 2180 2602 tempore
2209 2526 2579 2584 tribulationis
2606 2540 2796 2581 eorum
2815 2564 2831 2590 ,
2861 2524 2918 2581 in
2941 2524 3084 2580 bona
3115 2529 3303 2578 contra
3344 2519 3521 2575 inimi-

242 2626 419 2682 libens
459 2634 553 2681 aut
590 2634 874 2696 promptus
922 2626 1281 2682 medicamina
1318 2624 1708 2697 languentibus
1735 2624 1834 2678 tri-
1934 2638 2079 2680 cum.
2115 2642 2135 2674 ι
2170 2621 2239 2699 Et
2271 2628 2358 2677 est
2392 2634 2587 2676 sensus
2619 2636 2632 2673 :
2669 2638 2688 2670 ‹
2736 2615 3022 2672 Fortitudo
3071 2628 3193 2670 mea
3233 2610 3447 2668 defecit.
3467 2611 3525 2667 in

243 2715 406 2781 buat,
437 2725 494 2772 et
521 2716 625 2771 illis
655 2732 763 2771 non
793 2731 852 2771 se
880 2725 1092 2772 castum
1118 2715 1408 2771 artificium
1435 2714 1712 2780 curantis,
1739 2713 1834 2769 sed
1936 2715 2022 2771 his
2060 2729 2181 2784 quae
2217 2712 2552 2769 maledicunt
2581 2708 2716 2766 mihi
2748 2726 2763 2764 :
2805 2728 2823 2759 ι
2863 2722 2974 2763 non
3025 2705 3171 2763 enim
3218 2702 3527 2775 intelligunt

238 2804 395 2876 juxta
425 2808 759 2864 voluntatem
777 2822 947 2876 suam
976 2808 1258 2878 agentibus
1288 2807 1467 2863 dicat:
1494 2805 1611 2861 Non
1634 2805 1832 2875 profui,
1936 2809 2194 2890 virtutem
2255 2820 2436 2861 meam
2459 2845 2474 2871 ,
2511 2818 2632 2874 quae
2686 2802 2739 2857 in
2774 2799 3093 2856 infirmitate
3124 2796 3432 2869 perficitur,
3468 2802 3525 2848 et

248 2914 427 2969 neque
467 2899 674 2970 profuit
713 2898 846 2953 mihi
890 2896 1196 2967 quisquam.
1246 2895 1652 2964 Quodammodo
1690 2894 1834 2950 enim
1938 2886 2142 2971 quanto
2175 2898 2298 2969 plus
2332 2897 2467 2952 mihi
2499 2887 2924 2960 maledixerint,
2957 2900 3112 2948 tanto
3145 2905 3267 2946 mea
3313 2889 3369 2945 in
3419 2886 3523 2943 illis

248 2991 579 3049 beneficium
619 2990 975 3061 consequitur
1017 2989 1133 3060 ipse
1168 2989 1259 3060 qui
1298 2995 1484 3053 curat,
1517 2988 1561 3043 si
1601 2985 1837 3041 fructum
1939 2993 2169 3064 amplius
2198 2990 2397 3048 defecit
2425 2989 2703 3046 fortitudo.
2738 2985 2959 3059 (θήρ.)
2990 2984 3282 3041 Videamus
3309 2990 3523 3049 autem,

250 3083 456 3140 laboris
485 3083 571 3139 sui
600 3083 656 3138 i'n
682 3090 985 3154 aegrotante
1013 3080 1352 3150 conspiciat:
1385 3086 1440 3134 et
1466 3093 1565 3148 per
1594 3076 1837 3132 laetitiam
1940 3085 1987 3141 si
2017 3084 2132 3154 ipso
2162 3083 2319 3138 nobis
2349 3082 2621 3138 tribuente
2646 3094 2811 3136 sensu
2849 3086 2906 3134 et
2952 3088 3207 3133 sermone
3232 3088 3524 3147 possumus

251 3176 455 3231 mentis
482 3176 645 3232 etiam
676 3175 790 3244 ipse
818 3173 1166 3245 consequitur
1192 3171 1514 3237 utilitatem,
1542 3169 1841 3227 secundum
1939 3186 1997 3235 et
2044 3177 2191 3233 aliud
2237 3176 2369 3248 quid
2412 3173 2753 3231 manifestius
2813 3171 2883 3227 ab
2916 3170 3004 3226 his
3060 3184 3182 3241 quae
3215 3169 3360 3225 dicta
3393 3176 3524 3224 sunt

254 3268 388 3327 iiud
438 3270 581 3340 quod
608 3268 737 3324 alibi
761 3268 962 3324 dicitur
987 3286 1000 3321 :
1030 3266 1230 3322 Beatus
1275 3265 1367 3336 qui
1397 3264 1637 3334 loquitur
1664 3263 1720 3318 in
1749 3278 1840 3317 au-
1867 3295 1913 3359 Ο
1945 3268 2124 3323 dicere
2151 3281 2166 3321 :
2199 3285 2218 3318 ‹
2252 3266 2385 3321 Erat
2429 3264 2519 3320 lux
2551 3279 2680 3320 vera
2711 3277 2831 3332 quae
2865 3260 3135 3317 illuminat
3166 3273 3382 3316 omnem
3419 3259 3524 3314 ho-

257 3376 346 3417 res
374 3361 729 3416 audientium.
763 3359 915 3415 Hanc
940 3360 1107 3430 igitur
1132 3357 1422 3414 utilitatem
1447 3371 1617 3412 ovans
1644 3367 1838 3411 conse-
1874 3350 1913 3359 “
1945 3360 2150 3416 minem
2180 3358 2489 3415 venientem
2516 3358 2573 3412 in
2605 3357 2750 3412 hunc
2778 3354 3039 3411 mundum
3064 3352 3264 3423 '(Joan.
3295 3350 3471 3424 xvm).
3503 3370 3522 3403 ι

255 3452 441 3521 quitur
472 3450 731 3522 magister
760 3449 827 3504 ab
853 3449 1191 3505 auditoribus
1218 3449 1335 3504 suis
1362 3448 1408 3504 si
1436 3446 1726 3518 proficiant
1753 3461 1845 3499 ξιιμ
1952 3471 1971 3505 ‹
1998 3452 2116 3507 Lux
2145 3467 2275 3508 vera
2310 3470 2328 3502 ι
2349 3438 2521 3507 Filius
2545 3456 2631 3506 est
2658 3448 2755 3505 Dei
2787 3468 2805 3500 ι
2826 3463 2947 3519 quae
2970 3446 3290 3503 illuminavit
3316 3460 3529 3500 omnem

259 3541 477 3607 diendo,
509 3539 637 3595 dum
671 3537 881 3595 fructus
908 3555 977 3595 ex
1006 3538 1182 3595 salute
1220 3550 1406 3595 eorum
1445 3536 1842 3609 quodammodo

1947 3548 2224 3604 hominem
2254 3546 2563 3601 venientem
2596 3544 2652 3599 in
2678 3544 2827 3600 hunc
2852 3542 3134 3599 mundum.
3171 3561 3189 3592 ι
3217 3540 3527 3610 Quicunque

257 3633 436 3689 metit.
467 3630 733 3688 Jeremias
777 3631 833 3687 in
863 3632 1065 3689 Judaeis
1092 3649 1202 3689 non
1231 3633 1431 3689 habere
1462 3646 1521 3688 se
1558 3630 1737 3688 locum
1766 3631 1847 3687 di-
1947 3638 2228 3695 rationalis
2260 3646 2345 3695 εει
2376 3638 2646 3709 particeps
2693 3651 2834 3693 νει-ω
2876 3635 3012 3692 lucis
3054 3632 3302 3690 θΠὶρίιιπ,
3351 3633 3537 3688 nam)-

258 3726 363 3792 cit,
411 3727 563 3793 ideo,
611 3726 820 3796 inquit,
861 3741 967 3781 non
1012 3724 1214 3796 profuit
1258 3725 1392 3780 mihi
1434 3725 1742 3796 quisquam.
1787 3722 1847 3780 Si
1948 3730 2148 3787 nubilis
2187 3738 2272 3787 est
2313 3737 2493 3785 autem
2531 3729 2710 3785 omnis
2755 3728 2939 3785 homo.
2974 3726 3109 3782 Cum
3146 3725 3314 3797 igitur
3344 3740 3535 3781 omnes

259 3817 405 3873 enim
438 3818 600 3873 debet
628 3817 969 3872 auditoribus
995 3816 1276 3887 prodesse,
1308 3814 1453 3886 quod
1483 3814 1715 3884 loquor:
1746 3829 1845 3870 au-
1950 3822 2201 3879 homines
2234 3820 2585 3877 rationabiles
2622 3821 2768 3887 sint,
2806 3820 2863 3875 in
2898 3817 3218 3889 quibusdam
3252 3816 3534 3872 minuitur.

259 3908 466 3965 ditores
508 3924 637 3965 vero
667 3924 728 3965 ea
752 3950 766 3975 ,
797 3924 920 3981 quae
949 3908 1206 3964 dicuntur
1233 3906 1514 3979 abjiciunt,
1546 3916 1604 3961 et
1639 3919 1738 3976 ego
1769 3904 1842 3960 di-

1956 3913 2011 3971 Εἰ
2052 3914 2256 3971 videris
2304 3915 2541 3969 animam
2584 3912 2732 3968 vitiis
2773 3920 2828 3968 et
2874 3909 3375 3982 perturbationibus
3421 3922 3539 3964 ser-

259 4014 366 4055 θοε
398 3998 513 4055 Νοη
541 3999 742 4069 Ρνοίυίυ
776 4014 950 4070 neque
976 3997 1179 4071 Prom“
1206 3996 1337 4052 mihi
1364 3997 1689 4067 (ιιιῑεαιιοηιε
1721 3995 1849 4066 (Ιυίίι
1952 4006 2221 4072 vientem,
2274 4005 2486 4061 videbis
2524 4003 2798 4075 quomodo
2838 4003 3014 4058 virtus
3051 4000 3203 4055 verbi
3238 3998 3454 4055 deficiat
3482 3999 3538 4053 in

260 4090 404 4146 hanc
430 4091 875 4148 utilitatemlnon
918 4108 1038 4148 sum
1089 4098 1430 4157 consecutus,
1474 4105 1637 4161 quam
1663 4076 1852 4145 c'onse-
1953 4111 2018 4152 ea
2048 4114 2063 4150 ;
2097 4096 2143 4151 si
2173 4095 2377 4150 videris
2422 4100 2669 4149 sanctam
2716 4101 2772 4147 et
2810 4092 3047 4163 justam,
3091 4089 3301 4145 videbis
3342 4096 3403 4143 ut
3444 4101 3542 4158 per

256 4187 450 4259 quitur
478 4187 525 4243 is
554 4188 647 4257 qui
675 4187 868 4244 beatus
891 4187 1143 4254 efficitur,
1189 4186 1318 4242 dum
1346 4186 1402 4240 in
1428 4200 1588 4240 aures
1615 4183 1852 4255 loquitur
1954 4187 2195 4259 singulos
2224 4187 2342 4249 dies
2371 4187 2543 4242 virtus
2570 4184 2667 4241 Dei
2700 4183 2954 4256 proﬁciat
2988 4191 3045 4238 et
3077 4189 3316 4248 crescat,
3352 4189 3409 4236 et
3437 4180 3542 4236 hoc

267 4278 627 4335 audientium.
672 4279 939 4353 (Hieron.
967 4280 986 4353 )
1019 4279 1127 4337 Sed
1157 4281 1286 4352 quia
1327 4279 1554 4337 diversae
1589 4279 1854 4336 editiones
1956 4284 2100 4357 quod
2130 4284 2391 4341 scribitur
2416 4284 2483 4340 de
2513 4282 2639 4339 Jesu
2671 4282 2885 4354 aptabis
2914 4281 2984 4336 ei.
3026 4279 3212 4351 Neque
3240 4279 3385 4337 enim
3414 4286 3537 4334 tan-

263 4371 480 4428 diversa
504 4372 594 4428 hic
618 4374 821 4430 habent
842 4374 1006 4430 verba
1025 4414 1040 4440 ,
1066 4374 1261 4430 horum
1286 4383 1465 4429 tamen
1492 4372 1733 4429 omnium
1763 4372 1855 4428 hic
1957 4378 2239 4435 tummodo
2266 4378 2322 4433 in
2360 4393 2419 4434 se
2448 4376 2608 4433 Jesus
2638 4373 2957 4447 proficiebat
2993 4372 3258 4443 sapientia
3280 4412 3295 4434 ,
3324 4379 3379 4428 et
3408 4378 3539 4427 azta-

263 4478 473 4537 sensus‘
498 4472 611 4530 est,
641 4479 709 4520 ex
736 4481 967 4536 persona
1006 4464 1211 4522 Christi
1237 4485 1251 4520 :
1282 4465 1472 4521 Nullus
1512 4480 1572 4521 se
1598 4486 1601 4489 ν
1623 4463 1857 4534 ριίιὼυἰι
1958 4477 2015 4525 te
2039 4510 2052 4536 ,
2083 4478 2140 4525 et
2167 4469 2339 4540 gratia
2377 4468 2518 4539 apud
2548 4467 2716 4523 Deum
2754 4475 2811 4523 et
2845 4465 3093 4522 homines
3123 4483 3135 4520 :
3167 4479 3355 4521 verum
3396 4475 3451 4519 et
3485 4464 3538 4518 in

262 4557 357 4626 qui
395 4557 555 4628 digna
584 4572 705 4612 mea
746 4573 853 4612 aera
897 4558 1196 4628 susciperet
1235 4572 1380 4613 :nec
1417 4557 1685 4613 feneravit
1720 4556 1854 4612 mihi
1957 4559 2184 4632 singulis
2232 4558 2536 4630 profectum
2574 4558 2852 4627 sapientia:
2885 4564 2941 4611 et
2973 4556 3180 4621 anatis,
3226 4561 3281 4609 et
3321 4554 3539 4625 gratiae,

268 4649 549 4719 quisquam
590 4648 645 4702 in
690 4649 892 4705 sanctis
931 4657 1093 4719 atque
1130 4649 1460 4720 pauperibus
1502 4648 1854 4705 confovendis
1878 4664 1933 4724 D
1962 4651 2382 4720 recipientibus,
2430 4647 2647 4719 proficit
2693 4646 2852 4702 Jesus
2899 4646 3161 4717 sapientia
3210 4654 3267 4700 et
3298 4651 3458 4698 aetate
3489 4653 3546 4696 et

269 4752 358 4797 .‘Je
388 4738 487 4793 sibi
518 4737 724 4794 faciens
752 4740 1048 4796 debitorem
1067 4780 1083 4807 ,
1116 4741 1229 4798 sive
1259 4756 1367 4796 non
1398 4740 1576 4811 profui
1609 4756 1710 4796 nec
1736 4755 1858 4812 pro-
1961 4743 2165 4814 gratia,
2195 4742 2336 4812 apud
2362 4741 2531 4795 Deum
2557 4746 2611 4792 ct
2639 4738 2905 4793 homines.
2941 4733 3223 4807 (Hier-on.)
3254 4732 3546 4804 Jungitque

269 4826 375 4883 fuit
402 4828 535 4883 mihi
565 4829 874 4900 quisquam.
922 4830 1110 4887 Nullus
1133 4833 1278 4888 enim
1312 4838 1519 4887 tantum
1558 4830 1730 4886 voluit
1760 4844 1854 4885 ac—
1962 4832 2049 4889 vel
2078 4832 2339 4903 propheta
2370 4830 2457 4885 vel
2489 4828 2780 4894 Dominus,
2810 4834 2868 4883 et
2897 4826 3015 4881 ait:
3051 4844 3069 4877 ‹
3100 4824 3252 4889 Fiat,
3287 4823 3544 4889 Domine,

270 4918 482 4988 cipere,
540 4927 803 4990 quantum
831 4936 932 4993 ego
959 4922 1201 4979 tribuere
1228 4922 1556 4979 desideravi.
1594 4921 1704 4979 Nec
1731 4936 1858 4992 pro-
1963 4922 2317 4995 dirigentibus
2346 4920 2480 4985 illis,
2517 4940 2535 4971 ι
2566 4919 2669 4974 hoc
2697 4926 2810 4985 est,
2836 4924 2893 4972 et
2908 4908 3139 4971 'veniant
3163 4914 3294 4969 mihi
3324 4912 3549 4971 maledi-

270 5010 371 5067 fuit
407 5012 542 5068 mihi
583 5013 912 5085 quisquam:
944 5015 1093 5071 salus
1121 5016 1267 5072 enim
1307 5024 1597 5080 creaturae,
1640 5014 1854 5071 lucrum
1965 5023 2086 5078 cta,
2118 5013 2211 5085 qui
2239 5013 2533 5084 loquuntur
2563 5009 2798 5075 inimici,
2829 5017 2885 5064 et
2910 5007 2987 5062 illi
3022 5007 3337 5079 dirigantur,
3358 5006 3413 5061 in
3452 5006 3549 5061 bo—

271 5112 356 5159 est
384 5106 669 5161 creatoris.
698 5105 810 5162 Aut
836 5115 986 5163 certe
1015 5123 1124 5165 non
1152 5108 1351 5175 debui,
1380 5123 1483 5165 nec
1510 5108 1697 5165 debuit
1721 5107 1857 5164 mihi
1965 5122 2093 5163 num
2113 5147 2128 5174 ,
2150 5106 2194 5162 si
2223 5120 2330 5161 non
2356 5105 2411 5159 in
2439 5114 2680 5172 tempore
2703 5098 3064 5157 tribulationis
3086 5113 3274 5154 eorum
3300 5106 3355 5154 et
3380 5113 3549 5168 angu—
3608 5138 3615 5145 ι

270 5196 578 5267 quisquam.
626 5196 799 5255 Nemo
837 5200 971 5255 mihi
1001 5201 1149 5257 dedit
1189 5209 1452 5272 quantum
1487 5201 1738 5273 accipere
1766 5216 1862 5257 cu-
1962 5199 2080 5254 stite
2104 5199 2323 5269 quando
2350 5210 2444 5251 eos
2469 5193 2722 5250 vastabat
2748 5191 3000 5247 inimicus
3028 5198 3083 5245 ct
3110 5203 3305 5261 capere
3328 5188 3550 5246 festina-

272 5287 487 5358 piebam
505 5329 522 5355 ,
545 5306 647 5347 nec
667 5306 754 5347 me
773 5290 878 5348 sibi
898 5292 1031 5349 fecit
1050 5294 1108 5349 in
1130 5292 1313 5364 aliquo
1332 5292 1654 5350 debitorem.
1680 5293 1862 5361 Quod-
1962 5292 2087 5359 bat,
2119 5291 2244 5348 steti
2273 5290 2325 5345 in
2366 5295 2657 5359 conspectu
2699 5295 2818 5349 tuo,
2862 5292 2919 5340 et
2948 5284 3133 5356 rogavi
3180 5289 3234 5340 te
3272 5296 3373 5353 pro
3403 5282 3510 5338 illis
3529 5322 3546 5347 ,

276 5395 383 5450 quc
423 5382 587 5439 infert
608 5424 623 5449 ,
654 5399 757 5441 nec
784 5385 969 5442 debuit
995 5387 1128 5442 mihi
1159 5386 1450 5459 quisquam
1483 5406 1495 5441 :
1528 5388 1674 5443 hunc
1700 5386 1865 5443 habet
1963 5393 2019 5441 et
2059 5384 2171 5441 dixi
2202 5402 2215 5438 :
2250 5404 2269 5437 ί
2298 5383 2481 5448 Pater,
2522 5382 2744 5451 ignosce
2762 5379 2893 5445 -eis,
2933 5379 3077 5449 quod
3115 5376 3261 5433 enim
3303 5376 3546 5443 faciunt,

279 5490 520 5531 sensum.
545 5476 823 5543 Quomodo
843 5481 987 5535 enim
1004 5488 1222 5553 poterat
1242 5482 1375 5537 mihi
1396 5496 1619 5537 usuram
1641 5479 1860 5547 debere,
1964 5481 2214 5539 nesciunt
2242 5478 2411 5552 (Luc.
2432 5492 2567 5533 xxnl
2583 5476 2623 5550 ).
2658 5496 2676 5529 ›
2705 5474 2733 5548 [·
2747 5474 2900 5547 Orig.
2922 5472 2944 5548 ]
2972 5473 3163 5530 Astitit
3185 5471 3333 5528 Patri
3359 5471 3548 5543 propi-

279 5567 376 5639 qui
400 5566 559 5623 fenus
576 5584 684 5624 non
707 5577 792 5624 est
813 5571 1065 5643 dignatus
1088 5572 1369 5645 accipere?
1405 5571 1629 5638 Omnes,
1654 5571 1860 5642 inquit,
1968 5571 2125 5627 tiatio
2167 5585 2269 5640 pro
2312 5568 2550 5639 peccatis
2588 5564 2818 5631 nostris,
2860 5573 2916 5621 et
2956 5565 3275 5636 deprecatus
3313 5570 3397 5620 est
3422 5576 3546 5617 eum

282 5659 619 5718 maledicunt.
641 5661 798 5716 mihi.
827 5662 962 5729 Quis
1004 5665 1149 5721 enim
1176 5665 1556 5722 haereticorum
1592 5672 1756 5735 atque
1777 5678 1865 5720 er-
1970 5662 2296 5731 in‘temporc
2322 5659 2949 5717 malorunrnostrorum.
2968 5655 3189 5727 "Neque
3202 5655 3351 5712 enim
3380 5652 3553 5708 astitit

286 5754 523 5811 rantium
540 5770 662 5811 non
693 5754 971 5813 maledicit
996 5756 1259 5816 Christo?
1280 5756 1840 5817 Perversa-ctedendo
1940 5796 1943 5803 .
1970 5759 2337 5823 post'tempus
2364 5748 2670 5806 aliiictionis
2686 5750 2927 5815 mestus,
2950 5747 3201 5804 sericum.
3223 5745 3552 5812 adhuc'pec-

272 5854 345 5932 ,οι
366 5845 709 5917 Permittit)“
736 5845 1154 5919 blasphemus?
1230 5872 1273 5885 η
1326 5894 1335 5898 ι
1568 5874 1589 5896 ν»
1622 5878 1661 5911 γι
1712 5864 1737 5911 ἐ
1788 5856 1792 5863 ·
1952 5835 3551 5910 IcatoresesseamsJemsﬂwistumprmnobisne:th
