4008 6340
483 342 583 408 981

1126 349 1188 404 B.
1230 336 1483 403 haustu
1522 344 1744 405 mum
1778 332 2094 404 meumr.
2134 339 2444 403 uocum.
2482 318 2767 405 ὸινειιυιιι
2798 338 2978 406 rans
3012 342 3098 406 ιιι.

3691 322 3813 407 932

478 473 585 523 est.
635 463 767 532 Quis
815 467 996 518 autem
1040 469 1125 518 est
1164 463 1448 527 inimicus,
1494 463 1597 520 nisi
1641 462 1915 530 diabolus,
1965 463 2057 535 qui
2085 462 2135 529 Α
2163 472 2282 534 gem
2327 468 2383 521 et
2414 464 2739 541 praphetas,
2772 464 2976 523 habent
3008 465 3283 525 volumina
3311 468 3664 526 divinarum
3700 469 3807 526 iit-

478 555 774 612 tribulabat
823 566 955 620 nos,
1007 558 1062 608 et
1101 550 1231 624 iugo
1274 554 1549 609 servitutis
1597 548 1911 626 premebat?
1948 553 2055 610 Ad—

477 662 696 705 versum
725 658 886 718 quem
918 645 1090 701 astitit
1117 643 1385 711 Salvator,
1422 652 1476 701 et
1504 645 1570 701 de
1604 646 1917 717 captivitate
1954 652 2056 701 nos

480 738 719 795 liberans
748 735 981 792 reddidit
1006 735 1278 802 libertati,
1304 735 1421 790 hare
1446 732 1765 805 prophetico
1793 732 2055 791 Dominus

479 828 699 886 dixerit.
740 826 1050 900 (Hierom)
1091 825 1198 883 Sed
1241 834 1301 884 et
1341 824 1632 884 Jeremiam
1674 838 1816 897 saepe
1857 824 2053 899 deprc-

478 920 766 980 hendimus
794 919 848 974 in
879 919 983 976 hoc
1008 918 1283 976 volumine
1307 928 1527 992 rogasse
1553 933 1652 990 pro
1689 918 1905 991 populo.

555 1028 576 1065 ι
605 1008 857 1083 Nunquid
894 1009 1247 1087 fmderabitur
1282 1008 1489 1067 ferrum
1517 1010 1665 1068 ferro
1694 1011 1763 1068 ab
1792 1004 2057 1087 Aquilone

488 1120 509 1156 α
541 1110 598 1159 et
623 1102 744 1159 {est
775 1120 796 1157 ι
831 1086 1191 1177 Symulachus
1218 1120 1234 1159 :
1269 1118 1288 1155 ι
1322 1100 1574 1176 Nunquid
1603 1102 1825 1165 nocebit
1850 1086 2054 1161 ferrum

482 1212 503 1249 ο
533 1194 681 1252 ferro
706 1196 775 1252 ab
797 1193 1060 1267 Aquilone
1084 1200 1141 1252 et
1166 1208 1260 1253 aes.
1281 1210 1301 1248 ι
1330 1192 1473 1251 LXX
1501 1201 1557 1251 et
1585 1192 1923 1251 TheodOtio:
1957 1192 2056 1254 (Si

448 1351 451 1354 g
484 1302 504 1338 ι
538 1292 826 1357 cognoscet
851 1284 1052 1342 ferrum
1077 1294 1133 1343 et
1147 1287 1541 1361 operimentum
1556 1286 1802 1343 aeneum?
1819 1284 2053 1342 varieta-

481 1397 502 1433 ι
536 1380 609 1436 tis
635 1393 802 1435 causa
846 1378 1149 1451 perspicua.
1195 1396 1215 1431 ι
1246 1378 1479 1436 Verbum
1503 1376 1647 1434 enim
1682 1384 1807 1445 xm?
1829 1379 1972 1449 quod
2002 1374 2056 1434 in

474 1469 730 1542 praesenti
750 1471 869 1526 loco
885 1472 1143 1542 scriptum
1165 1476 1250 1527 est
1268 1511 1283 1537 ,
1305 1485 1405 1541 pro
1433 1469 1785 1544 ambiguitate
1809 1468 2058 1524 enuntia-

476 1563 672 1629 tionis,
726 1568 783 1617 et
829 1563 1117 1616 amicitiam
1164 1566 1326 1616 sonat
1369 1568 1425 1615 et
1481 1562 1762 1615 malitiam.
1805 1553 1960 1629 Qubd
2009 1556 2058 1617 si

475 1668 575 1724 ρτο
596 1667 639 1714 η
663 1653 863 1720 “item,
892 1665 1014 1723 quae
1038 1660 1077 1714 τ
1100 1653 1293 1707 littera:
1319 1650 1511 1708 similis
1538 1660 1641 1719 est,
1672 1651 1880 1724 legatur
1914 1658 2056 1720 Ὡττθ,

471 1744 745 1798 scientiam
776 1744 1223 1814 cognitionemque
1250 1741 1537 1814 significat.
1579 1740 1731 1811 Quod
1777 1748 1954 1800 autem
1986 1743 2063 1801 di-

2160 561 2395 609 terarum
2415 596 2430 621 ,
2460 552 2553 611 sed
2579 557 2782 628 absque
2806 556 3156 630 intelligentia
3176 602 3192 628 ,
3217 571 3381 633 atque
3410 565 3491 618 ita
3529 580 3809 636 regum

2158 640 2256 699 Dei
2292 644 2530 703 ablatum
2567 656 2651 704 est
2685 646 2752 731 ah
2790 651 2868 705 eis
2890 691 2905 716 ,
2936 651 3061 707 dum
3094 653 3387 723 Scriptura:
3417 671 3657 713 senats
3687 672 3805 711 au.

2156 737 2330 795 fertur
2366 736 2599 797 cessavit
2634 735 2773 813 apud
2808 760 2933 811 eos;
2991 744 3127 819 legis
3156 756 3211 801 et
3239 750 3672 819 prophetarum
3714 750 3807 805 in-

2160 832 2492 902 terpretatio.
2535 826 2747 907 Legunt
2783 832 2965 891 omnia
3008 845 3064 895 et
3104 853 3210 897 non
3251 839 3627 910 intelligunt,
3692 859 3805 897 cx-

2154 918 2295 993 pleta
2325 921 2435 990 jam
2480 921 2595 989 illa,
2628 934 2748 995 post
2785 926 3076 985 adventum
3118 922 3363 994 Domini,
3404 932 3750 1005 prophetia
3782 951 3799 986 :

2161 1020 2181 1063 t
2212 1009 2309 1067 Dic
2338 1012 2536 1084 populo
2565 1012 2694 1070 huic
2722 1032 2735 1069 :
2767 1010 3057 1073 Auditione
3087 1018 3322 1076 audietis
3350 1028 3406 1076 et
3437 1036 3564 1076 non
3597 1020 3802 1077 intel-

2155 1099 2367 1173 ligetis,
2412 1109 2467 1161 et
2512 1118 2797 1164 cernentes
2839 1106 3091 1166 videbitis
3132 1120 3188 1169 et
3230 1128 3339 1168 non
3369 1114 3577 1171 scietis
3613 1133 3634 1170 :
3703 1116 3803 1171 in-

2156 1201 2459 1249 crassatum
2486 1202 2570 1253 est
2594 1196 2736 1252 enim
2761 1213 2856 1253 cor
2875 1195 3053 1273 populi
3078 1194 3237 1270 hujus
3262 1194 3411 1273 (ha.
3440 1219 3497 1260 vr
3522 1204 3572 1276 ).
3606 1226 3635 1259 ι
3670 1204 3801 1261 Nec

2157 1288 2349 1341 non‘et
2379 1284 2508 1341 illud
2535 1288 2677 1358 quod
2708 1289 2774 1344 ab
2801 1282 2940 1345 Isaia
2984 1290 3219 1347 dicitur:
3254 1312 3274 1345 ‹
3304 1290 3539 1351 Auferet
3576 1295 3799 1352 Domi-

2158 1388 2259 1433 nus
2296 1390 2326 1432 a
2354 1374 2540 1434 Judara
2573 1387 2629 1435 et
2663 1378 2731 1436 ab
2760 1378 3059 1439 Jerusalem
3099 1380 3335 1440 validum
3379 1394 3438 1442 et
3472 1386 3754 1444 validam
3774 1430 3795 1455 ,

2157 1469 2429 1541 gigantem
2470 1479 2526 1528 et
2566 1472 2839 1530 hominem
2866 1474 3205 1543 bellatorem,
3234 1485 3289 1531 et
3328 1470 3611 1547 iudicem.
3675 1500 3700 1532 ι
3730 1491 3797 1536 et

2156 1562 2499 1631 prophetam,
2531 1569 2586 1619 et
2613 1563 2900 1633 arbitrum,
2927 1574 2982 1622 et
3006 1568 3325 1637 prudentem
3346 1570 3753 1629 architectum
3770 1616 3791 1640 ,

2159 1654 2216 1705 et
2261 1652 2559 1721 sapientem
2611 1656 2915 1733 auditorem
2962 1657 3119 1732 (lea.
3152 1658 3280 1732 ιιι).
3321 1680 3340 1714 ι
3384 1648 3510 1719 Haec
3569 1667 3785 1722 omnia

2160 1743 2384 1801 abstulit
2418 1746 2486 1804 ab
2517 1747 2623 1804 illis
2648 1750 2937 1818 Dominus,
2969 1759 3023 1808 et
3052 1752 3241 1821 nobis,
3276 1754 3368 1826 qui
3400 1772 3469 1812 ex
3497 1759 3787 1829 gentibus

472 1834 633 1900 citur,
663 1835 743 1888 sic
770 1841 855 1888 ut
879 1832 1286 1904 intelligendum
1315 1848 1328 1887 :
1364 1833 1442 1890 Ne
1471 1834 1684 1901 doleas,
1719 1837 1862 1906 quod
1890 1848 2053 1907 popu-
2079 1831 2131 1894 Β
2156 1849 2358 1904 sumus,
2391 1832 2436 1894 sl
2467 1845 2647 1896 tamen
2681 1842 2928 1914 accipere
2953 1842 3302 1915 voluerimus,
3336 1850 3569 1909 tradidit
3602 1870 3619 1906 :
3654 1871 3677 1902 ι
3723 1860 3785 1906 et

477 1922 564 1980 lus
595 1924 849 1979 inimicus
876 1930 1003 1978 tuus
1028 1923 1099 1978 sit
1136 1936 1150 1978 :
1182 1931 1235 1979 te
1261 1924 1409 1979 enim
1436 1924 1571 1980 dura
1602 1925 1919 1991 nuntiante,
1950 1938 2056 1980 non

474 2021 653 2085 potest
681 2026 867 2069 amare
893 2021 977 2079 te,
1009 2012 1101 2082 qui
1129 2014 1296 2069 durus
1322 2022 1444 2069 est:
1477 2015 1592 2070 sive
1618 2012 1898 2087 Babylonii
1918 2057 1932 2080 ,
1965 2014 2057 2094 qui

473 2107 543 2162 ab
574 2106 844 2177 Aquilone
881 2106 1110 2162 veniunt
1139 2124 1154 2161 :
1182 2116 1419 2179 suntque
1460 2108 1664 2165 ferrum
1706 2110 2056 2168 durissimum

474 2200 600 2258 huic
628 2198 828 2273 populo
852 2200 1090 2269 duriori,
1120 2210 1176 2258 et
1206 2202 1261 2258 in
1289 2202 1412 2259 teris
1438 2202 1849 2260 similitudinem
1894 2202 2052 2261 ludo.

473 2294 625 2361 mito,
668 2304 775 2349 non
814 2282 1071 2364 poterunt
1109 2294 1354 2350 amicitia
1390 2296 1663 2367 capulari;
1706 2296 1821 2353 sive
1850 2295 2055 2353 ferrum

471 2385 849 2451 durissimum,
884 2386 985 2441 hoc
1009 2392 1095 2441 est
1115 2422 1131 2451 ,
1160 2387 1391 2457 populus
1418 2386 1584 2442 israei
1614 2386 1711 2443 Dei
1740 2387 2051 2459 cognitione

471 2478 722 2551 indignus
759 2486 874 2546 est,
918 2479 1012 2550 qui
1055 2480 1110 2534 in
1156 2486 1362 2535 tantam
1392 2480 1640 2551 pervenit
1669 2480 1964 2551 malitiam,
1993 2488 2055 2537 ut

469 2569 672 2626 duriori
705 2570 922 2626 metallo
947 2582 1059 2627 tere
1096 2569 1467 2629 circumdatus
1495 2572 1586 2627 sit.

544 2678 565 2714 α
599 2660 839 2719 Divitias
864 2670 984 2720 tuas
1024 2670 1081 2719 et
1118 2666 1408 2720 thesauros
1446 2671 1567 2721 tuos
1608 2664 1665 2721 in
1694 2662 2055 2736 direptionem

474 2768 495 2805 ι
529 2753 673 2809 dabo
695 2744 865 2823 gratis
894 2754 1040 2827 (siue
1067 2754 1271 2825 absque
1299 2754 1520 2827 pretio)
1561 2755 1617 2810 in
1648 2755 1901 2811 omnibus
1931 2770 2055 2826 pea-

476 2860 497 2897 ι
528 2845 666 2901 catis
694 2846 801 2901 tuis
839 2854 895 2900 et
919 2846 975 2905 in
1001 2848 1213 2901 cunctis
1240 2845 1488 2901 terminis
1538 2845 1663 2900 tuis.
1693 2844 1763 2899 Et
1788 2845 2052 2901 adducam

475 2955 497 2990 ι
533 2937 780 2992 inimicos
809 2946 932 2992 tuos
959 2934 1104 3008 (sive
1131 2937 1339 2992 servire
1369 2946 1420 2992 te
1451 2936 1647 2991 faciam
1679 2934 1955 3009 inimicis)
1984 2936 2052 2993 de

474 3042 496 3080 ο
529 3035 693 3093 terra,
719 3042 879 3097 quam
903 3029 1081 3084 nescis
1104 3038 1120 3081 ε
1147 3028 1274 3098 quia
1302 3028 1441 3099 ignis
1467 3042 1759 3084 succensus
1783 3038 1867 3084 est
1890 3029 1945 3083 lu
1970 3027 2053 3083 fu-

475 3137 495 3171 ο
530 3134 651 3175 rore
677 3134 839 3185 meo;
880 3134 1046 3191 super
1076 3134 1175 3176 vos
1209 3120 1438 3175 ardebit.
1475 3138 1495 3173 ι
1526 3119 1789 3187 Omnem,
1835 3122 2044 3190 inquit,

2161 1930 2443 1987 thesauros
2477 1932 2688 1988 tuos.in
2725 1933 3177 2004 depraedationem
3221 1936 3403 1993 dabo:
3460 1950 3781 1996 conmuta-

2162 2012 2363 2079 tionem
2407 2032 2632 2096 propter
2680 2027 2860 2083 omnia
2905 2037 3129 2100 peccata
3174 2034 3267 2085 tua
3308 2039 3364 2087 et
3391 2028 3445 2089 in
3492 2033 3783 2089 omnibus

2156 2112 2355 2172 ﬁnibus
2379 2117 2505 2174 tuis.
2529 2118 2729 2195 ι’ριιοᾴ
2746 2118 2878 2175 dicit
2902 2118 3009 2176 tale
3037 2131 3121 2176 est
3147 2135 3161 2176 :
3187 2120 3291 2177 ista
3319 2122 3503 2179 omnia
3524 2134 3779 2195 propter

2153 2212 2377 2277 peccata
2418 2215 2541 2273 tua,
2577 2222 2696 2279 quae
2718 2188 2781 2263 in
2814 2210 3093 2271 universos
3134 2208 3269 2268 ﬁnes
3309 2220 3430 2269 tuos
3471 2188 3774 2287 provene-

2155 2303 2315 2363 runt,
2359 2298 2455 2352 tibi
2496 2298 2705 2353 reddita
2746 2307 2892 2356 sunt.
2939 2298 3128 2357 Nullus
3174 2302 3372 2374 quippe
3419 2300 3547 2360 ﬁnis
3609 2303 3776 2363 illius

2155 2392 2238 2442 est
2264 2385 2478 2457 populi,
2511 2386 2605 2456 qui
2636 2402 2742 2443 non
2772 2390 3009 2465 peccatis
3039 2387 3155 2459 ejus
3202 2391 3437 2465 repletus
3481 2390 3592 2460 sit,
3648 2409 3767 2448 nec

2154 2482 2370 2548 poterat
2396 2492 2503 2532 non
2534 2478 2710 2534 omnis
2737 2462 2989 2550 peccatis.
3001 2495 3185 2537 eorum
3217 2462 3341 2538 linis
3370 2482 3595 2554 repleri.
3650 2482 3769 2553 Qui

2156 2580 2420 2643 quantum
2455 2572 2511 2626 in
2546 2584 2605 2627 se
2643 2570 2745 2628 fuit
2780 2571 3103 2630 interfecere
3143 2572 3412 2645 justitiam
3443 2593 3459 2633 :
3514 2574 3764 2633 interfe-

2154 2673 2281 2719 cere
2314 2663 2668 2734 sapientiam,
2702 2663 2746 2719 si
2775 2664 3020 2721 Christus
3059 2656 3143 2722 est
3178 2665 3443 2738 sapientia
3473 2684 3487 2720 :
3521 2665 3763 2722 interfe-

2156 2768 2280 2812 cere
2314 2757 2600 2811 veritatem
2625 2797 2639 2822 ,
2672 2754 2717 2811 si
2751 2752 2998 2812 Christus
3025 2765 3109 2813 est
3135 2757 3357 2814 veritas.
3416 2754 3573 2815 Unde
3612 2775 3757 2831 pro-

2154 2853 2276 2917 pter
2308 2846 2552 2903 crudeles
2582 2855 2771 2902 contra
2798 2844 2993 2903 Filium
3021 2842 3118 2905 Dei
3154 2846 3597 2916 acclamationes,
3628 2850 3756 2905 haec

2153 2936 2335 2994 omnia
2364 2937 2743 3008 perdiderunt,
2774 2945 2828 2992 et
2854 2951 3145 3011 resurgens
3170 2937 3327 2994 Jesus
3353 2934 3607 2997 Christus
3640 2939 3754 2996 Do~

2154 3028 2334 3083 minus
2364 3040 2516 3083 meus
2547 3042 2652 3083 non
2682 3026 2930 3099 apparuit
2959 3026 3100 3083 ultra
3132 3024 3574 3085 interfectoribus
3602 3030 3749 3095 suis,

2156 3121 2251 3176 sed
2275 3126 2455 3176 tamen
2482 3120 2827 3176 credentibus
2861 3118 2959 3176 sibi
2994 3133 3061 3176 ex
3090 3121 3321 3178 mortuis
3346 3122 3520 3178 victor
3549 3133 3749 3179 osten-

472 3210 829 3267 substantiam
858 3190 1070 3265 tradam
1100 3211 1337 3266 inimicis
1365 3212 1471 3267 tuis
1503 3213 1711 3282 absque
1738 3211 1851 3267 ulio‘
1874 3211 2048 3282 pretio
2071 3190 2122 3257 (ἶ
2151 3227 2244 3268 sus
2277 3220 2380 3268 est.
2418 3208 2543 3267 Post
2582 3211 2670 3267 illa
2698 3252 2713 3276 ,
2768 3224 2887 3282 quae
2934 3212 3282 3284 exposuimus
3331 3219 3386 3271 et
3434 3215 3750 3269 commina-

468 3314 692 3377 propter
740 3314 998 3377 peccata,
1047 3318 1169 3377 qua:
1217 3305 1392 3363 fecisti
1439 3307 1495 3362 in
1543 3306 1755 3363 cunctis
1804 3307 2051 3364 terminis

471 3399 598 3454 tuis.
627 3398 922 3469 Propterea
966 3399 1229 3454 adducam
1273 3396 1527 3455 inimicos
1571 3404 1726 3467 tuos,
1772 3398 1888 3456 sive
1934 3414 2051 3456 sera

471 3491 589 3548 vite
630 3501 684 3546 te
722 3489 919 3547 faciam
950 3490 1006 3545 in
1032 3497 1181 3547 terra
1208 3490 1461 3547 Chaldtea
1486 3504 1500 3545 ε
1534 3491 1659 3561 quia
1689 3491 1835 3562 ignis
1858 3502 2045 3558 meus,

464 3585 558 3657 qui
600 3586 769 3643 semel
796 3587 851 3641 in
881 3600 1003 3643 meo
1043 3586 1226 3643 furore
1269 3600 1565 3643 succensus
1592 3596 1695 3654 est,
1728 3587 1781 3642 in
1811 3594 1866 3643 te
1891 3587 2049 3643 arde-

464 3678 565 3742 bit,
591 3685 647 3733 et
670 3676 941 3749 exstingui
971 3688 1079 3734 non
1104 3678 1323 3748 poterit.
1352 3677 1433 3732 Tu
1455 3678 1603 3732 enim
1627 3676 1902 3749 praebuisti
1930 3690 2049 3733 ma-

471 3769 663 3825 teriam
691 3769 903 3825 ardoris
933 3770 1045 3833 tui,
1075 3778 1137 3825 ut
1177 3778 1335 3825 meus
1382 3770 1523 3841 ignis
1565 3778 1690 3835 tua,
1733 3782 1854 3841 quae
1900 3769 1953 3824 in
1996 3778 2049 3824 te

466 3871 611 3929 sunt,
642 3863 785 3934 ligna
810 3868 1115 3928 consumat,
1131 3870 1187 3917 et
1216 3860 1396 3917 fenum
1427 3870 1482 3917 et
1519 3862 1792 3932 stipulam.
1838 3861 1917 3916 Ac
1950 3874 2050 3931 per

467 3958 571 4012 hoc
607 3972 713 4012 non
756 3963 842 4012 est
879 3968 1040 4012 causa
1084 3956 1296 4011 ardoris
1324 3956 1379 4011 in
1411 3955 1670 4021 Domino,
1724 3955 1819 4010 sed
1862 3954 1916 4009 in
1962 3954 2049 4008 his

466 4050 557 4119 qui
614 4047 850 4104 fomenta
901 4048 1155 4105 incendio
1197 4047 1593 4103 ministrarunt.
1653 4046 1889 4119 (0rig.)
1941 4045 2050 4101 Sed

464 4139 685 4207 quinam
724 4147 853 4195 sunt
880 4139 967 4194 isti
1000 4138 1247 4193 thesauri
1278 4138 1620 4207 peccantium
1642 4177 1656 4202 ,
1689 4150 1826 4206 quos
1866 4136 1919 4190 in
1949 4136 2047 4191 de-

464 4227 851 4298 praedationem
880 4227 1129 4283 concedit
1170 4225 1348 4291 Deus,
1378 4234 1435 4280 et
1472 4226 1565 4280 dat
1612 4239 1708 4280 eos
1748 4235 2049 4280 commota.

466 4321 666 4374 tionem
713 4326 936 4388 propter
974 4318 1157 4371 omnia
1211 4323 1438 4386 peccata
1506 4316 1743 4371 eorum?
1794 4323 2049 4370 utrumne

464 4413 564 4468 hos
590 4427 728 4483 quos
757 4412 859 4468 sibi
888 4413 943 4466 in
970 4419 1146 4477 terra,
1170 4409 1693 4465 thesaurizavernnt.
1746 4407 2055 4479 Unusquis‘

465 4520 571 4575 que
608 4504 887 4560 hominum
927 4502 1261 4558 thesaurizat
1303 4501 1449 4556 sibi:
1493 4499 1539 4557 si
1579 4507 1666 4556 est
1706 4505 1957 4570 peccator
1986 4499 2041 4552 in

467 4606 609 4653 terra
629 4636 643 4664 ,
674 4597 721 4652 si
745 4597 924 4667 justus
952 4595 1007 4648 in
1037 4594 1202 4659 cosio,
1229 4600 1291 4647 ut
1319 4608 1419 4649 nos
1447 4592 1604 4648 docet
1644 4588 1995 4660 Evangelium
2021 4606 2035 4643 :

465 4708 533 4746 an
564 4692 705 4762 quod
742 4689 874 4745 dicit
912 4687 1213 4743 istiusmodi
1242 4686 1373 4743 est?
1416 4686 1554 4741 Ecce
1582 4700 1720 4739 unus
1750 4686 2041 4739 thesaurus

462 4782 757 4851 Jeremias,
806 4783 946 4838 alius
998 4783 1283 4837 thesaurus
1334 4781 1534 4846 Isaias,
1590 4782 1875 4836 thesaurus
1922 4785 2040 4834 erat

463 4886 520 4933 et
548 4879 755 4950 Moyses
780 4918 796 4943 ,
826 4887 881 4933 et
912 4877 1120 4945 reliqui.
1165 4875 1275 4930 Hos
1315 4875 1600 4930 thesauros
1637 4874 1860 4929 abstulit
1895 4872 2039 4928 Deus

464 4989 494 5027 a
523 4970 718 5041 populo
739 5012 752 5034 ,
782 4981 837 5024 et
864 4986 961 5040 per
990 4969 1300 5034 Christum,
1332 4968 1422 5037 qni
1452 4968 1586 5022 dixit
1619 4981 1634 5020 :
1668 4986 1686 5019 ι
1716 4964 1977 5020 Aufertur
2005 4980 2036 5020 ει

467 5062 619 5117 vobis
648 5076 869 5132 regnum
903 5059 994 5115 Dei
1014 5101 1029 5127 ,
1060 5067 1114 5114 ct
1151 5058 1371 5112 dabitur
1404 5059 1547 5129 genti
1581 5056 1799 5111 facienti
1835 5055 2043 5111 fructus

464 5155 582 5225 ejus
609 5151 843 5226 (Matth.
874 5167 966 5207 xxi
986 5151 1029 5225 ).
1064 5170 1083 5206 ι
1113 5150 1367 5223 Largitns
1392 5158 1477 5207 est
1505 5149 1660 5205 nobis
1691 5166 1703 5202 :
1736 5140 1885 5203 Dabo
1912 5163 2042 5220 ergo

464 5252 687 5316 propter
727 5252 945 5314 peccata
987 5251 1078 5299 tua
1114 5244 1400 5299 thesauros
1436 5250 1555 5296 tuos
1591 5241 1645 5295 in
1684 5238 2041 5310 depraedatio-

463 5350 609 5393 nem.
651 5336 807 5391 Dedit
842 5336 998 5391 nobis
1027 5336 1314 5391 thesauros
1354 5333 1498 5388 illius
1535 5331 1713 5403 populi
1745 5331 2037 5397 Dominus,

463 5428 593 5500 quia
621 5427 852 5498 primum
883 5416 993 5482 illis?
1019 5428 1223 5483 credita
1252 5434 1377 5482 sunt
1404 5425 1615 5494 eloquia
1646 5420 1737 5478 Dei
1756 5464 1769 5488 ,
1800 5430 1856 5478 et
1884 5422 2043 5478 nobis

465 5518 720 5589 deinceps
742 5517 1021 5573 attributa.
1039 5514 1096 5571 id
1119 5519 1263 5587 quod
1285 5517 1547 5587 scriptum
1573 5522 1687 5571 est:
1710 5532 1730 5566 ι
1750 5512 2044 5569 Auferetur

469 5625 503 5667 ι
537 5610 695 5666 vobis
728 5622 953 5681 regnum
987 5607 1115 5673 Dei,
1154 5615 1212 5663 et
1240 5608 1457 5663 dabitur
1490 5606 1637 5677 genti
1672 5605 1891 5664 facienti
1924 5605 2039 5660 fru-

2148 3304 2314 3359 tionis
2353 3304 2515 3359 verba
2558 3302 2627 3359 ad
2668 3303 2958 3374 populum,
3000 3302 3090 3359 ille
3131 3303 3224 3374 qui
3266 3303 3512 3376 superius
3545 3321 3750 3361 orave-

2148 3402 2267 3461 rat,
2299 3393 2532 3466 complet
2564 3394 2898 3464 orationem,
2931 3399 2986 3450 et
3014 3394 3289 3466 prioribus
3338 3406 3459 3466 qua:
3505 3408 3751 3465 sequam

2154 3493 2242 3541 tur
2270 3485 2551 3557 adiungit:
2712 3470 2725 3483 ’

2224 3594 2244 3628 ι
2280 3574 2360 3630 Tu
2390 3577 2497 3631 scis
2516 3616 2530 3643 ,
2560 3575 2816 3644 Domine,
2843 3572 3135 3632 recordare
3160 3574 3303 3644 mei,
3335 3583 3389 3632 et
3418 3572 3577 3633 visita
3610 3586 3733 3641 me,

2156 3686 2177 3720 ‹
2212 3675 2269 3723 ει
2297 3674 2447 3723 tuere
2478 3683 2565 3725 me
2594 3669 2663 3724 ab
2692 3668 2778 3724 his
2811 3667 2901 3737 qui
2934 3676 3337 3739 persequuntur
3376 3684 3485 3725 me.
3523 3666 3645 3724 Noli
3681 3670 3740 3723 in

2155 3774 2175 3810 ‹
2208 3757 2470 3830 patientia
2514 3765 2604 3812 tua
2639 3758 2915 3828 suscipere
2941 3770 3049 3813 me.
3087 3754 3238 3813 Scito
3268 3759 3523 3829 quoniam
3561 3757 3738 3813 susti-

2156 3866 2175 3904 t
2212 3853 2303 3907 nui
2328 3867 2430 3923 pro
2457 3860 2510 3907 to
2535 3850 2901 3923 opprobrium.
2925 3848 3131 3907 Inventi
3159 3861 3286 3906 sunt
3312 3864 3591 3907 sermones
3619 3850 3735 3917 tui,

2155 3962 2177 3997 ι
2209 3952 2265 3999 ει
2295 3943 2501 4020 ερηιοᾱὶ
2532 3956 2626 3999 eos
2654 3942 2801 4017 (sive
2836 3944 2904 4000 ab
2938 3943 3024 4000 his
3060 3944 3152 4015 qui
3189 3942 3481 4015 reprobant
3520 3956 3735 3997 sermo-

2157 4054 2176 4087 ‹
2214 4048 2312 4090 nes
2344 4043 2493 4101 tuos,
2522 4046 2779 4091 consume
2804 4048 2898 4092 eos
2920 4034 2961 4108 ).
2991 4032 3285 4092 Et'factum
3312 4044 3396 4091 est
3422 4035 3552 4089 mihi
3587 4034 3737 4106 (sive

2124 4119 2176 4178 ἰ
2214 4125 2361 4199 erit)
2390 4126 2615 4181 verbum
2647 4134 2796 4181 tuum
2830 4127 2881 4181 in
2911 4126 3166 4198 gaudium
3196 4133 3252 4180 et
3278 4124 3520 4181 laetitiam
3550 4124 3737 4180 cordis

2155 4236 2177 4271 ε
2214 4218 2318 4274 mei
2349 4234 2362 4284 ;
2403 4218 2657 4288 quoniam
2693 4220 2999 4274 invocatum
3035 4224 3118 4273 est
3151 4230 3347 4273 nomen
3386 4225 3537 4272 tuum
3569 4228 3736 4286 super

2155 4331 2174 4363 «
2209 4325 2325 4373 me,
2361 4310 2587 4365 Domine
2614 4309 2754 4367 Deus
2779 4309 3130 4365 exercituum.
3170 4328 3189 4363 ι
3224 4306 3535 4381 (Hieran)
3574 4306 3687 4363 Hoc
3712 4350 3729 4375 ,

2150 4402 2292 4473 quod
2320 4402 2585 4457 diximus:
2615 4418 2635 4453 ι
2664 4401 2894 4467 Tuscis,
2922 4420 2942 4453 ι
2970 4402 3021 4455 in
3053 4400 3400 4471 Septuaginta
3431 4414 3537 4455 non
3570 4386 3730 4455 habeo

2152 4504 2256 4551 tur.
2286 4494 2437 4551 Felix
2469 4502 2552 4550 est
2587 4501 2766 4549 autem
2804 4493 2891 4547 illa
2929 4493 3287 4557 conscientia,
3319 4508 3439 4563 quae
3485 4507 3583 4563 pro
3620 4493 3731 4546 Deo

2149 4590 2380 4645 sustinet
2412 4584 2763 4657 opprobrium
2797 4601 2810 4638 :
2868 4583 3014 4638 unde
3069 4582 3243 4638 dicit:
3290 4600 3309 4633 ι
3344 4583 3551 4637 inventi
3604 4588 3727 4635 sunt

2147 4695 2427 4739 sermones
2470 4680 2575 4745 tui,
2606 4697 2627 4730 ι
2662 4694 2798 4748 quos
2832 4690 2955 4732 meo
2982 4690 3078 4731 ore
3110 4675 3451 4745 loquebaris,
3488 4692 3506 4724 ι
3536 4682 3589 4729 ει
3639 4688 3724 4726 co—

2150 4776 2291 4831 medi
2340 4788 2465 4839 eos,
2504 4791 2522 4825 ι
2579 4772 2633 4826 id
2680 4777 2796 4837 est,
2849 4770 2901 4825 in
2951 4768 3129 4824 cibum
3176 4766 3310 4822 mihi
3365 4766 3504 4820 versi
3560 4773 3719 4830 sunt;

2148 4867 2283 4931 sive,
2308 4864 2463 4933 juxta
2517 4861 2931 4933 Symmachum,
2972 4879 2990 4911 ι
3026 4857 3379 4929 suscipiebam
3427 4869 3554 4919 eos,
3592 4872 3609 4906 ι
3666 4860 3723 4906 ιιι

2152 4956 2285 5010 mihi
2318 4955 2371 5008 in
2404 4953 2643 5007 la'titiam
2674 4959 3037 5013 verterentur,
3068 4948 3160 5018 qui
3194 4945 3395 5000 dudum
3426 4943 3637 4997 fuerant
3670 4942 3720 4994 in

2148 5045 2516 5119 opprobrium.
2551 5044 2702 5100 Unde
2725 5050 2783 5097 et
2809 5040 3087 5113 Babylonii
3113 5036 3441 5094 conﬁtentur
3471 5033 3684 5104 impleta
3704 5072 3718 5093 ,

2145 5155 2268 5212 qua:
2305 5135 2789 5195 Ieremias‘fntara
2836 5133 3179 5205 praedixerat.
3227 5129 3357 5185 Sive
3400 5127 3490 5183 hic
3535 5138 3723 5181 sensus

2146 5242 2230 5291 est
2257 5250 2271 5288 :
2304 5232 2461 5287 Sensi
2492 5229 2806 5301 angustias,
2837 5224 3086 5282 miserias
3113 5222 3309 5294 pertuli
3337 5219 3521 5292 populi
3546 5228 3722 5288 perse-

2146 5322 2394 5399 quentis,
2424 5330 2602 5380 tamen
2634 5323 2851 5394 gavisus
2886 5334 3023 5375 sum.
3068 5315 3259 5389 (Orig.
3284 5316 3307 5387 )
3332 5314 3516 5369 Potest
3542 5319 3721 5366 autem

2145 5426 2202 5474 et
2242 5406 3430 5478 Saivatovhaecdiceremsqoeadcrueem
3470 5410 3695 5487 pet-seen

2147 5509 2351 5565 tionem
2373 5518 2570 5577 passus
2595 5518 2627 5558 a
2656 5501 2876 5574 populo,
2904 5512 3011 5555 non
3039 5498 3097 5552 in
3120 5494 3404 5566 patientia.
3434 5490 3579 5558 Quid
3605 5495 3725 5555 est,

2146 5596 2292 5669 quod
2322 5596 2431 5661 ait,
2463 5608 2568 5649 non
2598 5594 2653 5647 in
2678 5588 2981 5662 patientia?
3010 5581 3360 5658 Longam-mis
3387 5579 3536 5635 fuisti
3576 5590 3725 5634 seu.

466 5713 589 5762 ctus
641 5670 846 5775 ejnsji
882 5670 1177 5757 asserimas
1212 5698 1328 5771 iam
1369 5670 1891 5770 esse'eompletum,
1932 5712 2041 5755 non

2154 5705 2245 5765 per
2287 5687 2416 5745 huic
2455 5685 2653 5758 populo
2683 5679 3034 5753 ddinquanti.
3215 5674 3541 5775 super-hoe,

466 5809 573 5865 quo
606 5761 885 5865 Scriptura
920 5792 989 5848 ab
1020 5792 1101 5848 eis
1144 5761 1323 5848 ablata
1369 5789 1458 5847 sit.
1496 5761 1708 5846 Habent
1736 5761 1934 5859 quippe
1963 5788 2041 5844 ie-
2144 5761 2313 5841 etiam
2342 5781 2627 5837 adversum
2655 5791 2742 5831 me
2768 5788 2924 5831 suam
2963 5770 3145 5828 erexit
3178 5766 3540 5829 temeritatem
3565 5801 3580 5829 ,
3612 5761 3723 5825 noli
