4008 6340
1154 387 1518 447 EXPOSI'I'IO
1556 384 1781 447 SUPER
1813 382 2179 447 JEREMIAH.
2216 418 2289 434 --
2322 380 2451 449 LIB.
2493 379 2605 449 Vll.

3424 372 3531 443 984

257 519 380 563 esse
404 485 737 574 longanimis
770 515 787 557 :
817 506 875 557 et
900 512 1090 556 revera
1132 515 1241 557 non
1282 499 1386 557 fuit
1420 502 1636 574 patiens
1681 504 1842 559 Deus.
1875 506 1927 569 Α
1949 504 2356 562 Praevaluerunt
2395 506 2542 562 enim
2580 500 2673 575 qui
2717 503 3113 563 contristabant
3146 514 3271 573 me,
3302 510 3360 562 et
3385 501 3530 561 facta

261 598 324 657 Si
351 599 497 655 enim
526 598 841 655 consideres
867 603 1111 668 tempora
1141 598 1409 669 passionis
1462 600 1755 656 Dominlcae
1794 611 1850 657 et

262 693 433 750 ruinae
455 689 757 747 Jerusalem
775 730 789 756 ,
815 690 1032 760 quando
1060 691 1318 746 subversa
1344 699 1448 758 est,
1488 692 1699 748 videbis
1720 706 1852 763 quo-

264 783 426 840 modo
456 798 561 838 non
583 783 635 837 in
661 781 923 852 patientia
957 781 1159 838 abusus
1185 783 1259 837 sit
1283 783 1366 839 eis
1390 784 1549 839 Deus.
1574 785 1621 839 Α
1658 785 1849 855 quinto

266 874 478 929 decimo
503 872 699 943 quippe
728 887 872 928 anno
912 870 1113 928 Tiberii
1151 871 1384 929 Cassaris
1409 888 1584 944 usque
1608 874 1674 930 ad
1724 875 1851 931 sub—

266 968 570 1025 versionem
601 965 782 1037 templi
810 975 1167 1027 numerantur
1191 967 1318 1025 anni
1339 967 1696 1039 quadraginta
1722 969 1850 1036 duo,

268 1058 392 1129 quia
422 1066 737 1129 Oportuerat
762 1058 1036 1114 modicum
1066 1059 1271 1130 aliquid
1306 1060 1567 1130 temporis
1604 1060 1659 1115 in
1677 1061 1853 1132 paeni-

268 1151 494 1206 tentiam
524 1149 823 1221 derelinqui
839 1188 854 1216 ,
879 1159 1104 1222 propter
1126 1164 1222 1207 eos
1271 1152 1363 1222 qui
1386 1164 1487 1222 per
1506 1151 1661 1222 signa
1690 1161 1853 1224 atque

264 1246 517 1310 portenta
557 1239 922 1308 apostolorum
966 1239 1230 1297 credituri
1270 1250 1450 1298 erant.
1478 1260 1501 1295 ο
1530 1241 1681 1299 Scito
1720 1256 1855 1314 quo-

265 1331 427 1388 modo
466 1331 650 1401 accepi
695 1340 919 1403 propter
941 1340 996 1388 te
1038 1333 1392 1403 opprobrium
1416 1332 1464 1388 ‘a
1504 1340 1858 1391 eontemuen-

268 1423 415 1479 tibus
444 1436 725 1481 sermones
751 1430 892 1479 tuos.
924 1443 943 1475 ι
967 1418 1151 1479 Potest
1170 1424 1309 1492 ﬁeri,
1334 1433 1396 1480 ut
1423 1427 1713 1496 prophetes
1738 1424 1855 1483 haec

268 1513 456 1581 dicat,
493 1522 835 1585 eontemptus
860 1529 894 1569 a
917 1514 1118 1586 populo
1145 1525 1469 1587 peccatore,
1501 1528 1665 1587 super
1694 1530 1852 1588 quem

270 1603 601 1673 praedicabat
622 1617 711 1658 ea.
737 1604 832 1659 Ait
857 1604 1061 1675 quippe
1080 1614 1139 1660 et
1169 1605 1299 1661 alibi
1327 1623 1340 1659 :
1376 1622 1398 1658 (
1430 1606 1711 1677 Comlilevi
1738 1607 1857 1663 dies

270 1707 422 1749 meos
449 1694 504 1749 in
532 1693 802 1750 irrisione.
838 1715 858 1748 ι
884 1696 1244 1766 Dpprobrium
1269 1709 1403 1770 ergo
1443 1698 1648 1768 patitur
1673 1698 1745 1753 ab
1768 1699 1854 1754 his

272 1786 362 1856 qui
397 1800 677 1843 sermones
719 1788 816 1843 Dei
853 1788 1044 1845 audire
1082 1783 1471 1858 cdntemnunt,
1511 1799 1566 1847 et
1601 1790 1859 1863 depreca-

276 1884 388 1943 tur,
418 1886 478 1933 ut
505 1878 601 1935 Dei
638 1879 837 1935 habent
863 1881 1122 1936 auxilium
1153 1882 1378 1939 dicens:
1411 1883 1562 1940 Scito
1585 1886 1859 1955 quomodo
1884 1866 1934 1931 Β

274 1972 578 2042 acceperim
601 1981 821 2043 propter
845 1982 903 2030 te
945 1976 1292 2046 opprobrium
1335 1993 1367 2033 a
1394 1978 1861 2037 contemnentibus

273 2074 555 2119 sermones
584 2070 736 2132 tuos,
765 2076 1083 2125 consumma
1109 2083 1223 2125 eos.
1255 2069 1440 2126 Potest
1468 2079 1523 2127 et
1553 2073 1655 2127 hoe
1683 2072 1861 2129 dicere

273 2152 585 2223 prophetes,
617 2154 715 2210 sed
741 2156 915 2227 magis
941 2161 1198 2215 convenit
1227 2160 1496 2217 Salvatori
1516 2198 1531 2229 ,
1561 2171 1687 2233 post
1710 2163 1863 2232 cujus

270 2246 578 2317 passionem
593 2249 739 2303 venit
751 2253 1147 2308 consummatio
1158 2251 1543 2323 Jerusalein,et
1556 2256 1863 2316 interfectio

270 2340 452 2411 populi
466 2339 791 2398 Iudaeorum.
806 2344 992 2400 Eterit
1016 2348 1149 2403 mihi
1175 2358 1496 2407 sermotuus
1518 2352 1573 2406 in
1595 2351 1858 2420 laetitiam,

270 2446 380 2486 non
412 2431 511 2499 ait,
543 2432 664 2499 Est,
688 2437 803 2500 sed,
846 2435 987 2491 Erit.
1016 2436 1075 2494 Si
1101 2438 1318 2509 quidem
1353 2444 1410 2497 in
1437 2446 1691 2514 praesenti
1728 2456 1861 2503 tem-

268 2536 401 2592 pore
428 2538 698 2593 carceres,
728 2527 941 2592 exsilia,
972 2518 1359 2599 mtumelias,
1391 2548 1456 2591 ae
1483 2534 1698 2597 labores
1725 2540 1859 2597 mihi

248 2614 483 2670 -tribuit.
516 2614 626 2671 Sed
651 2617 845 2674 horum
873 2622 1117 2676 ualidum
1142 2622 1269 2680 ﬁnis
1291 2627 1396 2681 erit
1421 2627 1608 2684 laetitia
1627 2671 1643 2697 ,
1671 2640 1728 2688 et
1756 2633 1861 2689 erit

271 2718 453 2760 sermo
482 2714 606 2762 tuus
632 2708 765 2764 mihi
786 2707 843 2764 in
870 2709 1113 2767 laetitiam
1146 2723 1204 2769 et
1230 2716 1488 2786 gaudium
1516 2721 1701 2778 cordis
1730 2723 1857 2791 mei,

270 2796 397 2868 quia
428 2797 739 2857 invocatum
766 2811 853 2857 est
880 2819 1079 2859 nomen
1108 2812 1261 2862 tuum
1287 2822 1449 2881 supra
1482 2823 1602 2879 me,
1634 2813 1860 2871 Domine

270 2890 632 2960 omnipotens.
675 2892 852 2949 Etiam
887 2894 937 2950 si
967 2894 1215 2954 Christus
1261 2900 1367 2956 hoc
1410 2902 1571 2970 dicit,
1615 2919 1721 2961 non
1761 2907 1860 2961 ab-

271 2979 463 3041 horret
497 2982 567 3039 ab
605 2983 880 3041 intellectu
903 3022 921 3053 ,
960 3002 1159 3043 nomen
1199 2988 1399 3062 quippe
1425 2992 1609 3050 Patris
1632 2993 1857 3053 invoca-

274 3077 391 3128 tum
418 3081 503 3129 est
530 3090 696 3147 super
723 3082 893 3134 eunt.’

351 3181 371 3215 ι
408 3163 527 3220 Non
549 3165 664 3222 sedi
686 3166 743 3221 in
763 3167 998 3224 concilio
1020 3168 1343 3241 ludentium,
1369 3182 1426 3231 et
1448 3175 1709 3248 gloriatus
1736 3192 1856 3234 sunt

280 3273 300 3307 ι
337 3255 482 3328 (sive
512 3258 895 3332 metuebam),
933 3276 967 3317 a
996 3260 1141 3319 faeie
1176 3279 1377 3322 manu
1411 3274 1557 3323 ture:
1590 3264 1736 3325 solus
1770 3285 1857 3330 se-

277 3368 297 3405 (
335 3351 560 3418 dobant,
591 3353 845 3422 quoniam
875 3357 1239 3414 amaritudine
1267 3361 1484 3432 roplesti
1526 3375 1633 3419 me.
1680 3363 1861 3431 Quare

278 3461 299 3498 ο
334 3441 515 3499 lactus
551 3451 639 3500 est
673 3444 828 3502 dolor
870 3462 1027 3505 meus
1064 3460 1360 3520 perpetuus
1395 3448 1543 3525 (ilva
1569 3468 1739 3526 quare
1765 3457 1860 3528 qui

281 3553 300 3585 ι
338 3536 667 3595 contristant
687 3553 779 3601 me
801 3539 1180 3598 conferuntur
1200 3545 1223 3616 )
1247 3553 1305 3600 et
1332 3546 1489 3618 plaga
1520 3562 1641 3604 mea
1673 3548 1860 3619 despe-

282 3644 300 3681 (
340 3626 527 3682 rabilis
556 3629 739 3684 renuit
763 3633 947 3686 curari
979 3632 1127 3705 (sive
1153 3634 1313 3708 plaga
1345 3650 1464 3695 mea
1492 3639 1651 3696 fortis
1671 3681 1687 3708 ,
1716 3641 1861 3697 unde

280 3737 302 3771 (
335 3719 640 3791 eurobor)?
659 3720 887 3779 Factum
903 3734 988 3781 est
1006 3726 1139 3781 mibi
1162 3727 1315 3798 quasi
1336 3731 1673 3787 mendacium
1696 3747 1862 3804 aqua‘

280 3827 302 3865 ι
338 3827 462 3867 rum
490 3811 788 3875 inﬁdelium
831 3813 978 3887 (sive
1005 3817 1162 3888 quasi
1187 3833 1330 3890 aqua
1357 3822 1591 3878 mendax
1620 3836 1728 3879 non
1759 3825 1859 3880 ha-

279 3924 300 3961 t
333 3905 469 3962 bens
496 3905 719 3979 ﬁdem).
753 3926 773 3958 ι
808 3907 934 3963 “me
966 3908 1177 3965 Hebraei
1205 3926 1270 3965 ex
1301 3924 1532 3982 persona
1559 3911 1859 3971 Jerusalem

275 3995 383 4053 dici
414 3998 771 4065 arbitrantur,
816 3999 961 4069 quod
1002 3999 1119 4056 sola
1164 4002 1367 4058 sederit
1402 4012 1457 4061 et
1495 4006 1861 4069 amaritudine

274 4087 476 4159 repleta
525 4090 619 4156 sit,
659 4098 715 4146 et
752 4067 933 4147 laetus
972 4091 1044 4147 sit
1086 4093 1239 4148 dolor
1278 4093 1397 4164 ejus
1436 4067 1746 4168 perpetutis.
1796 4099 1861 4153 Et

274 4183 551 4253 quomodo
577 4196 737 4253 aquae
773 4192 1193 4255 pertranseunt,
1238 4188 1320 4243 sic
1360 4189 1523 4244 verba
1568 4191 1861 4261 propheta-

272 4291 429 4341 rum,
476 4277 674 4347 quibus
714 4278 819 4334 sibi
855 4292 1117 4351 prospera
1153 4280 1551 4351 pollicebantur
1596 4286 1861 4342 transisse

274 4369 630 4426 mendaciter.
667 4371 859 4428 Melius
885 4382 1066 4428 autem
1084 4412 1102 4439 ,
1134 4383 1196 4429 ut
1225 4388 1297 4429 ex
1321 4388 1553 4446 persona
1583 4381 1861 4449 prophetm

275 4459 391 4516 haec
428 4458 538 4514 dici
573 4461 905 4530 accipiamus
930 4462 1016 4518 vel
1045 4477 1112 4517 ex
1139 4466 1483 4522 sermonibus
1512 4470 1686 4524 sancti
1722 4470 1855 4537 viri,

274 4551 368 4621 qui
398 4566 506 4607 non
535 4552 738 4607 sederit
763 4554 819 4608 in
846 4554 1109 4621 concilio,
1139 4556 1253 4611 sive
1282 4566 1493 4614 secreto
1523 4559 1822 4617 ludentium
1841 4604 1856 4629 ,

274 4644 419 4714 quod
463 4644 711 4699 timuerit
750 4645 1146 4715 impendentem
1174 4649 1280 4704 sibi
1319 4664 1535 4705 manum
1580 4650 1698 4720 Dei,
1747 4656 1861 4711 sive

276 4734 451 4804 magis
475 4734 736 4804 gloriatus
778 4736 853 4791 sit
887 4752 945 4792 se
970 4736 1236 4792 malorum
1265 4753 1372 4794 non
1403 4740 1606 4798 habere
1636 4759 1863 4800 consors

276 4827 433 4882 tium.
466 4827 658 4893 Solus,
691 4828 884 4899 inquit,
919 4830 1193 4896 sedebant,
1231 4833 1530 4891 secundum
1555 4835 1690 4891 illud
1717 4838 1863 4907 quod

272 4919 537 4990 scriptum
573 4926 658 4975 est
683 4934 701 4972 :
731 4939 749 4971 ‹
780 4918 897 4976 Νοη
926 4921 1040 4976 sedi
1070 4936 1193 4976 cum
1225 4923 1454 4979 concilio
1481 4926 1773 4993 vanitatis,
1807 4934 1864 4984 et

216 5010 239 5029 '
273 5028 396 5068 eum
424 5012 608 5083 iniqua
635 5012 946 5085 gerentibus
972 5029 1078 5070 non
1108 5015 1360 5072 introibo.
1393 5016 1548 5073 Odivi
1572 5020 1862 5079 ecclesiam

274 5104 717 5175 malignantium,
758 5113 814 5160 et
852 5119 976 5160 cum
1021 5100 1223 5175 iniquis
1265 5122 1371 5162 non
1412 5108 1611 5164 sedebo
1655 5111 1675 5183 (
1707 5110 1858 5167 Psal.

276 5214 381 5253 xxv
404 5198 446 5269 ).
475 5218 496 5250 ι
523 5197 591 5255 Et
620 5197 677 5253 in
708 5196 816 5255 alio
834 5197 957 5253 loco
981 5216 995 5252 ε
1030 5216 1053 5249 ι
1085 5196 1375 5255 Solitarius
1402 5213 1525 5255 sum
1557 5207 1660 5271 ego
1690 5203 1867 5259 donec
1907 5234 1910 5238 λ

274 5296 677 5360 pertranseon.
715 5288 759 5344 A
800 5287 976 5355 faeie,
1020 5289 1243 5359 inquit,
1282 5304 1476 5347 manus
1519 5300 1642 5360 tua),
1713 5294 1871 5352 solus

278 5379 532 5435 sedebam
568 5379 742 5451 (Pal.
772 5380 933 5449 est),
976 5401 997 5436 ι
1022 5382 1153 5437 dum
1173 5390 1227 5436 te
1260 5382 1458 5450 timeo,
1489 5385 1619 5440 dum
1654 5386 1867 5457 impen-r

278 5470 495 5525 dentem
525 5469 659 5529 mihi
687 5486 909 5527 manum
934 5480 1084 5529 tuan)
1104 5487 1318 5543 semper
1341 5485 1618 5544 exspecto.
1648 5474 1709 5531 In
1736 5492 1871 5533 con-

279 5559 411 5615 cilio
453 5557 759 5617 ludentium
798 5564 991 5621 sedete
1033 5565 1216 5632 nolui,
1259 5567 1355 5623 sed
1388 5583 1567 5623 meam
1600 5572 1871 5627 amaritsd

282 5651 469 5707 dinem
506 5651 867 5719 devorabam,
906 5662 968 5710 ut
1005 5656 1059 5711 in
1101 5656 1285 5713 futuro
1325 5660 1458 5714 mihi
1498 5674 1863 5732 praepararem

281 5743 556 5814 gaudium.
591 5741 703 5800 Nec
728 5745 892 5802 habui
921 5747 1201 5805 intervalla
1226 5751 1433 5808 doloris
1453 5754 1560 5809 mei
1578 5794 1593 5820 ,
1622 5755 1717 5811 sed
1746 5754 1869 5828 jugi

283 5835 505 5903 miseria
532 5836 895 5908 dgirintebsr,
922 5847 985 5896 ut
1006 5839 1155 5896 nulla
1178 5853 1559 5914 exspectarem
1600 5848 1840 5906 remedia

1888 4601 1942 4662 ll

1951 606 2035 653 est
2068 598 2224 671 plaga
2260 612 2379 655 mea
2412 596 2589 653 fortis.
2633 596 2739 652 Sed
2778 596 2834 651 in
2869 597 2975 653 hoc
3004 596 3171 654 habui
3207 595 3532 653 consolatio-

1950 704 2095 757 nem,
2127 691 2272 761 quod
2299 690 2461 744 fuerit
2488 689 2643 759 quasi
2665 703 2804 760 aqua
2833 687 3089 753 mendax,
3120 694 3285 758 atque
3313 693 3537 760 praeter-

1952 780 2090 836 lens.
2144 779 2298 836 Sicut
2346 780 2492 834 enim
2538 792 2692 849 aqua:
2737 765 3297 850 prieterenntesbum
3333 776 3528 842 linunt,

1951 872 2205 929 videntur
2230 880 2287 928 et
2316 872 2629 929 dilabuntur
2674 888 2690 925 ι
2737 871 2817 927 sic
2856 878 2913 928 et
2947 871 3127 928 cunnis
3159 869 3392 941 impetus
3432 867 3536 922 ini-

1952 965 2219 1021 micorum
2248 971 2303 1020 te
2328 963 2613 1034 adiuvante
2636 962 2916 1034 prmteriit.
2948 961 3147 1037 (Or-ig.)
3180 982 3200 1016 (
3236 959 3353 1017 Non
3381 958 3497 1017 sedi
3516 997 3533 1027 ,

1954 1058 2159 1128 inquit,
2200 1057 2257 1113 in
2299 1056 2532 1113 concilio
2567 1052 2901 1122 ludentium,
2930 1054 3029 1112 sed
3052 1053 3310 1112 timebam
3338 1062 3370 1109 a
3398 1051 3540 1109 facie

1953 1160 2148 1206 manus
2167 1158 2291 1205 tuas.
2321 1168 2342 1201 ι
2368 1148 2436 1204 Et
2462 1147 2711 1205 Salvator
2732 1156 2920 1204 noster
2936 1160 3045 1203 non
3067 1145 3207 1203 sedit
3233 1146 3290 1201 in
3310 1143 3538 1200 concilio

1953 1236 2272 1309 ludentium,
2311 1243 2409 1297 sed
2437 1241 2738 1298 sumsisse
2775 1254 2835 1297 se
2868 1239 3093 1306 docens,
3129 1239 3205 1294 ait
3235 1254 3251 1293 τ
3288 1255 3309 1290 ε
3344 1236 3539 1293 Dimit-

1956 1343 2104 1391 teter
2158 1335 2313 1390 vobis
2379 1333 2575 1391 domus
2616 1340 2803 1389 vestra
2856 1332 3072 1388 deserta
3108 1329 3130 1402 (
3153 1329 3281 1384 Luc.
3313 1343 3411 1384 xm
3436 1328 3475 1403 ).
3514 1340 3533 1379 ι

1956 1428 2195 1499 Reliquit
2222 1427 2371 1483 enim
2405 1436 2587 1482 ser-rm
2621 1425 2837 1481 divinus
2872 1421 3162 1480 concilium
3195 1418 3538 1487 Iudaeorum,

1956 1533 2015 1578 et
2067 1518 2215 1576 aliud
2265 1520 2369 1577 sibi
2416 1519 2711 1576 caliculum
2756 1528 2825 1574 ex
2875 1517 3128 1589 gentibus
3172 1513 3538 1585 congregavit.

1959 1613 2114 1681 Quod
2155 1619 2337 1667 autem
2382 1611 2489 1677 ait,
2536 1609 2681 1666 solus
2728 1610 2981 1665 sedebam
3016 1615 3130 1663 :-et
3171 1608 3287 1677 ipse
3332 1613 3542 1662 tantum

1956 1705 2078 1761 sine
2110 1703 2453 1775 expositione
2483 1713 2664 1758 mmo
2702 1696 2937 1757 aediﬁcat
2977 1699 3275 1764 audientes,
3328 1697 3542 1768 quando

1959 1806 2045 1854 est
2073 1794 2365 1852 multitudo
2390 1794 2763 1866 peccantium,
2794 1804 2897 1847 nec
2925 1792 3159 1846 sustinet
3187 1800 3372 1845 secum
3396 1785 3544 1866 justo

1960 1890 2113 1961 pium
2156 1889 2363 1944 vivere.
2393 1864 2523 1941 Non
2551 1884 2813 1940 indecens
2837 1891 2927 1938 est
2954 1881 3144 1952 fugere
3168 1864 3544 1949 congregatio;

1921 2015 1926 2019 -
1962 1998 2060 2040 nes
2088 1995 2277 2039 eorum
2296 2020 2312 2047 ,
2343 1987 2400 2035 et
2428 1977 2630 2033 imitari
2664 1976 2985 2047 prophetam
3014 1972 3323 2042 loquentem
3348 1967 3545 2024 :Solus

1961 2075 2217 2132 sedebam
2260 2090 2272 2127 :
2322 2070 2531 2127 imitari
2572 2068 2748 2125 Ellam
2778 2060 3161 2122 miserabiliter
3206 2072 3545 2131 conqueren-

1964 2177 2069 2224 tem
2102 2165 2224 2239 till
2252 2164 2374 2235 Reg.
2399 2162 2512 2235 xix)
2538 2175 2553 2216 :
2587 2160 2842 2225 Domine,
2867 2157 3161 2227 prophetas
3185 2163 3306 2211 tuos
3327 2152 3545 2209 occide-

1962 2268 2123 2325 runt,
2155 2258 2350 2313 altaria
2384 2263 2475 2310 tua
2519 2253 2891 2313 suﬂ’oderunt,
2932 2255 2989 2304 et
3029 2262 3131 2319 ego
3166 2244 3390 2302 relictus
3426 2256 3545 2300 sum

1961 2350 2141 2416 solus,
2184 2355 2239 2404 et
2280 2352 2531 2417 quarunt
2577 2343 2813 2399 animum
2854 2353 3034 2395 meum
3084 2337 3329 2407 accipere
3372 2335 3545 2391 illam.

1964 2458 1988 2494 θ
2027 2440 2207 2505 Solus,
2237 2439 2432 2509 inquit,
2464 2436 2738 2499 sedebam,
2770 2432 2897 2503 quia
2925 2429 3287 2486 amaritudine
3313 2427 3545 2498 repletus

1962 2544 2103 2585 sum.
2144 2549 2165 2581 ι
2210 2527 2267 2583 Si
2299 2534 2452 2583 arcta
2501 2532 2558 2581 et
2600 2531 2825 2596 angusta
2870 2522 2958 2577 via
2993 2526 3077 2576 est
3120 2532 3241 2589 qum
3288 2517 3438 2573 ducit
3480 2516 3545 2571 ad

1960 2621 2129 2676 vitam
2146 2658 2161 2687 ,
2192 2620 2408 2690 expedit
2438 2618 2535 2673 tibi
2564 2616 2637 2672 ab
2659 2613 2811 2672 omni
2837 2611 3124 2670 dulcedine
3146 2609 3421 2666 recedenti
3440 2649 3456 2675 ,
3486 2615 3546 2663 ut

1962 2715 2322 2772 amaritudine
2367 2715 2423 2769 in
2461 2711 2715 2784 praesenti
2743 2704 2941 2765 saeculo
2968 2703 3310 2776 complearis.
3345 2704 3411 2758 Et
3450 2717 3523 2756 no

1960 2810 2215 2872 tandum,
2249 2807 2394 2878 quod
2420 2820 2525 2861 non
2564 2805 2640 2859 ait
2672 2816 2687 2859 :
2719 2800 3136 2858 amaritudinem
3168 2796 3409 2861 comedi,
3454 2794 3547 2850 sed

1960 2898 2327 2955 amaritudine
2354 2896 2594 2968 repletus
2636 2906 2756 2950 sum
2778 2928 2793 2959 ,
2836 2893 2942 2948 hoc
2968 2896 3053 2945 est
3085 2906 3097 2942 :
3130 2889 3188 2943 in
3220 2895 3429 2942 tantum
3458 2898 3547 2940 me

1958 2991 2140 3048 saeculi
2192 2988 2631 3061 persecutionum
2679 2984 2894 3055 pondus
2938 2980 3217 3046 incubuit,
3246 2987 3307 3034 ut
3345 2977 3543 3049 plenus

1960 3085 2323 3141 amaritudine
2369 3080 2575 3138 fierem.
2640 3079 2856 3147 Quare,
2912 3075 3004 3147 qui
3069 3081 3159 3129 me
3217 3070 3546 3127 contristent

1961 3176 2340 3233 eonfortantur
2394 3174 2449 3229 in
2506 3170 2641 3227 me?
2677 3168 2841 3225 Multa
2904 3150 3229 3238 passus’est
3278 3161 3549 3218 leremias

1960 3270 2030 3325 ab
2074 3269 2162 3324 his
2226 3266 2321 3337 qui
2377 3264 2667 3320 veritatem
2711 3259 2905 3315 audire
2942 3256 3217 3312 nolebant.
3275 3246 3344 3308 Et
3390 3256 3550 3308 erant
3588 3252 3589 3257 ‘

1959 3359 2052 3415 illo
2109 3359 2164 3414 in
2214 3358 2317 3411 hoc
2371 3353 2573 3410 smenlo
2623 3350 2933 3406 fortiores:
2988 3345 3249 3416 quoniam
3300 3355 3413 3399 non
3465 3347 3549 3397 est

1960 3463 2184 3523 reng
2224 3446 2321 3504 Dei
2374 3448 2441 3503 de
2489 3443 2690 3502 saecqu
2736 3443 2883 3507 isto,
2937 3439 3033 3495 sed
3067 3439 3135 3494 de
3174 3436 3282 3491 alia
3311 3436 3551 3507 quadam

1961 3542 2180 3612 regione
2215 3537 2550 3601 viventium,
2605 3541 2667 3589 ut
2710 3532 2959 3588 Salvator
3007 3529 3086 3583 ait
3127 3527 3308 3599 (leas.
3338 3523 3496 3597 mn)
3532 3540 3546 3579 :

1966 3650 1987 3685 ι
2008 3632 2067 3687 Si
2097 3637 2245 3687 esset
2266 3630 2331 3685 de
2355 3629 2460 3683 hoc
2481 3626 2681 3681 mundo
2703 3637 2929 3694 regnum
2951 3632 3152 3684 meum,
3180 3616 3413 3672 ministri
3442 3615 3551 3671 mei

1961 3724 2272 3780 laborarent
2308 3729 2369 3776 ut
2407 3735 2516 3776 non
2559 3717 2807 3773 traderer
2836 3712 3053 3770 iudicis.
3108 3726 3130 3763 ι
3163 3707 3553 3766 Confortantur

1960 3830 2091 3885 ergo
2106 3814 2392 3869 adversum
2414 3826 2563 3875 eum,
2585 3809 2638 3863 in
2661 3805 2861 3863 mulo
2883 3804 2990 3861 isto
3007 3820 3023 3858 :
3039 3808 3095 3859 et
3113 3801 3243 3873 quia
3258 3799 3440 3872 justus
3460 3799 3537 3854 de

1960 3905 2121 3962 bilior
2134 3913 2217 3961 est
2242 3900 2750 3975 aipersequentibus
2774 3913 2853 3963 se,
2869 3897 2995 3953 vide
3014 3902 3316 3967 martyrum
3341 3889 3535 3963 passio

1961 4015 2078 4056 nes.
2114 3997 2289 4053 Judex
2324 3998 2380 4052 in
2410 3995 2537 4051 altis
2562 3991 2922 4049 tribunalibus
2950 3990 3102 4045 sedet
3140 3986 3208 4042 ad
3241 3994 3475 4052 rectum,
3498 3988 3550 4041 cl

1963 4092 2034 4146 ad
2078 4090 2300 4147 delicias
2321 4086 2620 4144 sententias
2642 4097 2902 4157 proruens
2931 4098 2945 4136 :
2976 4079 3342 4144 Christianus,
3368 4078 3424 4133 in
3444 4088 3553 4148 quo

1961 4182 2215 4239 Christus
2269 4180 2498 4245 habitat,
2533 4178 2813 4250 iudicatur
2843 4174 3036 4247 plenus
3069 4173 3466 4238 amaritudine,
3493 4180 3549 4226 et

1962 4277 2033 4330 ad
2081 4283 2311 4330 mortem
2360 4287 2534 4344 usque
2579 4268 2892 4340 subjectus,
2947 4266 3266 4323 eonfortatis
3315 4264 3552 4321 inimicis

1962 4367 2078 4424 suis
2106 4368 2393 4422 adversum
2423 4379 2501 4421 se.
2534 4363 2687 4432 Quod
2720 4376 2850 4418 vero
2870 4362 2945 4416 ait
2976 4372 2991 4415 :
3022 4379 3041 4413 ι
3068 4356 3232 4431 Plaga
3251 4372 3370 4415 mea
3398 4360 3551 4413 firma

1963 4473 2071 4529 est,
2098 4483 2117 4516 ι
2146 4462 2309 4528 unde,
2339 4462 2452 4517 sive
2470 4459 2535 4515 de
2557 4470 2719 4514 cruce
2746 4456 2958 4513 Domini
2980 4454 3211 4520 dicatur,
3232 4454 3349 4511 sive
3377 4453 3444 4507 de
3468 4450 3529 4522 ju

1964 4555 2063 4610 stis
2086 4595 2102 4621 ,
2132 4555 2246 4610 sive
2282 4549 2590 4624 specialiter
2616 4550 2683 4605 de
2710 4546 2945 4604 Jeremia
2987 4546 3221 4601 volueris
3269 4545 3550 4615 accipere,

1966 4660 2071 4701 non
2092 4642 2409 4701 abhorrebit
2428 4654 2460 4696 a
2480 4654 2661 4697 sensu.
2690 4657 2709 4690 ι
2732 4638 2893 4708 Plaga
2918 4650 3036 4693 mea
3059 4639 3215 4693 firma
3236 4645 3336 4701 est,
3368 4655 3384 4690 ι
3412 4637 3555 4692 unde

1966 4738 2234 4795 sanabor?
2253 4737 2320 4790 Et
2335 4735 2584 4790 Salvator
2596 4739 2776 4803 potest
2792 4733 2992 4797 dicere,
3014 4752 3031 4781 ‹
3063 4730 3216 4786 Unde
3236 4729 3474 4785 sanabor
3491 4729 3515 4782 ?
3534 4749 3551 4780 ι

1970 4831 2422 4888 resurrectionem
2478 4843 2634 4883 suam
2694 4834 2820 4898 post
2878 4824 3153 4881 clavorum
3227 4822 3557 4878 annuntians

1965 4923 2208 4978 vulnera.
2249 4919 2450 4994 (οι-ἕρ.)
2479 4920 2778 4990 Etjustus,
2824 4917 2916 4988 qui
2958 4922 3083 4987 post
3126 4913 3312 4987 plagas
3355 4913 3553 4984 recipit

1969 5016 2279 5071 sanitatem.
2310 5013 2465 5080 item,
2493 5011 2639 5083 quod
2664 5011 2742 5067 ait
2768 5028 2783 5066 :
2815 5026 2846 5066 a
2878 5007 3016 5065 facie
3058 5023 3253 5063 manus
3278 5016 3382 5063 tute
3410 5007 3556 5063 solus

1971 5108 2260 5172 sedebam,
2299 5105 2555 5177 quoniam
2591 5103 3015 5160 comminatione
3043 5099 3262 5172 replesti
3307 5112 3415 5165 me,
3477 5099 3553 5155 ita

1969 5210 2147 5274 potest
2175 5200 2401 5271 intelligi
2442 5218 2455 5254 :
2491 5199 2678 5255 Facies
2714 5198 2912 5270 quippe
2945 5210 3137 5251 manus
3176 5189 3269 5252 Dei
3313 5200 3420 5261 est,
3464 5193 3555 5255 illa

1969 5292 2248 5364 percussio
2282 5290 2415 5360 justi
2438 5290 2626 5361 iudicii
2652 5331 2667 5355 ,
2694 5302 2815 5360 quae
2836 5287 3236 5359 superbientem
3278 5286 3553 5342 hominem

1972 5403 2001 5441 a
2028 5386 2280 5457 paradiso
2303 5385 2501 5454 repulit
2524 5381 2673 5455 (Gen.
2701 5381 2818 5455 ιιι),
2853 5388 2907 5438 et
2934 5381 2991 5436 in
3021 5378 3124 5437 hac
3149 5380 3393 5436 caecitate
3415 5391 3556 5452 pra!-

1974 5480 2143 5536 sentis
2158 5477 2336 5533 exsilii
2359 5477 2607 5534 exclusit.
2622 5472 2984 5532 Comminatio
2997 5487 3124 5530 vero
3142 5470 3259 5545 ejus
3274 5480 3357 5529 est
3377 5481 3561 5529 terret

1967 5570 2144 5625 adhuc
2171 5568 2417 5640 supplicii
2443 5564 2747 5639 praesentis.
2783 5564 2913 5624 Post
2930 5565 3138 5629 Jaciem
3168 5565 3332 5638 igitur
3358 5575 3547 5621 manu:

1968 5659 2146 5718 adhuc
2168 5672 2273 5717 nos
2298 5661 2461 5715 minas
2480 5659 2779 5717 terriﬁcant
2800 5701 2814 5726 ,
2839 5659 2965 5730 quia
2994 5673 3094 5731 per
3116 5658 3551 5730 experimentum

1962 5754 2151 5826 iudicii
2211 5769 2311 5811 nos
2365 5766 2525 5826 piens
2571 5753 2853 5825 praesentis
2898 5752 3072 5810 exsilii
3100 5750 3365 5823 perculit,
3413 5756 3465 5802 et
3502 5740 3551 5803 sl

1968 5863 2201 5922 peccare
2251 5862 2361 5904 non
2413 5847 2722 5907 desistimus
2777 5847 2995 5905 uternis
3048 5844 3227 5902 adhuc
3275 5838 3550 5915 suppliciis
