4008 6340
449 321 555 379 935
1024 316 1035 327 ”
1088 317 1152 374 Β.
1189 315 1443 375 RABAN'l
1481 314 1701 374 MAURI
1735 290 2055 371 ARCHIEP.
2097 309 2406 391 MOGUNT.
2446 308 2730 368 OPERUM
2768 307 2948 365 PARS
2983 308 3070 364 Ill.
3568 390 3571 391 ν
3629 303 3773 361 9‘56

447 432 672 493 addicit.
719 428 992 505 (Ηὶετοη.)
1026 428 1246 487 Utinam
1278 428 1537 487 Dominus
1561 438 1781 502 praestet
1806 436 1863 485 et
1881 427 2037 485 nobis
2062 425 2118 489 Α
2139 425 2515 495 promissionis
2548 424 2820 480 restitutio
2858 432 2961 490 est,
2994 431 3055 493 ut
3090 423 3145 477 in
3186 420 3413 481 Actibus
3445 419 3777 493 apostolo-

452 540 563 584 non
603 523 821 583 sedere:
844 522 899 577 in
954 521 1189 578 concilio
1229 522 1529 578 ludentium
1595 530 1651 577 et
1708 535 1895 577 eorum
1945 518 2037 589 qui
2088 538 2095 551 τ
2140 532 2261 573 rum
2312 515 2450 589 (Act.
2483 516 2565 587 Ill)
2597 516 2825 588 legimus
2849 530 3021 587 usque
3051 514 3120 569 ad
3150 521 3388 584 tempora
3417 511 3776 569 restitutio-

469 624 630 672 utura
654 629 763 670 non
786 612 1047 684 cogitant,
1071 627 1173 669 nec
1206 611 1450 669 adversis
1481 614 1709 679 caadere,
1746 612 1843 668 sed
1892 625 2037 667 sem-
2137 609 2223 665 nis
2244 608 2508 674 omnium,
2534 622 2655 678 quae
2685 607 2896 662 locutus
2920 612 3003 662 est
3027 605 3169 660 Deus
3197 620 3295 676 per
3313 618 3376 659 os
3402 612 3779 659 sanctorum

449 723 548 779 per
593 720 692 777 per
730 704 829 760 Dei
858 704 1200 760 sententiam
1230 703 1555 771 formidare,
1596 713 1652 760 et
1687 703 1869 760 dicere
1914 716 2039 758 cum
2139 700 2525 772 prophetarum
2550 712 2774 756 suorum
2803 697 2859 753 in
2887 697 3103 753 Christo
3129 693 3273 753 Iesu.

452 798 725 870 Propheta
755 813 768 852 :
805 815 825 850 ι
871 797 1030 854 Solus
1067 798 1345 866 sedebam,
1386 799 1511 869 quia
1552 796 1910 853 amaritudine
1955 802 2049 879 re-'
2739 806 2967 865 CAPUT
2998 806 3137 863 XVI.

454 891 634 964 pictus
664 905 806 946 sum.
846 909 866 944 ι
905 888 1152 946 calide“
1185 890 1353 962 igitur
1382 891 1437 945 in
1464 889 1731 962 Drwsemi,
1756 890 1998 961 tempore
2022 927 2039 955 9
2140 900 2220 956 De
2266 902 2448 973 futura
2495 900 2796 956 calamitate
2842 898 3288 973 Judazorumtade
3320 897 3522 971 papula
3572 895 3771 955 Chri-

461 998 808 1055 nequaquam
840 982 1123 1040 consilium
1160 982 1492 1053 sapientium
1533 991 1588 1038 et
1621 998 1911 1048 arcanum,
1959 996 2042 1036 se-

2267 970 2276 973 ’
2540 973 2711 1026 stiano
2733 978 2948 1026 venturo
2973 986 3038 1024 ex
3062 970 3318 1041 gentibus.
3788 1039 3797 1042 ο

465 1084 784 1148 cretamque
829 1076 1154 1132 ludentium.
1202 1075 1331 1130 Mihi
1374 1076 1653 1132 adhaerere
1686 1076 1798 1132 Deo
1840 1075 2044 1132 bonum
2217 1084 2235 1117 ι
2276 1063 2345 1119 Et
2374 1065 2576 1120 factum
2601 1071 2687 1119 est
2727 1062 2955 1119 verbum
3011 1062 3224 1117 Domini
3260 1062 3328 1117 ad
3349 1078 3459 1143 me,
3497 1062 3765 1117 dicens:

457 1168 572 1236 sit,‘
600 1182 804 1239 ponere
853 1166 908 1222 in
953 1167 1184 1223 Domino
1222 1167 1335 1223 Deo
1377 1182 1527 1239 spem
1573 1182 1780 1233 meam,
1810 1165 2045 1223 Sami-ari
2150 1174 2168 1206 1
2201 1153 2319 1210 ΝΟῙῘ
2347 1154 2594 1226 πείρετε
2627 1167 2875 1222 uxorem,
2921 1161 2977 1210 ει
3004 1170 3111 1209 non
3132 1153 3242 1209 sint
3280 1153 3375 1208 ῑὶιή
3532 1160 3594 1208 et
3619 1152 3771 1237 ﬁliae

458 1259 798 1331 opprobriis,
844 1267 901 1316 ει
935 1256 1137 1329 iudicis
1182 1259 1289 1315 mei
1333 1267 1652 1331 exspectare
1699 1254 2041 1315 saltemiam.
2151 1263 2169 1295 ι
2204 1244 2260 1299 in
2289 1244 2570 1333 locoiSto:
2601 1244 2730 1316 quia
2769 1245 2886 1300 bzec
2929 1244 3061 1300 dicit
3089 1244 3373 1310 Dominus,
3402 1260 3577 1317 super
3601 1244 3772 1300 filios

458 1352 591 1420 Quae
616 1368 739 1408 cum
783 1350 910 1408 ﬁnis
937 1352 1260 1419 advenerit,
1300 1367 1464 1425 opere
1484 1353 1813 1411 monstrabit
1830 1356 2051 1409 omnem"
2151 1357 2171 1391 ί
2205 1346 2261 1393 ει
2311 1337 2469 1404 θυαε,
2529 1344 3026 1433 (ιυωιεθιιετεηιιιν
3075 1336 3278 1427 ίη,¹οεο
3304 1337 3433 1403 is”:
3478 1345 3539 1392 ει
3579 1352 3772 1407 ευριπ

460 1446 737 1502 tristitiam
758 1487 775 1513 ,
803 1453 860 1502 et
888 1445 1313 1502 amaritudinem
1353 1445 1529 1503 instar
1575 1461 1840 1517 aquarum
1870 1445 2046 1502 ﬂuen-

2162 1448 2175 1483 τ
2206 1437 2411 1487 matres
2436 1444 2647 1497 eorum,
2677 1444 2797 1501 qua:
2817 1437 3117 1501 genuerunt
3136 1443 3255 1495 eos,
3284 1436 3340 1485 et
3358 1442 3523 1500 super
3548 1439 3771 1501 patres

458 1541 595 1597 lium
641 1539 956 1597 recessisse,
1222 1542 1225 1553 λ
1717 1549 1720 1553 ~
1878 1530 1881 1531 '
2154 1540 2174 1573 ι
2207 1535 2415 1588 eorum,
2450 1520 2517 1577 de
2540 1519 2771 1591 quorum
2809 1521 2977 1590 stirpe
3011 1527 3139 1575 sunt
3181 1520 3292 1575 nati
3323 1536 3337 1572 :
3367 1519 3423 1574 in
3452 1528 3617 1575 terra
3646 1519 3767 1576 hac

456 1660 465 1681 ε
539 1652 557 1685 ε
592 1633 827 1706 propter
857 1634 984 1701 hoc,
1017 1633 1137 1691 hac
1176 1633 1312 1692 die“
1341 1634 1642 1691 Dominus:
1675 1633 1734 1691 Si
1770 1642 2052 1691 converte.
2155 1630 2175 1663 ι
2208 1606 2475 1668 mortibus
2520 1611 2935 1684 aegrotationum
2982 1612 3304 1677 morientur,
3332 1627 3441 1667 non
3470 1612 3761 1706 plangen-

466 1743 486 1776 ε
520 1724 600 1781 ﬁs
627 1704 942 1781 cofwenam
989 1733 1065 1793 te,
1095 1732 1152 1782 οι
1176 1714 1301 1782 am‘e
1327 1726 1524 1783 faciem
1555 1730 1734 1783 meam
1762 1728 1952 1783 stabis.
1982 1726 2050 1783 Ει
2080 1791 2113 1793 _
2158 1724 2179 1759 ι
2216 1713 2304 1761 tur
2324 1713 2380 1762 et
2415 1720 2525 1761 non
2554 1705 2922 1777 sepelientur:
2952 1706 3008 1761 in
3031 1705 3434 1781 sterquilinium
3467 1721 3647 1777 super
3676 1704 3767 1760 fa-

467 1832 488 1866 .
522 1815 569 1869 εί
617 1815 955 1885 “paraveris
1002 1791 1300 1886 ρέειίοεωη
1332 1828 1365 1871 a
1405 1812 1518 1883 vi“,
1568 1816 1725 1887 quasi
1761 1831 1823 1874 os
1866 1832 2045 1874 meum
2077 1791 2124 1852 B
2158 1817 2176 1850 ι
2212 1797 2350 1854 ciem
2379 1796 2538 1853 terra:
2559 1806 2738 1863 erunt,
2769 1805 2823 1852 et
2853 1797 3029 1869 gladio
3050 1806 3107 1854 et
3138 1796 3283 1854 fame
3305 1807 3721 1854 consumentur
3748 1815 3763 1850 :

467 1920 488 1955 ι
525 1903 655 1959 eris.
705 1903 1103 1962 Convertentur
1132 1907 1236 1978 ipsi
1285 1907 1354 1962 ad
1383 1914 1458 1973 te,
1489 1914 1547 1963 et
1575 1915 1633 1962 tu
1663 1924 1772 1965 non
1824 1923 2050 1964 conver-

2162 1910 2176 1942 ι
2213 1900 2268 1947 et
2300 1896 2460 1947 erunt
2482 1890 2749 1947 cadavera
2781 1906 2968 1946 eorum
2994 1890 3051 1947 in
3076 1906 3258 1948 escam
3279 1890 3600 1947 volatilibus
3630 1892 3768 1947 celi

468 2010 490 2046 ε
526 1993 660 2049 εει-ξε
685 1993 754 2049 ad
801 2009 915 2050 eos.
946 1995 1014 2051 Et
1059 1995 1200 2051 dabo
1249 2004 1301 2051 ιθ
1354 1994 1550 2068 populo
1599 1994 1728 2053 huic
1756 1997 1810 2053 in
1833 2012 2046 2053 murum
2157 2002 2176 2035 ‹
2210 1991 2265 2038 et
2286 1981 2477 2039 bestiis
2505 1991 2682 2039 terrae.
2722 2001 2741 2034 ι
2778 1982 3048 2057 (Hieran)
3086 1982 3143 2039 Si
3173 1991 3419 2056 tempore
3446 1983 3769 2039 imminen-

469 2099 495 2138 ι
524 2097 737 2139 aeneum
780 2082 998 2152 fortem,
1028 2094 1085 2141 et
1106 2084 1384 2142 bellabunt
1415 2088 1705 2143 adversum
1730 2096 1804 2155 te,
1856 2094 1912 2143 et
1939 2101 2048 2142 non
2152 2076 2222 2132 ῑίε
2246 2074 2575 2146 captivitatis
2624 2082 2836 2132 vemm‘
2876 2077 3140 2148 Propheta
3166 2091 3393 2132 “xorem
3419 2076 3658 2139 ducem»
3694 2093 3767 2132 ne

2154 2167 2559 2224 tribulationem
2589 2167 2772 2225 carnis
2817 2167 3034 2231 habeat.
3057 2176 3115 2225 et
3152 2184 3313 2240 super
3339 2168 3583 2225 dolorem
3624 2185 3767 2241 pro-

2152 2261 2353 2331 prium,
2404 2261 2590 2317 uxoris
2638 2275 2853 2331 quoque
2882 2276 2947 2316 ac
2989 2259 3292 2316 liberorum
3342 2260 3588 2316 miseriis
3638 2269 3764 2316 tor-

2154 2359 2424 2422 queatur:
2463 2360 2667 2423 quanto
2692 2352 2865 2424 magis
2893 2352 3185 2424 Apostolus
3207 2351 3361 2423 jubet
3387 2351 3439 2424 (I
3461 2351 3593 2408 Cor.
3624 2356 3761 2426 vn),

469 2190 494 2226 ι
524 2174 917 2245 praevalebunt,
961 2177 1107 2248 quia,
1128 2192 1229 2250 ego
1274 2184 1455 2234 tecum
1494 2192 1635 2245 sum,
1668 2186 1730 2234 ut
1756 2178 1965 2234 salvum
2000 2188 2052 2235 te

470 2287 491 2321 ι
526 2266 762 2324 faciam:
796 2275 853 2325 et
878 2282 1069 2324 emam
1115 2277 1190 2337 te,
1240 2270 1371 2327 dicit
1399 2270 1702 2327 Dominus:
1727 2280 1782 2326 et
1809 2269 2052 2327 liberabo

472 2378 493 2411 ι
532 2366 586 2415 te
610 2360 677 2415 de
724 2375 887 2415 manu
918 2360 1300 2430 pessimorum,
1336 2369 1393 2418 et
1422 2362 1683 2418 redimam
1710 2369 1766 2417 te
1793 2363 1859 2419 de
1887 2377 2052 2417 manu

474 2469 493 2502 ι
530 2449 754 2506 fortium
778 2452 905 2523 (sive
932 2452 1344 2525 pestilentium).
1382 2472 1402 2506 ι
1432 2452 1775 2510 Manifestum
1805 2451 2054 2525 estquod

471 2542 751 2613 superiora
789 2557 1133 2614 nequaquam
1189 2543 1509 2613 Jerusalem,
1545 2546 1641 2602 sed
1681 2547 1946 2618 propheta
1968 2546 2053 2601 di-

474 2636 638 2699 xerit.
670 2635 771 2692 Cui
793 2635 1073 2707 respondit
1099 2637 1362 2695 Dominus
1387 2657 1400 2693 :
1433 2637 1492 2694 Si
1522 2628 1857 2698 converteris
1878 2653 1908 2693 a
1930 2652 2056 2708 pec-

478 2729 616 2786 catis
648 2728 927 2800 populum,
957 2738 1013 2785 et
1044 2745 1146 2801 ego
1176 2731 1244 2786 de
1286 2731 1635 2789 tribulatione
1664 2739 1974 2788 convertam
2000 2738 2056 2787 te

478 2821 532 2876 in
556 2821 819 2891 laetitiam,
843 2830 901 2879 et
931 2824 1103 2879 stabis
1139 2830 1264 2879 ante
1310 2824 1507 2880 faciem
1548 2840 1745 2892 meam,
1793 2824 1933 2880 sicut
1962 2838 2058 2879 an-

475 2911 580 2983 geli
626 2920 775 2968 stant
827 2913 881 2967 in
910 2921 1205 2984 conspectu
1254 2913 1375 2981 Dei,
1406 2915 1646 2985 quotidie
1699 2914 1943 2970 videntes
1972 2912 2057 2968 fa-

474 3003 614 3059 ciem
652 3004 813 3059 illius.
853 3022 872 3056 ι
921 3003 990 3059 Et
1034 3005 1080 3059 si
1138 3006 1474 3076 separaveris
1520 3006 1821 3076 pretiosum
1866 3021 1897 3059 a
1942 3004 2057 3071 vili,

2156 2444 2300 2515 quod
2320 2428 2694 2500 abbreviatum
2724 2451 2809 2500 est
2836 2452 3048 2515 tempus
3092 2451 3149 2500 et
3190 2443 3435 2500 imminet
3480 2459 3763 2507 consum-

2156 2539 2343 2607 matio,
2374 2538 2647 2605 utetiam,
2678 2538 2773 2610 qui
2819 2538 3021 2594 habent
3073 2551 3291 2603 uxores,
3325 2537 3405 2593 sic
3448 2537 3561 2593 sint
3590 2539 3761 2610 quasi

2156 2647 2263 2688 non
2290 2633 2548 2690 habeant.
2583 2632 2738 2689 Unde
2779 2631 3049 2703 superﬂua
3099 2630 3224 2686 novi
3284 2630 3528 2685 haeretici
3562 2645 3763 2701 repre-

2157 2726 2370 2792 hensio,
2401 2740 2508 2797 qua
2536 2725 2822 2781 docuimus
2873 2723 3162 2796 bigamiam
3208 2731 3264 2778 et
3288 2714 3603 2793 trigamiam
3641 2736 3762 2778 non

2160 2833 2223 2874 ex
2256 2818 2375 2888 lege
2428 2816 2775 2882 descendere,
2832 2816 2928 2872 sed
2956 2831 3024 2872 ex
3066 2814 3419 2887 indulgentia.
3472 2813 3641 2869 Aliud
3670 2822 3763 2870 est

2161 2908 2306 2964 enim
2359 2906 2540 2964 facere
2599 2907 2742 2977 quod
2791 2921 2892 2979 per
2927 2921 2987 2963 se
3027 2907 3227 2964 bonum
3275 2905 3383 2962 sit:
3432 2904 3580 2981 aliud
3626 2905 3761 2961 ideo

2162 2999 2406 3065 concedi,
2436 3013 2505 3054 ne
2528 2995 2713 3069 peiora
2742 2997 2931 3053 facias.
2971 2996 3115 3053 Dicit
3133 2997 3279 3053 enim
3301 3003 3356 3052 et
3386 2994 3500 3066 ipse
3527 3010 3758 3065 causas,

474 3095 631 3165 quasi
651 3110 715 3151 os
744 3108 925 3150 meum
959 3096 1089 3152 eris.
1124 3115 1144 3148 ι
1186 3096 1298 3153 Nec
1324 3105 1502 3169 putes,
1534 3098 1727 3169 inquit,
1758 3098 1885 3154 boni
1925 3112 2058 3169 ope-
2088 3152 2128 3169 η
2164 3104 2262 3145 cur
2295 3087 2427 3143 velit
2476 3087 2909 3143 adulescentulas
2940 3088 3134 3144 viduas
3187 3087 3414 3154 nubere,
3464 3086 3756 3142 inferens:

429 3170 442 3177 ’
476 3187 555 3244 ris
577 3203 685 3242 non
714 3202 834 3243 esse
880 3188 1204 3256 mercedem,
1252 3189 1299 3245 si
1335 3197 1553 3247 sanctos
1597 3204 1840 3261 quosque
1882 3202 2055 3253 meos,
2085 3152 2130 3214 C
2158 3203 2185 3256 *ι
2234 3180 2355 3253 iam
2379 3181 2524 3237 enim
2544 3181 2788 3251 quaedam
2802 3195 2990 3237 earum
3006 3181 3258 3237 abierunt
3275 3189 3424 3237 retro
3437 3187 3563 3252 post
3591 3179 3760 3235 Satn-

474 3277 542 3333 de
567 3291 795 3332 numero
819 3278 1164 3348 peccantium
1191 3278 1302 3335 tuis
1350 3278 1691 3335 sermonibus
1740 3294 2058 3352 segregave-

473 3370 573 3436 ris,
600 3370 714 3425 eris
739 3370 896 3440 quasi
924 3386 987 3427 os
1028 3387 1233 3440 meum,
1282 3381 1339 3429 et
1365 3374 1504 3430 meis
1525 3374 1816 3447 praceptis
1841 3374 2059 3445 copula-

474 3458 641 3518 beris.
670 3460 878 3517 Debent
900 3463 1044 3519 enim
1074 3463 1150 3520 illi
1178 3465 1481 3523 imitatores
1508 3467 1587 3522 tui
1613 3482 1753 3534 esse,
1783 3477 1837 3523 et
1865 3483 1972 3525 non
1999 3478 2057 3525 tu

471 3568 680 3611 eorum.
716 3553 828 3629 Nec
854 3557 1177 3615 reformides
1196 3567 1253 3615 et
1275 3559 1468 3617 dicas:
1508 3582 1526 3615 α
1562 3561 1741 3630 Quare
1778 3562 1953 3619 factus
1973 3572 2059 3620 est

472 3645 627 3704 dolor
652 3662 808 3704 meus
849 3658 1165 3721 perpetuus,
1219 3660 1277 3708 et
1300 3653 1458 3725 plaga
1508 3669 1627 3711 mea
1660 3655 1838 3723 fortis,
1891 3675 1909 3708 ι
1944 3659 2059 3713 sive

474 3741 847 3813 desperabilis,
877 3753 940 3801 ut
967 3761 1057 3801 me
1106 3746 1387 3817 desperem
1444 3765 1606 3821 posse
1640 3752 1862 3806 curari?
1908 3751 2057 3807 Dabo

474 3833 619 3887 enim
647 3840 701 3889 te
746 3835 902 3906 quasi
950 3851 1166 3893 murum
1204 3854 1413 3896 :eneum
1462 3849 1627 3912 atque
1676 3842 2055 3910 fortissimum,

474 3930 536 3976 ut
558 3930 746 3979 contra
789 3926 1226 3983 adversariorum
1274 3931 1422 3985 omni
1470 3932 1694 3988 resistas
1745 3933 1963 4000 robore,
2003 3942 2060 3989 et

477 4031 566 4071 me
610 4018 813 4075 habeas
844 4020 1171 4091 adiutorem,
1196 4030 1253 4078 et
1276 4022 1501 4081 liberem
1532 4032 1587 4080 te
1610 4024 1676 4080 de
1704 4040 1866 4081 manu
1891 4025 2061 4097 pessi«

472 4122 709 4175 morum,
759 4110 874 4166 sive
894 4112 1268 4181 pestilentium
1293 4131 1309 4169 :
1347 4123 1403 4172 et
1431 4116 1694 4172 redimam
1725 4106 1781 4174 te
1827 4116 1910 4172 vel
1940 4131 2060 4173 meo

477 4199 756 4268 sanguine,
803 4200 891 4255 vel
940 4201 994 4256 in
1024 4205 1436 4273 praesentiarum
1464 4222 1588 4263 meo
1619 4206 1840 4264 auxilio.
1871 4206 2061 4264 Consi-

472 4285 726 4343 deremus
759 4296 1018 4358 quantam
1040 4293 1346 4348 mercedem
1369 4294 1569 4351 habeat
1595 4310 1775 4353 sermo
1800 4297 2058 4365 doctoris,

474 4376 519 4431 si
545 4376 779 4433 valuerit
799 4380 868 4435 ab
897 4395 1082 4437 errore
1119 4385 1426 4456 quempiam
1478 4386 1731 4457 liberare,
1772 4397 1828 4446 et
1846 4390 1912 4446 de
1935 4407 2061 4463 pec-

476 4468 717 4524 cantium
747 4486 981 4529 numero
1024 4475 1273 4532 educere.
1305 4475 1505 4551 (0rig.)
1532 4478 1666 4536 lllud
1692 4478 1894 4551 autem,
1917 4474 2059 4556 quad

476 4557 531 4613 in
571 4558 676 4614 alia
728 4560 1084 4619 translatione
1126 4564 1326 4621 dicitur
1361 4567 1405 4623 si
1435 4573 1729 4641 conversus
1782 4571 1950 4629 fueris
1974 4588 2061 4630 re-

471 4650 694 4706 stituam
744 4661 817 4719 te,
849 4653 1065 4711 videtur
1091 4655 1224 4713 mihi
1250 4658 1506 4729 quiddam
1539 4660 1844 4734 signiﬁcare
1866 4674 2062 4738 myste-

473 4741 583 4821 rii:
616 4741 671 4797 in
706 4758 772 4800 eo
804 4746 949 4819 quod
1002 4747 1099 4818 ait,
1138 4769 1156 4803 ι
1193 4751 1476 4813 resumam
1507 4755 1845 4813 te.,»-.Nemo
1862 4757 2073 4829 quippei

454 4836 684 4915 Irestitui
707 4840 1026 4908 potest,nisi
1054 4841 1110 4896 in
1135 4856 1260 4898 eum
1292 4843 1663 4913 locum,’unde
1701 4858 1826 4904 ante
1851 4850 2059 4906 disces-

472 4934 662 4981 serat:
691 4937 902 4998 utputa,
947 4931 994 4987 si
1048 4933 1354 4989 membrum
1405 4938 1647 5007 corporis
1686 4938 1794 4995 mei
1833 4940 1998 4998 fuerit
2027 4944 2081 4996 a‘

475 5034 738 5091 compage
767 5021 1127 5091 disiunctum,
1162 5026 1405 5083 medicus
1430 5028 1560 5084 illud
1590 5030 1644 5085 in
1668 5031 1956 5102 pristinum
1984 5032 2063 5089 lo-

476 5127 602 5168 cum
646 5113 931 5172 restituere
967 5126 1213 5175 conatur.
1268 5117 1327 5175 Si
1356 5118 1552 5190 aliquis
1601 5131 1933 5194 separatuse
1959 5136 2058 5195 pa-

475 5205 583 5260 tria
608 5204 665 5260 in
690 5207 938 5264 exsilium
965 5212 1215 5279 mittitur,
1259 5219 1315 5267 et
1342 5221 1529 5284 postea
1552 5230 1650 5285 per
1672 5214 2061 5287 indulgentiam

473 5311 665 5355 eorum
695 5299 787 5369 qui
832 5310 1060 5371 possunt
1103 5303 1321 5360 exsules
1350 5304 1581 5371 solvere,
1632 5307 1874 5365 redditur
1902 5309 2063 5366 liber-

476 5388 596 5457 tati,
630 5389 771 5447 redit
794 5391 935 5447 unde
970 5391 1147 5453 fuerat
1181 5395 1462 5466 expulsus.
1520 5396 1672 5455 Miles
1718 5414 1931 5471 quoque
1969 5401 2062 5457 ab-

476 5480 653 5557 iectus
679 5495 747 5539 ex
769 5481 960 5539 ordine
988 5485 1439 5569 suo.restituitur
1464 5487 1665 5556 ordini,
1696 5490 1743 5545 si
1792 5492 2062 5562 acceperit

478 5574 736 5631 veniam:
772 5575 847 5631 ita
890 5584 947 5632 et
968 5591 1112 5632 nunc
1141 5576 1341 5634 dicitur
1388 5580 1456 5635 ad
1487 5582 1717 5639 mortale
1767 5598 1957 5655 genus,
2006 5585 2063 5641 id

478 5678 583 5735 est,
633 5668 703 5725 ad
738 5683 838 5726 nos
884 5668 1153 5735 homines,
1186 5670 1279 5741 qui
1307 5686 1339 5725 a
1365 5671 1477 5729 Deo
1531 5674 1810 5733 fueramus
1843 5677 2059 5735 aversi:

481 5754 541 5817 Si
568 5763 814 5820 conversi
839 5759 1052 5821 fueritis
1078 5798 1092 5830 ,
1126 5763 1407 5821 restituam
1438 5780 1549 5823 vos.
1580 5766 1731 5831 Finis
1754 5769 1954 5842 quippe
1979 5784 2065 5827 re-

2087 4527 2141 4588 Ι)

2158 3286 2284 3332 nam
2304 3275 2359 3348 (Ι
2386 3274 2520 3330 Tim.
2542 3273 2599 3348 ν)
2626 3314 2640 3328 .
2664 3293 2683 3327 ι
2704 3272 2984 3345 Simulque
2995 3281 3294 3346 praeceptor
3321 3273 3672 3329 continentia:
3701 3282 3761 3328 et

2159 3373 2434 3437 perpetua
2477 3364 2766 3432 castitatis,
2831 3374 2886 3421 et
2936 3366 3199 3435 aequalem
3246 3381 3305 3421 se
3358 3364 3753 3435 blasphemans

2159 3459 2292 3525 Deo,
2323 3458 2507 3514 laudat
2554 3465 2705 3514 terna
2750 3465 3123 3529 quaternaque
3172 3457 3422 3529 coniugia
3455 3473 3469 3510 :
3500 3471 3627 3527 quae
3648 3472 3755 3529 ego

2159 3568 2267 3609 non
2295 3560 2408 3607 tam
2427 3550 2676 3624 coniugia
2700 3551 2902 3620 dicam,
2932 3566 3095 3622 quam
3148 3550 3497 3607 miseriarum
3523 3548 3749 3613 solatia,

2159 3656 2214 3703 et
2232 3655 2530 3703 extremam
2571 3647 2819 3704 tabulam
2863 3645 3294 3718 naufragiorum,
3328 3644 3435 3701 nisi
3476 3643 3621 3699 forte
3647 3644 3749 3698 tri-

2167 3740 2286 3795 buit
2322 3740 2712 3811 indulgentiam
2768 3739 3122 3796 amazonihus
3155 3739 3291 3805 suis,
3345 3746 3409 3793 ut
3461 3752 3640 3807 usque
3678 3737 3749 3791 ad

2164 3831 2492 3903 decrepitam
2533 3839 2869 3889 senectutem
2902 3831 3042 3888 bella
3074 3831 3356 3888 libidinum
3377 3832 3746 3902 experiantur.

2161 3921 2272 3988 Cur
2357 3930 2538 3979 autem
2596 3923 2862 3994 propheta
2922 3931 3174 3979 arceatur
3239 3938 3465 3979 uxorem
3516 3924 3746 3988 dueere,

2161 3998 2357 4072 causa.
2367 4017 2652 4087 perspicua
2681 4026 2787 4084 est,
2822 4016 2966 4088 quod
3006 4016 3285 4074 obsidione
3321 4017 3522 4082 vicina,
3576 4016 3751 4088 pesti-

2162 4108 2349 4175 lentia,
2406 4117 2462 4166 et
2514 4108 2709 4180 gladio,
2766 4118 2823 4165 et
2860 4108 3024 4175 fame,
3079 4110 3323 4167 universi
3370 4110 3663 4176 intereant,
3692 4118 3750 4164 et

2164 4208 2348 4257 tantus
2402 4201 2475 4258 sit
2497 4217 2756 4259 numerus
2801 4204 3173 4272 morientium,
3208 4214 3271 4261 ut
3316 4203 3608 4275 sepulturae
3630 4204 3747 4257 vin-

2164 4302 2321 4349 catur
2364 4292 2599 4349 ollicium
2625 4311 2641 4361 ;
2670 4293 2764 4351 sed
2792 4294 2846 4350 in
2892 4295 3291 4366 sterquilinium
3335 4295 3555 4366 iaceant
3580 4295 3742 4350 cada—

2168 4401 2297 4443 vera
2324 4385 2636 4443 volatilibus
2674 4386 2972 4458 bestiisque
3005 4387 3316 4445 laceranda.
3345 4388 3415 4444 Et
3435 4388 3539 4444 hoc
3557 4396 3743 4442 notan-

2168 4478 2318 4544 dum,
2352 4477 2495 4551 quod
2542 4478 2984 4549 aegrotationibus
3025 4488 3080 4535 et
3124 4479 3283 4550 longa
3320 4477 3641 4551 inﬁrmitate
3666 4487 3741 4532 ta-

2170 4570 2394 4631 bescere
2422 4570 2517 4626 Dei
2569 4570 2651 4625 ira
2705 4571 2794 4626 sit.
2846 4569 2999 4627 Unde
3024 4579 3079 4626 et
3102 4569 3288 4626 Joram
3324 4567 3468 4626 ﬁlius
3491 4568 3741 4639 Josaphat

2165 4648 2482 4719 inﬁrmitate
2530 4663 2868 4719 consumitur
2895 4662 2980 4735 (ΙΙ
3008 4663 3139 4719 Par.
3174 4665 3331 4736 xxi);
3362 4673 3418 4720 et
3461 4662 3739 4736 Apostolus

2163 4754 2322 4809 docet
2342 4763 2607 4825 aegrotare
2627 4754 3139 4823 eos,*ettabescere,
3171 4764 3227 4813 et
3252 4756 3419 4824 mori,
3449 4757 3541 4828 qui
3562 4760 3734 4812 sancta

2161 4845 2415 4917 violarint
2443 4845 2495 4919 (Ι
2524 4844 2647 4900 Cor.
2679 4845 2779 4918 δι).

2240 4956 2257 4988 ι
2293 4935 2419 4993 Haec
2465 4936 2610 4991 enim
2645 4935 2778 4991 dicit
2826 4936 3087 4993 Dominus
3127 4956 3140 4993 :
3172 4937 3251 4994 Ne
3296 4938 3619 5010 ingrediaris
3650 4937 3736 4995 do-

2170 5048 2191 5083 ι
2226 5044 2375 5085 mum
2412 5029 2667 5095 convivii,
2708 5044 2887 5100 neque
2915 5031 3084 5088 vadas
3106 5031 3174 5088 ad
3223 5031 3603 5104 plangendum,
3649 5046 3736 5087 ne-

2164 5130 2190 5173 ’ἀ
2228 5137 2333 5192 que
2380 5119 2680 5177 consoleris
2719 5136 2835 5187 eos,
2889 5122 3014 5192 quia
3044 5121 3241 5179 abstuli
3290 5138 3479 5194 pacem
3509 5135 3681 5178 meam
3703 5136 3732 5175 a

2170 5232 2189 5266 α
2224 5211 2421 5285 populo
2449 5211 2578 5279 isto,
2629 5211 2764 5269 dicit
2789 5213 3074 5281 Dominus,
3098 5214 3529 5272 misericordiam
3552 5214 3614 5268 et
3635 5210 3733 5266 mi-

2169 5325 2188 5358 ι
2222 5303 2563 5362 serationes:
2594 5312 2651 5359 et
2673 5304 2977 5360 morientur
3008 5305 3241 5377 grandes
3268 5314 3324 5361 et
3342 5306 3496 5376 parvi
3519 5305 3575 5361 in
3601 5312 3737 5360 terra

2169 5417 2188 5450 ι
2222 5396 2349 5452 ista.
2381 5394 2500 5451 Non
2524 5394 2857 5465 sepelientur
2891 5409 3068 5465 neque
3094 5395 3437 5469 plangentur,
3465 5404 3522 5451 et
3555 5409 3658 5451 non
3678 5406 3738 5450 ac

2170 5510 2189 5542 ί
2222 5489 2483 5555 incident,
2510 5502 2688 5558 neque
2708 5487 2984 5544 calvitium
3008 5486 3102 5544 fiet
3128 5503 3229 5559 pro
3245 5489 3343 5545 eis.
3371 5488 3443 5543 Et
3464 5503 3571 5544 non
3594 5486 3737 5542 fran-

2171 5602 2190 5635 ι
2224 5591 2353 5655 gent
2386 5583 2531 5638 inter
2558 5596 2654 5638 eos
2689 5579 2891 5649 lugenti
2920 5594 3122 5650 panem
3150 5580 3218 5637 ad
3243 5578 3629 5638 consolandum
3652 5592 3739 5633 su-

2172 5694 2192 5728 ι
2226 5691 2324 5747 per
2353 5684 2626 5731 mortuum
2650 5692 2664 5728 :
2695 5681 2751 5729 et
2777 5687 2886 5729 non
2911 5672 3121 5731 dabunt
3141 5674 3225 5732 eis
3241 5683 3427 5754 potum
3467 5674 3650 5731 calicis
3672 5672 3737 5728 ad

2170 5784 2190 5820 ι
2227 5768 2613 5853 consolandum
2641 5779 2807 5836 super
2838 5773 2994 5834 patre
3013 5780 3118 5825 suo
3134 5775 3191 5824 et
3218 5774 3412 5826 matre.
3440 5765 3739 5826 Etdomm
