4008 6340
290 419 359 473 57
1126 421 1492 482 EXPOSITIO
1531 423 1762 482 SUPER
1795 424 2166 484 JEREMIAM.
2202 457 2273 469 —
2308 427 2435 482 LIB.
2476 426 2608 483 VIII.

3400 421 3506 478 938

254 549 274 582 ι
307 529 543 585 convivii
596 543 704 586 non
748 528 1087 601 ingredieris,
1132 540 1192 587 ut
1237 534 1435 590 sedeas
1485 550 1610 591 cum
1637 537 1740 604 eis,
1772 545 1830 593 et

1944 562 1954 594 ι
1991 557 2100 598 ιιοιι
2126 540 2511 597 custodierunt.
2546 537 2655 594 Sed
2703 547 2758 592 et
2806 552 2902 592 vos
2950 537 3101 609 pejus
3129 536 3336 607 operati
3371 535 3527 593 estis-

255 643 274 674 ι
306 622 561 678 comedas
603 631 660 678 et
706 622 882 678 bibas.
913 641 932 675 ι
975 623 1263 694 Apostolus
1309 632 1564 698 praecepit
1594 643 1718 684 cum
1743 629 1830 684 his

247 715 343 786 qui
379 724 698 772 aversentur
729 714 918 780 Deum,
953 730 1054 771 nec
1081 715 1260 772 cibum
1313 718 1532 792 quidem
1579 734 1702 776 esse
1733 734 1827 774 su-

247 807 508 864 mendum
561 803 615 878 (Ι
638 803 758 859 Cor.
787 803 882 875 v);
912 815 969 860 et
1011 805 1261 878 amplius,
1293 827 1312 859 ι
1345 806 1458 864 Nec
1486 821 1589 863 ave
1611 806 1828 878 quidem

248 899 554 972 huiusmodi
580 897 826 955 dixeritis
853 896 944 970 (11
965 897 1130 955 Joan.
1161 898 1240 967 ι).
1272 918 1292 952 ι
1327 899 1396 955 Et
1425 899 1672 956 Salvator
1702 915 1830 971 apo-

246 993 402 1050 stolis
429 990 702 1047 interdicit
729 1009 743 1045 :
771 989 852 1046 Ne
886 1005 1215 1062 quemquam
1239 993 1475 1048 salutent
1508 992 1564 1048 in
1590 992 1830 1048 itinere?

248 1081 402 1156 (Luc.
435 1081 516 1154 κ.)
543 1081 699 1139 Unde
733 1089 790 1137 et
831 1081 1045 1138 Eliseus
1087 1082 1468 1139 salutationem
1498 1082 1740 1156 pergenti
1764 1081 1833 1138 ad

247 1175 553 1234 sanandum
583 1189 811 1245 puerum
836 1173 988 1231 Giezi
1016 1175 1294 1231 interdicit
1313 1173 1422 1247 (IV
1440 1174 1567 1248 Reg.
1597 1173 1696 1247 iv).
1721 1173 1834 1230 Mo-

247 1266 326 1324 ris
351 1276 531 1323 autem
579 1274 663 1322 est
686 1265 994 1337 lugentibus
1024 1264 1178 1326 ferre
1199 1267 1377 1332 cibos,
1422 1273 1479 1320 et
1523 1278 1833 1336 praeparare

246 1356 572 1423 convivium,
600 1371 721 1427 quat
740 1355 916 1412 Graeci
938 1355 1240 1434 περίδειπνα
1261 1364 1478 1423 vocant,
1502 1366 1558 1412 et
1578 1372 1610 1411 a
1632 1355 1833 1412 nostris

177 1459 185 1463 ·
245 1449 406 1520 vulgo
452 1447 793 1520 appellantur
834 1448 1154 1519 parentalia,
1205 1463 1271 1505 eo
1322 1449 1467 1520 quod
1516 1448 1833 1520 parentibus

241 1540 390 1610 justa
439 1541 797 1596 celebrentur.
852 1540 994 1596 Dicit
1040 1551 1096 1595 et
1129 1539 1256 1596 alibi
1288 1539 1571 1609 Scriptura
1603 1539 1829 1594 divina:

255 1652 273 1684 ι
315 1632 450 1690 Date
475 1633 663 1688 vinum
689 1633 775 1688 his
809 1632 901 1702 qui
948 1633 1004 1686 in
1046 1632 1196 1688 luctu
1225 1640 1352 1688 sunt
1380 1630 1566 1704 (Prov.
1593 1630 1768 1702 xxxx),
1808 1648 1827 1681 ι

249 1733 312 1779 ιιι
347 1724 604 1780 videlicet
625 1725 1015 1780 obliviscantur
1056 1724 1275 1781 doloris.
1334 1717 1654 1795 Praecipitur
1701 1737 1834 1794 ergo

250 1816 549 1886 prophetaa,
579 1829 650 1871 ne
677 1813 844 1869 ullum
865 1802 938 1870 de
957 1813 1154 1885 populo
1181 1813 1512 1879 consoletur,
1542 1829 1612 1868 ne
1641 1828 1699 1868 se
1729 1811 1831 1866 mi-

1940 651 1958 684 ι
1994 647 2154 702 quam
2176 639 2360 701 patres
2381 629 2566 686 vestri.
2607 648 2626 679 ι
2657 627 2882 696 Quando
2909 627 3214 697 peccaverit
3239 626 3507 694 Ecclesia,

1933 721 2178 778 aufertur
2206 723 2272 777 de
2295 737 2359 776 ea
2381 733 2542 776 omne
2569 719 2822 790 gaudium
2844 729 2901 773 et
2926 718 3177 774 universa
3203 717 3409 784 laetitia,
3440 718 3510 774 de

1933 827 2040 882 qua
2069 811 2358 882 Apostolus
2406 810 2577 878 dicit:
2608 828 2626 861 ι
2673 808 2934 874 Gaudete,
2978 806 3176 862 iterum
3198 806 3344 872 dico,
3379 821 3514 878 gau-

1933 904 2056 959 dete
2085 900 2306 976 (Philip.
2332 900 2440 972 1v);
2481 916 2585 957 vox
2623 900 2806 972 sponsi
2833 908 2891 956 et
2912 914 3019 956 vox
3046 913 3280 968 sponsae,
3310 897 3377 952 de
3402 913 3512 978 quo

1934 994 2198 1065 scriptum
2249 1002 2375 1049 est:
2412 1013 2430 1045 ι
2491 992 2593 1060 Qui
2639 992 2804 1047 habet
2846 1004 3102 1062 sponsam
3156 1003 3386 1060 sponsus
3429 995 3517 1043 est

1935 1087 2118 1158 (Joan.
2145 1086 2250 1160 ιιι).
2296 1105 2314 1139 ι
2354 1085 2412 1142 Si
2438 1096 2638 1153 autem,
2664 1085 2858 1156 inquit,
2905 1081 3319 1153 interrogaverit
3344 1089 3515 1152 tepo-

1933 1181 2110 1253 pulus,
2138 1197 2236 1236 cur
2270 1181 2374 1236 ista
2401 1179 2658 1251 patiatur,
2709 1185 2766 1235 et
2798 1193 2992 1234 causas
3019 1175 3363 1232 miseriarum
3388 1189 3516 1230 sua-

1935 1287 2057 1326 rum
2103 1271 2400 1341 quazsierit,
2447 1269 2801 1342 respondebis
2853 1271 2901 1324 ei
2943 1286 2956 1322 :
2991 1288 3009 1320 ι
3045 1267 3183 1335 Quia
3214 1265 3518 1336 derelique-

1936 1371 2064 1418 runt
2115 1378 2202 1417 me
2253 1370 2436 1432 patres
2487 1361 2680 1427 vestri,
2727 1361 2804 1415 ait
2843 1359 3142 1424 Dominus;
3187 1377 3206 1410 ι
3242 1357 3335 1426 qui
3364 1355 3519 1411 vobis

1934 1462 2172 1525 prazsunt
2199 1453 2254 1507 in
2283 1451 2540 1508 Ecclesiis
2585 1460 2640 1506 et
2666 1451 2914 1506 abierunt
2959 1458 3084 1522 post
3120 1450 3250 1505 deos
3269 1448 3515 1504 alienos:

1937 1562 2165 1618 quorum
2195 1545 2339 1601 Deus
2365 1553 2552 1601 venter
2585 1551 2687 1608 est,
2737 1551 2792 1598 et
2820 1543 3069 1608 avaritia,
3116 1550 3173 1597 et
3199 1540 3436 1606 luxuria,
3465 1546 3520 1592 ct

1937 1638 2108 1710 gloria
2141 1637 2196 1692 in
2223 1636 2541 1692 confusione
2562 1651 2776 1702 eorum,
2801 1642 2857 1690 et
2882 1635 3189 1690 servierunt
3214 1633 3316 1689 eis.
3343 1631 3390 1686 A
3412 1645 3519 1702 quo

1939 1730 2085 1786 enim
2111 1730 2235 1800 quis
2261 1728 2517 1795 vincitur,
2550 1728 2666 1798 ejus
2686 1735 2743 1783 et
2767 1742 2956 1782 servus
2985 1733 3090 1792 est,
3126 1743 3146 1776 ι
3179 1736 3234 1780 et
3261 1725 3521 1779 adorave-

1939 1828 2068 1874 runt
2095 1818 2190 1876 eos
2229 1837 2242 1873 :
2280 1837 2299 1871 ι
2330 1818 2522 1873 adorat
2549 1816 2695 1892 enim
2730 1816 3100 1885 unusquisque
3137 1813 3283 1884 quod
3323 1812 3514 1883 diligit.

251 1914 402 1961 sceat
458 1905 799 1959 inimicorum
849 1904 943 1959 Dei
999 1905 1286 1970 conviviis,
1316 1921 1386 1961 ne
1423 1904 1570 1975 jnsta
1598 1903 1835 1959 celebret

1946 1929 1965 1963 ι
1997 1912 2063 1966 Et
2085 1927 2170 1967 me
2193 1910 2615 1982 dereliquerunt,
2641 1917 2698 1964 et
2715 1907 2890 1981 legem
2911 1922 3089 1962 meam
3114 1921 3226 1962 non
3248 1904 3525 1960 custodie-

251 2012 416 2068 super
441 1995 718 2052 funeribus
763 1994 1156 2051 defunctorum.
1209 1995 1369 2052 Aliud
1402 2004 1485 2051 est
1513 1995 1658 2051 enim
1698 1993 1837 2049 mori

251 2090 525 2147 communi
547 2089 663 2161 lege
685 2096 911 2156 naturae,
946 2088 1093 2144 aliud
1118 2087 1214 2143 Dei
1251 2088 1513 2156 occidisse
1547 2087 1835 2144 sententia.

258 2202 276 2235 ι
314 2181 548 2247 Abstuli,
589 2181 780 2250 inquit,
829 2195 1020 2251 pacem
1066 2196 1245 2236 meam
1279 2179 1528 2251 apopulo
1571 2181 1698 2246 isto,
1735 2197 1755 2230 ι
1786 2187 1842 2234 et

253 2277 619 2332 misericordia
632 2276 837 2348 indigni
850 2287 996 2344 sunt,
1015 2277 1253 2349 nullique
1268 2271 1662 2349 aatati'parcam,
1681 2277 1773 2333 sed
1787 2285 1842 2333 et

253 2366 484 2435 grandes
501 2374 557 2420 et
590 2365 742 2434 parvi
785 2367 992 2436 pariter
1023 2368 1345 2434 interibunt,
1377 2368 1453 2422 ita
1479 2375 1538 2421 ut
1565 2366 1843 2438 sepultura

253 2472 467 2528 quoque
511 2465 770 2512 careant:
804 2477 822 2509 ι
857 2457 970 2514 Nec
1017 2475 1077 2515 se
1120 2460 1378 2526 incident,
1428 2460 1625 2532 inquit,
1663 2473 1844 2530 neque

253 2548 528 2604 calvitium
587 2550 679 2605 fiet
713 2566 813 2621 pro
843 2551 941 2606 eis.
980 2570 1000 2602 ›
1033 2550 1147 2607 Mos
1175 2552 1265 2607 hic
1291 2551 1394 2606 fuit
1424 2552 1566 2622 apud
1606 2561 1840 2616 veteres,

255 2649 310 2695 et
332 2656 502 2712 usque
527 2640 688 2696 hodie
738 2641 794 2696 in
820 2641 1144 2711 quibusdam
1190 2652 1471 2712 permanet
1508 2641 1840 2708 Iudaeorum,

255 2740 314 2786 ut
343 2732 399 2786 in
428 2731 661 2788 luctibus
685 2732 928 2788 incidant
945 2733 1199 2800 lacertos,
1229 2743 1283 2789 et
1308 2733 1582 2790 calvitium
1620 2732 1840 2798 faciant,

256 2827 399 2897 quod
421 2826 584 2881 etiam
624 2824 724 2881 Job
750 2825 945 2882 fecisse
985 2827 1212 2898 legimus
1243 2826 1386 2898 (Job.
1419 2843 1437 2881 1
1464 2835 1510 2882 et
1550 2824 1706 2898 χχιι).
1733 2824 1843 2880 Un-

257 2918 324 2973 de
353 2918 705 2989 etprophetae
749 2917 948 2974 dicitur
981 2933 1049 2972 ne
1077 2918 1290 2990 frangat
1318 2919 1458 2974 inter
1482 2932 1576 2972 eos
1624 2929 1840 2987 panem,
1883 2937 1890 2943 ·

256 3024 358 3065 nec
401 3010 736 3081 ingrediatur
786 3011 853 3065 ad
903 3009 1291 3065 consolandum
1341 3025 1440 3081 pro
1480 3016 1734 3064 mortuo:
1775 3023 1845 3061 ne

257 3111 446 3174 potum
496 3102 718 3168 tribuat,
763 3117 939 3173 neque
985 3103 1320 3174 ingrediatur
1349 3103 1568 3158 domum
1588 3099 1841 3165 convivii,

257 3201 314 3249 et
341 3209 411 3250 ne
440 3194 732 3250 misceatur
773 3194 875 3261 eis,
929 3196 1020 3265 qui
1073 3195 1170 3251 Dei
1226 3194 1508 3251 sententiae
1551 3190 1844 3265 praeparati

1940 2011 2084 2058 runt.
2123 2022 2142 2054 ι
2176 2000 2531 2058 Sacerdotum
2557 2008 2642 2056 est
2670 1998 2950 2070 proprium
2979 2012 3086 2052 non
3113 1995 3286 2053 solum
3309 1995 3521 2061 docere,

1939 2097 2035 2153 sed
2064 2104 2119 2151 et
2143 2095 2325 2152 facere
2348 2095 2521 2166 legem
2551 2112 2564 2148 :
2599 2101 2661 2148 ut
2681 2107 3022 2162 nequaquam
3044 2091 3226 2146 verbis
3251 2088 3524 2157 subjectos

1941 2186 2042 2242 sibi
2082 2186 2308 2258 populos
2335 2193 2392 2239 et
2419 2184 2686 2239 creditum
2724 2197 2966 2255 gregem,
3004 2181 3099 2237 sed
3131 2177 3393 2249 exemplis
3422 2177 3524 2232 do-

1941 2285 2119 2332 ceant.
2144 2275 2225 2330 Ac
2246 2289 2315 2330 ne
2336 2273 2562 2330 forsitan
2587 2273 2830 2329 dicerent
2855 2289 2868 2324 :
2900 2271 3099 2342 injusta
3123 2278 3207 2325 est
3232 2266 3524 2335 sententia,

1939 2373 2122 2436 patres
2138 2365 2423 2420 comedere
2443 2379 2601 2418 uvam
2617 2364 2890 2428 acerbam,
2908 2371 2963 2416 et
2976 2361 3164 2415 dentes
3180 2358 3411 2414 filiorum
3429 2358 3526 2414 ob-

1942 2464 2275 2526 stupescere,
2304 2453 2467 2510 infert
2501 2473 2514 2509 :
2551 2474 2568 2506 ι
2602 2453 2710 2510 Sed
2735 2461 2791 2510 et
2815 2469 2914 2510 vos
2946 2451 3098 2523 pejus
3127 2451 3339 2522 operati
3371 2450 3526 2518 estis,

1901 2623 1905 2626 λ
1941 2563 2105 2619 quam
2123 2558 2308 2617 patres
2323 2549 2513 2615 vestri,
2536 2569 2554 2600 ι
2575 2556 2634 2603 ιιι
2651 2563 2814 2619 super
2831 2547 2937 2611 bis,
2960 2546 3054 2616 qui
3075 2545 3321 2616 patribus
3340 2542 3529 2616 pejora

1941 2641 2286 2710 peccaverint
2301 2640 2449 2710 justa
2479 2640 2739 2712 supplicia
2768 2639 3099 2694 deferantur.

2018 2751 2036 2782 ι
2069 2731 2210 2787 Ecce
2231 2731 2377 2786 enim
2406 2731 2647 2787 ambulat
2670 2732 3037 2803 unusquisque
3061 2741 3184 2802 post
3203 2733 3529 2802 pravitatem
3627 2737 3644 2748 “

1949 2841 1968 2873 ι
2005 2823 2186 2878 cordis
2223 2822 2309 2878 sui
2340 2823 2488 2890 mali,
2516 2831 2576 2879 ut
2606 2840 2692 2878 me
2719 2838 2828 2879 non
2857 2824 3059 2880 audiat.
3093 2824 3160 2880 Et
3186 2824 3400 2895 ejiciam
3430 2837 3530 2881 vos

1949 2931 1967 2963 ι
2004 2912 2070 2967 de
2101 2920 2246 2967 terra
2286 2914 2388 2969 hac
2431 2914 2488 2969 in
2537 2923 2758 2981 terram,
2802 2929 2964 2984 quam
3014 2914 3275 2986 ignoratis
3329 2928 3426 2968 vos
3472 2920 3529 2969 et

1948 3022 1967 3053 ι
2001 3011 2186 3072 patres
2234 3005 2400 3060 vestri
2435 3019 2450 3057 :
2496 3012 2553 3060 et
2597 3005 2845 3060 servietis
2893 3005 2968 3060 ibi
2999 3005 3103 3060 diis
3137 3004 3329 3060 alienis
3352 3004 3438 3061 die
3461 3018 3528 3059 ac

1949 3113 1967 3145 ι
2005 3103 2184 3160 nocte,
2245 3096 2337 3166 qui
2410 3111 2519 3150 non
2573 3096 2778 3152 dabunt
2829 3097 2985 3153 vobis
3040 3097 3304 3168 requiem.
3347 3115 3367 3148 ›
3426 3093 3527 3152 Se-

1944 3186 2052 3241 mel
2077 3186 2321 3242 derelicti
2367 3203 2399 3241 a
2429 3186 2674 3253 Domino,
2714 3185 2922 3243 faciunt
2942 3203 3006 3243 ea
3035 3203 3154 3258 quae
3175 3203 3283 3243 non
3308 3202 3528 3259 compe-

259 3293 404 3340 sum.
439 3285 495 3340 Si
523 3295 703 3341 autem
731 3286 837 3342 hoc
861 3286 928 3342 de
950 3286 1260 3355 lugentibus
1299 3286 1518 3352 dicitur,
1573 3283 1703 3356 quid
1748 3281 1843 3338 ﬁet
1868 3285 1914 3350 ο
1946 3283 2083 3342 tunt,
2114 3284 2176 3330 ut
2193 3277 2396 3332 vadant
2416 3285 2539 3346 post
2562 3277 2829 3333 desideria
2854 3279 3032 3334 cordis
3053 3294 3137 3334 Slll
3167 3277 3314 3346 mali,
3342 3279 3407 3334 de
3419 3293 3529 3349 quo

260 3374 328 3437 de
355 3375 643 3440 haereticis,
699 3390 932 3445 quorum
981 3392 1163 3433 sermo
1206 3377 1374 3447 serpit
1421 3384 1482 3430 ut
1530 3389 1750 3440 cancer,
1791 3380 1848 3429 et

262 3465 504 3537 quotidie
553 3476 900 3538 prosternunt
938 3469 994 3524 in
1051 3469 1294 3525 Ecclesia
1351 3469 1544 3525 funera
1595 3469 1847 3538 decepto-

268 3569 390 3610 rum

339 3663 359 3695 ι
396 3642 535 3711 Quia
557 3643 673 3701 haec
694 3645 825 3702 dicit
842 3647 1101 3704 Dominus
1121 3649 1455 3704 exercituum
1474 3648 1616 3703 Deus
1642 3646 1808 3701 Israel
1829 3663 1842 3698 :

269 3752 288 3784 ι
323 3732 468 3789 Ecce
488 3749 588 3806 ego
622 3734 867 3792 auferam
889 3739 956 3792 de
994 3737 1112 3794 loco
1136 3739 1240 3794 isto
1270 3739 1324 3793 in
1351 3737 1521 3794 oculis
1547 3737 1762 3802 vestris,
1793 3744 1848 3791 et

268 3842 287 3874 ι
323 3821 381 3877 in
409 3821 603 3880 diebus
629 3826 826 3882 vestris
853 3841 1044 3881 vocem
1092 3827 1291 3896 gaudii,
1322 3816 1390 3882 et
1411 3841 1600 3882 vocem
1627 3825 1846 3893 laetitiae,

267 3933 287 3966 ι
325 3929 514 3970 vocem
539 3917 742 3986 sponsi,
773 3926 828 3972 et
848 3933 1039 3975 vocem
1061 3933 1291 3990 sponsae.
1317 3918 1527 3974 Etcum
1554 3917 1846 3972 annuntia-

271 4023 290 4058 ι
325 4007 470 4064 veris
523 4009 721 4078 populo
749 4010 875 4066 huic
925 4011 1106 4068 omnia
1133 4012 1295 4066 verba
1342 4011 1477 4076 haec,
1532 4017 1588 4064 et
1613 4008 1852 4064 dixerint

271 4115 288 4146 ι
327 4095 422 4151 tibi
454 4113 467 4150 :
501 4097 684 4166 Quare
729 4099 942 4156 locutus
968 4110 1053 4158 est
1084 4100 1347 4172 Dominus
1378 4114 1540 4172 super
1563 4115 1664 4156 nos
1688 4114 1848 4155 omne

272 4209 291 4242 ι
325 4190 528 4247 malum
580 4194 783 4264 grande
837 4195 1023 4251 istud?
1051 4166 1202 4263 Quae.
1231 4166 1488 4264 iniquitas
1546 4201 1750 4258 nostra,
1793 4182 1850 4248 et

269 4302 286 4332 σ
323 4283 467 4352 quod
512 4295 795 4356 peccatum
835 4296 1103 4355 nostrum,
1157 4287 1302 4357 quod
1355 4286 1700 4358 peccavimus
1737 4284 1845 4340 Do-

268 4394 286 4426 ι
319 4376 467 4432 mino
501 4377 613 4434 Deo
650 4383 882 4436 nostro?
914 4383 1070 4437 Dices
1111 4383 1178 4436 ad
1206 4397 1301 4438 eos
1331 4400 1347 4464 ι
1377 4383 1514 4451 Quia
1539 4383 1844 4454 derelique-

266 4483 285 4515 ι
322 4474 451 4521 runt
499 4483 586 4522 me
627 4479 814 4539 patres
856 4472 1042 4537 vestri,
1088 4473 1165 4527 ait
1193 4471 1492 4530 Dominus:
1521 4483 1577 4529 et
1598 4475 1846 4530 abierunt

267 4577 284 4610 ι
320 4567 443 4628 post
471 4560 602 4617 deos
634 4562 859 4629 alienos,
912 4574 968 4618 et
1005 4565 1309 4621 servierunt
1360 4567 1463 4634 eis,
1493 4575 1549 4621 et
1587 4568 1848 4623 adorave-

1948 3375 2146 3424 exeunt
2173 3370 2526 3440 cogitationes
2577 3371 2825 3440 pessima:
2855 3389 2868 3425 :
2901 3379 2958 3426 et
3008 3371 3209 3427 idcirco
3247 3371 3316 3426 de
3343 3371 3532 3428 Eccle-

1949 3459 2029 3516 sia
2073 3469 2413 3531 separantur,
2466 3469 2524 3514 ut
2571 3461 2773 3516 vadant
2807 3463 2860 3517 in
2905 3470 3107 3517 terram
3155 3462 3528 3534 longinquam,

1949 3568 2112 3623 quam
2155 3567 2256 3608 nec
2283 3552 2386 3622 ipsi
2427 3566 2528 3607 nec
2577 3563 2758 3621 patres
2798 3568 2984 3608 eorum
3027 3562 3313 3617 noverant,
3347 3556 3530 3624 prius-

1949 3658 2112 3712 quam
2149 3651 2476 3714 pec¢arentz
2513 3654 2571 3698 ut
2606 3643 2679 3699 ibi
2728 3644 2968 3700 serviant
3019 3644 3122 3699 diis
3167 3643 3382 3710 alienis,
3433 3647 3527 3714 qui

1949 3750 2057 3790 non
2086 3743 2213 3789 sunt
2255 3734 2353 3800 dii,
2399 3735 2495 3790 sed
2543 3751 2730 3790 eorum
2779 3743 3036 3806 putantur
3063 3750 3270 3802 errore,
3307 3737 3400 3806 qui
3433 3750 3529 3791 eos

1950 3825 2152 3882 colunt.
2178 3825 2330 3893 Quod
2359 3835 2539 3880 autem
2568 3826 2770 3892 intulit,
2801 3826 2888 3881 die
2911 3842 2976 3882 ac
2999 3834 3180 3892 nocte,
3210 3835 3526 3896 perpetuam
3590 3837 3612 3854 °

1949 3917 2286 3988 peccantium
2311 3917 2549 3972 ostendit
2575 3917 2631 3970 in
2651 3917 2853 3972 scelere
2879 3918 3334 3987 perseverantiam
3361 3936 3374 3970 :
3400 3918 3528 3974 dum
3615 3915 3632 3932 ‘

1949 4019 2004 4067 et
2027 4012 2084 4066 in
2111 4011 2298 4068 diebus
2322 4008 2562 4082 flagitiis,
2584 4019 2640 4066 et
2665 4012 2720 4066 in
2749 4011 2998 4068 noctibus
3025 4010 3236 4066 libidini
3261 4011 3525 4066 serviunt.

1954 4124 1973 4157 ι
2009 4104 2114 4172 Qu’i
2151 4120 2258 4159 non
2291 4095 2525 4171 dabunt,
2556 4105 2762 4176 inquit,
2807 4106 2960 4161 vobis
3001 4105 3261 4176 requiem.
3304 4125 3324 4158 ι
3373 4104 3530 4160 Haud

1949 4198 2168 4254 dubium
2195 4197 2326 4269 quin
2354 4196 2521 4253 falsos
2559 4197 2688 4258 deos
2710 4197 2997 4270 significet,
3031 4198 3098 4254 de
3123 4198 3321 4269 quibus
3346 4196 3486 4253 dixit
3509 4213 3525 4251 :

1953 4310 1972 4343 ι
2002 4290 2070 4346 Ει
2091 4289 2339 4347 servietis
2366 4289 2440 4344 ibi
2467 4288 2572 4344 diis
2597 4288 2807 4344 alienis.
2839 4307 2858 4340 ι
2885 4288 3154 4358 Quidquid
3185 4303 3315 4360 ergo
3338 4301 3530 4358 pecca-

1947 4399 2092 4450 mus,
2112 4382 2375 4455 quidquid
2400 4382 2487 4439 die
2507 4388 2561 4438 et
2587 4389 2745 4438 nocte
2765 4379 3013 4448 facimus,
3038 4389 3093 4437 et
3114 4381 3378 4437 malorum
3399 4395 3529 4451 opel-

1947 4490 2066 4529 rum
2088 4484 2485 4545 perpetramus,
2504 4474 2789 4543 imperium
2814 4482 2898 4528 est
2917 4474 3244 4540 daemonum,
3265 4473 3358 4547 qui
3387 4487 3527 4526 nun-

1944 4581 2109 4636 quam
2131 4567 2288 4621 nobis
2308 4565 2440 4620 dant
2454 4565 2716 4633 requiem,
2734 4564 2830 4618 sed
2855 4579 3070 4634 semper
3091 4563 3371 4633 impellunt
3393 4561 3499 4616 deli

265 4665 284 4698 ι
322 4657 451 4703 runt
499 4663 615 4717 eos,
643 4660 700 4707 et
745 4667 834 4708 me
880 4651 1310 4725 dereliquerunt,
1335 4664 1392 4712 et
1443 4657 1619 4729 legem
1668 4671 1847 4712 meam
1869 4650 1924 4710 D
1949 4657 2053 4712 ctis
2088 4669 2287 4726 augere
2312 4653 2527 4720 delicta,
2555 4661 2610 4707 et
2636 4651 2909 4707 cumulum
2950 4651 3132 4707 facere
3156 4658 3527 4722 peccatorum.

261 4812 3526 4845 _——-————————————-——————-—_———_——-—-—Q

333 5276 462 5336 Pius
482 5284 542 5334 et
581 5279 892 5335 misericors
935 5279 1218 5347 Dominus,
1248 5279 1430 5352 justus
1453 5289 1509 5337 et
1535 5297 1716 5350 verus,
1747 5299 1842 5356 pa-

259 5373 404 5430 tiens
426 5380 482 5429 et
511 5373 739 5429 multum
763 5373 1090 5441 misericors,
1139 5373 1320 5431 sciens
1371 5374 1715 5448 fragilitatem
1742 5377 1842 5434 hu-

259 5465 410 5520 mani
438 5466 670 5536 generis,
711 5474 768 5520 et
789 5465 1210 5523 mutabilitatem
1244 5467 1447 5523 terreni
1478 5467 1678 5535 cordis,
1709 5478 1842 5524 tem-

260 5572 393 5626 pora
452 5556 644 5611 miscet
693 5557 1048 5627 temporibus,
1100 5559 1464 5617 blandimenta
1522 5562 1838 5631 terroribus,

262 5647 398 5702 dura
423 5643 652 5712 levibus,
677 5653 734 5701 et
783 5645 906 5700 laeta
951 5647 1196 5706 tristibus
1223 5649 1518 5707 interserit.
1559 5651 1714 5710 Unde
1744 5653 1842 5708 ali-

257 5745 478 5812 quando
547 5741 925 5812 peccatoribus
981 5743 1224 5800 minatur
1277 5763 1498 5818 paanas;
1550 5748 1840 5821 aliquando

264 5848 387 5896 vero
410 5835 622 5908 afﬂictis
641 5837 912 5911 promittit
944 5837 1215 5896 solatium.
1244 5840 1380 5898 Hinc
1405 5851 1508 5911 est,
1541 5843 1686 5914 quod
1708 5859 1832 5899 cum

700 5952 972 6017 ΡΑϊιιοι..
1011 5953 1176 6018 CXI.

1463 4937 1766 5038 LIBER
1823 4956 2324 5040 OCTAVUS.

1946 5287 2239 5358 peccatrici
2266 5284 2466 5343 Judaaae
2507 5285 2765 5342 Dominus
2803 5299 2902 5357 per
2924 5283 3237 5356 prophetam
3273 5283 3330 5338 in
3377 5292 3506 5341 ante

1950 5377 2186 5434 rioribus
2209 5377 2485 5433 mandavit
2511 5377 2722 5432 dicens:
2747 5375 2916 5432 (Ecce
2939 5391 3037 5447 ego
3057 5376 3294 5431 auferam
3323 5375 3390 5431 de
3407 5374 3528 5432 loco

1949 5471 2056 5528 isto
2087 5473 2142 5528 in
2189 5470 2362 5527 oculis
2412 5471 2630 5536 vestris,
2657 5478 2713 5525 et
2742 5470 2798 5526 in
2842 5469 3031 5526 diebus
3082 5469 3277 5526 vestris
3334 5481 3527 5526 vocem

1949 5566 2151 5639 gaudii,
2183 5574 2237 5621 et
2288 5580 2476 5621 vocem
2531 5564 2746 5630 laetitiae,
2788 5580 2974 5621 vocem
3001 5565 3203 5636 Sponsi,
3253 5572 3309 5620 et
3335 5577 3526 5620 vocem

1950 5674 2181 5730 sponsae,
2209 5666 2337 5723 etc.,
2375 5680 2393 5711 ι
2414 5660 2754 5730 postmodum
2782 5659 3164 5715 consolationis
3182 5659 3347 5714 verba
3376 5657 3528 5713 addi-

1947 5752 2027 5809 dit
2054 5770 2066 5806 :
2099 5767 2170 5807 ne
2193 5750 2332 5809 forte
2357 5753 2401 5807 si
2442 5767 2656 5823 semper
2697 5755 2776 5809 eis
2805 5754 2941 5808 dura
2973 5753 3275 5819 mandaret,
3297 5759 3354 5806 et
3383 5764 3523 5804 nun-

1944 5859 2107 5914 quam
2133 5843 2277 5900 lenia
2300 5843 2717 5911 intermisceret,
2742 5843 2796 5900 in
2822 5843 3250 5900 desnerationem
3273 5854 3370 5898 eos
3391 5836 3524 5894 mit~

3019 5953 3098 6019 30
