4008 6340
468 381 572 438 945
1099 379 1162 433 Β.
1202 376 1455 434 ΒΑΒΔΝΙ
1491 374 1710 434 ΜΑΗΒΙ
1741 371 2049 430 ARCHIEP.

2157 369 2408 428 OGUNT.
2448 367 2734 427 OPERUM
2770 367 2952 424 PARS
2988 367 3074 424 Ill.
3626 365 3757 422 9M

468 494 732 549 habemus
759 491 814 546 in
843 490 1018 558 nobis,
1046 490 1280 560 primum
1336 490 1658 560 recipiemus
1712 496 1896 544 nostra
1945 486 2040 541 de-
2067 488 2123 549 Α
2147 483 2374 557 fingunt.
2398 483 2501 552 Qui
2525 484 2669 539 enim
2696 489 2926 554 possunt
2950 481 3207 539 simulare
3227 481 3390 537 alium
3420 490 3756 537 creatorem

465 584 610 640 licta.
646 582 751 638 Sed
777 582 919 639 dicet
966 583 1098 637 mihi
1152 583 1344 653 aliquis
1371 583 1438 638 de
1465 581 1835 637 audientibus:
1865 579 2042 648 Expo—
2142 583 2295 631 extra
2324 573 2695 630 universitatis
2747 573 2938 639 Deum,
2967 572 3132 627 alium
3159 581 3404 628 sanctum
3438 571 3755 643 Spiritum,

465 690 534 729 ne
554 682 609 729 et
634 673 685 728 id
712 673 857 744 quod
886 672 1131 743 sequitur
1159 690 1171 724 :
1213 691 1231 724 ι
1264 672 1530 743 duplices.
1564 690 1585 725 ι
1637 671 1765 726 Esto
1795 671 1992 740 quippe
2023 686 2037 722 :

467 767 712 838 recipere
757 782 845 822 me
895 777 1115 837 peccata
1148 784 1161 820 :
1211 774 1274 820 ut
1319 764 1652 836 compleatur
1697 763 1752 818 id
1797 763 1938 833 quod
1977 760 2045 815 ab

465 856 722 929 Apostolo
752 857 956 912 dictum
1000 864 1086 912 est
1124 855 1176 928 (I
1203 842 1325 910 Cvr.
1375 856 1458 926 ιιι)
1491 873 1504 909 :
1541 873 1559 906 ‹
1611 852 1670 908 Si
1715 851 1866 921 cujus
1909 866 2046 921 opus

467 949 664 1005 arserit
690 949 1073 1005 detrimentum
1097 948 1360 1019 patietur:
1386 947 1502 1018 ipse
1520 954 1698 1001 autem
1720 943 1899 1000 salvus
1920 943 2044 1009 erit,

467 1041 546 1098 sic
559 1050 738 1097 tamen
754 1042 908 1112 quasi
930 1057 1028 1112 per
1050 1041 1247 1110 ignem.
1275 1060 1293 1092 ι
1317 1039 1428 1095 Cur
1445 1054 1576 1094 vero
1596 1037 1829 1108 duplicia
1846 1035 2046 1105 recipio

465 1134 724 1204 peccata?
753 1132 853 1189 Cui
885 1133 1320 1204 respondendum
1351 1140 1435 1187 est
1462 1150 1475 1185 :
1505 1129 1641 1197 Quia
1677 1149 1695 1180 ‹
1736 1143 1926 1184 servus
1955 1126 2048 1196 qui

466 1225 571 1280 scit
588 1224 928 1280 voluntatem
953 1223 1156 1279 domini
1179 1223 1284 1288 sui,
1331 1229 1386 1277 et
1411 1237 1519 1277 non
1548 1219 1680 1276 facit
1705 1234 1850 1284 eam,
1879 1232 2047 1287 vapuf

463 1315 599 1372 labit
617 1315 846 1371 multum
866 1314 1017 1387 (Luc.
1047 1315 1167 1386 xu).
1208 1335 1226 1366 ι
1263 1314 1495 1386 Dignum
1522 1312 1791 1383 siquidem
1826 1318 1910 1365 est
1957 1323 2052 1363 eos

464 1405 556 1475 qui
609 1405 676 1460 de
723 1406 972 1477 gentibus
999 1406 1161 1475 fsunt,
1208 1403 1473 1473 simplicia
1523 1401 1765 1472 recipere
1805 1408 2047 1470 peccata,

462 1502 520 1550 et
573 1510 674 1551 nos
740 1495 973 1567 duplicia
1040 1494 1336 1550 secundum
1404 1493 1720 1564 Apostolum
1783 1492 2050 1547 dicentem

463 1586 655 1659 (Hebr.
680 1587 737 1660 ι)
767 1607 779 1643 :
812 1609 831 1639 ι
860 1588 1177 1645 Voluntarie
1198 1586 1553 1657 peccantibus
1575 1585 1732 1641 nobis
1752 1592 1876 1654 post
1903 1581 2052 1654 agni-

463 1679 668 1737 tionem
732 1680 1000 1747 veritatis,
1053 1678 1170 1747 jam
1227 1679 1368 1733 ultra
1427 1694 1535 1734 non
1586 1685 1833 1732 remanet
1876 1675 2053 1732 hostia

462 1785 560 1842 pro
593 1781 838 1842 peccato.
875 1791 894 1824 ›
919 1770 1219 1844 λΗοιτίιὶίΙὶε
1243 1779 1423 1827 autem
1447 1770 1693 1841 quaedam
1719 1769 2053 1840 exspectatio

2143 663 2310 721 alium"
2336 664 2629 729 Christum,
2663 663 2769 719 alia
2807 663 3004 719 saecula
3051 672 3208 719 extra
3260 664 3377 719 hac
3429 679 3556 734 qua:
3611 678 3758 719 eer-

2145 757 2348 823 nimus,
2372 756 2410 810 ii
2432 755 2680 811 homines
2699 754 2945 810 fecerunt
2973 754 3076 810 sibi
3106 755 3258 822 deos,
3282 763 3339 810 et
3362 755 3757 811 adoraverunt

2145 863 2310 920 opera
2334 863 2589 904 manuum
2611 863 2851 904 suarum.
2883 847 3083 904 Omnes
3104 847 3434 918 philosophi,
3454 849 3558 920 “qui
3581 848 3759 904 varia

2147 938 2398 1010 dogmata
2424 937 2781 1008 prodiderunt
2808 955 2822 991 :
2852 953 3043 993 omnes
3071 938 3331 1002 haeretici,
3362 940 3456 1009 qui
3478 926 3757 996 auctores

2148 1029 2218 1084 ad
2270 1030 2429 1086 aliter
2480 1029 2806 1086 credendum
2855 1030 2921 1084 de
2976 1029 3086 1085 Deo
3138 1030 3355 1086 miseris
3409 1033 3757 1088 mortalibus

2149 1121 2492 1188 exstiterunt,
2509 1121 2754 1177 fecerunt
2777 1120 2882 1176 sibi
2902 1121 3066 1186 idola,
3091 1130 3148 1176 et
3170 1123 3365 1178 animas
3397 1123 3754 1180 voluntatem

2148 1223 2471 1287 putaverunt
2529 1213 2722 1280 Deum,
2773 1222 2828 1270 et
2863 1215 3106 1270 conversi
3149 1214 3512 1271 adoraverunt
3570 1232 3757 1288 opera

2149 1324 2409 1363 manuum
2430 1323 2670 1374 suarum,
2698 1317 2951 1379 putantes
2982 1322 3107 1364 vera
3127 1323 3268 1378 esse,
3295 1325 3416 1381 quae
3439 1311 3752 1368 finxean

2151 1399 2351 1456 Omnes
2377 1400 2543 1470 igitur
2571 1408 2681 1455 tam
2707 1399 2773 1455 de
2797 1400 2998 1457 visibili
3018 1403 3272 1469 materia,
3301 1419 3464 1473 quam
3490 1405 3559 1461 de
3586 1403 3757 1460 falsis

2152 1492 2492 1564 dogmatibus
2521 1491 2786 1564 ﬁngentes
2810 1491 2913 1548 sibi
2938 1494 3087 1561 deos,
3115 1495 3341 1566 corripit
3383 1512 3528 1552 nunc
3557 1513 3755 1553 sermo

2153 1582 2368 1639 divinus
2387 1583 2610 1640 dicens:
2636 1585 2683 1641 si
2728 1583 2894 1641 faciet
2937 1585 3040 1641 sibi
3067 1585 3231 1643 homo
3258 1587 3407 1655 deos,
3429 1598 3487 1644 et
3512 1589 3609 1645 isti
3633 1605 3756 1647 non

2153 1682 2280 1730 sunt
2305 1675 2400 1730 dii.

2231 1789 2249 1822 ι
2280 1769 2488 1826 Idcirco
2515 1785 2646 1827 ecce
2693 1785 2792 1842 ego
2816 1773 3100 1828 ostendam
3139 1772 3220 1829 eis
3247 1788 3346 1844 per
3369 1774 3543 1831 vicem
3575 1777 3752 1842 hanc,

460 1858 652 1930 iudicii
690 1870 747 1916 et
782 1861 926 1933 ignis
965 1879 979 1915 :
1023 1861 1172 1917 zelus
1206 1861 1302 1916 Dei
1355 1863 1600 1918 comedet
1631 1876 1820 1916 omnes
1860 1861 2053 1916 adver—
2078 1843 2126 1904 B
2160 1882 2179 1915 ι
2212 1862 2492 1918 ostendam
2518 1865 2598 1920 eis
2620 1879 2839 1919 manum
2862 1879 3058 1930 meam,
3091 1873 3147 1920 et
3168 1865 3425 1923 virtutem
3451 1883 3665 1934 meam,
3696 1879 3758 1923 et

467 1953 664 2009 sarias.

545 2063 566 2097 ι
594 2043 843 2112 Domine,
869 2044 1126 2102 fortitudo
1147 2061 1288 2111 mea,
1318 2055 1374 2102 et
1406 2046 1571 2102 robur
1595 2059 1797 2110 meum,
1822 2050 1878 2100 et
1903 2043 2051 2098 refu-

473 2161 494 2195 (
530 2144 679 2215 gium
705 2159 886 2199 meum
915 2145 969 2200 in
1015 2147 1101 2201 die
1128 2144 1493 2200 tribulationis
1518 2143 1645 2216 (sive
1680 2141 1988 2212 malorum).
2029 2161 2047 2194 ι

469 2230 745 2306 (Ηὶει-οη.)
778 2232 967 2290 Omnis
1016 2235 1298 2290 hominum
1339 2233 1616 2300 fortitudo,
1671 2234 1788 2288 sine
1814 2232 1912 2287 Dei
1940 2231 2053 2286 vir-

465 2330 601 2389 tute,
635 2340 756 2395 quae
777 2323 1028 2382 Christus
1048 2336 1152 2393 est,
1187 2325 1458 2382 imbecilla
1489 2333 1771 2396 reputatur
1789 2335 1846 2380 et
1875 2323 2051 2380 nihili.

465 2415 623 2472 Unde
671 2416 1090 2489 confugiendum
1119 2419 1188 2474 ad
1216 2419 1389 2474 Deum
1433 2429 1595 2488 atque
1618 2419 1906 2474 dicendum
1928 2426 2010 2473 est
2037 2435 2049 2471 :

472 2526 492 2560 ι
526 2507 772 2576 Domine,
801 2509 1068 2582 refugium
1088 2510 1267 2567 factus
1296 2527 1357 2567 es
1386 2511 1542 2567 nobis
1565 2510 1619 2566 in
1634 2510 1979 2582 generatione
2001 2518 2057 2565 et

427 2599 823 2668 ,generatione
861 2600 1034 2674 (Psal.
1063 2603 1312 2673 Lxxxix).
1353 2624 1371 2656 ι
1400 2603 1468 2658 Et
1493 2603 1548 2657 in
1577 2603 1685 2658 alio
1709 2603 1829 2658 loco
1860 2621 1872 2655 :
1903 2621 1920 2653 ι
1952 2601 2055 2668 Qui

466 2691 679 2747 habitat
731 2692 786 2746 in
834 2691 1103 2762 adjutorio
1139 2694 1426 2760 Altissimi,
1480 2695 1537 2748 in
1572 2693 1908 2765 protectione
1958 2691 2056 2747 Dei

465 2779 592 2836 οωιι
635 2783 1065 2838 commorabitur
1114 2781 1289 2857 (Psal.
1329 2784 1440 2858 xc).
1479 2805 1499 2838 ι
1528 2785 1654 2842 Dies
1680 2794 1860 2840 autem
1890 2784 2058 2840 tribu-

464 2868 685 2926 lationis
723 2871 840 2927 sive
881 2874 1170 2940 malorum,
1216 2875 1306 2930 illa
1340 2874 1687 2948 intelligenda
1711 2884 1796 2932 est
1835 2875 1903 2930 de
1949 2889 2056 2944 qua

466 2956 602 3012 dicit
649 2967 706 3012 et
747 2959 1040 3030 Apostolus
1074 2980 1086 3014 :
1116 2959 1261 3032 (Gal.
1305 2961 1372 3035 ι.)
1408 2982 1428 3016 ‹
1464 2963 1538 3018 Ut
1581 2963 1813 3034 eriperet
1860 2977 1959 3016 nos
1991 2963 2058 3017 de

463 3051 720 3119 praesenti
749 3053 945 3107 saeculo
973 3069 1240 3124 nequam;
1266 3074 1285 3107 ι
1317 3062 1375 3110 et
1407 3074 1425 3106 ι
1448 3053 1794 3110 Redimentes
1823 3062 2055 3124 tempus,

465 3141 722 3210 quoniam
743 3142 859 3198 dies
889 3143 1017 3199 mali
1047 3154 1176 3199 sunt
1197 3143 1414 3216 (Ephes.
1433 3144 1512 3219 v).

2159 1972 2177 2004 ι
2216 1952 2389 2008 scient
2413 1953 2670 2023 quoniam
2696 1969 2894 2010 nomen
2937 1955 3070 2010 mihi
3100 1955 3379 2012 Dominus.
3413 1979 3431 2010 ι
3464 1957 3755 2030 (Hier-on.)

2153 2042 2343 2098 Manus
2372 2043 2486 2110 Dei,
2508 2058 2606 2114 per
2631 2059 2797 2114 quam
2823 2053 3015 2100 cuncta
3035 2056 3291 2116 operatus
3317 2056 3401 2103 est
3423 2066 3436 2102 :
3465 2057 3524 2103 et
3544 2050 3750 2115 virtus,

2155 2135 2220 2190 de
2241 2150 2349 2204 qua
2377 2134 2512 2189 dixit
2538 2135 2829 2206 Apostolus
2851 2134 2903 2208 (ι
2937 2135 3060 2192 Cor.
3085 2139 3126 2200 ι)
3153 2157 3166 2194 :
3204 2159 3223 2192 ι
3249 2138 3495 2196 Christus
3509 2142 3608 2197 Dei
3637 2145 3755 2198 vir-

2157 2235 2260 2292 tus,
2291 2236 2345 2282 et
2365 2226 2458 2282 Dei
2483 2227 2766 2297 sapientia.
2799 2248 2818 2281 ι
2847 2229 3151 2284 ostenditur
3180 2232 3430 2300 gentibus
3467 2233 3588 2287 Filii
3621 2250 3756 2305 pas-

2155 2317 2308 2371 sione
2338 2317 2625 2386 completa.
2674 2317 3015 2388 Pulchreque
3059 2319 3233 2374 dixit:
3279 2340 3297 2372 ι
3337 2320 3638 2377 Ostendam
3670 2326 3756 2380 eis

2153 2424 2250 2480 per
2294 2410 2468 2466 vicem
2517 2409 2690 2477 hanc;
2731 2430 2750 2464 ι
2793 2412 3076 2467 ostendam
3133 2421 3316 2469 autem
3357 2413 3671 2481 manifeste,
3699 2426 3755 2471 et

2154 2514 2263 2555 non
2292 2508 2354 2554 ut
2376 2499 2528 2571 prius
2558 2500 2614 2555 in
2635 2500 2850 2567 umbra,
2878 2509 2933 2556 et
2953 2502 3209 2574 imagine,
3237 2510 3294 2557 et
3311 2505 3571 2559 vaticiuio
3597 2504 3757 2560 futu-

2186 2609 2342 2649 orum
2389 2611 2404 2648 :
2449 2602 2512 2649 ut
2554 2603 2842 2665 postquam
2886 2596 3260 2667 cognoverint,
3315 2598 3489 2653 sciant
3544 2614 3752 2656 nomen

2157 2702 2356 2754 meum,
2405 2687 2731 2759 audientque
2767 2705 2798 2743 a
2844 2687 2981 2744 Filio
3025 2708 3039 2742 :
3092 2707 3111 2741 ι
3170 2690 3351 2758 Pater,
3391 2693 3750 2750 manifestavi

2158 2793 2356 2834 nomen
2378 2787 2528 2835 tuum
2551 2779 2858 2836 hominibus
2889 2778 3073 2853 (Joan.
3103 2781 3261 2856 xvn).
3301 2803 3320 2836 ι

2730 2935 2956 2993 CAPUT
3001 2936 3162 2994 XVII.

2158 3067 2250 3145 De
2265 3069 2609 3145 obstinatione
2629 3069 2944 3145 Judworym
2982 3073 3360 3145 .fmaledicitur
3397 3076 3487 3145 qui
3523 3077 3750 3144 conﬁdit

2231 3139 2287 3215 in
2313 3141 2551 3215 nomine;
2573 3143 2681 3215 qui
2729 3143 2784 3196 in
2835 3141 2945 3215 Deo
2981 3144 3329 3215 benedicimr;
3363 3139 3426 3198 de
3454 3139 3750 3215 perditione

541 3233 680 3288 εΑά
741 3242 793 3290 ιε
841 3244 1030 3305 gemes
1075 3209 1296 3296 νεηίέεηὶ
1344 3236 1414 3290 ab
1466 3209 1727 3293 éxtremis
1775 3245 1952 3304 terra.
2002 3244 2060 3292 ει
2082 3210 2129 3274 ο
2229 3209 3278 3308 έῗξίέῨῗίῖἰίῖἕῖδξῖπῗῖῗέἓξξῗέἶῖίῗὶἮέἿί
3311 3209 3468 3285 We"
3490 3217 3749 3308 ρορυιιιξη

469 3343 489 3378 ι
525 3325 734 3382 dicent:
755 3327 894 3382 Vere
922 3328 1262 3383 mendacium
1281 3327 1637 3397 possederunt
1658 3337 1842 3398 patres
1861 3328 2051 3392 nostri,

469 3433 490 3468 ι
523 3417 821 3472 vanitatem
857 3434 977 3489 quae
1000 3419 1080 3474 eis
1132 3433 1241 3474 non
1283 3417 1505 3488 profuit.
1543 3439 1562 3471 ι
1600 3418 1744 3473 LXX
1784 3436 1796 3469 :
1839 3438 1857 3470 ‹
1888 3419 1970 3472 Ad
2001 3425 2056 3472 te

469 3527 489 3560 ‹
526 3518 712 3581 gentes
737 3511 960 3566 venient
985 3511 1053 3567 ab
1072 3512 1332 3568 extremis
1369 3520 1550 3579 terra},
1579 3522 1634 3568 et
1660 3512 1841 3568 dicent
1865 3531 1877 3566 :
1904 3512 2052 3580 Quo-

467 3621 486 3653 ι
522 3604 684 3658 modo
705 3601 842 3658 falsa
869 3604 1230 3674 possederunt
1249 3612 1431 3675 patres
1457 3604 1633 3660 nostri
1658 3604 1819 3670 idola,
1862 3611 1917 3659 et
1944 3619 2054 3658 non

469 3709 488 3742 ι
525 3700 610 3748 est
639 3693 694 3746 in
723 3693 803 3747 eis
835 3693 1077 3749 utilitas?
1111 3713 1130 3746 ι
1179 3693 1476 3765 Postquam
1506 3696 1711 3766 ejectus
1736 3704 1820 3750 est
1863 3694 2050 3762 Israel,

451 3771 520 3835 et
546 3795 577 3832 a
600 3781 964 3847 piscatoribus
1011 3785 1468 3856 venatoribusque
1509 3787 1826 3851 translatus,
1856 3802 2051 3842 conse-

466 3877 701 3940 quenter
729 3883 956 3929 vocatur
980 3875 1048 3931 ad
1070 3875 1231 3932 fidem
1253 3878 1493 3949 gentium
1514 3877 1820 3944 multitudo,
1848 3886 1903 3933 et
1925 3894 2053 3933 con-

462 3959 650 4017 ﬁtetur
679 3977 737 4019 se
765 3965 877 4020 sive
897 3975 1083 4036 patres
1124 3983 1252 4023 suos
1279 3969 1335 4023 in
1361 3969 1542 4040 priore
1568 3986 1754 4025 errore
1785 3979 2048 4026 versatos.

459 4050 664 4126 (0rig.)
694 4054 925 4122 Quinam
973 4057 1084 4126 isti,
1121 4060 1215 4128 qui
1249 4061 1474 4116 veniunt
1496 4061 1564 4116 ab
1590 4062 1890 4117 extremis?
1915 4061 2055 4117 Sunt

463 4143 558 4198 alii
584 4145 747 4215 primi
773 4155 952 4215 terrae,
986 4156 1112 4206 sunt
1132 4150 1224 4204 alii
1251 4151 1553 4206 novissimi.
1577 4151 1679 4218 Qui
1703 4159 1829 4207 sunt
1852 4152 2052 4222 primi?

427 4235 430 4250 λ
459 4231 750 4307 Sapientes
763 4239 969 4306 saeculi,
991 4240 1217 4305 nobiles,
1238 4241 1456 4306 divites,
1470 4241 1778 4310 optimates.
1804 4241 1905 4308 Qui
1927 4251 2053 4297 sunt

457 4327 732 4382 extremi?
779 4328 953 4384 Stulta
1008 4331 1193 4385 mundi
1249 4330 1412 4401 elegit
1461 4331 1622 4396 Deus,
1671 4340 1732 4386 ut
1757 4331 2054 4387 confundat

431 4413 647 4480 fortia,
669 4423 724 4470 et
747 4431 833 4483 ea,
856 4435 976 4489 qua:
1023 4435 1131 4475 non
1157 4429 1332 4487 erant,
1361 4429 1424 4475 ut
1473 4421 1740 4489 destruat,
1775 4439 1896 4494 qua:
1927 4433 2054 4480 sunt

421 4531 426 4533 Α
455 4500 512 4576 (ι
545 4500 668 4557 Cor.
706 4505 810 4576 ιιι).
863 4524 881 4557 ι
918 4507 1152 4564 Venient
1191 4519 1378 4582 gentes
1404 4511 1474 4566 ab
1505 4499 1780 4568 extremis
1812 4522 1992 4582 terrae,
2023 4535 2044 4570 ι

419 4611 424 4614 ·
453 4596 615 4666 quasi
655 4593 854 4652 dixerit
890 4617 902 4653 :
927 4599 1010 4656 Ab
1034 4601 1120 4657 bis
1147 4591 1482 4670 hominibus?
1495 4604 1587 4674 qui
1614 4607 1894 4662 novissimi
1923 4618 2049 4663 sunt

419 4692 426 4722 '-
454 4703 618 4759 super
641 4690 935 4757 terram,de
967 4691 1149 4758 fatuis,
1181 4695 1246 4749 de
1277 4695 1619 4766 ignobilibus,
1651 4696 1718 4752 dc
1745 4696 1968 4766 abjectis
1996 4707 2051 4754 et

421 4778 674 4835 dicent:
718 4800 738 4832 ‹
773 4781 1053 4849 Quomodo
1092 4784 1227 4840 falsa
1263 4789 1622 4856 possederunt
1664 4799 1848 4861 patres
1876 4793 2049 4846 nostri

457 4869 772 4938 simulacra,
793 4888 893 4929 nec
916 4883 1001 4930 est
1030 4875 1086 4929 in
1107 4875 1213 4931 illis
1241 4878 1481 4934 utilitas?
1516 4899 1535 4930 ι
1566 4896 1672 4935 non
1699 4883 1823 4951 quia
1847 4890 1902 4936 et
1922 4897 2048 4936 vera

415 4963 566 5017 'sint
617 4963 779 5030 idola,
834 4967 902 5021 ad
966 4982 1195 5037 quorum
1256 4968 1658 5028 distinctionem
1711 4990 1855 5028 nunc
1912 4973 2047 5029 falsa

425 5055 750 5108 dicuntur:
785 5056 881 5111 sed
937 5058 1097 5125 idola,
1151 5074 1271 5130 quae
1319 5061 1456 5117 falsa
1503 5072 1630 5118 sunt
1658 5078 1757 5134 per
1791 5072 2040 5118 naturam

454 5145 602 5200 nulla
629 5158 710 5200 est
740 5147 792 5200 in
815 5148 895 5202 eis
923 5149 1148 5205 utilitas.
1639 5141 1653 5156 ’

534 5256 552 5288 ‹
591 5236 843 5308 Nunquid
867 5238 1032 5298 faciet
1055 5243 1158 5298 sibi
1201 5244 1361 5301 homo
1391 5247 1543 5312 deos,
1572 5254 1628 5301 et
1651 5246 1753 5315 ipsi
1779 5262 1888 5302 non
1913 5256 2040 5303 sunt

459 5348 478 5380 ι
514 5327 624 5382 dii?
660 5348 677 5379 ι
713 5328 984 5402 (Ηὶενοη.)
1010 5333 1078 5388 Et
1103 5335 1207 5392 hoc
1241 5345 1428 5408 gentes
1450 5337 1763 5407 loquuntur,
1794 5354 1915 5409 quae
1941 5353 2038 5394 ve-

452 5430 655 5476 nerunt
674 5423 740 5478 ad
764 5423 1104 5485 Salvatorem
1126 5431 1194 5485 ab
1213 5430 1471 5484 extremis
1493 5439 1673 5498 terrae,
1693 5433 2041 5506 suggillantes

452 5512 822 5586 ignorantiam
851 5529 958 5576 tam
989 5539 1141 5578 suam
1183 5538 1343 5592 quam
1370 5523 1635 5594 majorum
1660 5542 1904 5597 suorum,
1932 5546 2040 5601 qua

451 5613 864 5678 putaveruntab
901 5616 1120 5672 homine
1148 5616 1264 5671 fieri
1292 5617 1440 5684 deos,
1488 5635 1608 5674 cum
1641 5621 1735 5676 Dei
1762 5623 1834 5677 sit
1861 5622 2038 5677 homi—

451 5713 550 5754 nes
576 5698 776 5760 facere.
809 5704 1013 5778 (Orig.)
1057 5706 1175 5763 Non
1200 5707 1375 5765 solum
1421 5711 1487 5767 de
1514 5714 1789 5784 corporeis
1820 5715 2040 5771 simula-

449 5792 559 5849 cris
579 5792 786 5852 faciunt
815 5797 918 5855 sibi
950 5798 1195 5856 homines
1232 5801 1385 5870 deos,
1411 5803 1507 5860 sed
1526 5814 1581 5860 et
1610 5805 1673 5862 de
1709 5806 1870 5863 corde
1911 5822 2038 5863 con-

2228 3291 2584 3348 peccalorem;
2614 3282 2677 3338 de
2699 3282 3052 3337 observatione
3073 3283 3294 3338 sabbati.

2235 3430 2254 3463 ‹
2275 3412 2561 3469 Peccatum
2581 3413 2718 3470 Juda
2740 3415 3000 3485 scriptum
3023 3426 3106 3473 est
3127 3419 3266 3490 stylo
3293 3419 3469 3476 ferreo
3490 3420 3544 3476 in
3566 3437 3751 3492 ungue

2164 3522 2183 3554 ι
2216 3504 2592 3572 adamantino,
2638 3514 2921 3562 exaratum
2970 3523 3132 3579 super
3180 3509 3517 3566 latitudinem
3561 3514 3750 3571 cordis

2165 3615 2182 3646 ι
2217 3611 2407 3652 eorum
2435 3596 2561 3669 (sive
2590 3598 2644 3652 in
2671 3607 2890 3669 pectore
2912 3600 3092 3656 cordis
3119 3602 3356 3674 eorum),
3397 3613 3452 3658 et
3476 3605 3533 3659 in
3555 3608 3747 3662 corni-

2162 3709 2180 3742 c
2211 3690 2313 3745 bus
2338 3690 2591 3745 altarium
2619 3690 2748 3762 (sive
2796 3691 3037 3763 ararum)
3057 3707 3278 3750 eorum.
3310 3714 3330 3747 ι
3364 3693 3444 3751 De
3470 3697 3747 3767 gentibus,

2157 3796 2277 3851 quae
2301 3781 2366 3835 ad
2412 3781 2697 3837 Dominum
2752 3798 3028 3840 converse
3074 3783 3311 3853 fuerant,
3344 3803 3507 3858 supra
3537 3789 3749 3844 dictum

2156 3881 2240 3929 est
2264 3890 2276 3926 :
2305 3891 2323 3924 ‹
2346 3872 2486 3929 Ecce
2505 3888 2606 3944 ego
2633 3875 2916 3931 ostendam
2943 3876 3022 3931 eis
3042 3892 3139 3947 per
3167 3878 3341 3934 vicem
3371 3880 3534 3946 hanc,
3561 3892 3722 3936 osten

2155 3963 2281 4018 dam
2299 3963 2379 4020 eis
2405 3980 2623 4020 manum
2649 3979 2848 4033 meam,
2871 3977 2927 4023 et
2945 3968 3200 4025 virtutem
3223 3986 3433 4027 meam:
3457 3992 3475 4024 ι
3501 3988 3648 4029 nunc
3675 3973 3749 4030 de

2155 4054 2344 4122 Israel,
2370 4056 2462 4126 qui
2492 4054 2734 4125 abiectus
2770 4066 2874 4126 est,
2917 4057 3193 4129 loquitur:
3233 4081 3252 4114 ι
3287 4061 3576 4120 Peccatum
3603 4062 3747 4119 Juda

2154 4147 2292 4219 stylo
2310 4147 2488 4204 ferreo
2515 4148 2774 4219 scriptum
2802 4157 2886 4206 est
2910 4150 2965 4206 in
2986 4166 3166 4222 ungue
3189 4153 3553 4221 adamantina,
3584 4175 3605 4207 ι
3632 4163 3742 4211 etc.

2155 4239 2310 4308 Quod
2329 4231 2480 4297 cura
2503 4242 2648 4296 LXX
2669 4244 3093 4314 praetermissum
3127 4247 3196 4301 sit
3216 4247 3420 4314 nescio,
3451 4248 3552 4303 nisi
3575 4247 3739 4304 forsi-

2154 4342 2248 4388 tan
2270 4343 2630 4404 pepercemnt
2657 4335 2855 4408 populo
2887 4351 3016 4403 suo;
3050 4337 3192 4392 sicut
3245 4345 3300 4392 et
3348 4337 3404 4393 in
3455 4337 3592 4394 Isaia
3642 4354 3740 4395 eos

2153 4426 2350 4481 fecisse
2379 4426 2724 4483 manifestum
2753 4435 2872 4483 est:
2907 4447 2927 4478 ‹
2953 4427 3228 4495 Quiescite
3253 4439 3383 4500 ergo
3405 4431 3474 4484 ab
3495 4429 3733 4494 hemine,

2155 4516 2308 4586 cujus
2335 4517 2555 4588 spiritus
2584 4519 2638 4574 in
2667 4517 2890 4574 naribus
2917 4517 3055 4589 ejus,
3101 4521 3226 4590 quia
3251 4519 3496 4575 excelsus
3520 4528 3737 4591 reputa-

2155 4618 2242 4667 tus
2269 4620 2354 4668 est
2369 4612 2485 4683 ipse
2521 4610 2654 4682 (Isa.
2686 4611 2748 4682 ιι)
2784 4629 2796 4664 :
2833 4631 2850 4662 ι
2883 4609 3159 4681 multaque
3203 4611 3592 4682 hujuscemodi,
3616 4627 3735 4682 qua:

2154 4705 2201 4760 si
2227 4705 2449 4761 voluero
2487 4711 2683 4759 cuncta
2729 4704 2998 4773 digerere,
3055 4719 3162 4758 non
3211 4703 3386 4758 dicam
3438 4704 3593 4770 libro,
3639 4703 3732 4758 sed

2121 4793 2123 4796 ’
2155 4795 2308 4851 libris
2329 4811 2465 4866 opus
2493 4795 2615 4848 erit.
2648 4793 2901 4850 Gentium
2952 4804 3174 4864 peccata
3211 4795 3386 4851 deleta
3429 4805 3574 4861 sunt,
3605 4796 3728 4865 quia

2153 4901 2427 4942 conversa:
2461 4886 2529 4940 ad
2549 4884 2857 4952 Dominum,
2895 4885 2965 4940 ab
2985 4886 3244 4941 extremis
3269 4894 3429 4941 terras
3449 4886 3730 4940 audieth

2152 4979 2321 5034 illud:
2354 4998 2372 5030 ι
2409 4977 2650 5033 Laudate
2696 4978 3006 5045 Dominum,
3041 4989 3230 5034 Omnes
3273 4986 3490 5050 gentes;
3519 4978 3728 5033 laudate

2151 5086 2300 5137 eum,
2331 5085 2522 5125 omnes
2544 5069 2727 5141 populi
2757 5089 2770 5124 :
2798 5071 2924 5142 quia
2957 5071 3273 5126 confirmata
3297 5079 3385 5128 est
3430 5086 3592 5142 super
3629 5085 3730 5126 nos

2151 5164 2528 5220 misericordia
2555 5162 2693 5243 ejus,
2730 5172 2786 5220 et
2810 5166 3013 5221 veritas
3042 5165 3255 5222 Domini
3285 5173 3468 5221 manet
3489 5166 3544 5220 in
3569 5175 3725 5222 atter-

2148 5272 2277 5311 num
2300 5254 2472 5328 (Psal.
2498 5257 2668 5326 cxvr).
2700 5275 2718 5308 ι
2745 5256 2813 5311 Ει
2840 5258 2906 5312 de
2925 5257 3124 5327 quibus
3147 5259 3358 5314 dixerat
3376 5258 3445 5314 ad
3466 5257 3723 5329 Moysen:

2154 5367 2172 5400 ι
2208 5349 2426 5403 Dimitte
2459 5364 2565 5416 me,
2603 5357 2664 5404 ut
2688 5348 3011 5406 interﬁciam
3039 5351 3291 5424 populum
3330 5353 3512 5417 istum,
3549 5361 3603 5408 et
3641 5351 3725 5409 fa-

2146 5440 2287 5495 ciam
2317 5447 2368 5494 te
2396 5440 2450 5494 in
2474 5448 2688 5512 gentem
2727 5456 2980 5513 magnam
3013 5441 3208 5514 (Exod.
3242 5445 3434 5515 χχιιι).
3476 5464 3495 5496 ι
3528 5443 3730 5501 Pecca-

2145 5540 2260 5587 tum
2282 5541 2463 5588 autem
2490 5531 2627 5588 Juda
2652 5532 2962 5601 indelebile,
2982 5541 3167 5604 atque,
3185 5544 3245 5589 ut
3265 5535 3340 5590 ita
3361 5536 3559 5602 dicam,
3581 5534 3726 5598 nulla

2145 5625 2354 5681 ratione
2373 5625 2711 5690 abolendum,
2738 5627 3000 5697 scriptum
3021 5635 3105 5682 est
3128 5626 3266 5698 stylo
3283 5627 3459 5683 ferreo
3479 5629 3535 5683 in
3549 5642 3726 5698 ungue

2143 5715 2510 5783 adamantino,
2529 5730 2649 5786 quae
2669 5713 2934 5772 llcbraice
2955 5716 3153 5773 dicitur
3163 5725 3332 5779 mm
3348 5718 3602 5783 schamir,
3618 5731 3724 5773 non

2143 5824 2248 5878 quo
2278 5807 2416 5865 ullus
2444 5807 2639 5880 unguis
2686 5808 2778 5877 sit,
2809 5807 2902 5879 qui
2929 5807 3228 5882 appellatur
3265 5819 3448 5874 Ἵνα),
3495 5810 3590 5867 sed
3617 5815 3724 5880 quo
