4008 6340
390 328 494 386 ὓιό

1289 317 1649 377 EXPOSITIO
1683 319 1910 378 SUPER
1946 319 2310 378 JEREMIAM.
2351 351 2420 360 -—
2454 321 2580 378 LIB.
2620 323 2748 378 Vlll.

3530 327 3634 386 946

387 442 542 515 lapis.
563 440 960 524 adamantinus,
987 439 1078 508 qui
1107 452 1170 493 ex
1199 451 1265 493 eo
1290 439 1432 507 quod
1459 437 1751 493 indomitus
1796 437 1867 493 sit
1905 445 1960 493 et
1984 437 2038 500 Α
2063 437 2117 493 in
2151 437 2343 508 gloria,
2375 447 2689 508 peccatores
2726 454 2854 494 vero
2883 441 2938 494 in
2980 441 3321 511 opprobrium
3353 450 3407 496 et
3440 441 3632 498 confu-

389 534 781 606 infrangibilis,
806 533 909 588 hoc
959 546 1153 586 nomen
1200 530 1432 600 accepit,
1469 539 1676 585 tantum
1724 531 1956 586 nitorem

388 625 586 686 habeat
629 634 684 682 et
727 626 1020 687 levitatem,
1075 630 1135 677 ut
1172 621 1375 692 absque
1421 621 1530 676 ullo
1573 623 1959 692 impedimento

384 720 554 778 scribi
579 719 752 790 possit
794 719 848 774 in
875 733 940 773 eo
969 715 1108 788 stylo
1134 715 1340 780 ferreo;
1369 722 1430 770 ut
1471 715 1604 770 dura
1633 714 1761 770 ferri
1788 721 1960 769 mate-

384 812 494 868 ries
523 810 724 869 scribat
756 809 812 864 in
839 805 1043 862 duriori
1093 805 1274 860 tabula
1327 805 1694 870 adamantina,
1717 810 1772 858 et
1801 803 1959 858 duret

387 904 526 974 quod
550 901 808 972 scriptum
826 906 910 955 est
933 898 986 952 in
1014 906 1352 968 perpetuum.
1375 895 1480 966 Ipsi
1510 896 1653 949 enim
1683 894 1955 972 dixerunt,

390 1015 410 1048 ‹
441 995 671 1065 Sanguis
695 990 810 1062 ejus
833 1006 996 1062 super
1009 1004 1106 1044 nos
1133 999 1186 1044 et
1209 1004 1368 1059 super
1389 987 1526 1042 ﬁlios
1548 993 1781 1042 nostros.
1806 1005 1824 1036 ›
1853 984 1958 1040 Per

367 1085 578 1159 stylum
615 1099 742 1154 ergo
777 1083 1013 1138 ferreum
1055 1079 1212 1135 fortis
1253 1079 1553 1142 sententia,
1591 1092 1689 1148 per
1721 1091 1954 1146 unguem

379 1192 510 1234 vero
537 1175 940 1232 adamantinum
971 1173 1214 1243 signatur
1243 1170 1367 1225 ﬁnis
1390 1178 1642 1224 aeternus.
1664 1167 1954 1224 Peccatum

379 1284 509 1325 vero
525 1267 554 1323 J
559 1268 674 1324 udae
687 1267 826 1338 stylo
849 1265 1024 1320 ferreo
1037 1264 1103 1318 in
1126 1277 1304 1334 ungue
1324 1260 1672 1316 adamantina
1693 1257 1954 1328 scriptum

381 1363 600 1428 dicitur,
623 1361 749 1431 quia
777 1359 930 1429 culpa
947 1357 1385 1424 Judaaarum,per
1410 1353 1603 1408 fortem
1627 1352 1722 1406 Dei
1737 1359 1955 1406 senten-

381 1455 509 1509 tiam
541 1454 595 1508 in
646 1452 752 1506 ﬁne
783 1461 1034 1507 servatur
1061 1448 1292 1503 inﬁnito.
1332 1445 1485 1502 Unde
1511 1451 1813 1509 exaratum,
1840 1443 1960 1498 sive.

359 1544 705 1614 insculptum
743 1550 827 1597 est
874 1543 929 1597 in
975 1540 1228 1596 carnibus
1277 1537 1549 1600 altarium,
1599 1535 1682 1589 vel
1733 1546 1952 1590 ararum

380 1645 693 1692 eorumzut
719 1650 883 1706 opera
931 1633 1196 1701 sacrilegii
1242 1632 1296 1686 in
1343 1638 1600 1685 aeternam
1631 1628 1951 1683 memoriam

378 1737 750 1799 perseverent.
800 1727 858 1782 Si
905 1735 1084 1780 autem
1125 1725 1226 1779 hoc
1266 1723 1341 1778 ita
1371 1730 1475 1785 est,
1505 1719 1597 1775 ubi
1631 1719 1783 1784 illud,
1807 1717 1950 1789 quod

379 1836 516 1876 anus
545 1821 713 1876 delira
739 1819 1016 1888 conﬁngit,
1045 1830 1202 1886 posse
1245 1814 1518 1869 hominem
1567 1813 1682 1868 sine
1723 1819 1950 1881 peccato

378 1923 516 1977 esse,
548 1911 591 1966 si
623 1910 769 1974 velit,
809 1918 862 1963 et
914 1907 1088 1962 facilia
1136 1906 1231 1960 Dei
1274 1919 1394 1960 esse
1433 1903 1704 1957 mandata.
1751 1900 1950 1972 (0rig.)

381 1989 645 2069 Quoniam
671 2001 834 2073 igitur
860 1998 1072 2054 difﬁcile
1093 2006 1177 2053 est
1201 1997 1430 2066 aliquem
1469 2010 1528 2051 se
1558 1993 1756 2048 malum
1785 1993 1952 2048 conﬁ-

376 2095 500 2160 teri,
531 2096 650 2150 ideo
677 2092 868 2158 Judaei,
899 2092 989 2162 qui
1034 2090 1363 2160 exemplaria
1393 2086 1647 2142 nonnulla
1689 2084 1951 2139 falsarunt

375 2188 538 2242 etiam
586 2187 644 2241 in
685 2186 786 2241 hac
834 2184 952 2240 loco
980 2198 1079 2253 pro
1106 2189 1329 2253 peccato
1357 2179 1513 2245 Juda,
1541 2187 1824 2248 peccatum
1858 2191 1951 2231 eo—

374 2292 494 2331 rum
534 2283 848 2346 posuerunt.
903 2272 1008 2328 Sed
1056 2273 1102 2328 si
1154 2269 1454 2343 ﬁguraliter
1501 2268 1832 2333 consideres,
1887 2275 1950 2321 ut

372 2382 514 2436 szepe
538 2366 872 2421 ostendimus
913 2364 1105 2420 Judam
1149 2362 1421 2418 Christum
1468 2359 1793 2430 nuncupari,
1836 2358 1948 2414 for-

373 2457 513 2511 sitan
539 2465 820 2525 peccatum
843 2454 978 2510 Juda
1002 2462 1282 2524 peccatum
1310 2461 1556 2509 nostrum
1579 2459 1683 2517 est,
1711 2451 1804 2520 qui
1827 2465 1948 2506 cre-

371 2547 548 2602 dimus
578 2547 631 2601 in
659 2547 936 2601 Christum
962 2546 1027 2600 de
1053 2546 1196 2601 tribu
1235 2543 1393 2610 Juda,
1425 2551 1482 2599 et
1507 2558 1575 2598 ex
1604 2541 1721 2610 ejus
1749 2556 1947 2597 secun-

347 2635 498 2694 ‘dum
535 2654 753 2694 carnem
800 2639 969 2708 stirpe
1022 2647 1353 2694 nascentem.
1396 2635 1455 2691 Si
1498 2645 1678 2691 autem
1711 2635 1949 2691 volueris

369 2734 632 2791 sacratius
654 2733 953 2804 intelligere
974 2732 1040 2786 de
1060 2731 1335 2802 proditore
1357 2729 1493 2785 Juda
1518 2730 1743 2796 dictum,
1775 2748 1796 2782 ι
1822 2743 1950 2800 pec-

369 2834 548 2882 catum
573 2824 707 2879 Juda
739 2823 1001 2892 scriptum
1030 2822 1170 2892 stylo
1200 2820 1376 2876 ferreo
1405 2823 1458 2875 in
1487 2836 1664 2892 ungue
1691 2821 1949 2875 adaman-

371 2909 502 2982 tina,
531 2915 796 2984 sculptum
823 2928 986 2985 super
1023 2921 1214 2984 pectus
1245 2913 1424 2968 cordis
1452 2927 1638 2968 eorum
1673 2930 1686 2966 :
1726 2932 1746 2965 ι
1782 2927 1946 2984 repu-

368 3010 553 3081 gnabit
578 3010 671 3064 tibi
701 3009 846 3079 quod
869 3007 1133 3078 sequitur,
1157 3025 1175 3058 ‹
1199 3006 1417 3061 Eorum.
1443 3025 1462 3059 ι
1495 3005 1685 3076 Igitur,
1702 3012 1762 3059 ut
1782 3019 1945 3075 supra

368 3102 600 3156 diximus
625 3119 637 3154 :
664 3116 826 3172 super
846 3116 967 3167 nos,
1009 3101 1098 3171 qui
1140 3115 1427 3170 peccamus
1452 3100 1555 3153 ista
1597 3097 1944 3162 conveniunt,

2059 526 2265 587 sionem
2288 535 2562 583 retentam.

2136 638 2156 671 ‹
2190 620 2324 675 Cum
2349 621 2616 677 recordati
2660 621 2862 677 fuerint
2911 621 3004 677 ﬁlii
3035 638 3222 679 eorum
3260 638 3475 680 ararum
3507 638 3634 680 sua-

2065 729 2086 762 ‹
2122 727 2265 777 rum,
2307 720 2363 767 et
2413 712 2676 778 lucorum,
2740 714 3113 785 lignorumque
3164 715 3526 772 frandentium
3574 717 3630 772 in

2064 820 2083 852 ‹
2122 801 2395 858 montibus
2423 803 2676 870 excelsis,
2705 805 3074 862 sacriﬁcantes
3113 807 3170 862 in
3218 823 3350 879 agro
3379 826 3393 862 :
3419 808 3633 866 fortitu-

2063 911 2082 945 ι
2121 895 2299 950 dinem
2327 904 2493 960 tuam,
2518 905 2572 950 et
2608 911 2795 955 omnes
2829 900 3112 955 thesauros
3138 908 3258 956 tuos
3285 902 3340 956 in
3369 901 3631 972 direptio-

2064 1003 2082 1035 ι
2118 999 2242 1038 nem
2273 985 2432 1051 dabo,
2451 988 2667 1044 excelsa
2694 998 2781 1043 tua
2803 999 3022 1062 propter
3047 1002 3267 1062 peccata
3291 993 3343 1047 in
3365 994 3634 1050 universis

2064 1091 2081 1124 ε
2121 1074 2316 1131 ﬁnibus
2334 1077 2440 1132 tuis
2463 1092 2478 1131 :
2503 1087 2561 1134 et
2591 1079 2915 1150 relinqueris
2940 1083 3051 1136 sala
3085 1083 3154 1137 ab
3183 1084 3496 1140 haereditate
3517 1093 3629 1150 tua,

2063 1184 2082 1218 ‹
2123 1182 2284 1237 quam
2312 1169 2434 1224 dedi
2462 1170 2581 1236 tibi,
2611 1180 2665 1226 et
2694 1174 2898 1227 servire
2925 1183 2977 1228 te
3024 1173 3217 1230 faciam
3262 1176 3497 1232 inimicis
3526 1177 3633 1233 tuis

2063 1273 2083 1307 ‹
2124 1257 2368 1324 interra,
2401 1275 2561 1329 quam
2608 1262 2859 1332 ignaras?
2883 1265 3134 1334 quoniam
3184 1265 3360 1336 ignem
3407 1283 3632 1324 succen-

2062 1365 2082 1399 ι
2119 1347 2243 1402 disti
2271 1349 2324 1403 in
2355 1348 2538 1406 furore
2581 1367 2721 1418 meo,
2753 1369 2924 1424 usque
2951 1355 3016 1408 'in
3042 1364 3300 1411 aeternum
3341 1359 3569 1413 ardebit.
3609 1378 3626 1409 ι

2058 1435 2326 1510 (Hieron)
2358 1440 2426 1495 Et
2472 1441 2586 1495 hzec
2630 1442 2684 1496 in
2714 1443 2856 1497 LXX
2883 1461 2988 1500 non
3017 1446 3302 1513 habentur,
3339 1451 3547 1516 eadem,
3573 1459 3634 1504 ut

2029 1538 2032 1540 ‘
2055 1543 2196 1596 reor,
2216 1545 2400 1596 causa,
2419 1549 2580 1602 quam
2605 1549 2766 1604 supra
2781 1536 3034 1604 diximus,
3056 1555 3124 1594 ne
3145 1540 3560 1596 scilicetaeterna
3577 1543 3630 1596 in

2055 1633 2149 1672 eos
2173 1621 2438 1675 sententia
2466 1634 2820 1692 permaneret.
2861 1647 2878 1677 ε
2909 1627 3270 1698 Relinqueris,
3299 1631 3395 1695 ait,
3422 1632 3532 1686 sola
3563 1632 3632 1686 ab

2058 1711 2373 1768 haereditate
2401 1720 2516 1780 tua,
2541 1731 2702 1784 quam
2731 1717 2850 1773 dedi
2893 1718 3015 1784 tibi,
3052 1728 3108 1774 et
3129 1722 3330 1774 servire
3355 1731 3405 1776 te
3433 1721 3627 1776 faciam

1976 1797 2025 1857 B
2053 1800 2286 1857 inimicis
2307 1804 2411 1858 tuis
2441 1805 2495 1858 in
2519 1815 2681 1872 terra,
2711 1822 2870 1876 quam
2896 1809 3135 1880 ignoras,
3169 1831 3185 1862 ι
3216 1811 3299 1866 vel
3329 1812 3428 1866 sub
3451 1811 3630 1884 Baby-

2054 1895 2212 1951 loniis
2230 1897 2336 1962 vel,
2365 1906 2424 1951 ut
2444 1907 2527 1953 est
2551 1901 2753 1966 verius,
2780 1903 2879 1956 sub
2900 1902 3178 1958 Romanis.
3209 1904 3312 1974 lpsi
3339 1906 3478 1959 enim
3503 1923 3630 1962 suc-

2053 1987 2347 2042 cenderunt
2376 1987 2576 2059 ignem,
2614 1999 2669 2046 et
2715 1991 3192 2050 clementissimum
3243 1995 3525 2050 Dominum
3573 1997 3630 2051 in

2052 2077 2288 2134 furorem
2311 2092 2737 2151 provocaverunt
2752 2126 2764 2138 .
2794 2088 2884 2156 qui
2903 2087 3041 2157 ignis
3063 2087 3260 2144 furoris
3285 2087 3399 2156 ejus
3421 2089 3631 2146 ardebit

2053 2170 2108 2224 in
2130 2179 2408 2227 aeternum.
2437 2173 2609 2230 Pudet
2641 2191 2726 2231 me
2761 2181 3124 2235 contentionis
3170 2191 3500 2248 nostrorum,
3529 2182 3624 2252 qui

2051 2259 2372 2317 Hebraicam
2412 2265 2696 2320 veritatem
2744 2279 2991 2339 arguunt.
3035 2268 3203 2325 Judaei
3250 2279 3437 2326 contra
3465 2288 3522 2326 se
3546 2271 3628 2327 le-

2051 2361 2205 2423 gunt,
2237 2362 2292 2408 et
2314 2355 2442 2424 quid
2475 2371 2574 2426 pro
2597 2371 2654 2412 se
2695 2359 2785 2424 sit,
2816 2360 2991 2416 nescit
3018 2361 3283 2418 Ecclesia.
3318 2364 3469 2419 Unde
3507 2380 3624 2430 nos,

2051 2442 2143 2510 qui
2169 2459 2355 2499 sumus
2385 2445 2481 2499 ﬁlii
2512 2448 2896 2515 apostolorum,
2915 2453 3260 2508 recordemur
3287 2454 3628 2525 iniquitatum

2049 2531 2250 2600 prioris
2277 2533 2480 2604 populi,
2512 2543 2566 2589 et
2589 2535 2736 2604 juste
2775 2553 2868 2594 eos
2893 2556 3177 2611 perpessos
3201 2559 3318 2600 esse
3344 2553 3624 2600 testamur.

2049 2621 2281 2678 Possunt
2305 2627 2485 2678 autem
2508 2626 2742 2694 excelsa,
2768 2644 2887 2698 quae
2912 2631 3170 2688 Hebraice
3193 2635 3443 2690 dicuntur
3476 2646 3628 2696 mm

2051 2714 2258 2768 bamoth
2282 2725 2336 2770 et
2375 2724 2560 2772 contra
2592 2721 2877 2778 haereticos
2906 2725 3098 2796 accipi,
3135 2728 3225 2797 qui
3248 2739 3543 2798 posuerunt
3574 2730 3626 2784 in

2050 2801 2248 2859 coelum
2307 2806 2383 2878 [in
2422 2809 2715 2893 excelsum]
2766 2827 2828 2868 os
2885 2829 3058 2880 suum,
3113 2825 3168 2870 et
3215 2817 3392 2888 lingua
3439 2833 3627 2873 eorum

2050 2899 2302 2953 transivit
2355 2917 2517 2970 super
2560 2911 2780 2972 terram,
2839 2907 2930 2976 qui
2985 2908 3040 2961 in
3085 2916 3289 2962 tantam
3351 2911 3625 2966 vesaniam

2047 3001 2429 3060 proruperunt,
2470 3003 2530 3048 ut
2569 2995 2666 3049 soli
2697 2997 2898 3067 absque
2936 2997 3169 3069 Spiritus
3231 3001 3405 3056 sancti
3453 3001 3627 3072 gratia

2049 3083 2431 3150 remanserint,
2491 3094 2545 3139 et
2594 3087 2923 3157 perdiderint
2975 3091 3339 3146 luereditatem
3391 3093 3626 3159 Domini,

366 3208 594 3262 quorum
620 3200 836 3263 peccata
872 3207 980 3247 ηοη
1014 3191 1317 3248 forinsecus
1355 3190 1553 3246 alicubi
1583 3189 1938 3245 ροηεοι-ίιηιη-
1967 3179 2012 3241 (1
2042 3173 2277 3242 priorem
2307 3176 2553 3231 videlicet
2588 3177 2710 3234 ﬁdei
2756 3181 3034 3236 veritatem
3064 3198 3077 3235 :
3105 3184 3247 3238 unde
3283 3191 3338 3239 et
3362 3191 3626 3241 aeternum

369 3295 477 3352 tur,
504 3287 598 3341 sed
642 3287 698 3340 in
725 3287 902 3342 cordis
939 3287 1266 3342 conscientia
1295 3283 1432 3354 stylo
1467 3292 1690 3340 exarata
1741 3283 1940 3349 ferrea,

366 3378 574 3447 sculpta
592 3393 766 3448 ungue
786 3377 1150 3432 adamantina.
1168 3377 1303 3444 Quia
1323 3383 1500 3430 autem
1514 3381 1739 3444 peccata
1757 3381 1943 3429 nostra

367 3466 678 3522 scribuntur
706 3467 762 3520 in
787 3474 1025 3536 pectore,
1069 3481 1138 3520 ex
1186 3466 1270 3520 his
1298 3479 1417 3534 quae
1468 3474 1767 3534 sequuntur
1791 3463 1947 3519 intel-

369 3557 490 3627 lige.
513 3556 814 3625 Antequam
838 3566 1120 3626 peccatum
1149 3557 1344 3611 faciam
1374 3555 1520 3611 nulla
1558 3556 1612 3610 in
1641 3556 1802 3610 corde
1824 3570 1946 3610 meo

366 3648 578 3718 peccati
600 3647 776 3718 imago
803 3657 1055 3704 versatur
1079 3668 1091 3703 :
1125 3664 1248 3704 cum
1271 3656 1449 3703 autem
1473 3648 1801 3703 conscientia
1821 3662 1946 3718 pec-

367 3740 474 3794 cati
520 3739 809 3808 imaginem
840 3738 1150 3808 sumpserit,
1204 3740 1378 3795 habeo
1428 3738 1656 3792 formam
1700 3737 1859 3802 illius,
1892 3746 1948 3792 et

368 3846 585 3902 semper
615 3840 740 3885 ante
769 3830 954 3887 oculos
981 3831 1159 3885 cordis
1187 3830 1292 3884 mei
1332 3828 1509 3884 delicti
1535 3843 1728 3898 pompa
1757 3828 1944 3898 depin-

366 3924 528 3994 gitur.
577 3919 646 3976 Et
673 3921 938 3992 siquidem
963 3930 1104 3976 esset
1129 3929 1410 3992 peccatum
1433 3934 1609 3974 meum
1642 3925 1948 3973 atramento

368 4011 755 4083 conscriptum,
795 4010 1023 4068 forsitan
1065 4011 1299 4066 delerem
1339 4009 1468 4065 illud
1508 4027 1521 4064 :
1563 4015 1706 4065 nunc
1764 4015 1944 4063 autem

366 4103 624 4174 scriptum
672 4112 755 4159 est
807 4103 947 4176 stylo
1009 4103 1186 4159 ferreo
1243 4103 1296 4158 in
1340 4118 1519 4175 ungue
1563 4102 1943 4169 adamantina,

367 4197 627 4266 scriptum
651 4204 737 4252 est
763 4209 926 4266 super
973 4188 1162 4266 pectus
1183 4195 1362 4252 cordis
1387 4195 1516 4261 mei,
1542 4203 1600 4249 ut
1627 4202 1752 4249 ante
1777 4194 1947 4251 tribu-

312 4348 314 4350 ,
368 4291 458 4347 nal
483 4291 720 4358 veniam,
746 4298 802 4346 et
819 4290 1149 4360 compleatur
1172 4289 1320 4355 illud,
1353 4290 1495 4359 quod
1515 4305 1546 4344 a
1571 4289 1786 4344 Christo
1814 4304 1943 4360 pro-

367 4384 650 4453 phetatum
674 4390 796 4437 est:
834 4399 853 4432 ε
889 4379 1034 4434 Nihil
1065 4380 1437 4435 absconditum
1467 4381 1607 4448 quod
1637 4395 1743 4435 non
1774 4379 1948 4434 mani-

366 4460 686 4538 festabitur;
729 4479 786 4526 et
829 4469 962 4525 nihil
994 4469 1262 4524 occultum
1310 4471 1456 4539 quod
1498 4485 1605 4524 nan
1647 4471 1826 4540 palam
1850 4471 1947 4526 ﬁat

368 4562 584 4634 (Matth.
637 4533 718 4635 ι).
753 4583 772 4614 ι
823 4561 1126 4617 Nudabitur
1165 4533 1403 4633 pectoris
1439 4562 1543 4618 mei
1591 4533 1941 4628 conscientia,
1969 4533 2022 4592 D

367 4660 421 4706 et
442 4660 628 4723 aperta
655 4653 817 4708 corde
844 4653 1168 4708 videbuntur
1196 4653 1390 4709 litterae
1424 4660 1794 4724 peccatorum,
1823 4668 1944 4722 quae

368 4746 506 4817 stylo
531 4745 708 4802 ferrea
729 4747 782 4801 in
806 4762 981 4817 ungue
1003 4747 1346 4801 adamantina
1366 4747 1581 4816 scripta
1609 4753 1755 4810 sunt,
1786 4753 1946 4814 atque

369 4838 442 4893 ita
474 4837 726 4894 universa
767 4836 1108 4908 peccantium
1157 4835 1444 4891 multitudo
1473 4835 1614 4907 leget
1644 4836 1698 4889 in
1726 4845 1946 4904 pectore

295 4935 302 4940 ’
368 4943 490 4985 meo
542 4929 782 5000 signatas
832 4927 1094 4999 imagines
1149 4934 1514 4998 peccatorum.
1548 4944 1567 4978 ‹
1605 4925 1747 4981 Nihil
1801 4926 1946 4980 enim

371 5020 768 5087 absconditum,
799 5019 941 5089 quod
966 5033 1074 5072 non
1098 5017 1424 5074 revelabitur
1449 5036 1462 5072 :
1488 5030 1544 5074 et
1569 5019 1710 5074 inter
1729 5033 1786 5073 se
1813 5019 1950 5072 invi-

369 5129 486 5170 cem
509 5113 893 5184 cagitationum
913 5113 1309 5177 accusantium,
1335 5112 1447 5167 sive
1472 5111 1893 5167 defendentium.
1925 5130 1944 5163 ι

370 5205 476 5260 Et:
508 5223 528 5256 ι
563 5205 729 5261 nolite
761 5214 888 5261 ante
915 5213 1126 5274 tempus
1149 5203 1414 5274 judicare,
1443 5205 1613 5259 donec
1647 5204 1824 5258 veniat
1847 5203 1951 5258 Do-

371 5296 572 5362 minus,
599 5304 655 5351 et
673 5296 937 5351 illuminet
958 5295 1275 5350 abscondita
1297 5293 1664 5360 tenebrarum,
1695 5303 1750 5349 et
1777 5295 1950 5349 mani-

372 5387 532 5444 festet
576 5390 797 5444 consilia
824 5389 1086 5444 cardium.
1122 5409 1140 5440 ι
1181 5387 1279 5442 Cui
1309 5387 1719 5444 manifestetur?
1749 5388 1946 5460 Utique

372 5497 483 5538 non
524 5481 650 5547 sibi,
679 5482 772 5551 qui
801 5489 1088 5551 antequam
1126 5481 1258 5535 ﬁant
1299 5490 1494 5536 cuncta
1524 5482 1822 5552 cognoscit,
1852 5480 1947 5535 sed

375 5571 480 5638 his,
513 5572 606 5642 qui
632 5587 754 5627 cum
796 5573 888 5627 illa
912 5574 1123 5628 venturi
1152 5581 1301 5638 sunt,
1330 5582 1386 5630 et
1410 5583 1631 5644 propter
1654 5575 1946 5644 puritatem

377 5668 574 5724 mentis
601 5674 656 5722 et
685 5661 926 5735 corporis
967 5680 1163 5735 agnum
1207 5675 1524 5738 sequuntur,
1580 5667 1830 5721 ostendet
1855 5666 1949 5721 de-

379 5760 502 5814 licta
529 5761 582 5813 in
610 5757 772 5814 corde
795 5757 1094 5826 peccatoris
1118 5772 1393 5828 expressa,
1427 5766 1489 5812 ut
1512 5767 1796 5828 resurgant
1814 5756 1948 5826 justi

2051 3267 2130 3320 eis
2172 3278 2391 3337 paratur
2439 3271 2763 3338 incendium,
2813 3282 2869 3328 et
2890 3275 3120 3331 servitus
3175 3277 3498 3344 daemonum,
3534 3278 3627 3347 qui

2049 3365 2175 3410 sunt
2204 3359 2408 3415 inimici
2435 3369 2488 3415 et
2511 3363 2730 3419 ultores.

2125 3464 2144 3497 ι
2184 3446 2311 3504 limo
2338 3450 2470 3504 dicit
2500 3451 2797 3510 Dominus:
2833 3455 3145 3514 Maledictus
3177 3460 3339 3516 homo
3363 3461 3455 3531 qui
3494 3476 3594 3517 oon
3622 3495 3627 3502 -

2055 3555 2072 3586 ι
2111 3537 2229 3593 ﬁdit
2254 3540 2378 3612 (sive
2407 3558 2554 3613 spem
2584 3546 2766 3618 habet)
2794 3548 2848 3602 in
2890 3550 3127 3616 homine,
3159 3560 3214 3606 et
3232 3553 3381 3622 ponit
3408 3568 3628 3610 carnem

2054 3647 2072 3679 ‹
2109 3629 2391 3686 brachium
2413 3649 2589 3702 suum,
2619 3645 2674 3692 et
2698 3653 2728 3692 a
2754 3637 2983 3694 Domino
3004 3642 3208 3697 recedit
3227 3657 3322 3696 cor
3347 3644 3481 3714 ejus.
3511 3643 3629 3699 Erit

2054 3742 2074 3774 (
2108 3725 2252 3780 enim
2275 3729 2427 3797 quasi
2459 3731 2660 3800 myrice
2700 3733 2753 3787 in
2779 3734 3017 3801 deserto,
3047 3743 3102 3790 et
3129 3751 3235 3790 non
3261 3736 3462 3805 videbit
3501 3753 3626 3793 cum

2055 3834 2074 3867 ‹
2109 3819 2322 3873 venerit
2361 3819 2582 3900 bonum,
2629 3822 2720 3877 sed
2766 3825 3030 3880 habitabit
3072 3827 3124 3879 in
3160 3827 3422 3895 siccitate,
3451 3829 3507 3883 in
3536 3828 3629 3884 de-

2055 3933 2074 3966 ‹
2112 3922 2278 3978 serto,
2302 3913 2355 3967 in
2387 3923 2528 3968 terra
2554 3914 2838 3986 salsuginis
2857 3926 2911 3970 et
2933 3917 3288 3974 inhabitabili.
3314 3939 3332 3972 ι
3355 3919 3628 3995 (Ηὶετοη.)

2049 4007 2106 4063 Si
2134 4007 2450 4063 maledictus
2478 4017 2560 4064 est
2586 4011 2762 4064 omnis
2788 4011 2969 4076 homo,
2999 4014 3090 4082 qui
3125 4013 3347 4069 conﬁdit
3371 4016 3421 4070 in
3454 4017 3630 4072 hami-

2046 4117 2136 4168 ne,
2173 4101 2374 4156 Paulus
2395 4111 2572 4157 autem
2598 4101 2984 4159 Samasatenus
3005 4113 3061 4160 et
3079 4105 3359 4173 Photinus,
3382 4110 3631 4180 quamvis

2046 4203 2293 4252 sanctum
2325 4204 2380 4250 et
2425 4196 2636 4252 cunctis
2681 4198 2953 4254 excelsum
3002 4200 3292 4258 virtutibus
3336 4205 3632 4273 praedicent

2049 4286 2410 4352 Salvatorem,
2441 4294 2622 4342 tamen
2656 4287 2928 4345 hominem
2951 4291 3275 4348 conﬁtentur
3300 4313 3314 4349 :
3345 4311 3474 4368 ergo
3516 4308 3632 4352 ma-

2047 4379 2228 4435 ledicti
2260 4387 2421 4434 erunt
2443 4393 2590 4448 spem
2616 4379 2878 4436 habentes
2899 4381 2955 4436 in
2975 4381 3210 4439 homine.
3239 4383 3392 4452 Quod
3408 4388 3453 4442 si
3474 4389 3630 4444 nobis

2050 4472 2354 4542 oppositum
2392 4468 2581 4535 fuerit,
2611 4471 2754 4539 quod
2787 4480 2841 4526 et
2890 4486 2988 4528 nos
3032 4474 3316 4532 credamus
3340 4477 3394 4531 in
3427 4493 3512 4544 eo,
3537 4480 3628 4550 qui

2048 4569 2214 4624 dicit:
2249 4587 2269 4618 ι
2301 4566 2458 4620 Nunc
2505 4575 2687 4621 autem
2720 4568 2962 4636 quaeritis
2983 4583 3072 4625 me
3098 4569 3424 4638 interﬁcere,
3455 4573 3632 4628 homi-

2047 4673 2195 4723 nem,
2227 4658 2320 4726 qui
2359 4658 2646 4712 veritatem
2667 4658 2820 4712 vobis
2858 4657 3068 4713 locutus
3095 4675 3236 4726 sum,
3267 4676 3428 4731 quam
3450 4664 3626 4720 audivi

2049 4765 2081 4804 a
2107 4748 2256 4803 Deo:
2286 4749 2388 4802 hoc
2435 4747 2710 4803 Abraham
2757 4762 2863 4802 non
2901 4747 3047 4803 fecit.
3083 4750 3193 4805 Vos
3242 4751 3419 4806 facitis
3464 4767 3629 4822 opera

2049 4839 2219 4910 patris
2243 4838 2410 4893 vestri
2435 4837 2616 4909 (Joan.
2641 4838 2760 4912 vm)
2782 4859 2802 4892 ι
2838 4857 2852 4893 :
2875 4840 3322 4910 respondebimus
3344 4843 3473 4898 illud
3502 4860 3630 4916 apo-

2050 4931 2300 4986 stolicum
2337 4949 2348 4984 :
2383 4948 2402 4981 ‹
2453 4929 2520 4984 Et
2562 4929 2834 4985 Christum
2884 4930 3175 5002 aliquando
3208 4933 3362 5003 juxta
3409 4951 3629 4992 carnem

2052 5026 2421 5097 cognovimus,
2450 5024 2542 5080 sed
2574 5039 2716 5080 nunc
2730 5025 2842 5096 jam
2865 5040 2972 5079 non
2993 5026 3238 5083 novimus
3258 5027 3346 5099 (II
3361 5027 3577 5103 Cor.v).
3603 5051 3623 5086 ι

2051 5117 2291 5185 Denique
2323 5115 2466 5170 idem
2517 5115 2792 5186 apostolus
2848 5115 2901 5170 in
2937 5115 3200 5186 principio
3239 5119 3490 5189 Epistolas
3517 5138 3630 5179 suae

2052 5209 2242 5264 scribit
2267 5209 2333 5264 ad
2357 5207 2577 5263 Galatas
2606 5226 2618 5260 :
2657 5227 2675 5258 ι
2710 5206 2908 5262 Paulus
2937 5209 3208 5277 apostolus
3233 5225 3341 5265 non
3365 5212 3434 5268 ab
3455 5214 3630 5269 homi-

2051 5301 2232 5365 nibus,
2253 5315 2428 5369 neque
2453 5314 2550 5368 per
2571 5299 2864 5363 hominem,
2894 5300 2987 5353 sed
3011 5313 3107 5369 per
3127 5299 3312 5356 Jesum
3326 5301 3627 5374 Christum,

2052 5401 2107 5446 et
2137 5392 2304 5445 Deum
2340 5390 2579 5456 Patrem,
2610 5390 2703 5460 qui
2746 5390 3027 5445 suscitavit
3082 5406 3206 5447 eum
3241 5408 3272 5447 a
3299 5397 3546 5462 mortuis,
3574 5407 3632 5455 et

2050 5483 2142 5553 qui
2170 5496 2380 5537 mecum
2427 5489 2552 5536 sunt
2596 5480 2792 5536 fratres
2826 5496 3013 5537 omnes
3041 5480 3182 5554 (Gal.
3229 5485 3290 5556 ι).
3330 5504 3350 5537 ι
3391 5485 3448 5541 Si
3483 5488 3628 5542 enim

2050 5588 2198 5628 mors
2244 5572 2498 5641 absorpta
2537 5579 2622 5626 est
2641 5571 2696 5625 in
2721 5572 2944 5626 victoria
2959 5571 3101 5642 (Ose.
3126 5589 3245 5638 xur;
3273 5574 3302 5628 1
3316 5573 3438 5630 Cor.
3466 5578 3580 5649 xv),
3602 5597 3622 5630 ι

2053 5678 2219 5734 quare
2249 5679 2354 5718 non
2384 5662 2563 5718 carnis
2589 5662 2886 5728 humilitas,
2919 5674 3038 5732 quae
3077 5674 3296 5736 propter
3335 5667 3627 5723 humanam

2053 5755 2283 5811 salutem
2310 5760 2584 5824 assumpta
2614 5762 2700 5810 est
2735 5755 2790 5810 in
2842 5751 3135 5810 divinitatis
3181 5755 3456 5810 transierit
3507 5773 3626 5812 ma-
