4008 6340
449 257 550 314 951
1088 255 1150 310 Β.
1189 253 1446 312 RABANI
1484 253 1703 312 MAURI
1740 253 2036 312 ARCHIEP

2139 251 2408 314 [OGUNT.
2445 249 2731 310 OPERU-M
2767 247 2950 306 PARS
2985 247 3073 305 ΙΙΙ.
3630 246 3771 314 952

448 386 590 429 nus:
632 377 688 427 et
710 370 803 443 qui
828 376 912 427 est
939 377 1094 426 extra
1121 369 1446 440 sapientiam
1466 369 1585 436 Dei,
1608 369 1926 442 sapientiam
1946 369 2038 424 de-
2063 373 2118 434 Α
2146 387 2166 422 ι
2193 384 2302 425 non
2347 368 2447 424 ﬁas
2488 367 2623 424 mihi
2666 364 2917 436 alienus),
2962 377 3205 436 parcens.
3235 362 3369 428 mihi
3391 363 3448 422 in
3475 363 3572 421 die
3607 377 3770 435 pes-

450 463 729 535 relinquit.
762 461 972 518 Docens
997 462 1183 532 itaque
1203 477 1304 518 nos
1327 462 1594 532 propheta
1623 461 1754 533 quid
1779 460 1848 517 de
1866 461 2040 517 omni-
2146 479 2166 512 ι
2197 460 2353 516 simo.
2375 480 2394 514 ι
2448 458 2720 534 (Eiet-on.)
2775 456 2879 526 Qui
2925 471 3036 518 non
3087 464 3284 528 putant
3328 464 3586 524 ventura,
3620 469 3775 528 qua

451 555 576 621 bus,
605 553 696 623 qui
726 553 896 608 Deum
925 551 1204 617 deserunt,
1235 551 1306 606 sit
1336 550 1598 618 futurum,
1631 552 1744 606 ait:
1790 550 2037 632 Universi
2142 551 2285 608 dicta
2309 559 2457 618 sunt,
2481 552 2776 624 loquuntur
2804 550 2872 606 ad
2903 550 3268 622 prophetam:
3300 569 3321 602 ι
3357 548 3460 608 Ubi
3491 559 3583 606 est
3618 564 3771 606 ver-

449 645 544 719 qui
572 643 955 715 derelinquunt
981 643 1398 711 confundantur,
1422 643 1782 709 discedentes,
1806 644 1910 700 hoc
1932 651 2037 710 est,

377 793 388 801 ,
450 742 713 809 quantum
753 744 806 789 te
847 735 1122 801 deserunt,
1171 741 1380 788 tantum
1408 732 1828 797 confundantur,
1867 732 2041 788 disce-

451 825 642 881 dentes
668 840 700 879 a
725 831 797 878 te.
835 841 855 875 ι
880 821 1056 894 Super
1083 831 1288 878 terram
1311 823 1636 878 scribantur.
1662 843 1681 875 ι
1714 821 1914 878 Omnes
1943 822 2042 878 ho-

449 916 628 973 mines
647 915 1028 972 describuntur
1053 915 1226 971 sancti
1253 914 1309 970 in
1335 913 1514 970 c'azlo:
1545 923 1860 985 peccatores
1879 926 2042 984 super

450 1017 678 1078 terram.
707 1009 850 1066 Dicit
871 1011 941 1066 ad
965 1008 1258 1081 discipulos
1284 1007 1481 1065 Jesus:
1521 1028 1540 1059 ‹
1568 1007 1812 1064 Gaudete
1833 1002 2040 1074 autem,

452 1103 582 1173 quia
605 1102 825 1158 nomina
854 1110 1037 1158 vestra
1072 1101 1276 1172 scripta
1315 1109 1443 1156 sunt
1467 1100 1521 1155 in
1549 1099 1703 1155 caelis
1733 1099 1884 1172 (Luc.
1915 1099 1993 1172 χ).
2016 1119 2034 1152 ι

453 1213 473 1245 ι
503 1192 621 1264 Quo
647 1193 792 1248 enim
821 1202 996 1248 metro
1039 1193 1214 1249 mensi
1247 1200 1394 1258 sunt,
1419 1192 1734 1247 remetietur
1757 1191 1837 1246 eis
1885 1190 2039 1263 (Luc.

448 1285 546 1364 vi).
571 1306 590 1338 ι
616 1285 734 1356 Ipse
749 1285 852 1340 sibi
877 1286 1246 1358 unusquisque
1266 1301 1430 1341 causa
1454 1293 1554 1350 est,
1579 1293 1640 1340 ut
1660 1284 1930 1340 scribatur
1950 1299 2041 1339 su—

445 1394 545 1450 per
568 1388 771 1435 terram
795 1397 809 1433 :
831 1379 874 1435 si
900 1396 1009 1436 non
1033 1379 1276 1436 coelestia
1297 1380 1538 1449 requirat
1558 1380 1612 1434 in
1636 1387 1800 1445 terra,
1823 1380 1870 1435 si
1893 1395 2039 1435 sem-

449 1487 550 1541 per
583 1471 766 1528 anima
802 1473 919 1544 ejus
940 1472 1008 1528 de
1037 1471 1194 1528 istius
1215 1472 1401 1527 mundi
1429 1471 1658 1543 negotiis
1682 1479 1896 1536 aestuet,
1921 1484 2043 1541 quae

446 1564 700 1620 videntur
748 1563 946 1620 saeculo
985 1565 1166 1628 bona;
1197 1563 1243 1617 si
1297 1577 1429 1618 vero
1457 1563 1683 1617 audiens
1727 1559 1911 1616 Jesum
1957 1561 2041 1615 lo-

444 1663 741 1727 quentem:
780 1675 799 1709 ι
833 1655 1009 1710 Nolite
1049 1655 1202 1711 vobis
1244 1655 1616 1710 thesaurizare
1645 1655 1931 1710 thesauros
1954 1670 2043 1710 su-

2139 644 2270 699 bum
2325 644 2584 701 Domini?
2636 644 2883 710 veniat,»
2925 642 3416 698 dissimulationem
3447 643 3770 700 sententia:

2139 736 2452 793 dilationem
2498 736 2848 810 arbitrantes.
2880 734 2992 790 Illis
3021 743 3226 802 autem,
3281 734 3477 804 inquit,
3517 736 3633 791 ista
3661 735 3768 790 di—

2141 829 2407 896 centibus,
2457 844 2556 900 ego
2604 843 2714 885 non
2770 843 2889 883 sum
2926 828 3193 893 turbatus,
3254 841 3357 882 nec
3381 825 3637 882 laboravi
3703 834 3769 904 te

2139 928 2410 990 pastorem
2459 935 2714 990 sequens,
2773 919 2888 975 sive
2921 930 3044 990 post
3073 927 3164 973 tua
3218 919 3534 989 ingrediens
3569 919 3764 975 vesti-

2140 1010 2264 1080 gia:
2304 1024 2406 1065 nec
2434 1009 2539 1065 hoc
2564 1009 2642 1065 fui
2690 1009 2796 1064 ﬁne
2823 1015 3132 1073 contentus,
3185 1007 3283 1064 sed
3307 1007 3452 1063 diem
3498 1006 3771 1063 hominis

2140 1115 2248 1156 non
2272 1099 2596 1168 desideravi,
2639 1101 2724 1156 vel
2773 1101 2940 1169 vitam
2987 1099 3309 1170 longiorem,
3339 1099 3426 1154 vel
3474 1112 3768 1170 prospera

2140 1207 2369 1262 qumque
2389 1192 2550 1261 hujus
2573 1192 2755 1248 saeculi
2781 1207 2795 1246 :
2820 1194 3104 1263 ipsumque
3134 1201 3296 1248 vocat
3319 1199 3514 1247 testem
3533 1233 3551 1258 ,
3579 1207 3765 1262 quem

2141 1292 2195 1339 et
2222 1284 2459 1354 judicem
2489 1302 2502 1336 :
2541 1301 2560 1333 ‹
2603 1291 2658 1348 tu
2696 1284 2859 1339 nosti.
2899 1303 2918 1336 ι
2955 1303 2974 1334 ι
3001 1283 3140 1340 Ecce
3171 1283 3275 1354 ipsi
3297 1283 3487 1338 dicunt
3507 1283 3584 1338 ad
3615 1297 3717 1339 me
3740 1299 3764 1336 :

2142 1376 2246 1432 Ubi
2266 1385 2349 1433 est
2368 1392 2548 1434 sermo
2567 1379 2781 1434 Domini
2799 1380 2821 1432 ?
2842 1378 3041 1434 veniat.
3058 1379 3171 1448 Ego
3190 1387 3371 1434 autem
3394 1395 3504 1435 non
3526 1379 3766 1435 labora-

2111 1464 2118 1470 ’
2141 1468 2194 1524 vi
2221 1469 2560 1540 subsequens
2578 1479 2703 1540 post
2725 1479 2796 1526 te.
2821 1491 2840 1537 ρ
2864 1470 3062 1545 (0rig.)
3088 1471 3244 1528 Jesus
3261 1473 3355 1528 tibi
3373 1473 3506 1527 dicit
3530 1491 3545 1527 :
3578 1493 3599 1525 ι
3619 1471 3768 1528 Tol-

2142 1560 2192 1615 le
2213 1576 2430 1617 crucem
2452 1570 2621 1628 tuam,
2645 1571 2700 1617 et
2716 1562 2862 1628 veni,
2884 1577 3113 1633 sequere
3138 1578 3255 1628 me;
3287 1582 3306 1614 ι
3331 1571 3422 1618 et:
3454 1583 3472 1616 ι
3505 1563 3610 1633 qui
3636 1579 3762 1620 non

2143 1652 2426 1723 reliquerit
2447 1663 2655 1724 patrem
2678 1664 2772 1708 aut
2810 1662 3067 1719 matrem,
3098 1662 3154 1710 et
3186 1663 3409 1710 secutus
3436 1669 3550 1710 non
3579 1653 3764 1712 fuerit

440 1764 541 1820 per
572 1760 796 1816 terram,
822 1750 916 1804 ubi
942 1750 1088 1804 tinea
1126 1758 1182 1804 et
1206 1749 1406 1803 vermis
1437 1748 1820 1814 exterminant,
1849 1756 1906 1802 et
1942 1747 2034 1803 ubi
2063 1733 2112 1796 Β
2140 1759 2244 1811 me,
2275 1761 2382 1800 non
2411 1753 2495 1802 est
2512 1745 2707 1818 dignus
2731 1760 2884 1800 meus
2909 1759 3032 1801 esse
3052 1746 3346 1816 discipulus
3367 1745 3524 1815 (Luc.
3549 1746 3696 1817 xxv).
3733 1765 3755 1798 ι

445 1840 596 1897 fures
617 1841 879 1897 effodiunt
926 1851 981 1894 et
1026 1839 1294 1903 furantur,
1351 1839 1447 1894 sed
1497 1839 1862 1895 thesaurizate
1890 1837 2042 1894 vobis

443 1933 732 1987 thesauros
758 1931 814 1985 in
869 1930 1008 1998 coelo
1064 1929 1214 2002 (Luc.
1245 1931 1408 2000 3:11),»
1451 1930 1545 2000 qui
1592 1931 2041 1986 thesaurizaverit

443 2022 547 2078 sibi
599 2021 654 2076 in
709 2021 868 2088 caelo,
922 2022 1038 2092 ipse
1084 2021 1188 2077 sibi
1243 2037 1407 2077 causa
1449 2030 1551 2086 est,
1596 2029 1657 2076 ut
1687 2021 1957 2077 scribatur
1985 2022 2041 2076 in

444 2114 620 2171 caelis.
649 2112 921 2186 (Ηίετοη.)
963 2113 1246 2184 Causaque
1291 2111 1577 2168 manifesta
1604 2127 1704 2168 cur
1728 2113 2041 2168 scribantur

440 2207 692 2273 interra,
723 2206 852 2277 quia
907 2207 1247 2276 reliquerunt
1296 2205 1498 2260 fontem
1548 2206 1674 2260 vitae
1725 2205 2034 2272 Dominum,

440 2301 555 2356 sive
605 2299 811 2355 fontem
840 2314 1105 2370 aquarum
1149 2298 1448 2352 viventium
1500 2298 1811 2364 Dominum,
1843 2299 1934 2369 qui
1962 2299 2039 2354 lo-

441 2391 626 2462 quitur
655 2391 709 2445 in
747 2389 1038 2460 Evangelio
1063 2407 1075 2442 :
1111 2407 1129 2439 ‹
1158 2388 1216 2443 Si
1265 2389 1386 2458 quis
1414 2387 1531 2443 sitit
1559 2389 1743 2443 veniat
1771 2389 1837 2442 ad
1862 2403 1950 2443 me
1982 2397 2038 2445 et

438 2485 629 2543 bibat:
658 2485 761 2553 Qui
789 2484 962 2540 credit
1010 2484 1066 2538 in
1101 2498 1210 2548 me,
1262 2483 1404 2538 sicut
1431 2481 1563 2537 dicit
1609 2481 1915 2553 Scriptura,
1939 2481 2039 2537 flu-

435 2574 584 2630 mina
614 2575 680 2630 de
725 2581 916 2629 ventre
965 2573 1083 2644 ejus
1133 2569 1300 2626 ﬂuent
1328 2585 1482 2640 aquae
1505 2570 1661 2625 vivae.
1692 2570 1806 2626 Hoc
1854 2581 2038 2628 autem

437 2667 576 2722 dixit
630 2665 698 2721 de
735 2664 940 2737 Spiritu
991 2678 1152 2734 quem
1199 2662 1477 2734 accepturi
1539 2670 1699 2718 erant
1748 2663 2036 2719 credentes

430 2757 621 2836 (Joan.
646 2758 767 2833 vn).
791 2777 810 2811 ι

511 2875 531 2908 ι
568 2855 712 2911 Sana
737 2869 847 2920 me,
879 2854 1130 2920 Domine,
1167 2861 1224 2909 et
1261 2854 1535 2920 sanabor;
1573 2852 1781 2909 salvum
1813 2867 1900 2908 me
1926 2854 2031 2917 fac,

439 2967 457 2999 ι
495 2955 550 3001 et
580 2947 761 3002 salvus
785 2962 897 3010 ero,
922 2947 1178 3015 quoniam
1203 2945 1320 3000 laus
1341 2959 1462 3000 mea
1496 2952 1555 2998 tu
1580 2958 1658 3000 es.
1683 2963 1702 2996 ι
1733 2942 1884 2998 Multi
1923 2957 2038 2998 me-

432 3037 541 3091 dici
588 3037 644 3091 in
680 3036 974 3107 Evangelio
999 3035 1216 3109 (Matth.
1240 3036 1318 3106 rx)
1367 3025 1845 3092 haemorrhoissam
1875 3051 2034 3092 cura-

432 3135 644 3190 verant,
697 3141 818 3196 quze
852 3141 1068 3181 omnem
1119 3126 1476 3182 substantiam
1513 3137 1668 3182 suam
1713 3127 2032 3198 perdiderat

435 3218 493 3272 in
521 3217 623 3278 eis.
649 3223 705 3272 et
751 3227 931 3272 tamen
962 3232 993 3271 a
1023 3216 1172 3272 nullo
1194 3217 1377 3272 curari
1404 3218 1581 3288 potuit
1609 3217 1715 3273 nisi
1749 3216 1820 3272 ab
1846 3231 1911 3274 eo
1938 3220 2031 3288 qui

431 3325 599 3365 verus
624 3318 709 3366 est
754 3309 1021 3376 medicus,
1050 3318 1108 3366 et
1150 3309 1304 3381 cujus
1340 3311 1546 3366 sanitas
1586 3311 1642 3365 in
1669 3311 1864 3382 pennis
1891 3312 2028 3383 ejus.

434 3402 592 3460 Unde
625 3390 680 3457 et
709 3416 855 3456 nunc
905 3403 1166 3474 propheta
1199 3418 1229 3456 a
1267 3402 1465 3473 populo
1495 3417 1689 3474 passus
1717 3402 2028 3474 opprobria,

430 3503 491 3552 et
511 3495 704 3551 Crebro
730 3494 939 3550 insidiis
961 3495 1359 3551 circumventus
1379 3495 1462 3576 ab.
1485 3507 1550 3549 eo
1575 3495 1752 3550 curari
1759 3503 1830 3576 _et
1851 3495 2033 3551 salvus

431 3587 554 3646 ﬁeri
583 3589 770 3659 cupit:
809 3588 964 3660 cujus
999 3602 1131 3646 vera
1177 3588 1314 3653 laus,
1357 3566 1594 3658 veraque
1629 3564 1898 3644 medicina
1927 3597 2029 3645 est.

432 3676 634 3753 (θήῃ.)
689 3679 987 3738 Dicendum
1012 3693 1140 3751 ergo
1165 3679 1504 3735 conﬁdenter
1529 3680 1600 3735 ab
1637 3695 1724 3747 eo,
1749 3681 1840 3747 qui
1866 3695 2035 3752 agro-

432 3779 640 3828 tantem
662 3786 818 3828 suam
846 3771 1080 3826 animam
1100 3770 1216 3825 vult
1237 3771 1432 3826 salvari
1457 3788 1472 3824 :
1502 3789 1522 3822 ι
1557 3786 1691 3827 sana
1714 3788 1821 3838 me,
1846 3771 2034 3827 Domi-

431 3875 523 3928 ne,
554 3869 609 3917 et
639 3862 874 3917 sanabor
902 3876 917 3915 :
955 3880 974 3912 ι
1017 3868 1146 3915 tunc
1166 3860 1431 3930 siquidem
1468 3861 1794 3917 medicinam
1827 3863 2034 3917 sanitas

431 3952 704 4024 sequitur,
735 3952 780 4008 si
816 3949 1067 4007 Christus
1095 3967 1291 4013 curare
1320 3952 1590 4023 dignetur.
1630 3971 1648 4003 ‹
1691 3951 1912 4008 Salvum
1944 3967 2034 4008 me

435 4043 541 4110 fac,
566 4053 622 4100 et
643 4043 822 4098 salvus
847 4057 961 4098 ero.
994 4062 1011 4095 ι
1039 4043 1108 4097 Ει
1129 4044 1231 4099 hoc
1254 4044 1327 4099 ita
1351 4044 1595 4114 gaudebo
1615 4043 1785 4114 loqui,
1813 4045 1859 4100 si
1884 4045 2034 4100 omni

433 4135 619 4207 gloriae
645 4135 961 4189 renuntians
987 4134 1253 4201 saeculari,
1274 4143 1505 4204 potuero
1525 4143 1582 4190 et
1598 4135 1810 4206 reliqua
1831 4137 2030 4205 dicere,

435 4226 690 4296 quoniam
717 4226 834 4279 laus
860 4240 980 4279 mea
1012 4234 1066 4279 tu
1093 4239 1153 4280 es
1179 4243 1190 4278 :
1219 4235 1313 4279 aut
1343 4241 1466 4290 cum
1493 4226 1835 4296 complevero
1878 4244 2034 4284 man-

435 4319 648 4382 datum,
679 4316 735 4371 in
784 4332 892 4387 quo
940 4303 1291 4388 pfzecipitur:
1325 4338 1343 4370 ι
1375 4319 1493 4374 Νοιι
1524 4319 1784 4392 glorietur
1821 4324 2036 4394 sapiens

435 4401 492 4462 in
522 4400 789 4477 sapientia
818 4423 937 4473 sua,
973 4423 1146 4478 neque
1180 4408 1339 4464 fortis
1367 4410 1419 4465 in
1446 4396 1764 4470 fortitudine
1794 4430 1916 4482 sua,
1947 4431 2039 4474 ne-

436 4515 543 4571 que
570 4499 722 4557 dives
749 4500 804 4556 in
839 4500 1041 4556 divitiis
1089 4502 1222 4568 suis,
1254 4502 1350 4559 sed
1397 4503 1453 4560 in
1491 4504 1597 4560 isto
1629 4506 1912 4578 glorietur,
1945 4511 2039 4581 qui

439 4589 703 4662 gloriatur
730 4590 1031 4664 intelligere
1071 4600 1128 4648 et
1161 4593 1301 4650 scire
1330 4595 1456 4665 quia
1483 4610 1584 4665 ego
1628 4612 1748 4652 sum
1778 4598 2040 4658 Dominus

439 4681 572 4755 (Jer.
598 4683 697 4755 Ix).
722 4701 741 4735 ι
778 4685 975 4739 Beatus
1005 4684 1189 4755 itaque
1214 4685 1320 4752 vir,
1349 4687 1440 4756 qui
1464 4689 1860 4746 renuntiaverit
1889 4691 2055 4767 omni.

439 4773 642 4848 gloriae,
666 4790 786 4846 quae
809 4775 1061 4830 deorsum
1091 4785 1174 4832 est
1198 4793 1212 4831 :
1235 4776 1402 4832 veluti
1423 4793 1589 4850 super
1616 4781 1784 4837 nobili
1812 4797 2033 4854 genere,

439 4883 603 4938 super
654 4866 1052 4937 pulchritudine
1105 4877 1161 4923 et
1214 4869 1586 4939 corporalibus
1638 4871 1821 4938 bonis,
1869 4888 2035 4944 super

440 4958 744 5013 divitiis‘et
789 4958 1088 5029 jactatione
1127 4975 1144 5014 :
1194 4960 1404 5028 beatus,
1454 4965 1545 5034 qui
1607 4974 1891 5020 contentus
1924 4980 2034 5020 una

441 5047 612 5119 gloria
638 5049 770 5104 dicit
793 5051 861 5105 ad
881 5050 1202 5107 Dominum:
1225 5072 1243 5105 ι
1265 5055 1522 5124 quoniam
1545 5055 1660 5112 laus
1681 5071 1800 5111 mea
1823 5065 1879 5112 tu
1901 5071 1981 5112 es.
2007 5076 2026 5110 ι

517 5159 536 5191 ι
572 5139 715 5195 Ecce
758 5139 860 5210 ipsi
893 5142 1081 5198 dicunt
1127 5144 1195 5199 ad
1232 5160 1355 5201 me:
1405 5145 1508 5202 Ubi
1544 5157 1627 5202 est
1663 5147 1885 5203 verbum
1929 5149 2035 5204 Do-

448 5251 468 5284 ι
504 5231 680 5288 mini?
708 5232 918 5290 Veniat.
980 5233 1094 5306 Ego
1137 5245 1317 5294 autem
1361 5254 1468 5294 non
1515 5253 1634 5294 sum
1682 5238 1930 5295 turbatus
1981 5248 2034 5296 te

445 5341 470 5379 ι
503 5332 778 5398 pastorem
808 5339 1040 5396 sequens
1071 5326 1199 5401 (sive
1228 5345 1338 5386 non
1383 5330 1625 5387 laboravi
1674 5347 1904 5401 sequens
1935 5333 2031 5404 te),

446 5421 563 5478 cet.
594 5414 737 5471 diem
791 5416 1025 5475 hominis
1070 5435 1180 5478 non
1233 5422 1557 5479 desideravi.
1615 5421 1697 5478 Tu
1754 5423 1862 5480 scis
1891 5427 2034 5495 quod

448 5523 473 5559 ε
502 5519 779 5576 egressum
807 5515 889 5566 est
913 5510 979 5565 de
1034 5510 1192 5567 labiis
1237 5514 1387 5580 meis,
1440 5522 1647 5570 rectum
1677 5515 1779 5571 fuit
1827 5516 1878 5571 in
1907 5532 2035 5574 con-

450 5615 471 5650 t
507 5607 696 5669 spectu
726 5609 816 5656 tuo
871 5601 998 5674 (sive
1026 5614 1151 5658 ante
1192 5605 1384 5661 faciem
1439 5616 1584 5663 tuam
1635 5610 1760 5682 est).
1787 5611 1935 5667 -Νοιι
1962 5611 2039 5669 sis

453 5708 475 5744 ε
507 5691 636 5748 mihi
663 5701 719 5748 tu
763 5693 1206 5766 formidini..snes
1233 5712 1352 5754 mea
1378 5699 1432 5755 in
1460 5701 1548 5758 die
1577 5701 1886 5761 aﬁlictionis
1910 5703 2039 5774 (sive

2064 4465 2118 4526 Ι)

2143 1833 2201 1889 Si
2229 1835 2394 1907 igitur
2420 1835 2545 1891 talis
2579 1836 2768 1902 fueris,
2807 1844 2868 1891 ut
2893 1852 3106 1907 semper
3134 1837 3411 1893 Christum
3438 1839 3704 1908 sequaris
3738 1857 3754 1894 :

2141 1935 2348 1998 quanto
2391 1927 2512 1998 plus
2538 1936 2757 1984 secutus
2798 1928 2994 1995 fueris,
3024 1937 3174 1985 tanto
3204 1929 3384 1984 minus
3417 1929 3710 1986 laborabis
3739 1949 3754 1986 :

2140 2034 2248 2074 non
2271 2027 2356 2074 est
2381 2020 2530 2074 enim
2573 2019 2837 2076 lassitudo
2887 2020 2942 2075 in
2991 2019 3197 2077 Jacob:
3236 2035 3412 2092 neque
3454 2024 3755 2093 apparebit

2140 2111 2295 2168 dolor
2343 2113 2398 2166 in
2424 2111 2609 2168 Israel.
2641 2111 2936 2182 Propterea
2977 2111 3148 2180 dixit,
3193 2121 3254 2170 ut
3291 2129 3401 2173 non
3425 2114 3755 2176 laboremus

2138 2203 2365 2260 ulterius
2415 2223 2428 2259 :
2475 2205 2785 2260 laborantes
2831 2212 2958 2260 ante
2987 2221 3151 2277 quam
3196 2221 3321 2264 eum
3348 2209 3756 2280 inemperimus

2139 2296 2331 2366 sequi:
2367 2317 2384 2348 ι
2417 2294 2607 2351 Venite
2649 2296 2717 2350 ad
2763 2312 2868 2362 me,
2899 2311 3088 2353 omnes
3109 2299 3198 2368 qui
3247 2299 3526 2365 laboratis,
3563 2312 3630 2356 et
3659 2301 3756 2373 qui

2139 2387 2352 2443 onerati
2397 2387 2547 2453 estis,
2578 2395 2634 2442 et
2675 2403 2776 2460 ego
2822 2389 3062 2445 reﬁciam
3100 2406 3196 2446 vos
3239 2391 3452 2463 (Matth.
3476 2393 3583 2465 ιι).
3617 2413 3639 2446 ι
3693 2393 3757 2450 Si

2138 2482 2444 2538 laborantes
2469 2483 2780 2537 venerimus
2803 2483 2869 2538 ad
2898 2481 3100 2548 Jesum,
3135 2492 3191 2539 et
3218 2497 3341 2539 eum
3370 2482 3646 2540 fuerimus
3669 2500 3758 2542 so-

2138 2573 2270 2638 cuti,
2301 2581 2431 2627 tunc
2450 2572 2630 2628 dicere
2661 2574 2957 2644 poterimus
2983 2588 2998 2628 :
3041 2593 3059 2625 ‹
3093 2573 3206 2644 Ego
3230 2583 3412 2630 autem
3448 2591 3562 2631 non
3593 2576 3758 2634 labo-

2137 2665 2252 2718 ravi
2281 2665 2615 2736 subsequens
2643 2673 2766 2736 post
2797 2673 2890 2720 te:
2937 2673 2994 2719 et
3042 2665 3208 2731 diem,
3263 2665 3460 2736 inquit,
3505 2668 3755 2726 hominis

2137 2771 2246 2811 non
2273 2757 2578 2828 concupivi.
2620 2776 2639 2809 ι
2681 2757 2778 2813 Est
2806 2758 3054 2826 quaedam
3083 2758 3199 2814 dies
3237 2759 3506 2821 hominis,
3558 2768 3621 2815 et
3665 2768 3755 2818 est

2137 2851 2382 2922 quaedam
2417 2853 2532 2908 dies
2560 2851 2678 2917 Dei,
2711 2852 2765 2907 id
2793 2860 2898 2907 est.
2931 2852 3368 2919 resurrectionis,
3391 2853 3538 2910 hanc
3563 2856 3752 2912 omnis

2139 2953 2358 2997 sanctus
2371 2941 2674 2997 desiderat:
2697 2957 2803 2997 non
2821 2942 2987 3009 illam,
3005 2944 3072 2999 de
3092 2958 3196 3012 qua
3215 2944 3478 3014 scriptum
3504 2957 3592 3000 est
3616 2964 3635 3000 :
3654 2947 3750 3003 Va:

2138 3033 2238 3098 eis,
2256 3033 2348 3102 qui
2371 3032 2680 3087 desiderant
2702 3032 2844 3088 diem
2871 3032 3126 3098 hominis,
3149 3049 3273 3087 nam
3296 3033 3414 3088 dies
3427 3041 3512 3089 est
3535 3036 3644 3090 ista
3672 3046 3752 3092 te-

2137 3127 2341 3192 nebrae,
2365 3135 2420 3180 et
2446 3141 2556 3181 non
2575 3125 2690 3181 lux.
2721 3146 2739 3177 ι
2773 3125 2905 3193 Quis
2932 3134 3037 3192 est,
3065 3127 3158 3195 qui
3185 3128 3355 3197 possit
3379 3128 3566 3184 dicere
3591 3147 3605 3182 :
3629 3148 3652 3181 ι
3692 3140 3750 3186 et

2137 3219 2276 3274 diem
2303 3217 2538 3273 hominis
2564 3233 2672 3272 non
2695 3218 3020 3289 concupivi?
3051 3238 3069 3271 ι
3089 3219 3413 3289 Explanatio
3436 3223 3592 3278 verbi
3615 3238 3730 3280 oon

2133 3312 2304 3366 vincit
2330 3325 2467 3366 nos:
2494 3311 2621 3381 quia
2657 3310 2800 3366 diem
2830 3311 3282 3381 concupiscamus
3309 3312 3569 3368 hominis.
3597 3313 3743 3370 Fre-

2133 3411 2368 3474 quenter
2393 3402 2592 3474 quippe
2621 3410 2951 3474 azgrotantes
2968 3418 3091 3458 cum
3117 3403 3172 3457 in
3207 3404 3593 3474 phantasmate
3617 3421 3746 3463 esse

2134 3496 2367 3552 febrium
2397 3497 2746 3565 coeperimus,
2779 3503 2834 3551 et
2853 3495 3045 3550 mortis
3080 3494 3268 3552 limine
3287 3498 3491 3568 urgeri,
3521 3499 3596 3554 ad
3620 3514 3742 3565 eos,

2134 3589 2227 3660 qui
2275 3603 2377 3644 nos
2409 3587 2632 3642 visitant
2678 3585 2903 3652 fratres,
2952 3585 3122 3642 lassas
3157 3602 3352 3644 manus
3387 3589 3744 3648 attollimus:

2135 3687 2356 3755 orantes
2378 3693 2490 3744 eos,
2514 3687 2578 3734 ut
2595 3694 2694 3750 pro
2714 3678 2870 3734 nobis
2893 3677 3182 3734 Dominum
3201 3679 3566 3750 deprecentur
3577 3690 3749 3754 atque

2136 3772 2378 3827 dicentes
2411 3783 2426 3824 :
2457 3768 2608 3840 Roga
2637 3768 2772 3823 mihi
2804 3767 3024 3839 aliquod
3058 3770 3292 3839 spatium
3313 3772 3439 3827 vitae
3476 3789 3490 3826 :
3523 3789 3661 3844 rogo
3687 3786 3749 3831 ut

2138 3863 2529 3934 aliquantisper
2578 3862 2633 3918 in
2662 3862 2766 3916 hac
2799 3859 2922 3917 luce
2963 3875 3349 3931 permaneam:
3395 3865 3500 3919 ista
3526 3881 3747 3923 memo-

2137 3967 2342 4023 rantes,
2367 3973 2474 4012 non
2503 3956 2644 4012 diem
2676 3962 2923 4010 sanctum
2945 3954 3178 4022 Domini,
3200 3956 3296 4012 sed
3325 3957 3471 4012 diem
3503 3959 3748 4016 hominis

2137 4050 2530 4106 desideramus.
2561 4047 2903 4118 Quapropter
2923 4045 3097 4118 longae
3113 4047 3240 4103 vita:
3261 4063 3445 4105 amore
3472 4051 3744 4121 deposito,

2137 4151 2196 4198 et
2222 4141 2492 4197 desiderio
2521 4140 2772 4194 humana:
2800 4139 2929 4206 diei,
2957 4154 3268 4210 qutcramus
3298 4140 3455 4196 illam.
3487 4143 3635 4199 diem
3655 4147 3748 4201 vi-

2139 4235 2290 4298 dere,
2339 4232 2394 4286 in
2446 4245 2555 4300 qua
2601 4231 2894 4301 participes
2941 4231 3059 4302 ejus
3109 4231 3490 4299 beatitudinis,
3533 4237 3742 4305 quain

2140 4327 2359 4383 Christo
2381 4335 2483 4390 est,
2513 4324 2829 4382 eﬁiciamur.
2882 4325 3182 4398 Sequitur:
3215 4348 3234 4381 ι
3271 4329 3424 4397 Quod
3452 4345 3742 4401 egressum

2142 4419 2312 4476 estde
2339 4419 2498 4474 labiis
2524 4419 2680 4485 meis,
2718 4427 2927 4475 rectum
2959 4418 3071 4475 fuit
3109 4421 3164 4477 in
3215 4432 3506 4494 conspectu
3545 4433 3642 4481 tuo
3663 4429 3688 4491 ;'
3713 4444 3742 4480 ι

2149 4515 2420 4589 (Ηὶετοη.)
2473 4523 2533 4570 ut
2562 4531 2835 4586 nunquam
2873 4517 3136 4572 mentitus
3183 4517 3274 4584 sit,
3302 4528 3357 4574 et
3383 4520 3606 4574 Domini
3645 4531 3745 4576 vo-

2141 4605 2340 4661 luntati
2369 4606 2596 4662 adversa
2623 4614 2729 4660 non
2771 4605 2970 4661 dixerit
2994 4624 3007 4661 :
3036 4625 3057 4660 (
3099 4605 3216 4662 Non
3244 4609 3339 4675 sis,
3363 4607 3570 4678 inquit,
3603 4611 3741 4667 mihi

2143 4703 2201 4749 tu
2228 4694 2527 4761 formidini,
2576 4710 2698 4765 spes
2735 4711 2853 4750 mea
2906 4696 2961 4750 in
3015 4697 3104 4752 die
3155 4696 3523 4753 amictionis.»
3580 4699 3739 4767 Quod

2137 4787 2482 4857 perSpicuum
2517 4795 2600 4842 est
2618 4785 2775 4855 juxta
2798 4787 3142 4844 liebraicum.
3170 4787 3331 4844 Juxta
3359 4790 3414 4846 id
3436 4803 3566 4847 vero
3590 4793 3738 4862 quod

2140 4876 2496 4948 Septuaginta
2547 4878 2940 4934 transtulerunt
2963 4880 3238 4936 dicentes:
3284 4901 3303 4932 ι
3356 4880 3436 4938 Ne
3477 4882 3576 4938 ﬁas
3597 4885 3732 4939 mihi

2142 4970 2372 5035 alienus,
2421 4986 2654 5041 parcens
2705 4972 2840 5026 mihi
2874 4973 2929 5027 in
2979 4973 3066 5028 die
3114 4973 3274 5040 malo,
3303 4993 3321 5026 ι
3362 4983 3447 5031 est
3501 4990 3732 5032 sensus:

2139 5059 2217 5115 Ne
2245 5076 2437 5133 parcas
2460 5061 2592 5117 mihi
2616 5062 2668 5117 in
2688 5064 3190 5134 praesentismculo,
3218 5067 3362 5137 quod
3385 5067 3582 5122 malum
3605 5076 3689 5123 est
3709 5085 3728 5134 ;

2139 5152 2237 5208 sed
2261 5153 2425 5208 redde
2454 5153 2586 5208 mihi
2636 5155 2788 5225 juxta
2818 5164 3039 5225 peccata
3067 5157 3206 5222 mea,
3251 5168 3311 5213 ut
3341 5160 3582 5229 requiem
3629 5161 3730 5215 ha-

2137 5243 2295 5299 beam
2339 5245 2744 5314 sempiternam.
2800 5246 2928 5302 Scio
2969 5249 3114 5304 enim
3161 5250 3422 5321 scriptum
3456 5270 3470 5305 :
3499 5269 3520 5304 (
3559 5251 3729 5320 Quem

2139 5332 2314 5401 diligit
2368 5333 2626 5391 Dominus
2671 5337 2948 5406 corripit,
2995 5337 3227 5410 ﬂagellat
3279 5350 3458 5396 autem
3514 5357 3730 5400 omnem

2140 5423 2308 5478 ﬁlium
2339 5439 2499 5494 quem
2528 5426 2719 5498 recipit
2750 5427 2939 5499 (Hebr.
2974 5431 3096 5502 xu).
3126 5449 3145 5480 ι
3175 5431 3299 5488 Dies
3323 5443 3506 5489 autem
3534 5435 3730 5501 malus,

2139 5516 2224 5571 vel
2250 5533 2410 5573 omne
2439 5518 2696 5575 saeculum
2735 5530 2842 5588 est,
2880 5522 2966 5578 vel
2997 5523 3110 5578 dies
3129 5523 3341 5595 judicii,
3382 5526 3467 5582 his
3489 5527 3582 5596 qui
3608 5541 3736 5598 pro-

2140 5624 2262 5682 pter
2287 5620 2510 5682 peccata
2549 5616 2880 5672 cruciantur.

2220 5721 2238 5754 ι
2269 5701 2681 5760 Confundantur
2707 5709 2799 5778 qui
2830 5721 3232 5782 persequuntur
3253 5728 3361 5781 me,
3388 5723 3446 5772 et
3469 5729 3579 5772 non
3605 5730 3736 5772 con-
