4008 6340
269 303 472 412 θη

1158 325 1534 398 mposmu
1559 327 1794 397 SUPER.
1819 319 2181 395 manuum.
2222 369 2292 380 —
2313 325 2462 395 un;
2495 329 2628 393 vm.
2717 323 2720 328 '

3341 337 3526 392 ⁴954

273 466 510 526 «τιιηᾶπ
545 457 646 538 ego
661 481 686 533 ς’
708 469 941 537 paveant
966 459 1066 526 illi,
1097 469 1152 514 et
1178 473 1286 514 non
1331 446 1556 530 paveam
1593 468 1712 526 ego.
1763 451 1852 508 ln-
1875 456 1931 516 Α
1959 475 1979 507 ‹
2006 452 2273 518 rusalem,
2322 463 2377 507 et
2425 467 2532 507 non
2575 435 2967 522 exstinguetur.
2996 469 3013 501 ι
3066 447 3144 503 Ne
3203 431 3527 519 [inemptum

278 580 297 614 ι
316 559 422 616 duc
447 549 609 630 super
627 571 721 613 eos
743 557 885 611 diem
909 551 1211 607 aﬂllctionis
1234 557 1290 605 et
1314 546 1510 617 duplici
1530 543 1854 602 contritione

279 668 298 703 ι
319 658 537 707 contere
550 663 661 704 eos.
684 657 704 700 ἰ
721 643 796 701 Im
801 659 958 716 preca
965 652 1052 698 tur
1063 643 1342 718 adversum
1355 655 1448 696 eos
1458 638 1718 709 propheta
1729 677 1744 703 ,
1759 635 1852 707 qui

271 741 599 813 exprobrant
625 738 692 795 ei'
711 735 934 792 verbum
969 731 1214 797 Domini,
1251 740 1306 786 et
1329 731 1514 785 dicunt
1540 747 1553 782 :
1591 746 1609 779 ι
1638 727 1741 784 Ubi
1771 733 1856 782 est

271 833 495 889 verbum
520 829 768 888 Domini?
785 829 994 893 veniat;
1022 846 1041 878 ι
1060 833 1121 881 ut
1145 823 1544 881 confundantur
1558 823 1650 894 qui
1669 833 1856 892 perse-

271 932 509 994 quuntur
533 936 682 987 eum,
716 928 772 975 et
792 917 1141 983 erubescant,
1169 924 1224 971 et
1245 915 1469 971 redeant
1491 914 1558 970 ad
1584 913 1849 968 salutem:

270 1023 333 1068 ut
363 1013 437 1068 illi
463 1018 695 1082 paveant
721 1008 1066 1073 mentientes,
1096 1016 1151 1062 et
1176 1021 1283 1062 non
1305 1005 1429 1064 iste.
1452 1005 1544 1076 qui
1569 1019 1698 1074 vera
1724 1017 1857 1074 pras-

272 1103 403 1158 dicit
436 1119 450 1156 :
478 1115 710 1171 cumque
753 1099 870 1154 dies
895 1098 1115 1154 ultionis
1158 1096 1458 1162 advenerit,
1493 1095 1690 1166 duplici
1723 1111 1856 1151 con-

272 1193 488 1249 tritione
517 1200 765 1248 conterat
791 1206 906 1258 eos,
934 1190 1076 1246 fame
1114 1199 1171 1245 et
1206 1188 1404 1262 gladio.
1441 1187 1615 1242 Aliter
1642 1187 1856 1258 spirita-

269 1283 350 1339 les
375 1283 629 1353 nequitiae
655 1297 778 1338 cum
818 1296 850 1335 a
885 1281 1041 1336 nobis
1065 1294 1162 1350 per
1200 1279 1296 1334 Dei
1343 1278 1669 1349 adiutorium
1697 1292 1856 1347 supe-

270 1381 482 1440 rantur,
519 1372 938 1438 confunduntur,
964 1379 1017 1426 et
1046 1371 1315 1425 anxietate
1338 1368 1504 1424 nimia
1528 1367 1852 1438 afﬂiguntur,

270 1465 345 1520 ita
379 1473 440 1519 ut
462 1465 660 1520 merito
693 1463 890 1533 duplici
919 1461 1244 1518 contritione
1272 1459 1492 1515 contriti
1520 1472 1638 1512 esse
1668 1457 1853 1512 dican-

269 1561 363 1609 tur
392 1569 407 1608 :
442 1555 698 1625 primum,
736 1553 878 1623 quod
913 1551 1219 1608 hominibus
1251 1549 1625 1620 expetentibus
1657 1547 1857 1603 sancti-

267 1655 460 1712 tatem,
489 1647 565 1702 illi
590 1661 710 1701 eam
735 1627 1072 1716 possidentes
1106 1642 1402 1707 amiserint,
1431 1655 1713 1710 causasque
1756 1655 1853 1694 ex-

271 1739 513 1793 stiterint
535 1736 853 1809 perditionis
876 1735 1122 1790 humanae
1151 1750 1164 1787 :
1194 1733 1387 1788 deinde
1413 1732 1555 1803 quod
1583 1729 1854 1802 spiritales

273 1829 592 1886 substantiae
644 1826 845 1882 fuerint
888 1842 921 1882 a
965 1824 1268 1882 carnalibus
1318 1823 1654 1893 terrenisque
1708 1821 1855 1878 devi-

276 1932 398 1979 σιω.

351 2035 370 2067 ‹
393 2013 518 2069 Haec
541 2013 672 2068 dicit
695 2011 952 2068 Dominus
981 2010 1051 2066 ad
1073 2025 1159 2065 me
1183 2028 1197 2065 :
1229 2009 1398 2075 Vade,
1429 2017 1485 2065 et
1513 2017 1596 2066 sta
1621 2009 1674 2063 in
1697 2014 1854 2078 porta

282 2123 306 2158 ‹
330 2104 456 2177 (sive
481 2105 535 2161 in
559 2105 752 2177 portis)
778 2103 1006 2159 ﬁliorum
1034 2102 1240 2175 populi,
1271 2119 1370 2174 per
1408 2101 1728 2174 quam'(sive
1758 2116 1856 2172 per

281 2215 300 2249 ι
327 2197 484 2270 quas)
513 2197 884 2269 ingrediuntur
903 2212 1058 2267 reges
1085 2195 1234 2252 Iudae
1255 2205 1308 2251 et
1332 2197 1694 2267 egredientur,
1722 2204 1778 2250 et
1801 2195 1856 2249 in

282 2306 302 2340 ‹
328 2288 537 2344 cunctis
563 2288 733 2357 portis
760 2287 1114 2352 Hierusalem,
1140 2295 1196 2342 et
1219 2287 1364 2342 dices
1391 2287 1458 2342 ad
1487 2302 1581 2342 eos
1613 2274 1857 2340 {Audite

280 2399 302 2432 ι
330 2380 552 2435 verbum
603 2379 834 2446 Domini,
885 2395 1038 2451 reges
1078 2379 1231 2443 Juda,
1278 2388 1333 2434 et
1367 2381 1542 2435 omnis
1567 2379 1702 2435 Juda
1731 2380 1858 2460 (sive

281 2489 303 2525 ι
327 2471 551 2544 Judtea),
569 2473 857 2542 cunctique
872 2472 1201 2528 habitatores
1214 2471 1566 2539 Hierusalem,
1584 2477 1673 2542 qui
1689 2473 1860 2543 ingre-

279 2584 300 2617 c
328 2563 512 2618 dimini
563 2577 660 2634 per
701 2572 886 2633 portas
936 2564 1060 2618 has:
1084 2583 1102 2615 ι
1155 2562 1444 2630 Quoniam,
1471 2563 1665 2633 inquit,
1691 2564 1856 2618 verba

277 2664 370 2711 tua
398 2655 584 2711 audire
615 2661 984 2720 contemnunt,
1015 2669 1116 2710 nec
1146 2655 1213 2709 ad
1239 2662 1289 2708 te
1319 2654 1560 2720 veniunt,
1597 2665 1655 2707 ut
1677 2655 1858 2723 requi-

277 2753 420 2810 rant,
448 2759 569 2815 qua:
601 2744 673 2800 sit
700 2743 964 2814 sapientia
989 2743 1106 2809 Dei,
1143 2752 1198 2798 tu
1225 2758 1390 2814 perge
1427 2743 1495 2798 ad
1522 2743 1698 2798 locum
1721 2743 1861 2798 cele-

276 2835 591 2901 berrimum,
623 2833 707 2888 vel
742 2842 1019 2903 portarum
1050 2833 1254 2905 templi,
1285 2834 1368 2890 vel
1401 2834 1572 2900 urbis,
1606 2848 1704 2904 per
1723 2849 1860 2905 quas

279 2941 432 2998 reges
457 2934 511 2982 et
539 2939 699 2982 omne
726 2925 913 2996 vulgus
953 2925 1252 2995 ingreditur
1273 2935 1327 2980 et
1351 2925 1658 2996 egreditur,
1685 2933 1746 2978 ut
1766 2940 1861 2980 ne-

279 3021 533 3076 cessitate
562 3026 822 3090 cogantur
857 3018 1064 3083 audire,
1101 3026 1157 3072 et
1186 3019 1508 3089 importune,
1537 3025 1853 3087 opportune,

279 3112 538 3183 pmdices
562 3111 786 3168 verbum
815 3109 912 3166 Dei
943 3109 1029 3181 ('II
1058 3109 1192 3164 Tim.
1228 3109 1303 3183 Iv)
1331 3117 1427 3164 :ut
1452 3125 1553 3166 nec
1583 3109 1687 3164 ulla
1714 3109 1854 3179 apud

1953 547 2162 604 sabbati
2182 547 2538 600 instauratum
2569 559 2666 614 per
2702 541 2988 598 Jeremiam
3013 543 3066 597 in
3096 541 3296 597 frustra
3329 541 3516 597 discer-

1951 639 2157 711 perem,
2179 646 2350 694 totum
2377 651 2579 710 ponere
2615 635 2835 706 placuit,
2859 642 2920 688 ut
2942 633 3099 689 simul
3127 634 3310 689 omnia
3333 648 3506 705 oogno

1952 745 2186 786 scamus.
2251 727 2494 784 Custodit
2539 726 2776 782 animam
2821 738 2974 780 suam
3001 767 3016 793 ,
3064 726 3155 796 qui
3197 743 3305 782 non
3351 734 3526 798 portat

1951 822 2190 892 pondera
2228 829 2572 891 peccatorum
2619 819 2673 874 in
2723 813 2810 872 die
2848 817 3044 888 quietis
3070 824 3125 871 et
3152 818 3394 883 sabbati,
3433 833 3530 874 nec

1954 910 2116 966 infert
2149 925 2211 966 ea
2247 926 2344 982 per
2378 918 2562 982 portas
2595 907 2927 963 Hierusalem
2965 925 2977 960 :
3015 921 3151 978 quas
3187 907 3414 962 virtutes
3447 908 3530 963 de-

1953 1002 2140 1057 bemus
2183 1003 2444 1072 accipere.
2494 1001 2561 1056 Et
2609 999 2816 1066 nolite,
2866 998 3082 1069 inquit,
3131 996 3328 1066 ejicere
3365 1014 3530 1054 onera

1954 1095 2021 1150 de
2047 1094 2292 1149 domibus
2320 1093 2532 1149 vestris.
2584 1091 2701 1147 Non
2743 1091 2888 1146 enim
2933 1090 3196 1161 portanda
3242 1097 3390 1154 sunt,
3438 1090 3530 1144 sed

1952 1187 2167 1256 penitus
2217 1185 2534 1255 abjicienda.
2589 1183 2656 1238 Et
2693 1198 2853 1238 omne
2890 1197 3024 1253 opus
3064 1195 3132 1237 nc
3171 1181 3404 1246 faciatis,
3449 1181 3533 1235 vel

1955 1277 2168 1343 servile,
2188 1278 2273 1333 vel
2294 1278 2437 1332 aliud
2468 1277 2533 1332 de
2557 1290 2665 1346 quo
2686 1277 2945 1345 scriptum
2979 1282 3061 1330 est
3088 1291 3102 1328 :
3137 1292 3155 1325 ι
3188 1273 3326 1330 Esca
3361 1274 3532 1328 ventri

1953 1381 2008 1427 et
2061 1379 2248 1426 venter
2289 1371 2428 1426 escis
2461 1389 2474 1425 :
2505 1371 2644 1425 Deus
2692 1379 2871 1425 autem
2908 1378 2963 1425 et
2994 1369 3141 1426 hunc
3178 1379 3232 1425 et
3270 1369 3413 1424 illam
3442 1370 3534 1425 de—

1955 1469 2127 1517 struet
2147 1461 2199 1532 (I
2227 1461 2348 1516 Cor.
2367 1460 2476 1532 vi);
2507 1463 2598 1516 sed
2629 1461 2758 1515 illud
2785 1475 2920 1532 opus
2947 1462 3300 1532 operandum,
3334 1463 3400 1516 de
3426 1477 3532 1532 quo

1956 1553 2206 1610 Salvator
2231 1555 2470 1626 loquitur
2501 1573 2515 1608 :
2549 1575 2567 1607 ι
2595 1553 2903 1625 Operamini
2934 1570 3068 1625 opus
3093 1557 3233 1626 quod
3259 1573 3366 1611 non
3394 1557 3535 1627 perit

1957 1647 2138 1730 (Joan.
2164 1646 2260 1717 vi).
2288 1667 2306 1700 ι
2366 1667 2383 1699 ‹
2415 1646 2781 1713 Sanctificate,
2827 1647 3019 1717 inquit,
3069 1647 3207 1702 diem
3249 1639 3480 1712 sabbati,
3511 1666 3529 1697 ι

1956 1746 2016 1793 ut
2054 1753 2212 1793 omne
2250 1746 2459 1808 tempus
2501 1738 2625 1792 vitae
2674 1737 2727 1792 in
2765 1737 3186 1793 sanctiﬁcatione
3233 1738 3492 1792 ducamus
3518 1777 3534 1802 ,
3621 1733 3628 1740 ’

1881 1811 1930 1874 Β
1959 1830 2098 1885 sicut
2125 1828 2369 1885 fecerunt
2401 1838 2584 1899 patres
2622 1829 2791 1886 nOStri
2829 1829 3124 1895 Abraham,
3158 1828 3308 1883 lsaac
3353 1837 3406 1883 et
3449 1827 3538 1882 Ja-

1955 1921 2074 1977 cob.
2103 1922 2342 1992 Cumque
2366 1925 2467 1980 ista
2489 1925 2803 1994 przeceperit
2825 1925 2986 1989 Deus,
3015 1940 3120 1978 non
3149 1923 3539 1978 inclinaverunt

1955 2029 2142 2068 aurem
2166 2029 2335 2077 suam,
2371 2015 2568 2069 mentis
2600 2016 2786 2084 utique
2815 2029 2918 2069 non
2957 2014 3166 2079 carnis;
3198 2012 3290 2067 sed
3317 2011 3536 2065 indura-

1954 2114 2147 2160 verunt
2187 2107 2455 2161 cervicem
2503 2123 2679 2173 suam,
2729 2107 3036 2177 rejicientes
3063 2105 3251 2176 jugum
3282 2103 3414 2174 legis
3443 2120 3456 2157 :
3483 2109 3540 2160 et

1955 2214 2053 2268 per
2083 2200 2478 2268 metaphoram,
2513 2199 2897 2255 indomitorum
2933 2198 3246 2253 animalium
3278 2196 3541 2253 habentes

1957 2289 2381 2346 similitudinem.
2437 2290 2724 2346 Videamus
2754 2291 2896 2361 quod
2923 2291 2993 2345 sit
3016 2288 3296 2360 premium
3325 2302 3535 2352 eorum,

1957 2383 2048 2453 qui
2071 2397 2174 2438 non
2203 2391 2420 2452 portant
2443 2399 2606 2438 onera
2647 2383 2698 2437 in
2733 2383 2820 2438 die
2846 2383 3076 2448 sabbati,
3117 2390 3172 2438 et
3201 2379 3540 2436 sanctificant

1957 2473 2125 2528 illum.
2185 2493 2203 2525 ‹
2229 2473 2622 2544 Ingredientur,
2651 2474 2746 2540 ait,
2781 2488 2878 2542 per
2910 2481 3093 2543 portas
3117 2469 3351 2526 civitatis
3382 2468 3542 2537 hujus

1958 2578 2132 2634 reges,
2166 2581 2183 2614 ι
2212 2579 2440 2633 quorum
2462 2579 2557 2619 cor
2584 2565 2637 2618 in
2660 2579 2825 2619 manu
2854 2563 2949 2618 Dei
2974 2570 3076 2628 est,
3104 2570 3160 2618 et
3185 2562 3277 2632 qui
3311 2569 3541 2631 regnant

1958 2652 2270 2722 corporibus
2297 2653 2409 2708 suis
2441 2649 2620 2723 (Prov.
2653 2652 2788 2724 xxi),
2844 2671 2863 2702 ‹
2889 2660 2945 2706 et
2991 2652 3236 2707 sedentes
3271 2650 3542 2721 principes

1959 2758 2122 2815 super
2142 2744 2337 2800 solium
2361 2743 2543 2809 David,
2568 2763 2588 2798 ι
2615 2752 2674 2798 ut
2693 2743 2892 2800 Christi
2914 2744 3192 2798 imitentur
3202 2741 3502 2811 exemplqu
3525 2758 3538 2794 :

1965 2855 1984 2887 ‹
2013 2836 2079 2891 Et
2119 2836 2476 2891 ascendentes
2520 2836 2573 2890 in
2619 2835 2867 2891 curribus
2901 2845 2957 2890 et
2995 2836 3170 2906 equis,
3198 2854 3218 2887 ι
3253 2835 3320 2889 de
3347 2833 3543 2902 quibus

1958 2926 2219 2996 scriptum
2249 2935 2331 2982 est
2356 2945 2367 2980 :
2399 2947 2418 2978 σ
2446 2925 2648 2982 Currus
2677 2927 2770 2982 Dei
2797 2927 2980 2982 decem
3003 2926 3236 2982 millibus
3263 2925 3541 2994 multiplex

1958 3019 2126 3075 millia
2154 3019 2470 3084 laetantium,
2502 3019 2760 3074 Dominus
2786 3019 2842 3073 in
2865 3019 2964 3083 eis,
2997 3021 3050 3073 in
3075 3017 3242 3082 Sinai,
3277 3020 3330 3074 in
3358 3023 3545 3072 sancto

1959 3107 2130 3182 (Psal.
2157 3107 2461 3177 van).iEt
2482 3107 2607 3162 alibi
2631 3125 2644 3162 :
2671 3126 2689 3158 ε
2719 3107 2991 3177 Equitatio
3019 3116 3110 3162 tua
3136 3108 3278 3164 salus
3307 3107 3539 3180 (Habac.

278 3175 372 3260 eos
403 3211 678 3260 remaneat
701 3175 994 3268 excusatio,
1015 3201 1158 3272 quod
1177 3175 1299 3256 ideo
1323 3216 1430 3256 non
1454 3200 1702 3266 fecerint,
1729 3175 1854 3271 quia
1883 3177 1930 3240 (ἶ
1949 3175 2064 3272 in).
2094 3221 2113 3252 ι
2157 3175 2347 3256 Omnis
2375 3199 2456 3253 vir
2481 3199 2572 3268 qui
2603 3175 2893 3254 conﬁtetur
2913 3199 3078 3252 Deum
3098 3239 3114 3264 ,
3145 3207 3200 3254 et
3222 3175 3326 3270 qui
3341 3200 3548 3254 habitat

279 3313 387 3354 non
435 3297 722 3353 audierint.

353 3409 374 3441 ε
397 3387 526 3444 Haec
570 3387 704 3444 dicit
743 3386 1002 3444 Dominus
1027 3406 1041 3442 :
1063 3386 1341 3444 Custodite
1378 3389 1588 3444 animas
1626 3395 1854 3455 vestras,

287 3498 306 3533 ι
331 3489 387 3536 et
409 3477 572 3534 nolite
591 3485 806 3547 portare
829 3478 1063 3548 pondera
1088 3479 1140 3532 in
1168 3479 1255 3534 die
1277 3479 1505 3546 sabbati,
1536 3496 1636 3536 nec
1663 3480 1862 3536 infera-

288 3587 307 3624 ι
337 3569 407 3624 tis
427 3583 525 3638 per
557 3574 741 3637 portas
777 3566 1143 3624 Hierusalem.
1169 3569 1236 3623 Et
1271 3570 1434 3625 nolite
1471 3571 1667 3641 ejicere
1693 3587 1862 3630 onera

287 3677 307 3715 ‹
335 3659 402 3714 de
445 3656 694 3713 domibus
740 3657 937 3713 vestris
976 3658 1030 3712 in
1074 3658 1161 3714 die
1208 3660 1436 3725 sabbati,
1462 3669 1518 3715 et
1542 3677 1702 3719 omne
1727 3679 1864 3735 opus

289 3769 308 3804 ι
336 3767 445 3806 non
490 3749 721 3814 facietis,
773 3757 828 3803 et
873 3749 1204 3805 sanctiﬁcate
1246 3751 1388 3805 diem
1436 3738 1669 3818 sabbati,
1707 3755 1864 3810 sicuti

288 3858 308 3896 ι
337 3841 569 3914 ρτωρερί
615 3839 860 3910 patribus
898 3841 1111 3897 vestris.
1156 3840 1224 3896 Et
1264 3856 1371 3897 non
1410 3843 1714 3909 audierunt,
1765 3860 1866 3902 nec

289 3951 309 3986 ι
337 3932 731 3991 inclinaverunt
755 3945 941 3986 aurem
973 3946 1146 3997 suam,
1183 3938 1238 3986 et
1277 3932 1665 3988 iuduraverunt
1693 3935 1866 3990 cervi-

288 4046 308 4079 ι
333 4041 452 4083 cem
476 4040 629 4082 suam
655 4044 674 4078 ι
699 4023 776 4096 (et
795 4025 939 4094 quod
968 4025 1020 4079 in
1051 4025 1314 4082 Hebraico
1342 4041 1449 4082 non
1479 4026 1712 4082 habetur
1738 4045 1760 4079 ο
1777 4031 1866 4085 ἐυ-

290 4136 310 4174 t
338 4133 434 4189 per
464 4125 646 4188 patres
671 4115 819 4187 suos)
846 4129 914 4170 ne
953 4117 1204 4171 audirent
1228 4131 1332 4183 me,
1363 4126 1416 4172 et
1455 4133 1526 4172 ne
1559 4120 1866 4190 acciperent

290 4228 310 4260 ι
335 4209 695 4278 disciplinam.
752 4208 821 4263 Et
841 4209 964 4274 erit,
988 4209 1184 4279 inquit,
1215 4210 1261 4266 si
1292 4211 1570 4267 audieritis
1597 4228 1706 4278 me,
1734 4213 1868 4270 dicit

292 4299 721 4363 1.00minus,rut
752 4313 860 4352 non
888 4298 1133 4355 inferatis
1157 4315 1321 4356 onera
1351 4311 1528 4358 vestra
1553 4309 1866 4375 per‘portus

291 4391 574 4452 «civitatis
601 4391 761 4461 hujus
794 4391 847 4445 in
873 4390 962 4445 die
995 4393 1224 4448 sabbati.
1268 4393 1338 4448 Et
1364 4394 1411 4449 si
1441 4396 1884 4454 sanctiﬁcaveri-

292 4501 319 4537 ι
341 4482 408 4538 tis
437 4481 580 4538 diem
606 4482 846 4547 sabbati,
876 4497 946 4537 ne
971 4481 1188 4539 faciatis
1214 4484 1270 4538 in
1300 4499 1364 4540 ea
1385 4501 1558 4542 omne
1577 4500 1710 4558 Opus
1739 4508 1753 4544 :
1784 4491 1866 4546 in-

294 4573 654 4642 tgredientur
712 4586 808 4642 per
863 4581 1066 4642 portas.
1096 4574 1338 4630 civitatis.
1384 4575 1546 4645 hujus
1607 4595 1762 4650 reges
1812 4573 1869 4638 et

295 4683 312 4714 ι
341 4663 612 4733 principes
657 4663 908 4720 sedentes
947 4678 1108 4733 super
1143 4665 1337 4720 solium
1367 4665 1558 4732 David,
1586 4677 1643 4723 et
1675 4683 1865 4726 ascen-

295 4772 316 4806 ι
342 4754 469 4808 dent
497 4753 550 4808 in
584 4753 833 4808 curribus
862 4761 919 4807 et
941 4754 1120 4824 equis,
1156 4755 1256 4824 ipsi
1283 4765 1339 4810 et
1362 4758 1631 4828 principes
1657 4751 1865 4828 corium,

297 4865 315 4898 ι
341 4844 443 4900 viri
469 4843 608 4900 Juda
633 4851 690 4900 et
712 4843 1042 4901 habitatores
1065 4845 1400 4902 Hierusalem
1416 4889 1430 4912 ,
1459 4856 1513 4902 et
1539 4850 1872 4906 habitabitur

296 4957 318 4990 ς
342 4937 537 4993 civitas
563 4936 678 4991 haec
711 4936 764 4990 in
794 4937 1201 5007 sempiternum.
1257 4938 1325 4993 Et
1347 4941 1564 4996 venient
1594 4942 1661 4997 de
1685 4943 1873 4998 civita-

298 5051 319 5083 ι
346 5032 488 5087 tibus
511 5029 670 5095 Juda,
698 5038 753 5084 et
777 5029 843 5086 de
865 5030 1091 5086 circuitu
1128 5031 1482 5099 Hierusalem,
1518 5044 1573 5090 et
1615 5037 1680 5090 de
1722 5043 1870 5092 terra

299 5148 316 5180 ι
343 5126 642 5198 Benjamin,
672 5133 727 5181 et
754 5125 820 5180 de
850 5125 1263 5196 campestribus,
1293 5135 1348 5182 et
1375 5127 1443 5184 de
1471 5130 1792 5194 montuosis,
1819 5138 1873 5185 et

299 5239 317 5271 ι
343 5217 410 5274 ab
435 5226 640 5284 austro,
675 5226 954 5289 portantes
984 5217 1352 5274 holocaustum
1383 5227 1437 5275 et
1469 5220 1718 5276 vietimas
1745 5220 1873 5292 (sive

301 5309 744 5382 ultyiniamata),
772 5319 826 5364 et
852 5309 1192 5365 sacriﬁcium.
1215 5311 1339 5381 (sive
1371 5311 1613 5382 manna),
1643 5321 1697 5367 et
1727 5313 1871 5379 thus,

303 5414 402 5459 «et
444 5403 673 5459 inferant
718 5403 1045 5458 oblationem
1087 5402 1209 5474 (sive
1251 5403 1516 5475 laudem),
1561 5404 1616 5458 in
1654 5405 1873 5460 domum

303 5514 322 5565 ς
355 5495 585 5550 Domini.
636 5493 697 5549 Si
718 5503 897 5549 autem
925 5510 1031 5552 non
1061 5495 1339 5552 audieritis
1365 5511 1470 5561 me,
1494 5507 1553 5552 ut
1573 5498 1878 5554 sanctiﬁce-

305 5589 428 5642 «tis
453 5587 593 5642 diem
631 5585 870 5651 sabbati,
895 5596 951 5642 et
990 5604 1096 5642 non
1133 5589 1359 5659 portetis
1384 5605 1540 5653 onus,
1566 5599 1621 5646 et
1649 5606 1716 5645 ne
1743 5590 1878 5646 infe-

306 5703 325 5736 ‹
353 5684 486 5738 ratis
512 5697 610 5752 per
634 5689 817 5751 portas
841 5681 1176 5738 Hierusalem
1200 5686 1252 5739 in
1281 5686 1368 5740 die
1397 5684 1626 5749 sabbati,
1654 5698 1878 5738 succen-

309 5794 327 5827 ι
354 5776 477 5830 dam
510 5774 688 5844 ignem
709 5773 764 5826 in
786 5772 959 5842 portis
986 5774 1123 5844 ejus,
1149 5783 1204 5830 et
1233 5775 1513 5831 devorabit
1539 5777 1726 5831 domos
1751 5774 1878 5830 Hie-

1965 3292 2016 3345 in
2037 3289 2396 3356 Hierusalem,
2413 3290 2479 3344 de
2499 3304 2603 3359 qua
2633 3289 2834 3345 dictum
2856 3297 2971 3345 est:
2995 3309 3011 3341 ‹
3036 3289 3230 3345 Factus
3257 3299 3342 3345 est
3369 3291 3424 3344 in
3453 3289 3550 3344 Sa-

1963 3381 2070 3436 lem
2097 3380 2171 3453 (id
2184 3381 2322 3436 estin
2334 3380 2490 3451 pace)
2506 3379 2654 3435 locus
2665 3379 2802 3449 ejus,
2832 3389 2888 3434 et
2909 3381 3169 3436 habitatio
3191 3381 3306 3452 ejus
3335 3381 3392 3436 in
3417 3379 3549 3437 Sion

1965 3472 2137 3546 (Psal.
2169 3472 2353 3544 Lxxv),
2379 3491 2396 3523 ι
2430 3481 2485 3527 et
2508 3472 2836 3527 habitabitur
2857 3473 2909 3526 in
2931 3471 3169 3529 Ecclesia
3193 3472 3284 3528 Dei
3317 3473 3369 3527 in
3391 3481 3550 3528 teter-

1965 3581 2115 3622 num.
2145 3585 2163 3616 ι
2192 3567 2522 3642 venientque
2541 3567 2607 3621 de
2627 3566 2937 3622 civitatibus
2964 3567 3097 3622 Iuda
3133 3575 3187 3622 et
3226 3568 3290 3624 de
3320 3569 3550 3626 circuitu

1966 3657 2322 3720 Hierusalem,
2350 3676 2369 3708 ι
2410 3657 2476 3710 de
2501 3656 2694 3726 quibus
2711 3656 2822 3724 jam
2849 3657 3082 3712 diximus
3113 3675 3126 3711 :
3164 3677 3182 3709 ι
3209 3657 3277 3712 Et
3309 3659 3388 3714 de
3405 3649 3550 3715 terra

1970 3750 2266 3820 Benjamin,
2291 3747 2382 3817 qui
2412 3747 2553 3803 filius
2573 3757 2656 3803 est
2680 3749 2894 3804 virtutis
2919 3756 2973 3804 et
2994 3749 3246 3806 dexterae.
3277 3768 3296 3803 ›
3339 3769 3357 3801 ‹
3385 3750 3453 3807 Et
3483 3752 3552 3806 de

1968 3841 2382 3912 campestribus,
2412 3861 2431 3894 ι
2464 3841 2606 3910 quod
2653 3839 2915 3896 Hebraice
2957 3841 3154 3896 dicitur
3196 3825 3361 3902 355w
3404 3843 3549 3896 sche-

1967 3933 2140 4006 phela,
2193 3941 2247 3988 et
2296 3932 2515 4003 planam
2543 3931 2785 3986 historiae
2821 3932 3086 4003 significat
3116 3933 3546 4002 intelligentiam.

1974 4047 1994 4079 ‹
2021 4026 2088 4082 Ει
2131 4027 2197 4082 de
2237 4025 2555 4091 montuosis,
2579 4043 2597 4075 ι
2637 4024 2870 4080 excelsis
2903 4025 3154 4080 videlicet
3191 4025 3549 4097 dogmatibus.

1976 4142 2002 4175 ‹·
2019 4122 2086 4177 Et
2129 4123 2196 4177 ab
2237 4129 2441 4187 austro,
2474 4141 2492 4172 ι
2544 4121 2608 4175 de
2643 4135 2750 4189 quo
2793 4118 3052 4190 scriptum
3091 4126 3212 4173 est:
3253 4137 3270 4169 ‹
3300 4116 3442 4174 Deus
3484 4113 3553 4174 ab

1971 4222 2156 4270 austro
2175 4213 2354 4268 veniet
2376 4210 2603 4284 (Habac.
2635 4210 2738 4280 ιιι).
2761 4231 2779 4262 ι
2819 4208 2970 4266 Unde
2999 4207 3147 4264 calor
3169 4213 3224 4264 et
3254 4209 3408 4280 plena
3438 4195 3552 4278 lux,

1970 4315 2026 4362 et
2050 4306 2142 4362 ubi
2174 4302 2331 4360 omne
2373 4303 2540 4375 frigus
2569 4303 2875 4374 expellitur.
2930 4321 2949 4354 ι
2975 4301 3280 4367 Portantes,
3321 4295 3415 4368 ait,
3458 4297 3554 4378 ho-

1969 4396 2212 4452 locausta
2242 4416 2260 4448 ι
2306 4397 2512 4467 seipsos
2548 4403 2927 4452 censecrantes
2958 4393 3100 4460 Deo;
3134 4413 3152 4446 ‹
3181 4403 3236 4449 et
3279 4394 3555 4451 victimam

1945 4490 2100 4561 ;(sive
2148 4489 2478 4561 thymiama)
2529 4496 2589 4542 ut
2635 4488 2816 4542 dicant
2847 4503 2861 4541 :
2896 4506 2914 4538 ‹
2949 4484 3287 4542 Sacriﬁcium
3327 4485 3557 4542 Domino

1972 4583 2192 4654 spiritus
2221 4579 2608 4636 contribulatus
2637 4578 2808 4652 (Psal.
2837 4581 2890 4645 ι)
2911 4595 2970 4645 ς.»
2998 4589 3053 4634 et
3077 4599 3090 4634 :
3121 4599 3138 4630 ‹
3160 4578 3356 4634 Christi
3385 4579 3575 4636 bonus“

1974 4675 2108 4730 odor
2126 4689 2311 4729 sumus
2329 4675 2386 4728 in
2415 4675 2559 4728 omni
2584 4673 2703 4728 loco
2729 4672 2781 4744 (1
2817 4671 2940 4727 Cor.
2966 4675 3060 4741 ll)’;
3085 4695 3103 4726 ι
3144 4681 3197 4727 et
3231 4671 3356 4726 alibi
3383 4689 3394 4723 :
3424 4689 3441 4721 ι
3465 4671 3556 4745 υἰέ

1977 4764 2190 4832 rigatur
2209 4763 2382 4816 oratio
2411 4773 2530 4816 mea
2568 4762 2706 4816 sicut
2742 4762 3017 4815 incensum
3050 4761 3104 4813 in
3133 4765 3421 4827 conSpectu
3467 4767 3558 4814 tuo

1979 4853 2150 4928 (Psal.
2201 4839 2344 4922 οη).
2379 4872 2397 4904 ι
2452 4847 2476 4902 ’‹
2505 4850 2571 4905 Ει
2608 4851 3003 4915 sacrificium,»
3054 4864 3154 4921 pro
3192 4863 3300 4918 quo
3332 4848 3560 4917 Septua-

1979 4945 2128 5015 ginta
2157 4942 2332 5014 ipsum
2357 4941 2580 4997 verbum
2615 4955 2846 5012 posuere
2876 4938 3199 4994 Hebraicum
3245 4948 3422 5002 nmio,
3449 4954 3563 4991 ma-

1977 5055 2098 5101 naa,
2141 5035 2282 5104 quod
2319 5034 2555 5104 pessima
2610 5032 3014 5104 consuetudine,
3074 5030 3184 5085 imo
3237 5029 3560 5099 scriptorum

1977 5126 2297 5199 negligentia
2325 5167 2339 5191 ,
2382 5141 2575 5179 manna
2622 5125 2677 5180 in
2724 5123 2924 5178 nostris
2979 5121 3131 5176 libris
3174 5121 3388 5193 legitur.
3448 5138 3466 5171 ι
3496 5119 3563 5174 Et

1978 5215 2125 5285 thus,
2154 5240 2173 5273 ι
2222 5223 2287 5275 de
2333 5233 2442 5290 quo
2484 5218 2686 5272 dictum
2725 5223 2809 5271 est
2835 5229 2850 5268 :
2877 5233 2896 5265 ι
2920 5213 2990 5271 Ut
3019 5213 3148 5284 quid
3186 5213 3317 5267 mihi
3358 5209 3565 5268 offertis

1977 5314 2103 5367 thus
2125 5311 2190 5368 de
2213 5309 2418 5365 Saba?»
2439 5307 2656 5380 (Supra.
2673 5305 2770 5377 νι.)
2791 5324 2809 5356 ε
2827 5305 2900 5360 Et
2919 5303 3153 5360 inferent
3169 5303 3518 5369 oblationem,
3539 5321 3559 5354 ι

1983 5417 2102 5472 quae
2142 5399 2404 5456 Hebraice
2447 5399 2663 5462 dicitur,
2698 5406 2857 5462 mm,
2896 5396 3076 5462 thoda,
3109 5404 3164 5451 et
3193 5395 3246 5449 in
3274 5395 3566 5465 gratiarum

1984 5493 2239 5548 actionem
2283 5491 2418 5545 verti
2459 5499 2656 5560 potest,
2690 5497 2746 5544 et
2779 5503 2942 5560 quam
2973 5487 3180 5542 laudem
3213 5485 3563 5558 Septuaginta

1985 5585 2394 5642 transtulerunt.
2450 5605 2467 5635 ‹
2498 5584 2555 5638 1η
2607 5585 2823 5639 domum
2866 5582 3098 5647 David,»
3151 5580 3294 5636 haud
3347 5579 3566 5633 dubium

1983 5679 2113 5748 quin
2137 5677 2189 5730 in
2216 5676 2526 5732 Ecclesiam.
2567 5674 2692 5730 Haec
2719 5683 2847 5730 sunt
2867 5674 3085 5744 praemia
3113 5685 3300 5726 eorum
3331 5669 3422 5737 qui
3450 5683 3570 5721 san-

1985 5768 2224 5825 ctificant
2252 5767 2552 5835 sabbatum,
2593 5775 2649 5821 ct
2688 5766 2834 5822 nullo
2861 5766 3098 5839 pondere
3133 5765 3564 5836 praegravantur.
