4008 6340
462 313 567 370 955

1096 308 1157 362 B.
1200 302 1452 362 RABANI
1488 301 1709 360 MM}!!!
1745 300 2040 358 ARCHIEP

2142 297 2417 356 DGUN‘I'.
2457 294 2745 354 01³111οΜ
2780 294 2960 352 PARS
2995 295 3083 352 ιιι.

461 426 519 483 Si
562 432 759 491 autem,
798 423 992 497 inquit,
1030 433 1137 478 non
1181 422 1458 477 audieritis
1493 429 1943 491 praeceptam,
1983 426 2048 472 et
2065 431 2329 492 Aer-rore
2380 430 2480 471 suo
2535 414 2848 485 parabolas
2900 416 3176 487 ﬁguraret.
3232 415 3587 487 Rursumque
3657 419 3775 476 ille

458 530 569 571 nou
607 514 861 579 feceritis,
894 529 1015 583 quae
1062 512 1311 567 facienda
1352 512 1623 576 mndavi,
1675 510 2036 565 «succendat.

462 609 639 680 ignem
676 608 735 666 iu
771 607 943 676 portis
981 605 1119 676 ejus,
1152 605 1207 660 id
1240 613 1323 660 est
1361 603 1718 669 Hierusalem,
1764 602 1937 666 ilhtm,
1970 601 2041 657 du

459 712 567 767 quo
613 696 844 753 dicitur:
879 693 1126 750 «Omnes
1157 694 1541 758 adulterantes,
1590 692 1745 764 quasi
1793 694 2041 747 clibanus

458 790 620 845 corda
655 801 847 843 eorum
882 788 1028 859 (09c.
1055 786 1197 857 vn):
1227 787 1319 857 qui
1350 789 1574 841 devorat
1605 789 1794 842 domos
1822 786 1935 840 sive
1958 784 2041 838 vi-

459 894 552 935 cos
596 878 951 944 liietusalenr,
978 892 1118 947 quos
1151 878 1521 948 Septuaginta,
1565 874 1794 953 ὅμφοδα;
1843 875 2037 945 Aquila

460 979 513 1024 et
542 970 917 1041 Symmachus,
950 972 1144 1045 βάρεις,
1174 971 1229 1025 id
1251 978 1357 1033 est,
1388 969 1611 1023 turritas
1635 970 1837 1035 domos,
1876 969 2039 1023 inter-

461 1062 654 1133 pretati
675 1072 820 1128 Sili",
846 1064 1284 1133 appellanturque
1310 1062 1596 1127 Hebraiee,
1631 1070 1876 1123 mm.
1923 1077 2036 1115 areu

460 1155 687 1209 menotlt.
734 1154 801 1209 Et
844 1169 1115 1225 nunquam
1162 1156 1266 1209 hoc
1303 1155 1678 1225 exstinguetur
1703 1153 2031 1217 incendium,

460 1248 667 1303 dicente
705 1249 962 1319 Apostolo
987 1248 1039 1319 (Ι
1070 1247 1191 1304 Cor.
1220 1248 1303 1322 ιιι)
1336 1270 1348 1304 :
1386 1268 1403 1300 ι
1436 1248 1868 1319 Uniuscujusque
1899 1265 2034 1319 opus

458 1346 616 1414 quale
656 1346 727 1400 sit
778 1348 917 1418 ignis
962 1347 1243 1417 probabit;
1274 1367 1292 1399 ι
1348 1356 1404 1403 et
1450 1349 1693 1403 iterum;
1727 1369 1744 1400 ‹
1774 1349 1833 1403 Si
1879 1350 2035 1419 cujus

412 1448 421 1457 ‘
456 1448 588 1504 opus
620 1438 811 1491 arserit
832 1439 1213 1493 detrimentum
1254 1439 1525 1508 patietur:
1556 1440 1670 1510 ipse
1711 1450 1890 1495 autem
1927 1442 2034 1495 sal-

456 1537 552 1579 vus
574 1527 707 1590 erit,
736 1527 813 1580 sic
840 1535 1019 1581 tamen
1052 1527 1207 1596 quasi
1256 1542 1356 1597 per
1404 1527 1602 1598 ignem.
1636 1547 1655 1579 ι
1709 1528 1806 1583 Sin
1853 1538 2032 1585 autem

454 1618 624 1672 nostri
653 1617 1012 1687 judaizantes,
1040 1619 1473 1688 explanationem
1496 1621 1759 1691 tropicam
1788 1623 2034 1692 repudia.

455 1708 582 1773 rint,
630 1717 724 1762 aut
762 1708 931 1763 Judaei
970 1722 1091 1764 esse
1112 1718 1391 1780 cogentur,
1421 1721 1477 1766 et
1503 1728 1625 1767 cum
1655 1714 2035 1768 observatione

2139 507 2353 579 ﬁgulus,
2378 507 2475 577 qui
2504 520 2655 565 vase
2677 505 2929 563 interula
2960 515 3214 563 currente
3236 508 3572 577 perdiderat,
3604 507 3763 566 Fecit

2139 600 2284 658 aliud
2316 602 2544 666 sibi,ut
2569 601 2621 656 ei
2653 601 2830 656 vim
2870 610 2974 656 est.
3020 600 3325 671 Statimque
3356 603 3641 659 Domina
3684 605 3763 659 ad

2137 697 2455 766 prophetam
2482 714 2495 749 :
2530 695 2589 749 Si
2623 694 2837 766 ﬁgulus,
2875 694 2974 755 ait,
3002 695 3142 750 han
3179 695 3342 750 habet
3368 704 3760 764 potestatum,

2137 785 3762 859 utexeodemlutornrmfaeiat,quodﬁteritdissipa-

2137 884 2275 943 tum,
2296 890 2399 949 ego
2418 879 2474 932 in
2493 877 2667 944 vobis,
2701 878 2792 946 qui
2820 885 3081 946 quantum
3112 877 3167 932 iu
3196 878 3348 933 vobis
3374 888 3460 934 est
3495 880 3763 950 periisse

2134 968 2421 1035 videmini,
2464 970 2567 1024 hoc
2609 968 2791 1024 facere
2832 984 2940 1024 non
2984 970 3215 1039 potero?
3265 970 3332 1023 Et
3384 980 3448 1026 ut
3492 970 3759 1027 liberum

2136 1059 2466 1131 signiﬁcaret
2506 1062 2813 1127 arbitrium,
2848 1061 2987 1116 dicit
3028 1076 3087 1116 se
3130 1070 3186 1116 et
3216 1063 3360 1117 mala
3400 1065 3761 1120 annuntians

2135 1156 2301 1225 genti,
2331 1163 2385 1210 et
2416 1171 2583 1227 regno
2624 1156 2720 1221 illi,
2750 1156 2833 1212 vel
2860 1156 2960 1222 illi,
2986 1164 3042 1211 et
3074 1171 3291 1211 rursum
3316 1159 3481 1223 bona,
3515 1174 3625 1214 nec
3658 1169 3760 1214 ta-

2136 1264 2257 1304 men
2277 1251 2379 1305 hoc
2404 1251 2621 1306 evenire
2640 1251 2785 1319 quod
2804 1250 2917 1319 ipse
2937 1251 3265 1319 praedixerit,
3280 1255 3428 1319 sede
3450 1256 3759 1309 contrario

2135 1340 2270 1403 ﬁeri,
2301 1349 2359 1395 ut
2387 1350 2442 1395 et
2462 1340 2603 1396 bona
2631 1342 2789 1398 malis
2814 1344 3090 1409 eveniant,
3129 1344 3171 1398 si
3212 1345 3419 1415 egerint
3457 1348 3754 1414 pur-niten-

2135 1436 2265 1489 tlam
2295 1443 2386 1489 :et
2414 1435 2570 1491 bonis
2597 1436 2761 1501 mala,
2795 1436 2840 1491 si
2878 1443 3001 1506 post
3040 1438 3491 1506 repromissiones
3524 1439 3755 1494 fuerint

2135 1532 2202 1586 ad
2228 1536 2445 1598 peccata
2477 1528 2743 1583 conversi.
2775 1529 2841 1583 Et
2868 1528 2971 1584 hoc
2996 1529 3246 1594 dicimus,
3272 1545 3378 1584 non
3401 1531 3550 1601 quod
3580 1531 3752 1603 igno-

2136 1631 2217 1676 ret
2262 1610 2403 1676 Deus
2450 1621 2569 1685 hoc,
2625 1620 2711 1676 vel
2761 1620 2915 1687 illud,
2958 1629 3175 1691 gentem
3211 1631 3304 1675 aut
3344 1637 3577 1692 regnum
3612 1638 3753 1677 esse

2134 1714 2424 1773 facturum.
2449 1714 2541 1769 sed
2564 1716 2707 1785 quod
2733 1714 2969 1769 dimittat
2994 1714 3266 1770 hominem
3294 1715 3563 1771 voluntati
3594 1733 3744 1783 suae,

453 1802 659 1856 sabbati
686 1801 1069 1857 circumcidere
1095 1803 1356 1871 pmputia
1382 1819 1396 1856 :
1426 1812 1517 1857 aut
1553 1815 1700 1859 certe
1741 1807 2033 1876 reprehen-
2060 1809 2107 1869 Β
2132 1816 2193 1863 ιιι
2216 1808 2299 1864 vel
2319 1808 2563 1878 praemia,
2594 1806 2680 1863 vel
2712 1816 2901 1878 poenas
2930 1822 3029 1863 sua
3043 1806 3351 1873 voluntate,
3386 1810 3582 1863 et'suo
3620 1823 3751 1864 rne-

451 1894 581 1948 dere
617 1892 950 1947 Salvatorem
980 1934 995 1957 ,
1044 1894 1137 1963 qui
1180 1892 1343 1962 jussit
1386 1895 1443 1950 in
1479 1895 1703 1951 sabbato
1736 1895 2036 1968 paralytieo

451 1993 512 2039 ut
538 1993 782 2055 portaret
805 1987 1002 2043 lectum
1024 2003 1199 2055 suum,
1223 1990 1551 2062 evangelista
1578 1993 1787 2048 dicente
1812 2012 1824 2047 :
1863 2012 1883 2044 ‹
1902 1993 2035 2048 Pro-

450 2082 638 2146 pterea
665 2080 837 2148 magis
870 2081 1183 2150 quzerebant
1214 2097 1336 2138 eum
1368 2083 1674 2139 interﬁcere
1703 2084 1894 2150 Iudaei,
1924 2101 2031 2140 non

452 2168 623 2224 solum
660 2171 787 2242 quia
818 2173 1059 2228 solvebat
1093 2176 1374 2231 sabbatum
1393 2217 1407 2241 ,
1437 2178 1529 2232 sed
1560 2185 1614 2231 et
1641 2186 1851 2248 patrem
1874 2193 2031 2233 suum

450 2260 665 2318 dicebat
684 2263 874 2333 Deum,
901 2267 1162 2337 aqualem
1185 2284 1244 2323 se
1272 2268 1476 2324 faciens
1502 2271 1611 2325 Deo
1636 2270 1820 2341 (Joan.
1852 2269 1928 2343 v).
1971 2290 1991 2324 ι
2034 2272 2040 2278 “

1013 2425 1241 2485 CAPUT
1295 2427 1478 2484 XVIII.

463 2533 599 2592 Vasa
622 2532 774 2609 ﬁguli
791 2542 1417 2615 prophetam-tendantur
1440 2558 1458 2596 :
1480 2544 1544 2598 de
1567 2545 1810 2615 passione
1838 2542 2031 2599 Christi

914 2622 963 2667 et
1008 2613 1203 2668 ultione
1232 2612 1565 2669 Iudaeorum.

525 2746 545 2779 ι
570 2726 804 2783 Verbum
856 2730 997 2799 quod
1050 2727 1253 2784 factum
1304 2739 1386 2785 est
1428 2731 1494 2784 ad
1536 2729 1825 2786 Jcremiam
1857 2740 1886 2785 τι
1927 2726 2032 2787 Do-

454 2840 471 2870 (
501 2818 667 2883 mino,
700 2820 884 2875 dicens
908 2835 930 2874 τ
959 2820 1129 2893 Surge
1161 2830 1213 2878 et
1250 2820 1514 2877 descende
1536 2823 1589 2877 in
1619 2820 1832 2878 domum
1862 2820 2049 2896 ﬁguli,

456 2930 474 2961 ι
502 2920 557 2965 ct
587 2912 659 2966 ibi
695 2913 882 2969 audies
909 2914 1073 2969 verba
1120 2930 1237 2971 mea
1278 2934 1292 2969 :
1329 2923 1383 2970 ct
1426 2915 1673 2970 descendi
1714 2916 1767 2971 in
1814 2917 2031 2972 domum

456 3030 475 3063 ι
505 3011 671 3081 ﬁguli,
700 3021 754 3067 et
786 3028 911 3068 ecce
940 3015 1053 3083 ipse
1077 3014 1308 3069 faciebat
1332 3030 1466 3085 opus
1494 3029 1655 3086 super
1690 3024 1883 3077 rotam,
1922 3016 2033 3071 sive

2134 1900 2238 1953 rito
2274 1900 2517 1970 recipiat,
2557 1914 2659 1953 nec
2692 1899 2875 1954 statim
2924 1908 3095 1953 totum
3140 1899 3246 1952 erit
3296 1899 3533 1953 hominis
3584 1900 3749 1970 quod

2132 1983 2361 2053 eveniet,
2390 1974 2507 2046 sed
2558 1991 2675 2061 ejus
2720 1990 2937 2061 gratim,
2973 1990 3065 2060 qui
3106 1996 3303 2045 cuncta
3348 1988 3580 2061 largitus
3626 1999 3741 2045 est.

2131 2082 2209 2137 Ita
2237 2082 2381 2137 enim
2404 2081 2627 2137 libertas
2651 2080 2861 2136 arbitrii
2892 2082 3218 2137 reservanda
3257 2091 3364 2149 est,
3404 2086 3467 2137 ut
3506 2082 3565 2135 in
3609 2094 3747 2138 om-

2132 2174 2291 2229 nibus
2316 2169 2542 2229 excellat
2576 2173 2748 2243 gratia
2779 2172 3072 2243 largitoris,
3096 2172 3248 2240 juxta
3278 2172 3411 2228 illud
3438 2173 3745 2244 minus

2133 2283 2276 2323 cum.
2331 2284 2354 2319 ‹
2380 2266 2491 2321 Nisi
2515 2266 2776 2321 Dominus
2801 2265 3150 2320 aediﬁcaverit
3169 2267 3409 2331 delirum,
3438 2267 3495 2321 in
3521 2282 3743 2322 vanum

2131 2360 2529 2424 laboraverunt,
2545 2358 2637 2428 qui
2657 2357 2926 2413 zediﬁcant
2948 2372 3099 2424 eam;
3122 2358 3224 2412 nisi
3254 2357 3513 2414 Dominus
3541 2368 3747 2415 custo-

2132 2451 2293 2507 dierit
2320 2451 2616 2517 civitatem,
2642 2452 2695 2506 in
2723 2466 2922 2506 vanum
2950 2451 3193 2523 vigilabit
3221 2452 3311 2521 qui
3344 2452 3583 2507 custodit
3607 2470 3741 2509 eam

2135 2542 2311 2613 (Paul.
2375 2544 2583 2614 cxxvr).
2640 2542 2758 2598 Non
2814 2544 2957 2598 enim
3003 2542 3237 2598 volentis
3284 2558 3459 2613 neque
3504 2560 3743 2601 curren-

2131 2633 2222 2697 tis,
2250 2632 2344 2687 sed
2371 2634 2677 2687 miserentis
2704 2640 2785 2688 est
2811 2632 2908 2688 Dei
2950 2632 3129 2705 (Rom.
3170 2632 3272 2706 rx).
3294 2653 3316 2685 ι
3361 2633 3537 2689 Porro

2132 2725 2327 2797 ﬁgulus
2354 2726 2477 2792 iste,
2516 2728 2619 2781 hoc
2651 2735 2757 2791 est,
2785 2737 3003 2781 creator
3021 2735 3226 2793 noster,
3255 2734 3310 2781 ct
3341 2724 3517 2781 factor
3544 2728 3741 2798 appel-

2132 2815 2276 2870 latur
2307 2816 2466 2881 Deus,
2500 2833 2606 2871 non
2638 2816 2811 2871 solum
2844 2814 3126 2880 Jeremias,
3155 2818 3253 2873 sed
3276 2818 3443 2872 etiam
3464 2816 3649 2873 Isaias
3685 2828 3741 2875 et

2133 2907 2330 2963 Paulus
2359 2907 2633 2978 apostolus
2662 2916 2967 2973 testantur;
3009 2923 3135 2963 nam
3185 2909 3239 2963 in
3280 2906 3415 2963 Isaia
3457 2910 3739 2980 scriptum

2134 3006 2215 3053 cs‘t
2245 3016 2259 3051 :
2297 3017 2316 3049 ι
2342 2998 2434 3053 Var
2461 2997 2553 3068 qui
2576 2999 2896 3053 contradicit
2918 2998 3093 3053 lictori
3126 3014 3244 3064 suo,
3279 3006 3420 3053 testa
3444 2999 3516 3053 de
3536 3000 3741 3055 samiis

455 3100 726 3171 «lapides,
751 3110 805 3156 et
829 3102 1149 3173 dissipatum
1184 3111 1267 3159 est
1292 3106 1386 3158 vas
1409 3104 1548 3173 quod
1587 3106 1699 3175 ipse
1734 3104 1967 3160 faciebat
2003 3120 2033 3161 e

2142 3097 2314 3144 terras.
2370 3086 2620 3158 Nunquid
2651 3089 2782 3144 dicit
2810 3088 2980 3142 lutum
3024 3087 3186 3158 ﬁgulo
3224 3102 3364 3143 suo:
3398 3087 3546 3154 Quid
3569 3088 3739 3157 facis,

455 3211 473 3244 ι
501 3191 615 3246 luto
652 3192 899 3248 manibus
934 3194 1066 3249 suis.
1119 3194 1530 3266 Conversusque
1565 3194 1689 3267 (sive
1715 3204 1770 3250 et
1798 3195 2032 3267 rursum)

2142 3193 2191 3240 et
2212 3199 2346 3255 opus
2374 3191 2525 3237 tuum
2562 3183 2768 3253 absque
2806 3183 3054 3237 manibus
3085 3181 3213 3237 est?
3236 3201 3255 3235 ι
3306 3179 3446 3253 (In.
3477 3183 3637 3251 xu.)
3672 3184 3740 3238 Et

458 3303 477 3335 ‹
504 3284 633 3339 fecit
658 3284 787 3340 illud
824 3301 922 3342 vas
969 3287 1222 3354 alterum,
1270 3289 1407 3343 sicut
1448 3288 1727 3360 placuerat
1773 3290 1824 3343 in
1866 3289 2035 3344 oculis

458 3394 478 3426 ι
505 3374 637 3443 ejus,
676 3384 736 3430 ut
775 3375 996 3433 faceret.
1048 3377 1115 3433 Et
1144 3378 1339 3435 factum
1369 3388 1447 3434 est
1474 3381 1695 3435 verbum
1729 3380 1938 3436 Demiui
1969 3380 2035 3436 ad

459 3484 478 3515 ι
506 3481 591 3520 me
615 3465 795 3522 dicens
828 3484 838 3521 :
872 3466 1121 3538 Nunquid
1159 3469 1297 3524 sicut
1335 3468 1524 3542 ﬁgulus
1550 3471 1651 3526 iste
1685 3489 1787 3527 non
1819 3480 2037 3544 possum

460 3573 480 3606 ‹
510 3553 687 3609 facere
734 3555 912 3623 'vohis,
965 3558 1153 3614 domus
1194 3556 1389 3627 Israel,
1438 3561 1513 3615 ait
1559 3562 1860 3618 Dominus?
1900 3564 2037 3620 Ecce

462 3665 483 3699 ‹
510 3649 646 3704 sicut
674 3647 845 3705 lutum
875 3652 926 3707 in
958 3668 1120 3707 manu
1152 3652 1316 3722 ﬁguli,
1360 3655 1439 3710 sic
1478 3670 1573 3710 vos
1610 3656 1662 3711 iu
1705 3672 1866 3710 manu
1897 3673 2034 3723 mea,

462 3761 481 3793 ι
511 3742 700 3798 domus
744 3742 929 3800 Israel.
974 3745 1214 3816 Repente
1250 3748 1378 3818 (sive
1417 3748 1485 3803 ad
1520 3750 1808 3824 summam)
1848 3749 2040 3821 loquar

464 3853 481 3884 ‹
511 3834 792 3891 adversum
827 3846 1059 3910 gentem,
1089 3846 1142 3894 et
1170 3841 1450 3895 adversum
1479 3858 1726 3912 regnum,
1759 3851 1826 3897 ιιι
1859 3845 2036 3901 eradi-

460 3946 479 3979 t
507 3944 623 3983 cem
646 3930 770 3998 (sive
797 3931 1082 4005 auferam),
1104 3942 1158 3987 et
1181 3934 1453 3990 déstruam
1476 3945 1530 3991 et
1552 3935 1858 4007 disperdam
1885 3938 2035 3994 illud.

462 4035 482 4071 ι
510 4017 567 4073 Si
595 4020 966 4089 paenitentiam
991 4026 1160 4094 egerit
1191 4040 1321 4095 gens
1350 4024 1437 4079 illa
1483 4040 1511 4081 a
1558 4027 1698 4081 man
1742 4044 1857 4093 suo,
1899 4026 2041 4097 quod

464 4126 483 4159 ι
511 4110 720 4166 locutus
747 4128 863 4167 sum
900 4113 1182 4169 adversum
1209 4130 1350 4178 eam,
1380 4131 1533 4187 agam
1563 4124 1615 4171 et
1646 4133 1743 4187 ego
1768 4120 2038 4188 poeniten-

465 4214 483 4247 ι
513 4192 642 4250 tiam
690 4213 853 4268 super
888 4196 1026 4253 malo
1064 4200 1205 4269 quod
1250 4200 1480 4271 cogitavi
1521 4212 1577 4256 ut
1608 4202 1839 4258 iacerem
1864 4203 1933 4257 ei.
1975 4203 2043 4258 Et

465 4304 485 4337 ι
512 4289 688 4341 subito
710 4290 837 4359 (sive
863 4289 930 4342 ad
965 4292 1250 4359 summam)
1286 4292 1477 4362 loquar
1505 4295 1569 4349 de
1591 4304 1747 4364 gente
1770 4305 1822 4351 et
1844 4312 2038 4368 regno,

467 4393 487 4426 ι
511 4386 571 4429 ut
608 4376 870 4433 azdiﬁcem
900 4389 954 4435 et
991 4390 1051 4434 ut
1092 4381 1325 4450 plantam
1358 4383 1504 4439 illud.
1566 4385 1621 4439 Si
1661 4385 1818 4440 fuerit
1844 4387 2041 4442 malum

468 4487 487 4519 ‹
518 4467 570 4521 in
611 4469 780 4525 oculls
817 4473 971 4537 meis,
1000 4482 1058 4527 ut
1085 4485 1188 4528 non
1206 4476 1395 4531 audiat
1433 4488 1617 4533 vocem
1649 4495 1842 4543 meam,
1876 4482 2045 4550 pruni-

471 4576 490 4607 c
520 4560 741 4614 tentiam
765 4576 916 4633 agam
944 4576 1109 4633 super
1134 4565 1274 4620 bono
1296 4567 1438 4636 quod
1467 4567 1676 4623 locutus
1704 4586 1820 4625 sum
1863 4582 1920 4626 ut
1959 4571 2041 4626 fa-

468 4667 487 4699 ι
516 4665 695 4704 (aerem
723 4652 791 4706 ei.
816 4670 841 4702 »ι
894 4653 997 4706 Per
1022 4670 1211 4710 omnes
1231 4657 1445 4725 quidem
1473 4673 1664 4715 sensus
1694 4662 1760 4716 ad
1781 4659 2044 4729 judicium

465 4753 517 4800 et
549 4744 956 4816 intelligentiam
989 4747 1154 4802 animi
1187 4751 1522 4820 pervenitur,
1553 4755 1817 4818 auditum,
1849 4758 2046 4810 odora-

466 4845 596 4901 tum,
642 4847 879 4908 gustum,
929 4847 1171 4893 tactum:
1205 4839 1296 4895 sed
1334 4843 1507 4912 magis
1545 4852 1725 4899 mente
1758 4848 2042 4911 retinetur,

465 4929 607 4998 quod
633 4930 803 4983 oculis
831 4931 1091 4985 cernitur.
1144 4930 1297 4987 Unde
1319 4932 1541 5003 iubetur
1574 4934 1833 5005 propheta
1871 4939 1948 4992 ire
1978 4938 2045 4993 ad

470 5019 686 5072 domum
717 5018 883 5093 ﬁguli,
910 5030 962 5076 et
992 5021 1063 5076 ibi
1098 5019 1308 5077 Domini
1341 5025 1527 5082 audire
1552 5036 1839 5097 praacepta.
1896 5028 2050 5084 Cum-

469 5124 573 5180 que
617 5110 713 5174 ait,
761 5114 1141 5182 perrexissem,
1191 5122 1243 5170 et
1290 5114 1691 5172 descendissem
1732 5120 1784 5172 in
1831 5121 2051 5176 domum

473 5200 640 5271 ﬁguli,
670 5200 901 5257 faciebat
927 5204 1039 5274 ipse
1068 5220 1203 5275 opus
1234 5220 1395 5275 super
1416 5214 1614 5273 rotam,
1638 5223 1798 5278 quam
1825 5209 2052 5280 Septua-

471 5291 617 5361 ginta
656 5291 808 5346 verbi
847 5293 1194 5361 ambiguitate
1235 5295 1474 5360 seducti,
1522 5296 1722 5366 lapides
1756 5299 2050 5355 transtule~

474 5392 604 5440 runt
662 5403 675 5439 :
735 5391 904 5445 ονειιι
947 5387 1091 5441 enim
1140 5404 1235 5458 pro
1283 5389 1542 5460 qualitate
1584 5390 1721 5455 loci,
1776 5400 1831 5447 et
1878 5392 2053 5447 diver-

474 5476 635 5533 sitate
676 5479 1160 5546 pronuntiationis,
1202 5490 1256 5537 et
1294 5497 1577 5553 organum,
1610 5483 1664 5537 id
1697 5492 1802 5549 est,
1836 5492 1952 5539 rota
1993 5483 2050 5538 ﬁ-

474 5567 584 5641 guli
615 5578 867 5634 vocatur,
905 5579 959 5624 et
984 5569 1206 5639 lapides.
1236 5571 1495 5642 Cumque,
1531 5574 1726 5645 inquit,
1773 5590 2053 5631 cernerem

476 5676 573 5717 vas
608 5676 638 5717 e
680 5661 794 5716 luto
839 5662 988 5728 ﬁeri,
1037 5661 1216 5716 subito
1258 5662 1573 5734 dissipatum
1628 5675 1713 5723 est
1762 5685 1776 5723 :
1822 5669 1923 5722 hoc
1961 5668 2056 5726 Dei

480 5763 668 5845 egente
703 5755 1063 5837 providentia,
1094 5764 1154 5812 ut
1178 5770 1371 5817 manus
1404 5758 1629 5819 artiﬁcis
1666 5761 1793 5823 dum
1822 5760 2060 5826 nesciret

2135 3277 2424 3348 Apostolus
2451 3280 2505 3331 in
2532 3275 2771 3346 Epistola
2802 3291 2896 3331 sua
2934 3276 2999 3329 ad
3030 3275 3302 3329 Romanos
3331 3274 3607 3344 loquitur,
3652 3275 3744 3330 Ii-

2138 3384 2267 3423 eens
2296 3385 2312 3420 :
2348 3385 2368 3418 (
2397 3367 2647 3436 Nunquid
2671 3364 2801 3420 dicit
2829 3361 3144 3436 ﬁgmentum
3184 3365 3253 3429 ei,
3283 3366 3377 3435 qui
3420 3374 3479 3419 se
3522 3365 3734 3421 ﬁnxit:

2138 3460 2277 3528 Quid
2298 3448 2384 3514 me
2403 3459 2577 3515 fecisti
2594 3459 2674 3515 sic
2694 3458 2719 3513 ‘l
2736 3478 2754 3510 ι
2802 3457 2884 3512 An
2900 3466 3340 3529 nonpotestatem
3354 3458 3741 3531 bdretﬁgulu

2138 3552 2234 3606 luti
2260 3564 2328 3606 ex
2352 3553 2538 3607 eadem
2565 3567 2741 3606 massa
2776 3550 2955 3607 facere
2988 3552 3204 3624 quidem
3234 3550 3383 3608 aliud
3412 3565 3509 3609 vas
3540 3554 3599 3608 in
3625 3554 3739 3612 ho-

2138 3660 2345 3708 rrorem,
2378 3643 2522 3698 aliud
2546 3658 2674 3715 vero
2703 3644 2755 3698 in
2783 3644 3203 3699 contumeliam?

2214 3759 2233 3793 ‹
2258 3740 2413 3796 Nunc
2456 3756 2585 3812 ergo
2628 3741 2713 3795 die
2745 3741 2864 3795 viro
2901 3737 3053 3802 .l‘uda.
3082 3750 3135 3796 et
3160 3736 3450 3797 habitatori
3472 3739 3741 3799 Hierusa-

2144 3852 2164 3885 t
2188 3830 2316 3898 lem,
2358 3832 2542 3888 dicens
2570 3848 2588 3887 :
2615 3832 2741 3888 Hace
2778 3832 2906 3905 (sive
2941 3832 3040 3905 sic)
3084 3833 3215 3889 dicit
3253 3830 3512 3890 Dominus
3544 3854 3560 3890 :
3592 3836 3739 3893 Ecce

2145 3945 2164 3978 ι
2191 3942 2290 3997 ego
2322 3926 2462 3998 ﬁngo
2488 3934 2673 3980 contra
2704 3938 2802 3980 ros
2837 3925 3037 3980 malum
3082 3934 3136 3980 et
3175 3927 3351 3999 cogito
3396 3935 3587 3981 contra
3633 3942 3738 3983 vos

2145 4033 2164 4067 ι
2191 4016 2589 4086 cogitationem.
2654 4015 2979 4070 Revertatur
3018 4016 3387 4086 unusquisque
3425 4030 3453 4070 a
3503 4016 3590 4070 via
3634 4032 3733 4072 sua

2139 4106 2301 4170 mala,
2332 4114 2386 4161 et
2415 4107 2628 4179 dirigite
2653 4106 2768 4161 vias
2794 4116 3020 4171 vestras,
3061 4115 3114 4161 et
3151 4107 3327 4161 studia
3362 4116 3565 4162 vestra.
3625 4108 3734 4176 Qui

2141 4198 2389 4254 dixerunt
2425 4213 2440 4252 :
2474 4199 2882 4268 Desperavimus
2912 4198 3038 4269 (sive
3084 4197 3551 4270 confortabimur),
3606 4208 3733 4270 post

2147 4308 2168 4342 ι
2197 4290 2550 4360 cogitationes
2583 4291 2727 4344 enim
2763 4299 2977 4344 nostras
3011 4291 3240 4353 ibimus,
3274 4299 3328 4345 et
3358 4291 3734 4361 unusquisque

2148 4400 2167 4433 ι
2188 4381 2511 4451 pravitatem
2534 4382 2659 4451 (sive
2683 4382 2827 4451 quod
2850 4379 3072 4451 placuit)
3096 4381 3274 4435 cordis
3306 4382 3387 4437 sui
3412 4382 3539 4436 mali
3566 4382 3735 4438 facie-

2151 4492 2170 4525 ι
2198 4489 2335 4528 mus.
2379 4472 2505 4528 ldeo
2533 4473 2646 4527 htce
2675 4470 2807 4545 dicit
2836 4470 3094 4527 Dominus
3117 4492 3130 4526 :
3153 4473 3486 4545 lnterrogate
3507 4484 3728 4543 gentes:

2152 4583 2172 4616 ι
2201 4565 2322 4633 quis
2356 4564 2561 4618 audivit
2590 4562 2714 4617 talia
2743 4563 3049 4628 horribilia,
3080 4578 3201 4633 quae
3229 4561 3358 4619 fecit
3386 4564 3550 4619 nimis
3578 4566 3733 4634 virgo
3836 4628 3843 4635 _

2153 4653 2404 4709 «Israel?
2433 4674 2451 4706 ι
2514 4653 2785 4726 (Hieron)
2827 4654 3015 4724 Implet.
3062 4652 3321 4711 Dominus
3378 4657 3686 4726 parabolam
3713 4699 3729 4723 ,

2148 4762 2309 4815 quam
2342 4755 2397 4801 et
2426 4757 2646 4817 aspectu
2686 4754 2741 4802 ct
2772 4748 3112 4801 sermonibus
3149 4750 3423 4813 docuerat,
3461 4758 3515 4803 et
3554 4750 3683 4803 dicit
3714 4770 3726 4802 :

2154 4857 2172 4889 ‹
2199 4838 2338 4893 Ecce
2364 4854 2464 4910 ego
2499 4839 2638 4911 ﬁngo
2666 4848 2853 4894 contra
2886 4855 2982 4895 vos
3008 4840 3205 4894 malum
3226 4882 3241 4908 ,
3278 4860 3295 4892 ι
3345 4842 3497 4910 quasi
3538 4842 3732 4910 ﬁgulus

2147 4929 2340 4983 lutum.
2389 4929 2584 4983 Malum
2623 4938 2801 4984 autem
2826 4928 2981 4998 juxta
3018 4928 3245 4996 Isaiam,
3277 4932 3369 5003 qui
3408 4933 3568 4987 dicit:
3597 4954 3615 4983 ι
3636 4930 3733 4988 Fa-

2153 5022 2302 5077 cieus
2346 5036 2533 5092 pacem
2581 5033 2637 5077 et
2687 5038 2880 5078 creans
2924 5022 3124 5078 malum
3176 5024 3311 5096 (Ῑδα.
3365 5024 3521 5095 xu);
3552 5042 3570 5076 ι
3624 5040 3729 5080 non

2152 5112 2295 5182 quod
2325 5126 2419 5183 per
2446 5128 2505 5167 se
2538 5112 2736 5167 malum
2762 5115 2865 5179 sit,
2896 5117 2988 5170 sed
3014 5112 3157 5185 quod
3178 5116 3506 5184 patientibus
3528 5115 3729 5170 malum

2152 5220 2274 5260 esse
2294 5205 2557 5259 videatur.
2611 5224 2631 5256 ‹
2652 5205 2719 5259 Et
2745 5206 2923 5277 cogito
2946 5214 3135 5261 contra
3162 5221 3260 5262 vos
3286 5206 3684 5279 cogitationem,
3704 5224 3721 5257 ι

2154 5294 2207 5349 id
2229 5304 2331 5358 est,
2357 5309 2456 5365 pro
2483 5295 2677 5350 merito
2706 5293 2905 5351 inferre
2936 5296 3279 5351 sententiam.
3323 5296 3523 5350 Mutare
3547 5309 3726 5365 opera,

2160 5403 2179 5435 ι
2208 5392 2263 5438 et
2287 5384 2502 5454 dirigite
2526 5386 2640 5440 vias
2665 5394 2891 5450 vestras,
2924 5404 2943 5439 ι
2971 5395 3029 5441 ιιι
3054 5393 3110 5441 et
3132 5387 3409 5458 prosperis
3427 5400 3590 5458 plena
3617 5401 3723 5441 run

2158 5488 2316 5535 tetur.
2349 5479 2471 5547 Qui,
2504 5480 2695 5550 inquit,
2728 5496 2759 5535 e
2780 5481 3052 5535 contrario
3082 5483 3351 5536 dixerunt.
3402 5502 3421 5532 ι
3446 5479 3730 5535 Coul‘orta—

2158 5573 2356 5637 bimur,
2384 5578 2401 5625 ι
2433 5572 2487 5627 in
2514 5572 2669 5627 malis
2694 5571 2940 5627 videlicet
2966 5573 3237 5642 operibus,
3266 5572 3380 5627 sive
3390 5570 3543 5638 juxta
3566 5570 3728 5639 Aqui.

2160 5665 2263 5720 lam
2295 5679 2312 5719 :
2346 5683 2365 5715 ι
2394 5664 2817 5735 desperavimus,
2845 5683 2864 5714 ι
2895 5671 2949 5717 et
2972 5664 3125 5734 juxta
3155 5662 3561 5736 Symmachum,
3598 5680 3619 5713 ι
3644 5662 3732 5715 de-

2160 5756 2409 5825 fecimus,
2435 5776 2454 5811 ι
2485 5757 2629 5838 quod
2654 5765 2943 5835 utrumque
2962 5756 3184 5821 adtendit
3205 5758 3529 5833 Dominum,
3556 5764 3620 5819 ut
3642 5764 3736 5823 λιιι

3953 5056 3955 5165 γ

3953 5214 3955 5359 l
