4008 6340
529 360 744 419 959-

1161 357 1221 411 B.
1264 350 1516 409 RABANI
1552 301 1771 408 MAUC]
1804 347 2120 406 ARCHIEP.
2162 347 2469 405 MOGUNT.
2511 346 2794 404 OPERUM
2830 346 3010 402 PARS
3045 345 3132 403 Ill.

3694 345 3824 422 900.

604 491 623 526 ι
658 471 906 528 Adduces
929 469 1075 526 enim
1096 482 1257 538 super
1292 481 1386 523 eos
1412 460 1674 522 latronem
1704 471 1945 535 repente,
1973 461 2100 532 quia
2125 465 2180 526 Α
2201 471 2386 549 nmp,
2408 462 2618 529 karath,
2641 462 2744 518 tria
2770 463 2886 518 haec
2906 462 3453 535 signiﬁcat,jvultque,
3479 478 3606 536 quite
3627 464 3799 520 dictu

531 582 556 621 ι
589 563 842 620 foderunt
873 561 1116 627 foveam,
1146 567 1208 614 ut
1228 565 1485 628 caperent
1508 571 1616 626 me,
1648 564 1706 610 et
1731 556 1952 624 laqueos
1981 554 2108 609 abs-

531 671 557 710 c
589 654 888 711 conderunt
925 651 1150 722 pedibus
1190 649 1347 704 meis.
1385 646 1467 702 Tu
1491 656 1692 711 autem,
1725 645 1972 709 Domine,
2004 644 2111 700 scis

531 761 555 798 ι
587 758 749 799 omne
776 741 1065 799 consilium
1101 753 1290 795 eorum
1323 737 1608 792 adversum
1650 751 1738 792 me
1767 736 1822 791 in
1856 742 2129 799 mortem.

534 854 552 887 c
592 834 671 890 Ne
697 832 1010 904 propitieris
1041 829 1315 901 iniquitati
1348 843 1569 895 eorum,
1610 836 1666 882 et
1697 836 1978 898 peccatum
2014 840 2108 882 eo-

533 945 552 978 ι
589 941 712 980 rum
753 941 784 979 a
826 923 966 979 facie
1009 931 1100 978 tua
1143 935 1249 976 non
1289 919 1555 976 deleatur.
1595 917 1754 973 Fiant
1795 926 2112 974 corruentes

535 1035 559 1070 ι
591 1015 733 1088 (sive
770 1012 1156 1085 impingentes)
1188 1013 1256 1066 in
1291 1019 1584 1081 conspectu
1625 1018 1743 1074 tuo,
1782 1009 1836 1066 in
1870 1017 2114 1080 tempore

534 1123 555 1158 ι
590 1104 788 1162 furoris
825 1104 902 1158 tui
951 1105 1174 1158 abutere
1211 1100 1292 1157 eis
1327 1098 1463 1171 (sive
1500 1100 1588 1154 fac
1627 1098 1684 1154 in
1717 1097 1852 1169 eis).
1888 1117 1907 1148 ι
1953 1095 2012 1151 Si
2042 1095 2112 1151 de

526 1195 762 1251 Jeremia
804 1193 1180 1262 intelligimus,
1219 1189 1562 1260 repentinum
1601 1188 1868 1242 latronem
1910 1184 2112 1241 refera-

529 1301 649 1340 mus
674 1285 742 1338 ad
768 1282 1289 1347 Nabuchodonosor;
1329 1279 1376 1338 si
1409 1280 1475 1340 de
1505 1278 1806 1343 Salvatore,
1845 1277 1995 1353 quod
2021 1291 2113 1332 ve-

526 1377 637 1440 rius
676 1385 731 1432 et
769 1375 959 1432 melius
994 1382 1113 1440 est,
1152 1373 1221 1428 ad
1253 1371 1556 1440 Romanum
1595 1370 1912 1444 exercitum.
1946 1368 2015 1422 Et
2052 1375 2114 1423 ut

519 1469 666 1539 justa
703 1468 948 1524 videatur
987 1463 1260 1522 sententia
1292 1462 1418 1529 Dei,
1463 1461 1683 1532 exponit
1717 1460 1846 1529 quid
1885 1459 2116 1514 fecerint

528 1564 720 1614 contra
765 1555 1040 1622 Christum
1084 1553 1278 1614 Filium
1326 1552 1450 1617 Dei,
1501 1559 1556 1606 et
1608 1549 1737 1620 quid
1783 1549 1927 1620 passi
1979 1549 2109 1604 sint.

525 1647 677 1716 Quod
717 1658 898 1722 autem
933 1646 1096 1703 infert
1134 1665 1146 1700 :
1192 1665 1211 1697 ‹
1255 1643 1333 1699 Ne
1370 1643 1677 1714 propitieris
1711 1641 1980 1711 iniquitati
2023 1656 2115 1697 e0-

526 1752 680 1802 rum,
709 1745 764 1791 et
783 1745 1062 1806 peccatum
1090 1750 1277 1790 eorum
1307 1750 1337 1788 a
1367 1734 1504 1802 facie
1534 1742 1625 1787 tua
1655 1747 1760 1786 non
1791 1733 2055 1799 deleatur,
2088 1751 2107 1785 ι

2212 571 2304 611 rus
2317 567 2420 622 est,
2432 565 2488 612 et
2505 570 2660 628 reges
2669 554 2701 612 J
2705 557 2806 611 uda
2820 556 3029 623 audire,
3052 565 3108 612 et
3123 557 3452 614 habitatores
3463 555 3813 624 Jerusalem,

2209 646 2263 702 id
2287 658 2371 702 est
2395 656 2451 702 et
2482 648 2709 717 stirpem
2743 648 2948 718 regiam
2978 656 3034 703 et
3059 663 3276 705 omnem
3308 649 3589 722 populum,
3621 658 3691 706 ut
3728 651 3818 706 in-

2207 737 2544 794 excusabiles
2570 738 2699 804 sint,
2734 738 2826 807 qui
2854 739 3040 796 audire
3071 740 3361 796 noluerint.

2285 848 2303 880 ι
2331 827 2456 884 Haec
2475 829 2604 884 dicit
2621 829 2880 885 Dominus
2899 830 3257 896 exercituum,
3271 831 3414 887 Deus
3434 830 3606 886 Israel
3627 850 3641 886 :
3662 831 3820 887 Ecce

2215 939 2236 972 ι
2266 935 2366 992 ego
2397 921 2648 976 inducam
2677 920 3017 978 alllictionem
3055 920 3180 995 (sive
3215 923 3374 995 mala)
3414 940 3582 996 super
3618 924 3813 979 locum

2215 1031 2234 1062 ι
2260 1012 2460 1078 istum,
2503 1013 2578 1066 ita
2617 1019 2676 1066 ut
2711 1012 2889 1067 omnis
2923 1013 3013 1081 qui
3052 1013 3289 1084 audierit
3328 1013 3476 1068 illam
3506 1015 3652 1087 (sive
3691 1015 3813 1079 illa,

2214 1121 2234 1153 (
2269 1103 2500 1156 tinniant
2526 1116 2685 1158 aures
2723 1101 2863 1172 ejus,
2891 1118 2956 1158 eo
2985 1104 3128 1173 quod
3153 1099 3563 1174 'dereliquerunt
3603 1120 3720 1168 me,
3758 1115 3818 1160 et

2215 1209 2235 1243 ι
2273 1192 2506 1248 alienum
2535 1192 2781 1248 fecerunt
2815 1193 2991 1249 locum
3017 1193 3200 1257 istum,
3228 1203 3283 1249 et
3311 1193 3620 1248 libaverunt
3649 1194 3708 1247 in
3744 1211 3814 1248 eo

2216 1301 2235 1332 (
2271 1283 2374 1338 diis
2401 1283 2613 1349 alienis,
2645 1299 2781 1354 quos
2817 1285 3128 1339 nescierunt
3161 1284 3262 1354 ipsi
3297 1292 3353 1338 et
3382 1293 3565 1356 patres
3605 1301 3812 1340 eorum

2215 1393 2234 1423 ι
2272 1383 2327 1430 et
2365 1390 2517 1445 reges
2545 1373 2680 1430 Juda
2720 1395 2734 1430 :
2773 1383 2828 1429 et
2867 1375 3208 1444 repleverunt
3248 1365 3424 1430 locum
3465 1375 3635 1430 istum
3677 1393 3817 1430 san-

2217 1484 2236 1517 ι
2269 1467 2430 1536 guine
2452 1467 2818 1533 innocentum,
2845 1476 2900 1520 et
2921 1465 3322 1542 aediﬁcaverunt
3345 1466 3559 1520 excelsa
3591 1466 3818 1520 Baalim

2219 1579 2236 1611 ι
2275 1561 2340 1614 ad
2366 1560 2758 1615 comburendos
2780 1559 2919 1615 ﬁlios
2941 1575 3066 1614 suos
3090 1559 3144 1612 in
3175 1545 3544 1612 holocaustum
3565 1557 3814 1620 Baalim,

2220 1671 2237 1703 ‹
2274 1669 2394 1722 qua:
2420 1668 2527 1707 non
2554 1653 2783 1723 przecepi
2820 1650 2943 1723 (sive
2972 1651 3248 1723 cogitavi),
3285 1665 3385 1705 nec
3409 1651 3630 1705 locutus
3663 1666 3817 1715 sum,

2220 1764 2237 1795 ‹
2277 1759 2375 1799 nec
2414 1745 2771 1799 ascenderunt
2808 1744 2862 1814 in
2901 1759 2996 1798 cor
3025 1757 3223 1797 meum.
3259 1762 3279 1795 ι
3322 1742 3390 1796 Et
3431 1741 3578 1796 hunc
3626 1743 3816 1796 locum

525 1842 866 1897 nequaquam
901 1826 1069 1896 priori
1111 1824 1391 1880 sentcntim
1418 1825 1750 1879 contrarium
1783 1833 1896 1890 εει,
1929 1824 1984 1878 in
2009 1839 2114 1894 qua
2143 1833 2190 1894 B
2219 1833 2379 1888 stulte
2403 1833 2619 1902 quidam
2643 1833 2711 1887 ad
2737 1831 3013 1888 cmlestem
3035 1829 3276 1886 referunt
3299 1829 3626 1886 Jerusalem.
3656 1830 3818 1897 Quod

523 1931 624 1987 pro
648 1917 843 1986 populo
869 1917 1188 1984 deprecatur
1214 1914 1452 1969 Patrem.
1483 1913 1588 1969 Sed
1617 1922 1900 1985 postquam
1931 1916 2114 1970 datum

527 2013 740 2076 tempus
776 2007 1107 2076 poenitentiae
1146 2006 1436 2076 praeteriit,
1476 2014 1530 2061 et
1565 2005 1640 2060 illi
1683 2006 1736 2067 in
1777 2021 1874 2060 suo
1915 2005 2116 2061 scelere

524 2106 894 2172 perseverant,
923 2097 1103 2168 populi
1132 2113 1197 2153 ac
1234 2098 1476 2154 seniores
1501 2113 1608 2152 non
1649 2106 1760 2152 tam
1787 2112 1888 2167 pro
1924 2111 1982 2152 se
2014 2112 2116 2167 pu-

529 2188 755 2242 niuntur
782 2203 943 2258 quam
966 2203 1064 2258 pro
1093 2187 1234 2254 aliis,
1279 2202 1347 2242 ne
1387 2187 1615 2242 inultum
1643 2196 1928 2258 peccatum
1958 2195 2118 2242 caete-

526 2278 603 2333 ris
633 2287 826 2334 noceat
849 2278 1117 2349 exemplo.
1151 2277 1410 2348 Quodque
1440 2277 1604 2334 infert
1630 2296 1644 2334 :
1681 2298 1699 2330 ‹
1732 2277 1892 2334 Fiant
1924 2277 2117 2348 impin-

524 2379 712 2440 gentes
744 2391 764 2424 ›
802 2371 926 2443 (sive
974 2389 994 2423 ‹
1031 2380 1344 2427 corruentes
1378 2374 1426 2445 ι)
1463 2390 1480 2423 ι
1516 2373 1571 2425 in
1607 2379 1900 2442 conspectu
1928 2378 2052 2438 tuo,
2090 2389 2110 2422 ι

525 2461 667 2516 illius
705 2460 856 2516 Isaiae
897 2470 952 2517 et
995 2461 1143 2517 Petri
1184 2461 1412 2532 apostoli
1455 2461 1632 2517 simile
1667 2469 1750 2516 est
1787 2479 1800 2514 :
1846 2479 1864 2512 ι
1903 2459 1971 2515 Et
2006 2475 2116 2516 non

527 2553 831 2624 impingetis
879 2554 1020 2609 sicut
1068 2555 1124 2609 in
1169 2555 1400 2625 lapidem
1445 2553 1760 2610 oﬂ‘ensionis
1807 2563 1861 2609 et
1905 2562 2116 2625 petram

525 2643 763 2697 scandali
788 2642 922 2714 (Isa.
947 2660 1078 2712 vni;
1108 2643 1138 2698 Ι
1182 2644 1329 2699 Petr.
1371 2643 1453 2717 ιι).
1494 2664 1512 2697 ι
1543 2644 1705 2716 Cujus
1730 2654 1786 2700 et
1811 2647 1865 2702 in
1888 2647 2117 2703 Psalmis

526 2733 790 2805 Propheta
820 2736 1105 2791 meminit:
1145 2755 1164 2789 ι
1196 2737 1454 2807 Lapidem
1489 2753 1650 2809 quem
1691 2740 2118 2809 reprobaverunt

525 2824 877 2894 aediﬁcantes,
902 2827 992 2882 hic
1017 2827 1190 2884 factus
1218 2837 1301 2883 est
1323 2828 1375 2883 in
1400 2837 1563 2900 caput
1588 2829 1793 2901 anguli.
1818 2830 1865 2883 A
1886 2829 2117 2886 Domino

525 2913 728 2971 factum
753 2926 838 2973 est
863 2919 968 2975 hoc
994 2917 1169 2991 (Psal.
1201 2919 1389 2990 cxvii).
1422 2939 1443 2972 ι

1116 3033 1343 3090 CAPUT
1381 3032 1522 3089 XIX.

529 3119 635 3174 Per
689 3121 1057 3196 contritione»:
1118 3123 1412 3196 lagunculre
1481 3126 1811 3196 signiﬁcatur
1869 3126 2111 3182 contritio

749 3192 1043 3248 Jerusalem
1070 3192 1277 3266 propter
1300 3192 1654 3264 idololatriain
1685 3196 1896 3252 Ennon.

606 3324 624 3357 ‹
662 3305 788 3361 Haec
811 3305 942 3361 dicit
967 3305 1227 3364 Dominus
1257 3327 1270 3363 :
1304 3310 1471 3375 Vade,
1502 3317 1557 3364 et
1585 3323 1737 3364 sume
1773 3309 2112 3378 lagunculam

534 3417 552 3449 ε
595 3397 739 3470 figuli
790 3406 1018 3457 testeam
1053 3400 1119 3456 de
1143 3402 1446 3458 senioribus
1465 3401 1668 3472 populi,
1698 3417 1764 3456 ac
1790 3402 1856 3458 de
1875 3401 2114 3458 seniori-

533 3506 551 3538 ι
585 3487 686 3544 bus
727 3491 1066 3546 sacerdotum
1099 3511 1112 3546 :
1151 3501 1206 3548 et
1241 3493 1498 3563 egredere
1535 3493 1601 3548 ad
1639 3493 1834 3548 vallem
1872 3492 1968 3548 ﬁlii
2002 3493 2114 3549 En-

531 3601 550 3634 ‹
585 3598 742 3651 nom,
786 3601 906 3657 qua:
939 3593 1025 3642 est
1062 3586 1220 3658 juxta
1260 3587 1539 3641 introitum
1575 3595 1745 3657 porta:
1778 3586 1957 3643 ﬁctilis
1990 3587 2116 3660 (sive

532 3690 550 3723 ι
588 3673 885 3747 Charsith),
917 3685 971 3732 et
997 3677 1317 3746 praedicabis
1349 3675 1477 3747 (sive
1506 3675 1797 3741 clamabis,
1834 3676 1919 3731 vel
1948 3674 2114 3748 leges)

531 3781 550 3815 ι
588 3763 662 3819 ibi
691 3765 857 3819 verba
886 3780 1007 3834 quae
1040 3780 1141 3837 ego
1181 3765 1374 3835 loquar
1403 3763 1473 3820 ad
1500 3775 1573 3831 te,
1615 3773 1672 3820 et
1703 3765 1852 3820 dices
1879 3783 1890 3820 :
1921 3764 2115 3821 Audite

530 3873 551 3906 ι
585 3855 814 3911 verbum
841 3857 1074 3923 Domini,
1107 3872 1260 3928 reges
1281 3855 1420 3913 Juda
1453 3866 1507 3913 et
1531 3857 1866 3914 habitatores
1890 3856 2111 3912 Jerusa-

531 3965 550 3998 σ
588 3947 713 4003 lem.
737 3968 769 4002 ψ
804 3948 911 4004 Pro
935 3949 1255 4022 languncula
1280 3950 1450 4024 ﬁguli,
1477 3966 1594 4022 quae
1624 3950 1888 4007 Hebraice
1917 3950 2118 4007 dicitur

523 4047 695 4126 papa,
722 4038 1018 4108 backebeck,
1042 4039 1188 4097 LXX
1209 4041 1464 4097 doliolum
1491 4042 1881 4097 transtulerunt
1907 4061 1918 4096 :
1945 4050 2000 4097 et
2016 4058 2116 4114 pro

524 4138 682 4200 porta
711 4130 863 4187 ﬁctili
891 4133 1105 4202 Aquila,
1134 4132 1492 4204 Symmachus
1512 4141 1568 4188 et
1593 4131 1910 4198 Theodotio,
1939 4133 2112 4204 ipsum

523 4221 751 4275 verbum
794 4232 1090 4291 posuerunt
1130 4221 1459 4278 Hebraicum
1495 4231 1699 4287 nvo-1n,
1742 4222 1965 4289 harsith,
2015 4237 2115 4293 pro

527 4323 636 4378 quo
661 4308 825 4375 LXX,
849 4308 1008 4378 juxta
1035 4326 1447 4396 morem'suum,
1475 4326 1575 4381 pro
1601 4311 1927 4382 aspiratione
1950 4323 1990 4373 Π
2023 4313 2112 4368 lit-

527 4407 659 4454 terae
701 4399 1024 4455 addiderunt
1062 4421 1108 4474 χ
1156 4400 1438 4469 Graecum,
1478 4410 1540 4456 ut
1581 4402 1825 4457 dicerent
1870 4400 2114 4457 Charsith

526 4506 628 4562 pro
657 4492 859 4546 Ιτανεὶιὴ
885 4508 904 4547 :
935 4493 1074 4549 sicut
1108 4492 1237 4548 illud
1266 4502 1358 4550 est
1385 4493 1598 4550 Hebron
1628 4511 1728 4567 pro
1756 4493 2026 4564 Chebron,
2058 4504 2115 4552 et

527 4596 627 4651 pro
664 4580 907 4650 Hieriho,
934 4581 1202 4639 Hiericho.
1236 4583 1361 4640 Vult
1387 4593 1567 4642 autem
1597 4585 1878 4657 Scriptura
1909 4587 2109 4654 divina,

526 4688 636 4732 non
671 4673 843 4729 solum
885 4675 1106 4732 auribus
1147 4677 1326 4734 doceri
1367 4680 1646 4749 populum,
1684 4681 1776 4736 sed
1821 4689 1876 4735 et
1919 4681 2108 4738 oculis.

526 4762 697 4835 Magis
718 4764 938 4828 enimut
955 4764 1069 4835 jam
1083 4767 1317 4826 diximus
1331 4777 1512 4826 mente
1538 4772 1799 4827 retinetur
1813 4773 1955 4842 quod
1969 4774 2110 4840 visu,

526 4869 690 4924 quam
723 4857 869 4924 quod
895 4857 1083 4913 auditu
1099 4858 1167 4912 ad
1196 4859 1434 4915 animum
1458 4862 1725 4931 pervenit.
1763 4880 1783 4915 α
1817 4863 1988 4930 Tolle,
2023 4864 2108 4917 in-

527 4944 677 5012 quit-,
707 4944 1044 5013 lagunculam
1071 4956 1297 5005 testeam
1323 4948 1460 5021 (sive
1489 4949 1762 5022 doliolum)
1793 4953 1858 5007 de
1886 4953 2112 5007 seniori-

528 5035 631 5089 bus
658 5037 838 5104 populi
868 5053 932 5093 ac
955 5041 1320 5105 sacerdotum,
1342 5047 1398 5095 et
1423 5043 1678 5111 egredere
1705 5043 1772 5097 ad
1798 5043 1990 5098 vallem
2016 5044 2111 5100 ﬁlii

531 5125 791 5188 Ennom,»
822 5128 888 5183 de
913 5144 1018 5200 qua
1040 5147 1201 5201 supra
1237 5131 1473 5188 diximus
1505 5151 1518 5185 :
1551 5134 1643 5187 ubi
1678 5142 1796 5188 erat
1831 5134 2110 5191 delubrum

532 5215 679 5282 Baal,
720 5225 774 5272 et
802 5233 992 5275 nemus
1026 5236 1089 5277 ac
1133 5221 1305 5288 lucus,
1362 5221 1507 5278 Siloe
1549 5222 1787 5279 fontibus
1835 5224 2108 5294 irrigatus.

531 5305 649 5376 lpsa
675 5316 878 5374 autem,
913 5311 1104 5380 inquit,
1133 5311 1287 5366 vallis
1303 5310 1458 5380 juxta
1486 5319 1697 5382 portam
1720 5321 1822 5379 est,
1849 5329 1968 5383 qum
2003 5313 2108 5368 He-

481 5480 484 5482 .
533 5399 678 5452 [meo
701 5415 950 5457 sermone
972 5413 1178 5471 n9D‘1l'i,
1207 5407 1433 5473 harsitlt,
1462 5408 1562 5463 hoc
1589 5415 1673 5463 est
1699 5407 1899 5474 ﬁctilis,
1926 5409 2110 5478 appel-

533 5490 693 5548 latur.
743 5494 811 5549 Et
857 5497 1208 5568 praedicabis,
1253 5500 1337 5556 vel
1374 5501 1519 5572 leges
1557 5500 1628 5555 ibi
1657 5502 1820 5556 verba
1855 5517 1975 5572 quae
2012 5517 2113 5573 ego

485 5641 489 5644 _
532 5581 721 5669 loquar
755 5595 964 5652 tecum,
1002 5595 1061 5640 ut
1103 5588 1174 5641 ibi
1210 5591 1516 5658 audiantur,
1547 5608 1666 5663 quae
1691 5593 1934 5648 dicturus
1968 5609 2109 5649 sum.

529 5672 655 5728 Ideo
685 5685 866 5730 autem
909 5677 1040 5747 (jam
1071 5684 1131 5731 ut
1169 5678 1421 5750 diximus)
1460 5691 1514 5737 et
1551 5684 1879 5754 pra’dicabis,
1918 5691 1971 5736 et
2000 5682 2110 5736 cla-

533 5769 719 5837 mabis,
769 5778 826 5824 et
869 5768 1006 5841 leges
1049 5770 1286 5842 ponitur,
1337 5774 1461 5842 quia
1507 5777 1733 5832 verbum
1786 5775 2113 5832 Hebraicum

2141 3185 2188 3251 C

2217 1943 2284 1981 ne
2322 1941 2533 1996 semper
2570 1926 2906 1989 admoneam,
2938 1933 3143 1990 tantum
3176 1926 3278 1979 hoc
3306 1925 3510 1978 dixisse
3548 1923 3818 1990 suiliciat,

2215 2019 2488 2072 vitandam
2516 2017 2816 2072 istiusmodi
2842 2017 3273 2087 explanationem
3307 2033 3446 2083 esse,
3475 2019 3590 2072 imo
3630 2018 3819 2072 hzere—

2217 2109 2339 2173 sim,
2367 2124 2485 2178 quae
2514 2107 2798 2162 manifesta
2825 2109 3104 2174 subvertit,
3132 2117 3186 2162 et
3212 2109 3511 2178 praestigias
3539 2111 3818 2178 quasdam

2216 2197 2471 2253 Ecclesiis
2508 2197 2709 2253 Christi
2743 2207 2970 2253 conatur
3005 2199 3278 2254 inducere.
3318 2199 3457 2252 Nulli
3489 2208 3684 2255 autem
3718 2201 3822 2254 du-

2215 2290 2362 2345 bium
2392 2291 2521 2361 quin
2548 2291 2603 2344 in
2635 2290 2832 2361 templo
2854 2290 2948 2346 Dei
2975 2291 3100 2345 Baal
3136 2291 3333 2346 idolum
3363 2293 3676 2361 posuerint,
3700 2293 3818 2348 sive

2217 2381 2271 2434 in
2299 2381 2543 2448 delubro,
2575 2382 2719 2452 quod
2743 2391 2860 2436 erat
2887 2384 2940 2437 in
2968 2382 3107 2437 valle
3135 2381 3230 2436 ﬁlii
3257 2381 3484 2449 Ennom,
3516 2384 3610 2438 ubi
3645 2394 3707 2439 et
3732 2385 3818 2439 lu-

2217 2488 2312 2528 cus
2348 2473 2494 2540 Baal,
2540 2483 2596 2529 et
2634 2488 2728 2528 ara
2767 2475 2884 2546 ejus
2920 2474 3041 2540 fuit,
3085 2488 3246 2544 super
3280 2491 3444 2545 quam
3483 2477 3819 2532 immolave-

2218 2577 2374 2634 runt,
2403 2577 2458 2624 et
2500 2569 2855 2624 incenderunt
2886 2568 3026 2624 ﬁlios
3071 2583 3219 2634 suos,
3259 2583 3377 2638 quae
3407 2569 3680 2624 Dominus
3713 2585 3816 2626 nec

2216 2658 2489 2728 cogitavit,
2523 2673 2624 2713 nec
2669 2657 2880 2714 loeutus
2907 2666 3012 2724 est,
3059 2672 3158 2712 nec
3205 2657 3566 2714 ascenderunt
3608 2661 3672 2715 in
3717 2678 3815 2717 eor

2217 2751 2333 2823 ejus
2360 2770 2374 2806 :
2407 2766 2514 2807 non
2541 2752 2683 2822 quod
2711 2751 2854 2806 Deus
2884 2750 3067 2805 futura
3120 2750 3392 2818 nescierit,
3422 2751 3517 2806 sed
3549 2754 3706 2822 quod
3731 2753 3814 2807 in-

2216 2844 2376 2917 digna
2427 2858 2525 2899 sua
2571 2843 2762 2899 notitia
2818 2844 3069 2915 ignorare
3123 2857 3180 2898 se
3237 2843 3400 2909 dicat,
3443 2842 3604 2913 juxta
3677 2846 3812 2901 illud

2216 2935 2580 3006 evangelicum
2609 2952 2623 2989 :
2658 2953 2676 2986 ‹
2713 2933 2968 2990 Recedite
2993 2950 3024 2989 a
3052 2950 3165 3001 me,
3195 2935 3428 3005 operarii
3457 2935 3808 3004 iniquitatis:

2215 3012 2398 3082 nescio
2425 3041 2524 3082 vos
2559 3024 2707 3099 (Luc.
2749 3027 2892 3098 xm).
2937 3046 2956 3080 ι
2991 3025 3154 3083 Novit
3193 3028 3337 3082 enim
3379 3027 3648 3082 Dominus
3690 3043 3807 3094 eos,

2216 3122 2306 3190 qui
2332 3121 2416 3176 sui
2451 3128 2578 3176 sunt
2606 3120 2696 3194 (II
2726 3120 2862 3174 Tim.
2893 3120 2974 3192 ιι).
3013 3119 3082 3176 Et
3110 3139 3122 3175 :
3160 3139 3179 3172 ‹
3211 3120 3310 3189 Qui
3339 3122 3552 3191 ignorat
3582 3121 3810 3190 ignora-

2218 3211 2362 3266 bitur
2397 3210 2452 3283 (I
2494 3209 2617 3266 Cor.
2641 3212 2773 3283 xxv),
2807 3230 2827 3264 ι
2854 3211 2937 3266 vel
2965 3220 3114 3267 certe
3139 3213 3566 3288 ἅνθρωποπάθως,
3601 3218 3662 3265 et
3691 3211 3809 3267 have

2217 3303 2282 3358 de
2309 3302 2421 3359 Deo
2447 3303 2778 3374 accipienda,
2808 3304 2945 3358 sicut
2973 3314 3029 3358 et
3057 3303 3180 3357 alia.
3209 3303 3396 3359 Omnis
3417 3311 3601 3357 autem
3628 3303 3807 3357 haere-

2217 3396 2356 3452 ticus
2383 3396 2706 3467 derelinquit
2744 3398 2934 3463 Deum,
2973 3405 3028 3452 et
3060 3397 3290 3454 alienum
3325 3398 3454 3452 facit
3488 3397 3674 3451 locum
3707 3399 3805 3454 ha-

2215 3489 2493 3545 bitationis
2527 3488 2654 3554 Dei,
2691 3505 2852 3560 quem
2892 3505 2989 3546 sua
3028 3489 3216 3546 fraude
3250 3491 3528 3562 polluerit,
3569 3499 3626 3548 et
3670 3492 3804 3548 libat

2216 3583 2322 3638 diis
2351 3582 2556 3649 alienis,
2587 3599 2722 3654 quos
2754 3598 2854 3640 nec
2883 3583 2996 3655 ipse
3031 3591 3276 3651 noverat,
3313 3599 3415 3640 nec
3442 3593 3632 3656 patres
3660 3585 3799 3654 ejus,

2216 3675 2445 3746 apostoli
2489 3674 2741 3731 videlicet
2783 3684 2838 3731 et
2879 3676 3157 3747 apostolici
3207 3675 3329 3730 viri.
3387 3674 3567 3745 Reges
3615 3685 3801 3730 autem

2214 3764 2351 3820 Juda
2367 3806 2382 3832 ,
2407 3765 2510 3822 hoc
2535 3775 2618 3821 est
2636 3767 3009 3822 haereticorum
3032 3766 3350 3837 patriarcha:
3365 3765 3594 3836 implent
3620 3767 3801 3825 locum

2215 3858 2484 3926 quondam
2513 3856 2631 3922 Dei,
2659 3858 2918 3928 sanguine
2947 3859 3288 3928 deceptorum
3316 3866 3373 3913 et
3398 3858 3798 3915 innocentium.

2215 3945 2329 4001 Nisi
2357 3945 2500 4000 enim
2531 3947 2725 4002 stultus
2749 3955 2804 4002 et
2829 3947 3055 4018 simplex
3084 3946 3266 4015 fuerit,
3296 3963 3402 4004 non
3426 3948 3536 4004 cito
3573 3950 3803 4006 subver-

2215 4038 2364 4092 titur.
2396 4038 2464 4093 Et
2491 4037 2760 4093 mdiﬁcant
2783 4037 2993 4094 excelsa
3025 4038 3252 4103 Baalim,
3289 4041 3414 4095 dum
3450 4040 3517 4094 de
3548 4041 3804 4096 sublimi-

2214 4129 2314 4184 bus
2351 4128 2626 4199 disputare
2668 4145 2726 4184 se
2760 4129 2961 4184 dicunt.
3011 4129 3078 4184 Et
3119 4131 3437 4185 comburunt
3484 4129 3628 4186 ﬁlios
3673 4149 3803 4189 suos

2215 4218 2376 4285 idolo,
2414 4234 2549 4289 quos
2577 4220 2630 4274 in
2656 4220 2850 4275 haeresi
2883 4229 3199 4290 genuerunt.
3242 4219 3372 4288 Quae
3397 4221 3583 4276 omnia
3613 4225 3805 4280 Domi-

2215 4326 2316 4365 nus
2343 4311 2590 4382 ignorare
2618 4326 2675 4366 se
2704 4310 2854 4376 dicit,
2881 4327 2982 4367 nec
3009 4326 3246 4383 unquam
3273 4313 3585 4369 ascendisse
3621 4315 3678 4369 in
3711 4332 3806 4372 co-

2214 4402 2525 4473 gitationem
2555 4417 2729 4458 suam.

2292 4508 2312 4542 ι
2349 4489 2637 4562 Propterea
2675 4507 2803 4548 ecce
2831 4492 2946 4550 dies
2973 4490 3221 4561 veniunt,
3251 4495 3383 4552 dicit
3407 4495 3672 4554 Dominus
3703 4517 3720 4554 :
3749 4508 3803 4556 et

2222 4599 2242 4634 ι
2278 4597 2384 4638 non
2410 4583 2690 4638 vocabitur
2717 4583 2869 4640 locus
2894 4586 2997 4641 iste
3019 4587 3249 4656 amplius
3282 4587 3527 4658 Topheth
3555 4607 3570 4643 :
3604 4598 3661 4646 et
3687 4592 3803 4646 val-

2223 4691 2244 4726 α
2278 4673 2346 4728 lis
2376 4673 2468 4728 ﬁlii
2501 4675 2728 4739 Ennom,
2757 4675 2850 4730 sed
2872 4675 3026 4732 vallis
3048 4677 3353 4734 occisionis.
3379 4699 3397 4732 ι
3431 4679 3575 4734 LXX
3607 4701 3620 4735 :
3659 4701 3678 4732 ‹
3709 4683 3800 4738 ld-

2223 4783 2241 4815 (
2278 4765 2424 4820 circo
2451 4781 2577 4820 ecce
2605 4765 2718 4820 dies
2742 4765 2982 4834 veniunt,
3013 4768 3141 4823 dicit
3167 4768 3446 4836 Dominus,
3475 4781 3529 4826 et
3556 4788 3666 4827 non
3699 4790 3800 4830 vo-

2222 4876 2241 4909 ι
2279 4859 2490 4914 cabitur
2515 4859 2664 4914 locus
2689 4859 2790 4914 istc
2814 4859 3042 4930 amplius
3078 4862 3231 4916 ruina
3257 4871 3312 4919 et
3345 4864 3669 4942 πολυάνδριον
3703 4867 3800 4922 ﬁlii

2223 4968 2242 5003 ι
2279 4951 2507 5014 Ennom,
2537 4950 2631 5004 sed
2654 4948 2979 5026 πολυάνδριον
3007 4952 3312 5009 occisionis.
3338 4973 3357 5006 ›
3385 4955 3514 5022 Quae
3541 4956 3616 5010 sit
3641 4956 3802 5011 vallis

2217 5039 2313 5094 ﬁlii
2341 5039 2581 5105 Ennom,
2626 5053 2744 5106 qua:
2786 5037 3048 5094 Hebraice
3080 5039 3278 5095 dicitur
3302 5053 3525 5106 mnam,
3565 5044 3713 5098 unde
3744 5054 3800 5099 et

2216 5131 2516 5202 gehennam
2542 5129 2859 5200 appellatam
2885 5139 3105 5200 putant,
3145 5147 3306 5202 supra
3345 5133 3598 5189 diximus.
3632 5135 3800 5191 Miror

2217 5231 2396 5275 autem
2431 5220 2558 5290 quid
2585 5220 2686 5275 sibi
2713 5220 2975 5276 voluerint
3005 5221 3357 5294 Septuaginta
3392 5240 3492 5296 pro
3527 5223 3799 5295 Thopketlt

2216 5310 2520 5376 διάπτωσιν,
2547 5311 2648 5365 hoc
2679 5319 2764 5365 est
2798 5312 3002 5365 ruinam
3029 5327 3251 5381 ponere,
3280 5323 3336 5368 et
3374 5329 3470 5385 pro
3495 5313 3663 5379 valle,
3699 5338 3800 5370 πο-

2215 5402 2495 5475 λυάνδριον,
2518 5402 2662 5471 quod
2683 5402 2951 5472 signiﬁcat
2975 5403 3214 5457 virorum
3243 5403 3665 5470 multitudinem,
3687 5406 3799 5460 nisi

2219 5494 2359 5549 forte
2397 5511 2470 5568 ex
2491 5510 2556 5549 eo
2585 5495 2727 5563 quod
2769 5495 2840 5550 ibi
2870 5495 3096 5566 populus
3121 5498 3409 5562 corruerit,
3451 5506 3506 5552 et
3545 5513 3683 5554 casa
3725 5500 3798 5552 sit

2217 5586 2494 5642 hominum
2532 5585 2837 5651 multitudo,
2863 5585 2946 5639 vel
2981 5587 3334 5656 spiritualiter
3365 5587 3419 5642 in
3454 5603 3643 5643 errore
3675 5590 3799 5643 ido-

2212 5679 2464 5744 lolatriae,
2504 5677 2590 5732 vel
2630 5678 2784 5748 juxta
2831 5677 3064 5732 litteram
3113 5695 3143 5732 a
3193 5679 3484 5749 Babylonio
3528 5683 3794 5746 exercitu,

2218 5771 2361 5842 quod
2388 5770 2442 5825 in
2468 5768 2922 5838 consequentibus
2947 5769 3284 5827 manifestius
3310 5770 3524 5841 legitur.
