4008 6340
251 389 349 446 961

1140 383 1508 442 EXPOSITIO
1541 383 1769 442 super.
1805 361 2173 439 lanatum:
2213 409 2286 423 —
2320 379 2452 437 LIB.
2481 381 2627 438 vm.
2680 409 2683 414 -

3408 383 3539 440 962‘

247 518 254 534 ο
328 517 349 553 ι
383 499 450 555 Et
470 497 742 570 dissipabo
763 497 1045 552 consilium
1067 494 1218 554 Judze'
1236 506 1291 554 et
1311 492 1609 554 Jerusalem
1635 498 1688 552 in
1711 497 1830 554 loco
1855 478 1958 559 A'i
1994 505 2154 554 erunt
2192 496 2382 552 domus
2425 495 2754 563 Jerusalem,
2778 505 2854 553 'et
2890 498 3104 555 domus
3125 512 3314 570 regum
3358 496 3518 570 Judn,

255 593 445 658 sisto,
474 599 528 648 et
563 591 872 646 subvertam
902 605 995 646 eos
1023 591 1202 662 gladio
1237 591 1292 646 in
1331 599 1621 661 conspectu
1657 591 1839 646 inimi-

256 701 279 738 ι
314 697 503 740 eorum
547 695 791 746 suorum,
834 689 889 736 et
931 680 986 734 in
1030 695 1193 734 manu
1236 677 1593 751 quaerentium
1619 668 1837 737 animas

255 792 278 830 ι
313 790 501 831 eorum
522 813 537 838 ,
565 784 619 829 et
649 774 787 829 dabo
815 773 1078 828 cadavera
1105 788 1293 828 eorum
1317 787 1498 829 escam
1531 773 1838 829 volatilibus

257 855 293 918 ι’
312 865 460 931 creti,
491 872 546 919 et
569 862 760 919 bestiis
789 871 966 918 terrae.
996 862 1063 918 Et
1087 878 1284 934 ponam
1313 864 1588 920 civitatem
1617 865 1758 920 hanc
1780 864 1837 920 in

258 975 278 1009 ι
314 966 587 1027 stuporem
617 962 672 1010 et
699 955 756 1009 in
784 953 1020 1008 sibilum.
1053 953 1242 1011 Omnis
1269 954 1361 1025 qui
1389 956 1717 1028 praeterierit
1741 971 1840 1026 per

256 1066 278 1100 ί
311 1063 433 1103 eam
462 1048 829 1116 obstupescet,
856 1053 912 1101 et
939 1045 1177 1102 sibilabit
1213 1063 1375 1119 super
1402 1045 1655 1104 universa
1681 1047 1838 1119 plaga

255 1158 276 1191 ι
311 1138 448 1208 ejus.
481 1137 548 1192 Et
584 1138 776 1193 cibabo
810 1153 905 1193 eos
943 1139 1196 1195 carnibus
1233 1139 1465 1194 ﬁliorum
1503 1155 1746 1205 suorum,
1784 1148 1842 1196 et

254 1248 278 1284 α
313 1231 569 1286 carnibus
597 1229 830 1286 ﬁliarum
856 1245 1108 1297 suarum,
1145 1241 1200 1287 et
1224 1232 1593 1304 unusquisque
1619 1247 1839 1289 carnem

255 1343 277 1379 ε
311 1325 473 1381 amici
501 1325 585 1381 sui
614 1326 858 1381 comedet
890 1324 946 1380 in
979 1325 1278 1392 obsidione,
1317 1334 1374 1381 et
1400 1327 1455 1382 in
1483 1327 1750 1398 angustia,
1783 1325 1840 1380 in

255 1437 276 1471 ‹
308 1433 416 1488 qua
442 1417 767 1475 concludent
788 1433 883 1473 eos
910 1417 1112 1472 inimici
1140 1433 1359 1483 eorum,
1393 1427 1448 1473 et
1473 1419 1566 1489 qui
1591 1427 1841 1488 quaerunt

257 1527 278 1562 ι
315 1510 525 1566 animas
550 1525 759 1565 eorum.
796 1529 814 1562 ι
857 1508 1173 1580 Quanquam
1215 1510 1331 1566 haec
1363 1520 1417 1566 et
1458 1511 1511 1566 in
1547 1510 1840 1583 Babylonia

254 1602 564 1672 captivitate
594 1601 856 1658 accidisse
894 1601 1090 1672 populo
1132 1601 1467 1667 noverimus,
1511 1610 1690 1658 tamen
1728 1603 1841 1673 ple-

255 1691 380 1746 nius
408 1690 718 1747 referuntur
748 1691 816 1746 ad
854 1698 1095 1762 tempora
1139 1689 1458 1759 Salvatoris,
1496 1695 1710 1763 quando
1746 1695 1841 1750 ob-

256 1783 392 1840 sessi
418 1790 547 1838 sunt
569 1799 600 1837 a
626 1783 958 1852 Vespasiano
985 1791 1040 1838 et
1065 1782 1209 1848 Tito,
1231 1790 1286 1838 et
1309 1783 1500 1840 civitas
1521 1799 1710 1840 eorum
1735 1783 1842 1840 Ha-

257 1875 434 1930 driani
463 1859 794 1946 te'mporibus
821 1875 874 1928 in
899 1883 1130 1930 aeternos
1155 1876 1368 1932 cineres
1393 1877 1630 1948 collapsa
1654 1887 1760 1945 est,
1783 1887 1843 1934 ut
1869 1857 1917 1920 Β

255 1965 350 2037 qui
372 1966 680 2022 obtulerant
697 1965 835 2021 ﬁlios
861 1981 986 2022 suos
1016 1966 1191 2034 idolis,
1225 1969 1328 2038 ipsi
1352 1985 1447 2025 eos
1471 1979 1659 2040 postea
1685 1970 1842 2028 famis

256 2059 584 2114 necessitate
629 2058 890 2130 compulsi
938 2061 994 2114 in
1051 2061 1296 2115 ciborum
1337 2077 1493 2116 usum
1534 2072 1840 2130 verterent,

257 2168 561 2224 carnesque
591 2154 830 2208 omnium
865 2155 1126 2208 darentur
1162 2154 1470 2210 volatilibus
1504 2155 1626 2210 coeli
1661 2164 1715 2210 et
1751 2157 1845 2212 be-

258 2245 379 2300 stiis
419 2256 575 2300 terrae
609 2263 622 2298 :
657 2253 718 2299 ut
747 2245 841 2315 qui
875 2245 974 2300 Dei
1005 2246 1321 2300 muneribus
1353 2247 1507 2302 abusi
1538 2227 1757 2302 fuerant
1788 2250 1844 2303 in

258 2335 620 2405 impietatem,
663 2345 719 2392 et
755 2336 975 2406 propria
1021 2336 1232 2392 viscera
1272 2337 1429 2392 idolis
1468 2337 1842 2418 immolarant,

257 2434 474 2481 ventres
505 2441 631 2482 suos
659 2427 906 2497 sepulcra
937 2426 1179 2483 facerent
1215 2427 1527 2484 liberorum.

335 2535 353 2568 ι
396 2516 466 2570 Et
501 2525 750 2572 conteres
787 2517 1127 2587 lagunculam
1168 2517 1224 2573 in
1257 2520 1428 2575 oculis
1452 2521 1710 2586 virorum,
1753 2523 1846 2593 qui

266 2626 288 2660 ι
327 2608 480 2664 ibunt
501 2609 600 2680 (vel
624 2609 992 2681 egredientur)
1015 2612 1453 2680 tecum,et;dices
1473 2614 1540 2667 ad
1567 2628 1661 2668 eos
1683 2630 1697 2666 :
1721 2611 1848 2669 Hmc

264 2716 286 2752 ι
325 2700 456 2756 dicit
485 2699 746 2756 Dominus
772 2700 1107 2756 exercituum
1135 2721 1146 2755 :
1175 2700 1268 2758 Sic
1287 2713 1567 2758 conteram
1591 2703 1846 2773 populum

264 2812 288 2848 ε
327 2801 491 2850 istum
515 2803 570 2850 et
596 2793 871 2850 civitatem
893 2795 1057 2861 hanc,
1079 2795 1219 2850 sicut
1239 2798 1538 2852 conteritur
1558 2812 1656 2851 vas
1675 2795 1842 2867 ﬁguli,

266 2903 287 2936 ι
327 2885 471 2956 quod
510 2899 619 2940 non
646 2893 826 2956 potest
850 2885 990 2940 ultra
1013 2887 1324 2942 instaurari.
1362 2908 1380 2941 ι
1416 2888 1705 2958 Perspicue
1738 2897 1881 2945 non'

262 2974 328 3029 de
375 2973 688 3044 Babylonia,
740 2975 834 3031 sed
874 2975 941 3030 de
984 2976 1228 3032 Romana
1270 2978 1468 3033 dicitur
1509 2979 1843 3051 captivitate.

260 3065 390 3122 Post
418 3066 742 3138 Babylonios
769 3069 966 3140 quippe
996 3078 1052 3125 et
1077 3073 1206 3127 urbs
1235 3072 1559 3139 instaurata,
1589 3081 1642 3127 et
1679 3087 1848 3143 popu-

261 3157 345 3212 lus
371 3159 622 3214 reductus
657 3159 712 3214 in
745 3157 1006 3226 Judaeam,
1040 3169 1095 3217 et
1124 3163 1465 3219 abundantiae
1488 3163 1731 3234 pristina:
1765 3179 1875 3219 re--

260 3247 480 3303 stitutus
516 3255 614 3304 est.
657 3248 788 3304 Post
813 3251 1178 3320 captivitatem
1210 3262 1422 3320 autem,
1459 3269 1578 3324 qua:
1617 3253 1718 3310 sub
1743 3252 1849 3310 Ve-

259 3338 612 3409 spasiano,et
655 3339 798 3406 Tito,
848 3350 904 3396 et
952 3352 1139 3412 postea
1189 3345 1388 3400 accidit
1434 3345 1532 3401 sub
1576 3345 1850 3400 Hadriano

262 3443 435 3497 usque
463 3429 532 3483 ad
557 3431 1075 3487 consummationem
1106 3435 1324 3500 saeculi,
1354 3434 1524 3489 ruinae
1551 3433 1849 3490 Jerusalem

259 3532 630 3590 permansurae
664 3530 788 3576 sunt
814 3537 828 3576 :
858 3539 1166 3596 quanquam
1191 3526 1294 3582 sibi
1319 3524 1486 3581 Judaei
1516 3542 1734 3582 auream
1761 3542 1852 3582 ar-

264 3618 620 3683 genteamquc
658 3619 819 3682 atque
854 3623 1178 3682 gemmatam
1219 3614 1515 3672 Jerusalem
1561 3619 1849 3674 restituen-

267 3701 391 3755 dam
433 3710 622 3770 putent
659 3720 672 3756 :
720 3719 1042 3774 rursumque
1081 3707 1331 3762 victimas
1371 3718 1425 3763 et
1462 3709 1756 3776 sacriﬁcia,
1799 3718 1854 3764 et

267 3792 512 3865 conjugia
564 3804 904 3864 sanctorum,
961 3807 1018 3853 et
1062 3812 1286 3869 regnum
1333 3799 1388 3854 in
1436 3801 1598 3855 terris
1641 3800 1853 3856 Domini

267 3887 586 3946 Salvatoris.
613 3890 742 3958 Quae
765 3890 890 3947 licet
912 3907 1018 3947 non
1048 3908 1357 3963 sequamur,
1387 3903 1568 3950 tamen
1597 3896 1855 3951 damnare

267 3995 376 4035 non
395 3995 717 4051 possumus:
741 3982 866 4052 quia
894 3983 1047 4047 multi
1076 3985 1568 4042 ecclesiasticorum
1590 3987 1851 4051 virorum,

265 4077 320 4126 et
364 4079 632 4143 martyres
677 4071 781 4127 ista
826 4071 1102 4142 dixerunt,
1145 4083 1201 4132 et
1247 4077 1612 4147 unusquisque
1659 4077 1714 4131 in
1757 4093 1856 4134 suo

267 4177 427 4218 sensu
460 4163 727 4230 abundet,
765 4173 820 4220 et
855 4166 1070 4221 Domini
1109 4177 1300 4223 cuncta
1335 4167 1540 4237 judicio
1569 4162 1854 4236 res'erven-
1931 4181 1934 4184 ‘

269 4259 374 4306 tur.
408 4254 686 4321 Quomodo
713 4265 891 4312 autem
923 4273 1019 4313 vas
1060 4258 1245 4326 ﬁctile,
1279 4267 1333 4316 et
1362 4269 1591 4316 testeum
1611 4302 1626 4327 ,
1663 4261 1708 4316 si
1742 4260 1856 4315 fra-

269 4352 415 4398 ctum
445 4344 628 4413 fuerit,
660 4346 712 4400 in
749 4348 1025 4417 antiquam
1057 4352 1289 4420 speciem
1327 4369 1436 4409 non
1470 4361 1648 4424 potest
1686 4353 1857 4408 refor-

268 4436 406 4491 mari
436 4454 449 4489 :
488 4437 567 4491 sic
589 4446 657 4514 et
693 4439 919 4509 populus
951 4439 1260 4512 Judaeorum
1298 4451 1354 4499 et
1395 4443 1696 4500 Jerusalem
1731 4447 1858 4502 sub-

268 4541 426 4581 versa
452 4536 651 4582 statum
685 4530 973 4596 pristinum
1007 4548 1113 4587 non
1144 4534 1434 4588 habebunt.
1474 4533 1715 4606 Denique
1740 4552 1859 4598 case

271 4631 393 4670 sum
433 4626 517 4671 est
562 4617 721 4673 hodie
768 4635 963 4675 nomen
1010 4623 1180 4692 ipsius
1225 4624 1482 4688 civitatis,
1523 4633 1578 4680 et
1604 4627 1670 4680 ab
1707 4619 1852 4685 IElio

272 4703 544 4761 Hadriano
566 4704 708 4762 Elia
733 4709 931 4765 dicitur
959 4730 972 4765 :
1007 4721 1060 4767 et
1088 4729 1211 4767 cum
1247 4714 1577 4770 habitatione
1599 4717 1850 4786 pristina,

270 4799 557 4869 pristinum
584 4817 795 4873 quoque
828 4821 1022 4862 nomen
1056 4808 1240 4863 amisit
1263 4809 1330 4862 ad
1357 4810 1731 4864 decutiendam
1764 4827 1855 4866 su-

271 4891 514 4964 perbiam
544 4893 903 4951 habitatorum
938 4898 1073 4969 ejus.
1113 4898 1324 4955 Sanctae
1357 4909 1536 4956 autem
1565 4901 1771 4970 crucis,
1801 4912 1858 4958 et

274 4985 686 5042 resurrectionis
712 4989 1003 5064 vocabula,
1026 5006 1133 5046 non
1170 4990 1360 5047 urbem
1395 4993 1732 5064 signiﬁcant,
1762 4993 1858 5051 sed

271 5071 445 5129 locum
479 5094 492 5130 :
526 5091 627 5132 nec
691 5063 1008 5137 divitiarum
1062 5084 1334 5154 quondam
1403 5063 1858 5158 magnitudinem,

272 5181 370 5237 per
392 5184 552 5238 quam
574 5171 740 5241 periit
763 5173 992 5244 populus
1018 5174 1348 5244 Judaeorum,
1371 5178 1465 5233 sed
1487 5165 1716 5248 gloriam
1735 5195 1861 5236 san-

208 5261 214 5266 '
274 5255 499 5323 ctitatis,
523 5275 686 5329 quam
709 5270 891 5318 nostra
910 5265 1239 5336 paupercula
1261 5265 1501 5336 possidet
1521 5267 1858 5338 Bethlehem,

274 5361 381 5442 non
409 5348 612 5407 habens
639 5369 832 5408 aurum
857 5364 911 5412 et
936 5372 1198 5429 gemmas,
1230 5359 1324 5416 sed
1351 5376 1545 5432 panem
1571 5363 1664 5434 qui
1698 5363 1755 5420 in
1793 5377 1857 5420 ea

275 5445 433 5493 natus
457 5449 559 5495 εει.

351 5548 369 5580 ‹
402 5530 469 5586 Ει
487 5532 541 5587 in
568 5533 815 5604 Topheth
834 5541 1157 5610 sepelientur
1177 5542 1278 5616 (vel
1306 5545 1608 5622 sepelient),
1629 5561 1695 5604 eo
1714 5548 1859 5621 quod

282 5636 305 5672 ι
339 5637 443 5678 non
469 5625 541 5680 sit
563 5626 701 5683 alius
729 5628 878 5686 locus
904 5633 970 5689 ad
997 5635 1381 5706 sepeliendum.
1407 5637 1498 5694 Sic
1521 5639 1714 5696 faciam
1739 5641 1859 5697 loco

241 5721 243 5726 ‘
280 5729 306 5789 _¢
339 5713 486 5783 huic,
514 5719 590 5774 ait
618 5720 896 5790 Dominus,
919 5733 974 5780 et
993 5725 1386 5786 habitatoribus
1405 5729 1520 5800 ejus
1544 5749 1557 5786 :
1581 5739 1637 5787 et
1661 5747 1858 5802 ponam

283 5811 307 5861 α
340 5809 614 5870 civitatem
651 5815 808 5873 istam
833 5816 973 5874 sicut
998 5816 1248 5890 Thophet
1273 5823 1402 5897 (sive
1422 5832 1480 5880 ut
1504 5824 1761 5896 ruinam):
1792 5824 1862 5882 Et

1941 607 1960 639 ε
1995 587 2136 642 sicut
2163 585 2312 642 locus
2341 586 2587 656 Thophet
2614 585 2742 658 (sive
2772 587 2984 659 ruinae).
3018 608 3037 640 ι
3070 589 3224 656 Quod
3247 599 3428 645 autem
3462 589 3521 645 in

1936 677 2079 733 LXX
2111 677 2357 744 infertur,
2396 695 2415 729 ‹
2450 677 2627 733 omnis
2654 677 2844 734 domus
2870 661 3056 749 regum
3081 678 3237 747 Juda,
3271 681 3410 736 sicut
3435 679 3520 737 lo-

1936 787 2032 826 cus
2054 757 2380 843 tThopheth,
2424 789 2444 824 ι
2486 770 2544 826 in
2577 769 2846 828 Hebraico
2887 785 2997 826 non
3035 769 3284 827 habetur.
3328 771 3398 827 Et
3433 786 3521 829 se-

1937 863 2122 933 quitur
2153 877 2170 917 :

2013 973 2034 1007 ς
2066 955 2361 1012 Immundas
2397 970 2590 1011 omnes
2626 953 2819 1011 domus
2858 955 2912 1010 in
2951 969 3177 1024 quarum
3218 953 3525 1011 domatibus

1945 1064 1966 1100 ι
1988 1045 2128 1117 ,(εἱυε
2161 1045 2342 1118 tectis)
2382 1045 2827 1102 sacriﬁcaverunt
2873 1046 3018 1101 omni
3054 1046 3258 1102 militiae
3285 1046 3441 1114 eteli,
3469 1053 3528 1102 et

1946 1154 1968 1190 ι
2001 1137 2305 1193 libaverunt
2339 1137 2597 1193 libamina
2625 1137 2729 1194 diis
2758 1136 2966 1194 alienis.
3004 1157 3024 1190 ι
3064 1137 3218 1206 Quod
3251 1155 3411 1209 supra
3441 1140 3524 1194 di-

1939 1235 2096 1284 xerat
2125 1245 2138 1281 :
2173 1246 2191 1279 ι
2223 1226 2344 1283 Non
2369 1228 2651 1284 vocabitur
2670 1227 2820 1284 locus
2841 1229 2943 1284 iste
2965 1229 3196 1300 amplius
3215 1228 3520 1301 Thopheth,

1940 1332 1996 1380 et
2015 1323 2170 1378 vallis
2191 1321 2426 1377 ﬁliorum
2445 1321 2675 1388 Ennom,
2701 1321 2797 1378 sed
2819 1321 2974 1377 vallis
2997 1320 3312 1388 Occisionis,
3335 1342 3354 1373 ι
3381 1338 3524 1379 nunc

1940 1416 2091 1486 ponit
2121 1415 2479 1483 manifestius,
2511 1417 2655 1487 quod
2689 1425 2840 1473 tanta
2868 1419 2924 1473 in
2952 1418 3069 1488 ipso
3097 1417 3216 1473 loco
3245 1417 3425 1472 futura
3456 1418 3528 1474 sit

1941 1509 2136 1574 caedes,
2164 1517 2223 1562 ut
2253 1508 2327 1564 ibi
2357 1509 2649 1567 acervatim
2681 1509 2910 1579 populus
2946 1511 3254 1579 sepeliatur,
3285 1522 3340 1566 et
3372 1511 3525 1566 lucus

1942 1601 2212 1672 quondam
2252 1600 2560 1670 religionis,
2597 1600 2694 1656 ﬁat
2730 1602 2968 1658 tumulus
3002 1613 3358 1660 mortuorum.
3406 1603 3527 1673 Ipsa

1941 1708 2157 1764 quoque
2191 1692 2402 1758 civitas,
2441 1709 2562 1764 quae
2596 1695 2724 1749 huic
2767 1695 3013 1750 imminet
3055 1695 3207 1762 loco,
3248 1696 3342 1750 ﬁat
3386 1696 3529 1752 sicut

1947 1783 2261 1855 ThOpheth,
2293 1798 2391 1854 pro
2415 1800 2523 1855 quo
2548 1784 2695 1839 LXX
2729 1787 2939 1856 ruinam
2975 1787 3384 1844 transtulerunt.
3421 1787 3530 1843 Do-

1944 1890 2065 1930 mus
2101 1889 2315 1946 quoque
2348 1873 2648 1932 Jerusalem
2687 1891 2981 1946 regumque
3011 1877 3208 1947 palatia
3250 1879 3303 1932 in
3344 1878 3529 1934 ruinas

1944 1965 2148 2020 similes
2192 1973 2597 2020 convertantur.
2648 1964 2930 2036 Causaque
2975 1967 3236 2033 redditur,
3280 1983 3345 2024 eo
3387 1968 3530 2038 quod

1944 2059 2237 2114 immundae
2259 2057 2480 2124 fuerint,
2512 2067 2568 2114 et
2592 2059 2911 2114 idololatriae
2937 2059 3155 2129 pollutae
3182 2059 3402 2125 scelere,
3431 2075 3530 2132 pro

1944 2163 2010 2204 eo
2038 2149 2183 2219 quod
2210 2149 2266 2203 in
2299 2148 2605 2204 domatibus
2632 2157 2686 2204 et
2716 2151 2876 2208 tectis
2904 2164 3092 2206 earum
3122 2149 3241 2213 soli,
3279 2160 3333 2206 et
3369 2150 3528 2217 lunae,

1945 2247 1999 2293 et
2034 2240 2204 2295 stellis
2239 2239 2361 2295 coeli
2399 2240 2830 2306 immolaverint,
2869 2249 2927 2295 et
2961 2243 3120 2296 thura
3149 2241 3529 2297 inccnderint:

1945 2344 2046 2384 nec
2088 2330 2191 2385 hoc
2227 2329 2430 2385 fuerint
2464 2345 2648 2385 errore
2685 2330 2957 2396 contenti,
3002 2331 3096 2386 sed
3133 2330 3533 2388 immolaverint

1945 2421 2276 2478 daemonibus
2301 2431 2356 2477 et
2381 2423 2671 2478 libaverint
2700 2423 2804 2479 diis
2830 2422 3039 2478 alienis.

2024 2531 2043 2564 ι
2076 2513 2235 2569 Venit
2262 2522 2442 2569 autem
2471 2512 2736 2570 Jeremias
2765 2515 2832 2569 de
2855 2513 3159 2584 Thopheth,
3181 2528 3288 2583 quo
3311 2513 3535 2569 miserat

1954 2623 1973 2656 ‹
2009 2621 2132 2661 eum
2169 2605 2429 2661 Dominus
2465 2607 2532 2661 ad
2560 2605 3008 2677 prophetandum,
3039 2615 3094 2661 et
3118 2608 3268 2663 stetit
3302 2609 3357 2662 in
3397 2607 3535 2664 atrio

1953 2716 1972 2749 ‹
2008 2698 2199 2752 domus
2216 2698 2519 2765 Domini,‘et
2541 2698 2677 2754 dixit
2689 2700 2754 2753 ad
2771 2715 2987 2754 omnem
3001 2700 3287 2770 populum:
3315 2700 3441 2756 Hazc
3454 2699 3534 2756 (Ιί⁴

1954 2810 1973 2843 ι
2010 2791 2085 2847 cit
2108 2793 2368 2847 Dominus
2394 2793 2729 2848 exercituum
2755 2793 2897 2848 Deus
2928 2793 3092 2849 Israel
3120 2812 3132 2847 :
3158 2793 3296 2849 Ecce
3321 2808 3422 2866 ego
3447 2795 3534 2849 in-

1954 2900 1974 2934 «
2009 2882 2200 2937 ducam
2231 2897 2393 2953 super
2415 2883 2690 2939 civitatem
2707 2883 2870 2951 hanc,
2896 2891 2951 2940 et
2977 2900 3140 2973 super
3159 2870 3348 2942 omnes
3375 2886 3537 2943 urbes

1955 2989 1975 3024 ‹
2009 2973 2126 3043 ejus
2171 2971 2423 3028 universa
2471 2974 2614 3029 mala
2659 2990 2776 3045 quae
2825 2971 3050 3030 locutus
3081 2991 3200 3031 sum
3250 2978 3536 3033 adversum

1954 3085 1974 3119 ι
2010 3082 2162 3132 eam,
2204 3067 2459 3138 quoniam
2504 3069 2892 3123 induraverunt
2935 3068 3198 3124 cervicem
3249 3085 3436 3136 suam,
3477 3078 3539 3125 ut

1955 3174 1977 3208 ι
2012 3173 2120 3212 non
2145 3159 2398 3214 audirent
2432 3173 2710 3214 sermones
2733 3173 2902 3214 meos.
2935 3179 2954 3211 ι
2988 3157 3281 3228 Postquam
3311 3160 3367 3215 in
3393 3161 3540 3217 Tho-

1950 3250 2117 3320 pheth
2138 3251 2496 3321 praesentibus
2514 3251 2694 3322 populi
2720 3250 3041 3318 senioribus,
3064 3267 3200 3323 quos
3212 3253 3440 3310 duxerat
3456 3269 3539 3310 se-

1955 3361 2078 3401 cum
2105 3344 2389 3413 Jeremias,
2419 3347 2682 3418 confregit
2709 3347 3069 3420 lagunculam,
3098 3349 3212 3404 sive
3237 3346 3460 3413 dolium,
3483 3354 3539 3402 et

1951 3442 2295 3512 prophetavit
2343 3442 2524 3499 verbis
2574 3441 2784 3496 Domini
2831 3442 2900 3497 ad
2941 3442 3327 3497 conterendum
3371 3454 3540 3510 popu—

1950 3536 2098 3603 lum,
2135 3546 2190 3592 et
2216 3537 2491 3592 civitatem
2530 3535 2828 3592 Jerusalem
2871 3556 2884 3592 :
2927 3538 3218 3594 revertitur
3253 3547 3309 3593 et
3342 3545 3452 3593 stat
3481 3538 3536 3592 in

1953 3629 2091 3684 atrio
2117 3629 2308 3684 domus
2344 3629 2557 3684 Domini
2577 3671 2592 3696 ,
2624 3639 2680 3686 et
2714 3631 2979 3686 universae
3022 3631 3261 3701 loquitur
3293 3631 3538 3686 multitu-

1952 3718 2101 3785 dini,
2146 3734 2265 3788 quae
2302 3719 2370 3774 ad
2403 3719 2580 3774 locum
2624 3717 2905 3790 Thopheth
2946 3721 3024 3774 ire
3061 3715 3354 3775 noluerat:
3397 3720 3540 3790 quod

1955 3810 2273 3866 inducturus
2312 3812 2384 3866 sit
2411 3810 2688 3867 Dominus
2711 3815 2874 3882 super
2906 3812 3197 3867 civitatem
3219 3804 3534 3876 Jerusalem,

1953 3909 2010 3955 et
2035 3915 2196 3970 super
2220 3902 2408 3956 omnes
2431 3902 2593 3956 urbes
2613 3900 3005 3969 ejus'u‘niversa
3032 3899 3172 3955 mala
3191 3899 3545 3970 quze'locutns

1956 3993 2027 4047 sit
2064 3992 2349 4047 adversum
2380 4006 2520 4047 eam.
2576 3987 2643 4046 Et
2703 4006 2771 4046 ne
2816 3990 3383 4061 putemuscrudelem
3427 4003 3546 4046 esse

1956 4082 2306 4149 sententiam,
2336 4076 2513 4137 reddit
2547 4094 2740 4137 causas
2770 4097 2869 4137 cur
2906 4082 3223 4162 inducturus
3260 4079 3329 4137 sit
3354 4079 3495 4136 mala
3527 4097 3541 4134 :

1962 4187 1990 4229 ι’
2013 4175 2276 4245 Quoniam
2293 4217 2309 4245 ,
2341 4175 2958 4246 inquit‘,‘induraverunt
2983 4175 3248 4231 cervicem
3278 4171 3454 4236 suam,
3481 4181 3548 4228 ut

1947 4265 2063 4324 'non
2081 4267 2328 4323 audirent
2349 4275 2627 4322 sermones
2642 4279 2816 4333 meos,
2847 4288 2863 4319 ι
2893 4255 2965 4323 ἠε
2976 4275 3096 4338 post
3109 4266 3307 4323 multas
3330 4265 3546 4340 quidem

1956 4357 2261 4430 impietates
2289 4357 2722 4431 volenteSagere
2751 4358 3141 4429 paenitentiam.
3295 4371 3301 4378 ί
3362 4367 3364 4369 ’

2557 4470 2786 4549 CAPUT
2823 4471 2941 4530 xx.

1875 4569 1934 4638 1)
1959 4549 2216 4616 Jeremias
2237 4563 2527 4638 percutitur
2545 4573 2593 4638 et
2611 4557 2829 4638 ponitur
2843 4565 2895 4638 in
2913 4564 3333 4638 castgdiam,_qai
3347 4553 3548 4638 platigit

2077 4647 2235 4701 super
2258 4631 2451 4702 populo
2479 4635 2598 4697 suo,
2618 4631 2682 4686 "et
2705 4632 2969 4687 maledicit
2998 4634 3102 4688 diei
3133 4631 3437 4689 natiuitatis.

2036 4744 2055 4776 ι
2091 4725 2158 4780 Ει
2197 4725 2402 4780 audivit
2438 4725 2679 4780 Phassur
2714 4723 2856 4780 ﬁlius
2893 4726 3113 4780 Emmer
3146 4727 3420 4791 sacerdos,
3455 4727 3549 4798 qui

1968 4834 1987 4866 ι
2025 4816 2352 4870 constitutus
2388 4823 2507 4870 erat
2541 4815 2794 4886 princeps
2825 4815 2881 4869 in
2921 4815 3081 4871 domo
3117 4814 3361 4882 Domini,
3399 4814 3549 4872 Jere-

1969 4925 1988 4958 ι
2027 4907 2187 4961 miam
2222 4909 2634 4978 prophetantem
2672 4923 2948 4964 sermones
2992 4909 3143 4964 istos.
3187 4908 3254 4962 Et
3287 4910 3553 4980 percussit

1971 5016 1989 5049 ‹
2024 4995 2264 5055 Phassur
2303 4997 2592 5056 Jeremiam
2635 5000 2988 5072 prophetam,
3039 5006 3095 5054 et
3135 4999 3286 5055 misit
3324 5015 3446 5056 eum
3491 4999 3548 5055 in

1969 5109 1989 5142 ι
2024 5107 2270 5158 nervum,
2300 5093 2443 5165 quod
2471 5101 2589 5148 erat
2617 5093 2671 5146 in
2699 5100 2857 5162 porta
2881 5089 3161 5160 Benjamin
3197 5089 3458 5163 superiori
3491 5092 3547 5147 in

1967 5200 1988 5234 ‹
2023 5183 2183 5240 domo
2207 5183 2441 5241 Domini.
2474 5203 2493 5236 ι
2526 5184 2633 5239 Pro
2661 5181 2903 5238 Phassur
2929 5183 3280 5256 Septuaginta
3312 5193 3548 5240 transtu-

1961 5273 2142 5330 lerunt
2188 5275 2443 5342 Phascor,
2491 5275 2580 5346 qui
2623 5276 3012 5346 interpretatur
3045 5278 3152 5332 oris
3188 5277 3454 5348 nigredo’:
3492 5285 3549 5332 et

1958 5381 2058 5437 pro
2085 5383 2258 5436 nervo,
2290 5382 2450 5439 quem
2489 5383 2589 5423 nos
2616 5368 2869 5434 diximus,
2903 5368 3253 5440 Septuaginta
3290 5369 3346 5424 et
3372 5369 3548 5425 Theo-

1963 5463 2111 5518 dotio
2128 5471 2342 5517 vertere
2362 5471 2662 5516 cataracten
2682 5479 2701 5518 :
2727 5461 3098 5533 Symmachus,
3119 5455 3546 5541 βασανιστῆρων,

1961 5552 2074 5608 sive
2103 5553 2526 5628 στρεϐλωτηριον,
2559 5553 2702 5622 quod
2740 5561 3010 5623 utrunque
3047 5561 3304 5617 tormenta
3341 5552 3548 5624 signiﬁ-

1961 5653 2069 5712 cat,
2095 5660 2194 5700 nos
2230 5654 2412 5700 autem
2443 5661 2655 5700 nervum
2685 5645 2920 5702 diximus
2946 5662 3098 5703 more
3127 5645 3371 5717 vulgari:
3399 5643 3544 5714 quod

1961 5739 2217 5794 tormenti
2252 5753 2422 5810 genus
2459 5737 2624 5794 etiam
2663 5739 2718 5794 in
2753 5737 2978 5795 Actibus
3012 5737 3377 5810 apostolorum
3418 5732 3546 5806 legi-

1962 5839 2083 5884 mus
2110 5826 2248 5906 ζΑει.
2283 5827 2415 5900 xvi),
2455 5830 2671 5900 quando
2711 5829 2940 5902 apostoli
2978 5828 3174 5887 Paulus
3215 5835 3270 5885 et
3311 5825 3451 5884 Silas
3483 5824 3544 5883 in
