4008 6340
395 392 397 395 -
482 344 589 409 963

1112 343 1469 435 massam
1505 344 1727 404 MAURl
1761 341 2078 401 ARCHIEP.

2117 336 2425 399 MOGUNT.
2462 338 2746 397 OPERUM
2783 338 2964 394 PARS
2999 337 3086 393 Ill.
3702 332 3849 391 964

482 461 781 518 custodiam
808 458 1042 516 carceris
1069 458 1180 515 dati
1212 471 1355 516 sunt.
1386 460 1493 519 lste
1522 471 1702 516 autem
1738 466 1854 515 erat
1878 457 2057 531 ponti-
2080 458 2132 518 Α
2164 473 2183 507 ι
2221 471 2493 526 pavorem,
2537 462 2595 509 te
2636 463 2692 509 et
2734 468 2922 509 omnes
2963 452 3166 507 amicos
3210 460 3349 515 tuos,
3387 457 3446 503 et
3493 458 3843 504 cor-ruent

485 551 572 607 fex
609 550 820 621 templi.
851 557 905 605 et
943 548 1070 605 data
1109 552 1210 607 sibi
1241 551 1526 607 sacerdotii
1552 552 1811 623 dignitate
1851 551 1904 604 in
1942 563 2065 619 per-

484 656 697 697 versum
725 641 966 697 abutitur
1001 660 1013 696 :
1053 658 1163 696 non
1190 650 1249 698 ut
1273 643 1498 708 doceat,
1528 652 1583 697 et
1619 656 1866 697 sermone
1886 638 2064 695 corri-

483 731 613 802 piat,
645 731 740 786 sed
780 738 839 786 ut
875 731 1201 787 cruciatibus
1241 739 1460 787 terreat.
1508 730 1665 787 Unde
1700 739 1757 785 et
1796 727 2061 794 Salvator,

484 831 539 877 et
576 822 847 899 apostolus
892 822 1087 878 Paulus
1120 821 1362 892 iussione
1398 820 1669 894 pontiﬁcis
1708 820 2064 877 verberantur

487 912 670 986 (Joan.
702 930 792 968 nx
808 931 826 981 ;
853 914 969 969 Act.
996 915 1129 986 xvr).
1159 912 1269 970 Nec
1296 914 1512 979 mirum,
1540 912 1586 968 si
1611 910 1771 969 hodie
1796 909 1935 965 servi
1963 907 2063 964 Dei

487 1005 762 1059 caedantur
804 1021 834 1060 a
872 1004 1112 1063 Phascor
1150 1012 1205 1062 et
1252 1006 1535 1063 mittantur
1579 1004 1634 1061 in
1679 1016 1953 1058 carcerem
1997 1014 2064 1057 ac

484 1092 730 1150 horribili
756 1095 999 1152 custodia
1030 1104 1386 1173 reserventur.
1432 1094 1603 1151 Datur
1637 1093 1784 1157 enim
1817 1095 1933 1149 haec
1962 1107 2061 1167 po-

487 1193 652 1242 testas
690 1203 719 1241 a
752 1186 880 1252 Deo,
914 1195 973 1240 ut
996 1188 1379 1259 prophetarum
1409 1184 1724 1243 ostendatur
1749 1184 1886 1241 ﬁdes
1917 1201 1930 1238 :
1963 1197 2063 1238 nec

486 1285 665 1330 tamen
712 1274 884 1346 major
906 1283 987 1331 est
1017 1275 1123 1341 ille,
1151 1277 1241 1346 qui
1272 1276 1429 1331 credit
1449 1316 1465 1342 ,
1496 1275 1591 1331 sed
1626 1273 1817 1329 fortior
1844 1273 1944 1328 iste
1970 1270 2062 1341 qui

483 1365 724 1421 caeditur.
778 1364 847 1420 Et
901 1365 1170 1436 patienter
1212 1365 1476 1435 propheta
1528 1363 1754 1434 suscipit
1800 1360 2062 1432 judicium

483 1455 609 1521 Dei,
639 1467 739 1511 nec
762 1455 1024 1511 reclamat
1052 1455 1121 1511 ad
1146 1454 1371 1512 verbera
1388 1496 1403 1523 ,
1439 1454 1534 1510 sed
1561 1453 1868 1509 considerat
1894 1452 2063 1523 impe-

482 1553 711 1602 rantem.
749 1546 969 1601 Emmer
990 1545 1215 1601 verbum
1244 1552 1419 1612 sonat,
1451 1546 1517 1601 de
1544 1560 1651 1615 quo
1676 1559 1817 1615 saepe
1841 1542 2063 1615 nigredo

482 1654 773 1713 generatur
807 1660 823 1696 :
862 1658 967 1698 non
1004 1641 1247 1713 parentis
1276 1640 1424 1707 vitio,
1461 1640 1555 1696 sed
1596 1639 1802 1695 scelere
1836 1638 2062 1709 degene-

481 1736 673 1790 rantis.
726 1731 1073 1789 Tormentum
1100 1740 1299 1798 autem,
1347 1747 1453 1801 quo
1481 1732 1753 1787 cruciatur
1777 1731 2058 1801 propheta,

388 1896 395 1905 θ
482 1825 695 1882 videtur
715 1826 774 1879 in
810 1832 963 1894 parte
986 1824 1239 1888 dexteras,
1270 1823 1413 1893 quod
1458 1820 1841 1894 interpretatur
1874 1822 2065 1893 Benja-

485 1917 595 1970 min
624 1934 639 1970 :
677 1924 732 1970 et
769 1916 823 1969 in
853 1923 1009 1985 porta
1047 1913 1296 1981 sublimi,
1326 1929 1446 1985 quae
1482 1928 1589 1969 non
1614 1915 1900 1970 veritatem
1927 1912 2069 1969 indi-

484 2015 588 2071 cat,
619 2005 713 2062 sed
740 2005 991 2075 injustam
1019 2006 1287 2077 pontiﬁcis
1314 2013 1654 2076 potestatem.

561 2115 580 2148 ε
612 2094 857 2167 Cumque
880 2095 1146 2153 illuxisset
1175 2097 1230 2152 in
1270 2098 1590 2163 crastinum,
1618 2096 1805 2152 eduxit
1828 2095 2068 2151 Phassur

488 2206 507 2240 ι
544 2186 830 2244 Jeremiam
856 2191 922 2243 de
944 2204 1129 2253 nervo,
1154 2198 1208 2244 et
1232 2189 1369 2244 dixit
1390 2189 1457 2244 ad
1480 2204 1603 2245 eum
1622 2188 1886 2245 Jeremias
1910 2207 1922 2242 :
1948 2188 2067 2243 Non

489 2298 507 2333 ι
543 2281 781 2337 Phassur
802 2282 1019 2337 vocavit
1057 2282 1318 2337 Dominus
1346 2297 1544 2337 nomen
1571 2291 1739 2347 tuum,
1770 2281 1865 2337 sed
1902 2295 2068 2351 pavo-

489 2394 508 2455 ᾳ
546 2390 660 2431 rem
688 2376 939 2445 undique.
975 2392 995 2428 ›
1029 2374 1096 2430 Et
1121 2375 1209 2431 hic
1233 2384 1343 2431 tam
1368 2391 1566 2433 nomen
1590 2374 1877 2446 pontiﬁcis,
1903 2390 2065 2447 quam

482 2468 740 2523 tormenti
784 2481 951 2539 genus
996 2469 1243 2525 similiter
1285 2484 1447 2541 supra
1494 2484 1683 2525 omnes
1726 2469 2067 2540 interpretati

482 2565 627 2613 sunt.
664 2554 900 2612 Mutatur
930 2568 1108 2614 autem
1140 2575 1336 2616 nomen
1367 2558 1657 2631 pontiﬁcis,
1681 2566 1741 2614 ut
1762 2575 1826 2614 ex
1851 2558 2067 2614 nomine

481 2646 783 2703 futurorum
819 2649 1137 2720 supplicium
1175 2649 1656 2705 demonstraretur.
1690 2647 2062 2719 Nequaquam,

481 2736 670 2807 inquit,
703 2738 926 2794 habebis
953 2738 1064 2794 oris
1090 2740 1448 2809 nigredinem,
1478 2749 1532 2794 et
1552 2738 1751 2807 iniquae
1778 2739 2065 2809 imperium

478 2828 780 2896 potestatis,
803 2827 897 2884 sed
918 2830 1163 2900 captivus
1183 2828 1396 2886 duceris
1415 2829 1765 2901 Babylonem.
1790 2830 1904 2885 Hoc
1922 2830 2066 2885 enim

481 2918 749 2988 signiﬁcat
785 2934 944 2989 pavor
984 2920 1209 2989 undique
1251 2921 1364 2976 sive
1395 2935 1490 2990 per
1522 2920 1829 2984 circuitum,
1867 2928 1927 2974 ut
1959 2927 2067 2975 tre-

481 3025 634 3065 mens
657 3018 712 3066 et
734 3012 965 3081 propriae
988 3012 1174 3067 salutis
1196 3012 1435 3067 incertus
1454 3013 1562 3067 huc
1586 3011 1817 3083 illucque
1842 3014 2067 3069 circum-

482 3099 710 3170 spicias,
746 3108 802 3156 et
830 3101 1109 3156 venientes
1141 3111 1331 3157 contra
1356 3108 1413 3157 te
1451 3102 1790 3158 adversarios
1820 3104 2067 3159 reformi-

482 3191 597 3246 des.
658 3190 767 3247 Ρω
828 3208 1021 3263 paron
1058 3194 1199 3263 quod
1243 3193 1300 3248 in
1344 3192 1610 3250 Hebraico
1655 3195 1914 3265 scripturn
1959 3204 2063 3262 est,
2091 3170 2138 3233 ε

477 3290 627 3344 “tun
645 3280 790 3337 LXX
811 3291 867 3339 et
888 3283 1211 3351 Theodotio,
1234 3287 1483 3357 μέτοικον,
1510 3283 1566 3340 id
1591 3292 1696 3352 est,
1722 3286 2029 3357 migrantem
2047 3327 2062 3354 ,

482 3374 691 3445 Aquila:
726 3376 965 3432 «cauda
990 3376 1182 3443 editio,
1211 3379 1569 3449 peregrinum,
1610 3378 1805 3448 prima,
1840 3380 2065 3433 circnm-

481 3467 798 3537 ερίόίαααιι,
846 3465 1210 3538 Symmachus
1240 3466 1499 3535 obtutum,
1528 3468 2061 3539 siveeongregatm,

479 3559 1355 3629 nmmum-pretatisunt.
1440 3553 1483 3595 ν’

558 3648 751 3717 «Quia
790 3650 1071 3706 κεραῖαι
1107 3649 1704 3723 Boni-uszEeceego
1740 3650 1880 3706 dabo
1919 3657 1972 3705 te
2008 3650 2065 3705 in

1739 3909 2044 3988 LIBER

555 4201 806 4276 Legimus
831 4205 885 4258 in
907 4203 1202 4276 Evangelio
1241 4207 1528 4263 Dominum
1553 4205 1618 4260 de
1657 4203 1916 4261 Paracliti
1963 4202 2059 4259 ad-

484 4308 645 4353 ventu
692 4298 967 4367 discipulis
992 4299 1067 4353 ita
1094 4301 1437 4369 praedixisse:
1476 4319 1493 4349 ι
1530 4298 1670 4352 Dum
1721 4298 1930 4353 venerit
1974 4296 2067 4352 ille

484 4396 674 4458 arguet
692 4390 947 4444 mundum
973 4391 1039 4446 de
1062 4399 1307 4460 peccato,
1340 4400 1398 4446 et
1422 4391 1488 4446 de
1511 4390 1740 4460 justitia,
1770 4398 1825 4443 et
1844 4391 1909 4444 de
1927 4388 2069 4459 judi-

485 4479 571 4535 cio
599 4478 780 4549 (Joan.
822 4480 957 4551 XVI).
1005 4499 1024 4533 ι
1064 4481 1123 4536 In
1146 4496 1261 4551 quo
1298 4481 1429 4551 quid
1453 4480 1597 4535 aliud
1642 4479 1909 4542 innititur,
1956 4479 2064 4533 nisi

484 4576 625 4644 quod
653 4575 754 4646 ipsi
792 4575 882 4646 qui
933 4575 1171 4645 ejusdem
1223 4577 1455 4649 Spiritus
1485 4578 1624 4631 dono
1669 4573 1973 4630 illustrandi
2012 4582 2067 4628 et

483 4666 818 4722 confortandi
847 4676 1024 4735 erant,
1068 4678 1337 4724 amatores
1364 4669 1544 4724 mundi
1582 4677 1637 4722 et
1654 4670 2066 4735 contemptores

483 4758 576 4812 Dei
627 4761 899 4830 arguendo
938 4762 1237 4832 correpturi
1270 4760 1489 4816 fuerant
1518 4780 1529 4814 :
1560 4770 1822 4831 quatenus
1870 4759 2067 4813 intelli-

481 4860 688 4918 gerent,
732 4861 938 4919 quanto
972 4854 1178 4907 scelere
1208 4853 1426 4921 captivi,
1479 4861 1533 4905 ct
1556 4861 1754 4921 quanta
1786 4864 1947 4919 poma
1987 4848 2066 4901 di;

482 4937 574 5007 gni
602 4948 756 4992 erant
780 4941 875 5007 qui
902 4941 1180 5009 perﬁdiam
1220 4956 1363 4995 same
1388 4941 1537 5005 ﬁdei,
1568 4939 1884 5008 injustitiam
1906 4938 2066 5008 justi—

483 5028 593 5092 tiaz,
640 5036 696 5082 et
728 5030 1068 5098 iniquitatem
1090 5032 1295 5101 judicio
1318 5033 1682 5103 prmferebant
1705 5032 1729 5086 ?
1754 5031 1884 5096 Sed,
1937 5032 2063 5100 quia

483 5119 657 5173 sancti
703 5120 979 5189 propheta:
1002 5122 1147 5176 idem
1180 5120 1416 5177 oﬁcium
1449 5138 1548 5193 pro
1588 5122 1746 5177 modo
1786 5121 1887 5176 sibi
1941 5122 2064 5176 dato

484 5217 727 5278 tempore
763 5226 862 5266 suo
891 5215 1168 5284 gerebant,
1204 5225 1490 5287 arguentes
1514 5214 1707 5285 impios
1738 5230 1839 5283 pro
1870 5212 2060 5268 inﬁde-

474 5297 655 5364 ὕεια),
700 5310 1023 5369 peccatores
1064 5321 1170 5374 pro
1202 5306 1388 5375 pravis
1421 5307 1675 5375 operibus
1713 5324 1726 5359 :
1761 5303 1887 5374 quid
1918 5303 2063 5359 aliud

481 5386 827 5455 ιοοίιιαα,
876 5391 985 5447 nisi
1026 5395 1172 5463 quod
1221 5396 1341 5466 ipse
1390 5406 1552 5467 atque
1608 5397 1753 5451 idem
1796 5395 2054 5466 Spiritus,

479 5478 771 5552 ptwpbetas
795 5480 894 5538 Dei
920 5492 1048 5538 ante
1080 5484 1508 5542 incarnationem
1542 5487 1779 5553 Domini,
1810 5501 1909 5542 suo
1947 5501 2061 5541 mu-

483 5586 615 5629 nere
646 5571 1033 5641 illum-avent,
1057 5582 1119 5630 ut
1139 5577 1301 5646 digne
1321 5592 1476 5634 suum
1500 5581 1863 5636 mhnisterinm
1895 5594 2059 5652 agere

480 5673 736 5734 possent,
805 5665 900 5737 qui
956 5664 1227 5737 apostolos
1290 5678 1411 5739 post
1452 5671 1878 5727 incarnationem
1938 5672 2056 5741 ejus

481 5754 801 5837 “pluunt,
825 5764 903 5843 ut
934 5756 1107 5816 ωιίιω
1155 5758 1342 5816 mundi
1372 5772 1664 5831 arguerent
1709 5777 1925 5819 errores
1955 5777 1967 5813 :
1999 5764 2056 5815 et

507 6306 1671 6340 ﬂ

2169 565 2189 598 ι
2226 547 2404 619 gladio
2444 547 2782 600 inimicorum
2812 547 3029 600 suorum
3061 562 3073 597 :
3103 551 3156 598 et
3185 542 3324 597 oculi
3355 540 3436 594 tui
3472 539 3833 595 videbunt.

2171 655 2189 688 ι
2224 634 2292 692 Ει
2320 652 2534 691 omnem
2557 632 2749 689 Judam
2775 635 2913 689 dabo
2943 634 2994 688 in
3022 647 3241 687 manum
3265 631 3410 701 regis
3434 628 3830 700 Babylonis,

2170 748 2189 781 ε
2225 738 2280 784 et
2310 726 2555 785 traducet
2593 744 2688 783 eos
2730 727 2781 781 in
2826 725 3185 798 Babylonem,
3232 731 3289 778 et
3333 722 3653 795 percutiet
3714 735 3829 775 eos

2169 841 2188 873 ι
2225 822 2402 897 gladio
2433 841 2445 875 :
2478 820 2545 876 Et
2582 819 2718 875 dabo
2744 819 3047 875 universam
3084 816 3447 874 substantiam
3480 816 3660 891 (sive
3696 812 3827 869 fon-

2169 913 2190 965 d
2224 912 2527 987 titudinem)
2555 912 2789 967 civitatis
2818 909 2993 979 hujus,
3020 918 3075 965 et
3094 924 3310 965 omnem
3339 907 3616 963 laborem
3653 905 3819 977 ejus,

2170 1006 2189 1056 ἀ
2224 1019 2490 1075 omneque
2523 1002 2757 1073 pretium
2792 1000 2929 1072 (sive
2960 998 3237 1073 gloriam),
3278 1008 3332 1054 et
3370 994 3637 1055 cunctas
3676 996 3822 1050 the-

2169 1091 2189 1148 ἀ
2226 1110 2415 1151 sauros
2455 1109 2641 1167 regum
2683 1091 2841 1160 Juda,
2875 1090 3012 1148 dabo
3047 1089 3100 1145 in
3143 1104 3365 1144 manum
3402 1087 3819 1143 inimicorum

2171 1208 2189 1241 ε
2225 1205 2433 1255 eorum,
2474 1197 2530 1243 et
2572 1172 2825 1263 diripient
2867 1198 2984 1248 eos,
3024 1191 3080 1237 et
3124 1179 3316 1237 tollent
3358 1188 3413 1234 et
3457 1177 3704 1235 ducent
3754 1176 3815 1229 in

2170 1298 2189 1332 ι
2224 1279 2573 1352 Babylonem.
2604 1276 2687 1333 Tu
2720 1284 2920 1340 autem,
2951 1273 3208 1339 Phassnr,
3241 1278 3298 1327 et
3319 1283 3522 1325 omnes
3553 1267 3815 1322 habita-

2170 1389 2190 1423 ι
2231 1379 2375 1426 tores
2401 1371 2594 1427 domus
2624 1377 2758 1433 tuze,
2794 1366 2941 1421 ibitis
2973 1364 3027 1418 in
3053 1364 3442 1435 captititatem,
3484 1366 3547 1412 et
3584 1358 3666 1411 in
3700 1355 3813 1410 Ba-

2170 1481 2190 1515 c
2224 1462 2475 1537 bylonem
2509 1461 2712 1525 venies,
2744 1464 2800 1514 et
2825 1457 2897 1512 ibi
2933 1455 3195 1517 morieris,
3227 1453 3412 1524 ibique
3449 1449 3809 1520 sepelieris,

2170 1548 2191 1606 ἐ
2227 1563 2282 1609 tu
2310 1563 2364 1609 et
2392 1567 2580 1609 omnes
2609 1550 2767 1605 amici
2812 1548 2888 1605 tui
2928 1547 2980 1601 in
3008 1544 3203 1617 quibus
3234 1540 3592 1613 pr0phetasti
3633 1554 3799 1593 meai-

2171 1667 2191 1699 ι
2229 1647 2461 1704 dacium.
2492 1664 2512 1698 ι
2546 1643 2708 1701 Juxta
2735 1640 3067 1711 superiorem
3096 1635 3657 1706 interpretationem,
3684 1648 3802 1701 qua

2167 1732 2403 1794 Phassur
2429 1751 2623 1795 nomen
2663 1733 2838 1789 fuerat
2876 1732 3250 1792 immutatum,
3293 1736 3353 1782 ut
3392 1724 3804 1797 appellaretur

2092 1811 2139 1871 Β
2165 1835 2336 1895 ‘mﬁ,
2373 1843 2562 1884 omnes
2611 1825 2860 1881 similiter
2899 1822 3323 1887 transtulerunt,
3367 1827 3431 1873 ut
3478 1818 3798 1889 signiﬁca—

2166 1929 2288 1975 rent
2320 1918 2402 1973 vel
2427 1934 2700 1993 pavorem,
2734 1915 2819 1971 vel
2844 1912 3307 1986 peregrinationem
3327 1951 3341 1971 ,
3370 1909 3456 1964 vel
3497 1908 3797 1963 sublatio-

2166 2022 2305 2078 nem,
2336 2019 2390 2067 et
2416 2010 2834 2074 translationem,
2872 2014 2928 2063 et
2952 2005 3433 2076 commigrationem
3464 2017 3486 2056 :
3531 2003 3795 2059 commi-

2164 2114 2429 2173 naturque
2463 2116 2587 2156 eum
2624 2115 2745 2156 cum
2783 2096 2973 2153 amicis
3008 2098 3120 2152 suis
3144 2096 3259 2165 jam
3280 2097 3507 2173 jamque
3540 2094 3795 2166 capien-

2164 2192 2321 2258 dum,
2344 2172 2784 2261 itradendumque
2822 2188 3057 2244 hostium
3094 2187 3364 2251 manibus,
3406 2172 3463 2240 et
3498 2192 3793 2240 cunctum

2162 2283 2416 2356 populum
2457 2282 2630 2337 tribus
2666 2280 2838 2346 Judae,
2872 2278 3156 2349 Babylonii
3196 2278 3339 2347 regis
3366 2276 3640 2331 manibus
3680 2274 3790 2329 ob-

2167 2374 2441 2430 tinendum
2479 2391 2491 2427 :
2530 2372 2770 2441 aliosque
2809 2370 3210 2426 interﬁciendos
3246 2369 3443 2439 gladio,
3483 2367 3639 2422 alios
3682 2367 3790 2421 du-

2166 2468 2365 2526 cendos
2413 2467 2467 2522 in
2519 2465 2913 2535 captivitatem,
2960 2473 3016 2518 et
3061 2464 3340 2517 universas
3382 2460 3615 2515 divitias
3662 2469 3785 2516 tam

2164 2561 2336 2624 urbis,
2369 2573 2530 2628 quam
2558 2556 2938 2635 thesaurorum
2977 2556 3248 2627 regiorum
3275 2554 3343 2609 ab
3371 2552 3625 2609 inimicis
3653 2567 3786 2609 esse

2167 2652 2458 2724 capiendas
2491 2671 2502 2705 :
2537 2653 2817 2725 ipsumque
2846 2651 3080 2705 Phassur
3106 2664 3227 2706 cum
3256 2647 3402 2703 omni
3434 2647 3783 2717 cognatione

2166 2756 2262 2798 sua
2288 2749 2347 2798 et
2378 2740 2581 2794 familia
2620 2739 2921 2795 ducendum
2957 2739 3012 2793 in
3044 2737 3432 2808 captivitatem,
3475 2744 3533 2791 et
3578 2734 3641 2789 in
3672 2733 3781 2789 Ba-

2167 2834 2362 2907 blene
2392 2847 2511 2889 esse
2542 2833 2894 2899 moriturum,
2925 2847 2990 2887 eo
3025 2830 3166 2902 quod
3194 2828 3450 2905 populum
3479 2844 3587 2885 suo
3619 2844 3779 2885 men-

2167 2927 2329 2984 dacio
2347 2927 2620 2997 deceperit
2648 2939 2663 2980 :
2690 2939 3029 2996 nequaquam
3059 2922 3136 2978 illi
3166 2938 3290 2978 vera
3317 2933 3373 2977 et
3400 2922 3591 2977 tristia
3628 2940 3643 2976 :
3678 2921 3779 2982 sed

2166 3035 2264 3093 per
2292 3020 2629 3075 mendacium
2660 3032 2919 3090 prospera
2960 3016 3279 3091 pollicendo,
3318 3013 3613 3084 Simulque
3656 3013 3775 3067 ani-

2101 3123 2138 3183 ‘__
2170 3110 2607 3177 madvertendum
2636 3109 2910 3183 propheta:
2936 3105 3255 3181 patientiam
3274 3146 3289 3172 ,
3329 3112 3493 3175 atque
3527 3103 3776 3174 pruden-

2168 3201 2318 3268 tiam,
2365 3201 2509 3273 Quod
2550 3202 2749 3257 missus
2796 3200 2854 3255 in
2905 3214 3182 3254 carcerem
3230 3202 3394 3262 tacet,
3441 3203 3501 3250 et
3542 3193 3772 3251 silentio

2169 3292 2336 3349 vincit
2360 3290 2637 3363 injuriam,
2669 3305 2770 3344 nec
2790 3295 2971 3344 tamen
2992 3286 3313 3351 dissimulat,
3343 3286 3485 3356 quod
3514 3284 3627 3340 scit
3644 3299 3769 3339 esse

2167 3397 2488 3452 venturum,
2537 3393 2599 3439 ut
2642 3384 2834 3441 saltem
2877 3384 2948 3439 sit
2990 3380 3456 3455 pseudopropheta
3508 3377 3769 3451 pontifex

2168 3496 2391 3552 peccare
2426 3480 2680 3549 desistat,
2725 3488 2779 3536 et
2818 3478 2913 3535 Dei
2940 3476 3281 3534 clementiam
3310 3474 3658 3545 deprecetur.
3687 3468 3767 3529 De

2169 3587 2276 3643 quo
2304 3573 2368 3652 in.
2386 3571 2630 3642 sequenti
2657 3569 2795 3626 libro
2818 3569 3030 3645 plenius
3058 3567 3404 3623 disseremus.

2099 3907 2472 3987 NONUS.

2163 4206 2356 4263 diaboli
2393 4208 2686 4281 nequitiam
2713 4222 2898 4266 coram
2926 4206 3095 4264 oculis
3122 4206 3400 4264 hominum
3430 4206 3743 4279 detegerem

2168 4314 2231 4354 ac
2266 4300 2638 4369 publicarent?
2686 4300 2824 4356 Ecce
2869 4300 3129 4355 Jeremias
3178 4299 3438 4371 propheta
3493 4315 3648 4368 reges
3691 4313 3745 4357 et

2172 4391 2479 4462 sacerdotes
2507 4410 2601 4463 pro
2618 4393 2993 4462 impietatibus
3024 4392 3137 4445 suis
3180 4392 3376 4459 arguit,
3423 4400 3478 4446 et
3523 4407 3740 4447 omnem

2170 4482 2328 4536 simul
2376 4483 2629 4554 populum
2675 4499 2773 4555 pro
2838 4482 3137 4538 sceleribus
3184 4480 3297 4536 suis
3336 4483 3633 4551 corripuit:
3686 4492 3741 4539 et

2167 4575 2289 4630 licet
2331 4575 2506 4646 pmnis
2533 4592 2594 4631 ac
2620 4576 2894 4630 doloribus
2934 4574 3000 4629 ab
3052 4574 3133 4629 his
3166 4584 3387 4645 propter
3416 4575 3516 4629 hoc
3560 4573 3733 4628 allice-

2167 4676 2334 4729 retur,
2382 4675 2559 4722 tamen
2592 4682 2699 4721 non
2725 4668 2957 4722 cessavit
2981 4684 3009 4719 a
3036 4664 3366 4737 praedicandi
3394 4664 3583 4728 ollicio,
3628 4667 3733 4718 \im

2168 4758 2397 4828 Spiritus
2446 4758 2615 4813 sancti
2648 4775 2706 4812 se
2757 4759 2901 4813 intus
2933 4758 3140 4829 agentis
3174 4766 3507 4819 contestans,
3542 4766 3596 4808 et
3640 4772 3733 4825 spe

2165 4850 2545 4904 consolationis
2592 4849 2787 4903 divina:
2837 4849 3185 4918 semetipsum
3238 4846 3581 4910 confortans,
3617 4846 3725 4899 ait:

2164 4940 2357 4995 Factus
2388 4950 2473 4995 est
2502 4941 2557 4994 in
2581 4941 2743 4995 corde
2775 4955 2893 4995 meo
2922 4939 3075 5009 quasi
3104 4938 3244 5009 ignis
3272 4950 3525 5001 mstuans,
3589 4936 3728 4989 clau-

2164 5048 2360 5103 susque
2386 5034 2442 5087 in
2464 5034 2675 5088 ossibus
2698 5034 2832 5088 meis
2869 5052 2882 5086 :
2932 5031 3104 5087 deieci
3134 5030 3276 5086 ferre
3314 5047 3418 5099 non
3446 5028 3721 5084 sustinens.

2162 5115 2355 5179 Audivi
2381 5124 2737 5180 Contumelias
2764 5122 3079 5188 multorum,
3109 5130 3165 5177 et
3204 5112 3519 5177 terrores‘in
3542 5118 3721 5173 circui-

2162 5223 2241 5280 ιη’,
2282 5214 2377 5270 sed
2400 5214 2661 5269 Dominus
2704 5224 2917 5269 mecum
2943 5220 3029 5268 est
3076 5211 3232 5282 quasi
3276 5206 3507 5266 bellator
3543 5208 3713 5263 fortis:

2161 5305 2383 5370 idcirco,
2433 5306 2531 5374 qui
2581 5318 2669 5359 me
2709 5288 3108 5375 persequuntur
3151 5302 3377 5366 cadent,
3435 5309 3489 5356 et
3535 5298 3715 5354 inﬁrmi

2160 5404 2339 5451 erunt.
2389 5394 2620 5450 Proinde
2665 5410 2810 5449 nunc
2853 5394 3010 5463 juxta
3060 5394 3187 5447 noni
3238 5392 3358 5447 libri
3408 5389 3715 5461 principium

2158 5484 2391 5556 qualiter
2418 5487 2532 5539 hac
2565 5493 2875 5557 agerentur,
2907 5498 3141 5555 sequens
3171 5498 3352 5539 sermo
3378 5480 3666 5552 patefaciet.

2230 5593 2254 5627 ι
2298 5574 2569 5631 Seduxistl
2616 5592 2727 5642 me,
2770 5575 3016 5642 Domine,
3073 5582 3128 5630 et
3156 5575 3410 5631 seductus
3455 5587 3569 5629 sum
3602 5571 3712 5641 (sive

2162 5686 2182 5719 ι
2222 5666 2481 5738 decepisti
2504 5683 2610 5732 me,
2640 5666 2883 5732 Domine,
2902 5676 2957 5722 et
2970 5667 3223 5737 deceptus
3237 5667 3395 5738 sum).
3414 5665 3617 5721 Fortior
3636 5676 3709 5717 me

2162 5779 2182 5811 ι
2218 5757 2392 5826 fuisti,
2441 5767 2496 5815 et
2536 5758 2805 5814 invaluisti
2849 5754 2973 5833 (sive
3018 5759 3322 5826 obtinuisﬁ,
3367 5767 3420 5813 et
3465 5755 3702 5826 potuisti).
