4008 6340
427 321 532 381 967.

1063 324 1128 380 B.
1168 323 1422 381 RABAM
1457 323 1680 382 MAURI
1719 323 2040 382 ARCHIEP.
2067 320 2393 380 .MOGUNT.
2433 317 2719 378 OPERUM
2758 316 2940 374 PARS
2977 315 3066 372 Ill.
3119 315 3125 320 ’

3625 310 3752 368 968

424 435 656 492 Domino
680 444 1024 503 consecutus,
1060 417 1348 492 Dominum
1397 436 1583 493 laudat
1611 436 1667 492 in
1690 437 1910 507 spiritu,
1964 445 2020 494 et
2045 447 2101 508 Α
2123 445 2179 491 et
2221 433 2442 491 omnino
2467 449 2575 490 non
2600 447 2719 488 esse
2745 447 2910 502 quam
2974 429 3116 486 male
3136 442 3290 486 esse:
3338 426 3702 499 subjungens
3723 443 3745 482 :

427 542 488 584 se
531 527 600 583 de
648 543 814 582 manu
864 527 1226 600 pessimorum
1276 523 1489 585 erutum
1539 528 1823 602 gloriatur.
1905 528 2021 584 Hoc

425 625 607 671 autem
641 625 810 672 totum
845 615 908 672 fit
938 633 1044 673 non
1089 626 1278 674 nostro
1307 619 1522 686 merito,
1554 619 1650 676 sed
1679 617 1797 688 ejus
1825 619 2022 689 gratia,

424 709 517 781 qui
549 725 844 782 pauperem
888 710 1158 778 liberavit,
1197 726 1298 767 nec
1325 712 1490 766 habet
1514 710 1732 766 divitias
1757 711 2025 782 superbiae

424 801 755 882 corruentis,
782 803 878 858 sed
901 802 1260 859 humilitatem
1287 803 1543 874 pauperis
1569 803 1805 860 liberati.

503 910 523 944 ‹
566 891 850 949 Maledicta
873 893 1009 956 dies,
1061 893 1115 948 in
1139 909 1244 963 qua
1298 904 1462 950 natus
1485 910 1605 950 sum
1640 911 1653 948 :
1687 893 1803 950 dies
1830 893 1887 948 in
1917 908 2024 964 qua

432 1001 453 1036 ι
496 985 710 1055 peperit
737 999 824 1040 me
849 994 1023 1040 mater
1055 1001 1198 1051 mea,
1229 1001 1338 1040 non
1361 985 1434 1042 sit
1460 985 1768 1042 benedicta.
1796 984 2023 1041 Maledi-

431 1093 450 1126 ι
490 1082 612 1130 ctus
634 1075 716 1130 vir
764 1074 890 1146 (sive
920 1075 1130 1150 homo),
1159 1077 1250 1145 qui
1275 1076 1641 1131 annuntiavit
1691 1077 1833 1147 patri
1880 1090 2022 1143 meo,

433 1183 454 1218 ι
496 1166 722 1223 dicens:
775 1165 944 1222 Natus
975 1176 1059 1223 est
1087 1168 1185 1223 tibi
1231 1167 1373 1224 [ilius
1421 1167 1719 1235 masculus,
1769 1176 1824 1224 et
1869 1168 2023 1240 quasi

432 1273 453 1308 ι
498 1259 694 1328 gaudio
740 1257 1037 1315 laetiﬁcavit
1083 1273 1228 1314 eum.
1294 1259 1379 1315 Sit
1422 1259 1585 1315 homo
1630 1259 1740 1326 ille,
1789 1268 1849 1314 ut
1901 1267 2028 1314 sunt

436 1364 456 1398 ι
501 1348 750 1404 civitates
778 1364 915 1420 quas
942 1349 1208 1406 subvertit
1234 1349 1517 1417 Dominus,
1548 1358 1604 1406 et
1630 1365 1738 1406 non
1771 1350 2028 1422 ptenituit

431 1458 454 1495 ι
495 1457 638 1496 eum.
666 1441 865 1498 Audiat
891 1442 1184 1499 clamorem
1212 1457 1393 1510 mane,
1427 1452 1482 1499 et
1507 1441 1770 1498 ululatum
1804 1443 1857 1498 in
1884 1451 2022 1498 tem-

432 1549 454 1587 ι
489 1546 625 1605 pore
660 1534 1001 1590 meridiano:
1049 1535 1179 1604 quia
1206 1549 1316 1590 non
1342 1548 1430 1590 me
1462 1533 1737 1591 interfecit
1762 1550 1795 1588 a
1841 1533 2022 1600 vulva,

432 1644 454 1680 ι
496 1637 558 1682 ιιι
596 1627 751 1684 ﬂeret
796 1628 931 1684 mihi
966 1637 1143 1684 mater
1183 1643 1304 1685 mea
1348 1629 1655 1699 sepulcrum
1682 1669 1697 1694 ,
1762 1640 1818 1684 et
1868 1627 2025 1683 vulva

434 1736 455 1772 ι
498 1717 616 1790 ejus
645 1729 941 1790 conceptus
973 1729 1232 1777 aeternus.
1277 1721 1459 1788 Quare
1487 1719 1554 1776 de
1579 1720 1739 1776 vulva
1774 1734 2026 1791 egressus

2131 546 2149 580 ι
2187 527 2368 596 Quare
2394 528 2461 584 de
2508 527 2669 581 vulva
2715 540 2968 598 egressus
3013 540 3156 591 sum,
3201 533 3263 578 ut
3288 522 3534 578 viderem
3581 521 3750 579 labo-

2125 636 2242 681 rem
2279 628 2352 683 ,ει
2391 619 2652 689 dolorem,
2698 627 2753 676 et
2802 626 3252 676 consumerentur
3298 616 3356 672 in
3399 615 3749 674 confusione

2125 709 2254 767 dies
2269 709 2416 766 mei?
2437 730 2457 764 ι
2863 778 2872 790 ι

2729 800 2962 860 CAPUT
3001 801 3146 857 XXI.

2230 939 2310 996 De
2339 941 2578 1012 captione
2605 937 2874 996 Sedechia:
2901 949 2948 994 et
2972 938 3214 995 incendio
3250 935 3624 993 Hierusatem.

2203 1094 2222 1127 ι
2269 1075 2505 1132 Verbum
2531 1076 2675 1146 quod
2693 1075 2896 1131 factum
2923 1083 3006 1130 est
3032 1075 3102 1130 ad
3146 1074 3439 1131 Jercmiam
3473 1090 3506 1128 a
3538 1074 3749 1129 Domi-

2133 1185 2153 1219 ‹
2197 1183 2288 1233 no,
2315 1167 2532 1238 quando
2572 1165 2719 1223 misit
2743 1169 2811 1222 ad
2839 1182 2965 1222 eum
3004 1182 3100 1221 rex
3117 1165 3434 1232 Scdechias,
3479 1164 3750 1222 Phassur

2134 1277 2152 1313 ι
2198 1258 2369 1313 filium
2391 1257 2656 1324 Melchiae,
2680 1257 3086 1327 etSophoniam
3112 1257 3281 1314 ﬁlium
3303 1257 3513 1313 'Maasia
3543 1271 3748 1313 sacer-

2135 1371 2152 1403 ι
2199 1351 2402 1417 dotem,
2432 1351 2650 1406 dicens:
2673 1350 2950 1423 Interroga
2964 1367 3062 1421 pro
3085 1352 3238 1407 nobis
3261 1351 3580 1418 Dominum,
3603 1353 3749 1423 quia

2135 1462 2153 1494 ‹
2198 1442 2697 1500 Nabuchodonosor
2718 1459 2812 1499 rex
2830 1442 3120 1514 Babylonis
3134 1443 3412 1514 przeliatur
3431 1445 3745 1498 adversum

2135 1558 2152 1588 ι
2197 1552 2314 1602 nos,
2344 1537 2390 1592 si
2430 1535 2571 1593 forte
2615 1535 2780 1592 faciat
2804 1536 3067 1592 Dominus
3103 1537 3381 1593 nobiscum
3420 1539 3746 1594 secundum

2134 1653 2153 1684 ‹
2198 1632 2379 1686 omnia
2401 1630 2670 1686 mirabilia
2711 1646 2830 1697 sua,
2857 1638 2913 1686 et
2952 1631 3172 1687 recedat
3212 1647 3242 1685 a
3267 1631 3442 1686 nobis.
3481 1650 3500 1682 ι
3551 1629 3745 1700 Supra

2127 1723 2373 1794 pontifex
2392 1721 2662 1786 Phassur,
2691 1722 2806 1776 sive
2826 1719 3088 1787 Phascor,
3117 1721 3208 1791 qui
3257 1720 3532 1790 percussit
3575 1719 3746 1774 Iere—

435 1837 454 1869 (
501 1831 642 1883 sum,
667 1825 728 1871 ut
754 1817 995 1872 viderem
1019 1816 1262 1872 laborem
1283 1825 1340 1872 et
1360 1817 1628 1885 dolorem,
1657 1825 1712 1873 et
1738 1833 2026 1874 consume—
2053 1825 2101 1885 Β
2129 1819 2316 1881 miam,
2353 1823 2562 1886 patrem
2589 1813 2778 1869 habuit
2801 1814 3041 1869 Emmer.
3085 1811 3186 1868 Hic
3229 1821 3408 1866 autem
3460 1810 3742 1874 Phassur,

435 1925 454 1958 ‹
501 1915 690 1962 rentur
714 1906 768 1960 in
796 1905 1116 1964 confusione
1164 1909 1278 1964 dies
1309 1909 1436 1966 mei.
1475 1929 1495 1963 ι
1526 1909 1631 1977 Qui
1658 1917 1854 1982 putant
1898 1911 2017 1964 ani-

434 2013 553 2053 mas
581 1998 748 2054 fuisse
771 1999 828 2054 in
875 1999 1205 2067 caelestibus,
1253 2003 1404 2058 etde
1430 2001 1654 2058 meliore
1688 2003 1742 2056 in
1779 2000 2021 2073 pejorem

432 2095 637 2144 statum
684 2089 1050 2161 praecipitatas
1073 2129 1089 2156 ,
1145 2091 1246 2147 hos
1294 2099 1350 2147 et
1376 2092 1750 2162 hujuscemodi
1799 2099 2023 2147 utuntur

432 2181 794 2238 testimoniis:
844 2184 988 2253 quod
1035 2183 1241 2240 scilicet
1268 2184 1464 2240 melius
1491 2183 1657 2240 fuerit
1684 2185 1740 2239 in
1787 2184 2024 2240 omlesti-

435 2274 558 2340 bus,
589 2290 753 2345 quam
779 2275 836 2330 in
865 2276 1098 2333 terrenis
1137 2277 1492 2334 commorari:
1544 2287 1600 2333 et
1622 2293 1821 2349 corpus
1850 2277 2026 2332 humi-

437 2366 610 2423 litatis
669 2383 980 2425 assumere:
1053 2385 1192 2426 nova
1237 2371 1484 2442 quaedam
1534 2372 1644 2426 imo
1675 2370 1790 2440 jam
1839 2380 2024 2427 vetera

436 2461 709 2518 haereseos
753 2477 866 2526 suae
939 2473 1259 2533 argumenta
1313 2471 1618 2534 quaerentes
1666 2481 1678 2516 :
1740 2476 1840 2518 nos
1895 2478 2024 2519 vero

435 2551 676 2625 legentes
699 2553 830 2610 illud
855 2555 1002 2610 beati
1026 2555 1126 2611 Joh
1151 2573 1164 2610 :
1201 2576 1218 2608 (
1258 2556 1539 2612 Maledicta
1567 2556 1687 2612 dies
1711 2557 1767 2611 in
1797 2571 1906 2626 qua
1928 2571 2026 2610 na-

432 2653 520 2701 tus
541 2661 677 2710 sum,
703 2654 758 2701 et
780 2662 890 2702 nox
909 2646 999 2702 illa
1025 2647 1079 2702 in
1097 2663 1203 2718 qua
1229 2647 1504 2715 dixerunt,
1527 2663 1656 2704 ecce
1680 2647 1957 2704 masculus
1974 2666 2019 2702 ξι

427 2744 506 2806 et,
540 2739 858 2796 maledictus
905 2741 1068 2797 homo
1093 2783 1108 2808 ,
1156 2743 1249 2813 qui
1307 2745 1648 2800 annuntiavit
1693 2744 1840 2814 patri
1879 2758 2022 2810 meo,

429 2830 641 2888 dicens:
676 2831 846 2889 Natus
871 2843 955 2890 est
981 2835 1075 2890 tibi
1097 2850 1234 2906 puer
1259 2833 1404 2906 (Job.
1432 2836 1538 2907 ιιι),
1570 2857 1588 2888 ι
1621 2836 1748 2892 huic
1783 2837 2026 2894 testimo-

428 2923 523 2979 nio
553 2933 888 2993 coaptamus,
945 2927 1089 2996 quod
1142 2925 1349 2982 scilicet
1403 2927 1599 2982 melius
1646 2929 1719 2983 sit
1751 2944 1860 2986 non
1907 2943 2028 2984 esse

432 3030 598 3084 quam
642 3016 825 3072 vivere
867 3017 922 3070 in
969 3017 1267 3088 suppliciis,
1303 3019 1456 3090 juxta
1517 3019 1646 3075 illud
1698 3021 1842 3090 quod
1891 3021 2027 3076 scri-

430 3113 584 3174 ptum
607 3114 722 3161 est:
750 3125 769 3158 ι
807 3106 951 3162 Mors
982 3108 1098 3163 viro
1126 3109 1362 3179 requies,
1386 3111 1473 3166 cui
1496 3109 1692 3166 clausit
1713 3113 1857 3167 Deus
1882 3112 2024 3166 viam

2125 1909 2266 1965 filius
2285 1916 2370 1964 est
2391 1907 2654 1963 Melchiae.
2692 1905 2806 1961 Hoc
2827 1906 3033 1962 idcirco
3052 1921 3120 1961 ne
3141 1905 3264 1975 quis
3283 1904 3537 1960 eumdem
3551 1914 3746 1974 putet.

2123 2000 2289 2056 Mittit
2305 2009 2488 2054 autem
2512 1997 2806 2054 Sedechias
2828 2011 2921 2052 rex
2953 1997 3020 2052 ad
3048 1997 3394 2067 prophetam,
3424 1995 3632 2051 volens
3658 1995 3749 2050 vel

2123 2093 2379 2164 populum
2406 2091 2548 2148 scire
2567 2131 2582 2158 ,
2608 2089 2695 2146 vel
2715 2090 3010 2162 principes,
3027 2097 3090 2144 ut
3109 2087 3343 2154 occulto,
3368 2103 3469 2157 per
3491 2086 3744 2157 legatos,

2125 2185 2318 2240 nuntio
2361 2191 2753 2256 recognoscat,
2817 2197 2981 2252 quam
3026 2181 3286 2237 Dominus
3317 2195 3480 2251 super
3533 2181 3743 2235 urbem

2125 2276 2485 2342 Hierusalem,
2514 2285 2569 2332 et
2593 2275 2791 2347 papulo
2815 2272 3125 2330 Judaeorum
3153 2274 3348 2330 habeat
3371 2275 3742 2328 sententiam.

2129 2368 2394 2440 Quodque
2425 2367 2592 2424 infert
2623 2386 2636 2422 :
2666 2368 2795 2438 quia
2837 2366 3332 2423 Nabuchodonosor
3359 2380 3455 2422 rex
3508 2366 3750 2436 Babylo-

2127 2462 2213 2517 nis
2242 2462 2518 2533 praeliatur
2554 2462 2849 2517 adversum
2897 2476 3026 2517 nos:
3059 2461 3297 2517 ostendit
3339 2459 3453 2530 jam
3504 2462 3746 2515 obsessa

2127 2549 2487 2620 Hierusalem,
2540 2555 2644 2610 hoc
2679 2570 2712 2608 a
2742 2555 3008 2625 propheta
3060 2555 3328 2610 sciscitari
3378 2553 3742 2610 Scdechiarl.

2130 2643 2238 2701 Sed
2267 2647 2431 2701 etiam
2461 2655 2516 2701 et
2556 2646 2874 2712 notandum,
2929 2645 3074 2716 quod
3119 2647 3172 2701 in
3220 2646 3501 2716 prophetis
3558 2647 3746 2700 maxi-

2128 2754 2324 2810 meque
2369 2739 2424 2794 in
2455 2739 2739 2794 Ezechiele
2775 2749 2830 2794 et
2867 2737 3106 2795 Ieremia
3143 2754 3487 2810 nequaquam
3539 2754 3742 2810 regum

2129 2837 2185 2884 et
2214 2839 2518 2900 temporan
2547 2831 2682 2886 ordo
2708 2842 2987 2886 servetur:
3025 2831 3119 2886 sed
3167 2840 3527 2902 praepostere,
3585 2831 3744 2901 quod

2128 2923 2287 2994 juxta
2316 2924 2603 2980 historiam
2631 2934 2820 2995 postea
2868 2924 3071 2979 factum
3103 2924 3173 2979 sit
3199 2924 3352 2994 prius
3400 2921 3625 2987 referri,
3686 2930 3745 2977 et

2131 3017 2273 3086 quod
2299 3017 2451 3087 prius
2480 3025 2691 3086 gestum
2717 3017 2809 3082 sit,
2841 3011 3046 3086 postea.
3071 3013 3235 3069 Aliud
3260 3025 3344 3070 est
3369 3015 3520 3069 enim
3553 3015 3741 3069 histo-

2134 3109 2297 3175 riam,
2350 3110 2494 3165 aliud
2540 3110 2882 3180 prophetiam
2931 3109 3190 3175 scribere,
3239 3117 3300 3164 ut
3351 3109 3406 3164 in
3467 3117 3742 3180 pnesentt

433 3211 588 3252 suam
620 3198 811 3270 (Eccli.
867 3198 1024 3270 xxii).
1061 3219 1079 3252 ι
1116 3199 1184 3255 Ει
1230 3200 1457 3256 iterum:
1493 3222 1512 3255 ι
1548 3202 1731 3269 Quare
1776 3203 1902 3258 data
1944 3212 2031 3258 est
2056 3194 2103 3260 C
2133 3202 2270 3258 loco.
2322 3201 2637 3268 Scdechias,
2672 3202 2766 3273 qui
2794 3218 2918 3257 cum
2961 3202 3096 3256 urbe
3147 3201 3486 3256 Hierusalem
3532 3189 3744 3271 captus

435 3287 636 3342 misero
663 3288 789 3355 lux,
841 3297 896 3344 et
931 3289 1042 3344 vita
1079 3291 1165 3346 his
1191 3290 1284 3362 qui
1326 3292 1382 3346 in
1419 3292 1783 3347 amaritudine
1833 3292 2028 3346 animae

432 3387 560 3434 sunt
579 3379 602 3433 ’ἶ
629 3378 772 3452 (Job.
799 3380 908 3453 ιιι.)
932 3402 950 3433 ι
969 3381 1032 3436 Et
1063 3383 1119 3436 in
1149 3382 1448 3454 Evangelio
1476 3383 1796 3453 simpliciter
1824 3383 2027 3438 dictum

433 3470 663 3541 legimus
688 3491 701 3527 :
725 3492 743 3525 ι
778 3473 966 3530 Melius
983 3475 1034 3530 ei
1056 3474 1235 3531 fuerat
1256 3477 1301 3532 si
1324 3485 1486 3532 natus
1504 3491 1613 3532 non
1635 3485 1780 3532 esset
1807 3475 2024 3548 (Matth.

436 3561 608 3634 xxvi),
639 3582 658 3616 ι
685 3579 792 3618 ιιοιι
822 3564 965 3634 quod
995 3565 1067 3620 sit
1089 3566 1184 3635 qui
1209 3577 1372 3621 natus
1393 3581 1502 3621 non
1530 3564 1713 3633 fuerit,
1759 3567 1855 3622 sed
1882 3566 2028 3635 quod

433 3653 624 3710 melius
647 3655 720 3711 sit
745 3671 855 3711 non
882 3671 1008 3712 esse
1039 3671 1204 3726 quam
1227 3656 1371 3712 male
1398 3671 1542 3712 esse.
1575 3656 1738 3710 Aliud
1764 3666 1850 3712 est
1879 3656 2028 3711 enim

430 3746 650 3801 omnino
679 3761 787 3802 non
809 3761 933 3802 esse
972 3747 1118 3801 aliud
1147 3763 1273 3802 cum
1325 3748 1418 3815 sit,
1461 3749 1669 3818 absque
1705 3748 1813 3802 ulla
1857 3749 2029 3804 inter-

398 3905 400 3907 ,
434 3840 693 3895 missione
740 3840 997 3896 cruciari.
1054 3842 1337 3907 Quomodo
1375 3850 1608 3896 mortem
1641 3841 1879 3912 quietam
1903 3842 2030 3897 vitae

412 3934 649 3996 .miserae
691 3933 1034 4005 praeferimus
1067 3912 1104 3990 Υ
1143 3935 1295 3992 unde
1341 3943 1398 3991 ct
1438 3935 1607 3991 Amos
1652 3936 1795 3992 diem
1847 3937 2030 4007 appel-

434 4023 512 4078 lat
561 4023 929 4092 tenebrarum,
960 4033 1017 4082 et
1068 4025 1213 4082 diem
1265 4024 1573 4082 aﬂlictionis
1623 4025 1826 4099 (Amos.
1851 4028 1940 4100 v),
1975 4036 2032 4084 et

427 4114 620 4182 Jacob,
648 4131 714 4172 eo
739 4118 884 4188 quod
924 4118 1123 4174 vixerit
1157 4119 1214 4174 in
1262 4119 1452 4174 labore
1503 4128 1558 4174 et
1596 4121 1845 4191 angustia
1866 4161 1881 4188 ,
1912 4121 2029 4179 dies

429 4205 554 4259 vitae
582 4221 693 4260 sum
720 4221 920 4276 parvos
944 4216 1001 4262 et
1024 4207 1292 4277 pessimos
1313 4217 1476 4264 vocat
1503 4207 1522 4281 (
1549 4207 1681 4264 Gen.
1717 4225 1864 4267 van
1890 4211 1931 4284 ).
1960 4213 2029 4268 Et

429 4295 628 4351 Paulus
646 4297 924 4366 apostolus
936 4297 1069 4354 dicit
1083 4308 1143 4352 ut
1161 4299 1430 4370 «eriperet
1452 4315 1552 4356 nos
1572 4301 1639 4356 de
1659 4303 1914 4373 praesenti
1942 4320 2028 4360 se-

430 4385 552 4443 culo
581 4403 814 4457 nequam
840 4384 1040 4459 (Galat.
1082 4387 1145 4458 ι).
1187 4409 1208 4442 ι
1240 4390 1310 4446 Et
1333 4391 1532 4447 iterum
1568 4412 1580 4446 :
1619 4412 1638 4445 ‹
1679 4393 2028 4454 Redimentes

429 4488 664 4554 tompus,
694 4483 952 4554 quoniam
1001 4486 1118 4542 dies
1145 4487 1277 4544 mali
1307 4499 1436 4545 sunt
1457 4490 1674 4564 (Ephes.
1698 4494 1775 4567 v).
1807 4493 2023 4550 Hebraei

429 4574 678 4645 quintum
715 4590 980 4644 mensem,
1024 4593 1134 4649 quo
1158 4588 1316 4652 capta
1345 4581 1707 4654 Hierusalem,
1738 4587 2023 4659 templum-

428 4681 535 4739 que
574 4669 899 4725 subversum
927 4680 1044 4739 est,
1091 4674 1394 4732 nativitatis
1438 4675 1685 4734 Jcremiae
1730 4687 2026 4751 supputant

426 4763 890 4821 Inextricabilibus
927 4767 1274 4839 quibusdam,
1314 4779 1372 4829 et
1405 4773 1813 4832 incredibilibus
1856 4792 2018 4848 argu-

428 4854 648 4910 mentis.
683 4854 838 4921 Quod
880 4856 928 4911 si
952 4860 1186 4928 probare
1232 4865 1527 4932 potuerint,
1559 4866 1830 4935 quomodo
1870 4868 2024 4923 testi-

428 4945 674 5002 monium
699 4945 801 5003 Job
829 4947 1044 5006 valeant
1071 4951 1440 5025 interpretari,
1468 4959 1654 5015 nescio
1682 4978 1694 5013 :
1740 4959 1844 5015 nisi
1883 4960 2024 5017 forte

427 5042 486 5089 et
508 5033 661 5089 illum
719 5035 1113 5110 diemquadam
1161 5045 1600 5118 praeﬂguratione
1649 5057 1706 5104 et
1761 5050 2020 5108 vaticinio

426 5123 734 5180 futurorum
771 5131 1141 5189 subversionis
1187 5135 1373 5206 templi
1414 5146 1715 5192 autument.
1757 5137 2022 5212 Quodque

426 5217 776 5287 imprecatur,
802 5222 1208 5281 similitudinem
1235 5228 1618 5284 subversarum
1631 5229 1935 5298 civitatum,
1951 5231 2022 5296 de

429 5305 664 5366 Sodoma
687 5321 745 5369 et
769 5312 1073 5373 Gomorrha
1101 5317 1208 5375 dici
1236 5321 1472 5377 arbitror
1498 5342 1510 5377 :
1538 5330 1592 5378 et
1616 5339 1778 5380 omne
1807 5333 2020 5397 tempus

427 5398 484 5454 in
507 5398 676 5469 luctu,
703 5411 764 5459 ut
790 5419 951 5462 mane
975 5407 1048 5463 sit
1062 5407 1266 5466 clamor
1279 5420 1336 5468 et
1349 5411 1581 5469 ululatus
1595 5417 1841 5474 meridie.
1865 5418 2017 5487 Quod

427 5502 610 5551 autem
665 5497 830 5554 infert
881 5517 895 5556 :
927 5519 947 5555 ι
991 5504 1084 5574 qui
1112 5520 1202 5562 me
1230 5522 1340 5563 non
1370 5506 1645 5565 interfecit
1689 5509 1744 5564 in
1772 5509 1955 5577 vulva,
1993 5529 2012 5561 ι

426 5588 598 5647 Deum
622 5591 913 5664 significari
928 5607 1118 5669 putant
1142 5619 1154 5656 :
1187 5604 1289 5658 (ut
1309 5612 1454 5659 esset
1478 5604 1632 5672 mihi,
1663 5605 1860 5676 inquit,
1884 5621 2014 5662 con-

427 5693 616 5754 ceptus
640 5693 896 5756 aeternus,
935 5693 1104 5763 ﬁquae
1145 5696 1328 5751 omnia
1353 5697 1608 5754 dicuntur
1647 5700 2012 5770 hyperbolice.

419 5775 672 5864 Denique
696 5784 915 5853 exponit
945 5801 1163 5851 causas.
1193 5804 1292 5846 cur
1316 5800 1547 5849 mortem
1578 5792 1837 5862 praeferat
1862 5794 2010 5864 vitae,

2132 3306 2234 3360 est,
2268 3299 2489 3353 mittens
2517 3296 2776 3354 scribitur
2822 3297 2888 3352 ad
2942 3296 3256 3362 Jeremiam,
3304 3305 3359 3351 et
3387 3311 3451 3352 eo
3480 3307 3744 3365 tempore

2130 3404 2238 3460 quo
2294 3389 2642 3444 obsidebatur
2698 3387 3037 3445 Hierusalem
3065 3429 3079 3456 ,
3148 3397 3199 3444 et
3248 3398 3436 3460 postea
3464 3397 3744 3444 narratur

2129 3483 2358 3539 historia
2408 3481 2653 3539 Joachim
2700 3482 2885 3539 fratris
2934 3483 3051 3554 ejus
3081 3524 3095 3550 ,
3135 3484 3230 3556 qui
3276 3493 3402 3540 ante
3451 3499 3580 3538 eum
3632 3499 3741 3538 πει

2131 3575 2254 3641 fuit,
2286 3584 2342 3632 et
2374 3575 2621 3641 Joachin,
2666 3576 2721 3631 id
2748 3584 2832 3630 est
2855 3575 3148 3641 Jechbnite,
3179 3575 3274 3646 qui
3303 3575 3406 3630 fuit
3431 3573 3581 3631 filius
3600 3572 3747 3628 Joa-

2130 3671 2292 3735 chim,
2324 3686 2487 3742 super
2513 3669 2708 3740 quibus
2736 3669 2947 3725 dicetur
2981 3669 3037 3724 in
3069 3668 3551 3738 consequentibus.

2205 3781 2223 3814 ‹
2267 3763 2335 3818 Et
2362 3763 2498 3817 dixit
2544 3759 2809 3817 Jeremias
2857 3761 2926 3816 ad
2976 3775 3070 3816 eos
3117 3779 3130 3814 :
3178 3759 3271 3815 Sic
3310 3759 3503 3814 dicetis
3558 3757 3741 3816 Sede-

2135 3875 2154 3908 ι
2197 3856 2361 3912 chiae:
2402 3855 2528 3910 Haec
2575 3855 2707 3910 dicit
2733 3855 2993 3910 Dominus
3022 3854 3167 3910 Deus
3219 3853 3418 3910 Israel:
3449 3853 3597 3909 Ecce
3627 3871 3741 3927 ego

2135 3969 2153 4000 ‹
2195 3957 2405 4004 vertam
2451 3962 2579 4003 vasa
2629 3946 2755 4004 belli
2784 3947 2910 4018 (sive
2941 3963 3095 4002 arma
3124 3946 3319 4002 bellica
3344 3991 3358 4017 ,
3416 3962 3538 4018 quae
3598 3957 3738 4004 sunt

2135 4058 2154 4092 ι
2199 4041 2255 4095 in
2290 4040 2542 4095 manibus
2572 4039 2791 4101 vestris,
2821 4046 2875 4094 et
2901 4039 3099 4110 quibus
3125 4038 3379 4110 pugnatis
3427 4037 3735 4094 adversum

2135 4150 2154 4184 ‹
2198 4145 2379 4204 regem
2400 4130 2713 4204 Babylonis,
2737 4140 2792 4185 et
2814 4129 3113 4198 Chaldzeos,
3139 4131 3230 4200 qui
3259 4130 3510 4186 obsident
3537 4146 3641 4185 vos
3671 4133 3732 4185 in

2133 4245 2152 4278 r
2192 4226 2421 4282 circuitu
2452 4240 2750 4291 murorum,
2784 4233 2838 4282 et
2883 4225 3224 4296 congregabo
3271 4239 3336 4280 ea
3367 4225 3492 4296 (sive
3518 4224 3644 4296 eos)
3673 4227 3732 4279 in

2134 4335 2152 4368 ‹
2199 4318 2378 4374 medio
2407 4318 2642 4374 civitatis
2687 4317 2867 4388 hujus,
2899 4327 2954 4371 et
2993 4317 3274 4372 debellabo
3307 4332 3403 4374 vos
3447 4318 3503 4372 in
3553 4334 3733 4372 manu

2134 4430 2151 4460 ι
2199 4418 2437 4477 extenta,
2463 4420 2518 4465 et
2544 4409 2770 4464 brachio
2799 4407 2926 4465 forti
2957 4408 3084 4480 (sive
3113 4406 3375 4478 excelso),
3399 4417 3455 4463 et
3483 4408 3537 4462 in
3567 4407 3729 4463 furo-

2135 4521 2154 4554 ι
2198 4519 2278 4570 re,
2308 4514 2364 4560 et
2410 4503 2465 4559 in
2497 4503 2885 4574 indignatione,
2924 4509 2978 4558 et
3026 4502 3080 4556 in
3110 4501 3190 4555 ira
3231 4502 3442 4573 grandi.
3497 4502 3567 4556 Et
3596 4519 3729 4574 per—

2134 4616 2153 4651 r
2200 4598 2399 4652 cutiam
2445 4597 2782 4653 habitatores
2835 4595 3074 4651 civitatis
3110 4594 3270 4666 hujus
3325 4595 3626 4652 :homines
3670 4608 3733 4652 et

2134 4710 2152 4743 ι
2190 4689 2433 4759 jumenta
2499 4687 2804 4758 pestilentia
2871 4701 3066 4757 magna
3124 4686 3445 4742 morientur.
3492 4706 3512 4739 ι
3575 4685 3728 4743 Fru-

2127 4789 2261 4844 stra,
2286 4779 2484 4849 inquit,
2515 4792 2819 4849 repugnare
2843 4775 3004 4831 vultis
3027 4775 3293 4832 Chaldaeis
3315 4775 3721 4845 obsidentibus,

2128 4880 2184 4928 ct
2214 4886 2366 4925 arma
2397 4869 2592 4924 bellica
2639 4869 2974 4939 praeparatis,
3024 4883 3259 4937 quorum
3290 4867 3347 4921 in
3377 4867 3554 4923 media
3588 4877 3720 4923 tan-

2129 4974 2241 5020 tum
2285 4963 2421 5018 urbe
2469 4977 2626 5016 usum
2678 4961 2985 5026 habebitis,
3035 4967 3093 5014 ut
3141 4960 3340 5014 armati
3385 4959 3717 5016 videamini:

2124 5063 2384 5112 caeterum
2431 5054 2536 5110 illis
2588 5052 2958 5112 obsidentibus
2979 5093 2995 5119 ,
3047 5067 3148 5124 ego
3181 5068 3280 5109 vos
3324 5051 3607 5109 debellabo
3663 5054 3706 5108 ir

2123 5167 2292 5208 manu
2333 5157 2575 5216 extenta,
2618 5156 2675 5203 et
2703 5147 2926 5203 brachio
2957 5145 3106 5213 forti,
3158 5161 3388 5218 meoque
3425 5147 3614 5202 furore
3661 5157 3722 5202 ct

2123 5245 2494 5316 indignatione
2541 5239 2844 5312 percutiam
2867 5279 2882 5306 ,
2923 5248 2984 5294 ut
3028 5247 3083 5294 et
3119 5254 3217 5295 vos
3261 5250 3316 5294 et
3357 5254 3517 5296 omne
3563 5241 3721 5308 quod

2124 5336 2314 5407 spirat,
2348 5335 2490 5390 fame
2515 5341 2572 5390 et
2599 5331 2907 5403 pestilentia
2953 5329 3010 5385 in
3036 5331 3213 5387 media
3243 5333 3378 5387 urbe
3421 5331 3712 5386 moriatur.

2125 5425 2279 5494 Quod
2313 5425 2532 5496 quidem
2567 5431 2624 5478 et
2649 5421 2851 5478 factum
2875 5420 3121 5492 legimus.
3151 5421 3393 5492 Absque
3414 5420 3562 5476 enim
3605 5419 3717 5474 ulla

2122 5535 2322 5577 corona
2377 5517 2715 5590 strepituque
2769 5514 3124 5587 pugnantium
3176 5513 3307 5571 urbs
3354 5523 3501 5570 tanta
3557 5513 3716 5571 obsi-

2122 5614 2282 5669 dione
2327 5619 2486 5682 capta
2533 5621 2635 5675 est,
2686 5615 2749 5662 ut
2787 5621 2924 5676 quos
2951 5605 3236 5662 vincerent
3272 5621 3378 5662 non
3416 5603 3716 5671 haberent,

2119 5706 2215 5762 sed
2265 5720 2402 5776 quos
2435 5712 2645 5759 tantum
2689 5705 2975 5772 caperent:
3009 5719 3026 5751 ›
3055 5699 3327 5769 Meliores,
3355 5701 3450 5768 ait,
3480 5699 3716 5758 fuerunt

2117 5797 2298 5870 gladio
2337 5794 2624 5862 vulnerati,
2657 5806 2821 5864 quam
2847 5785 3015 5866 occisi
3039 5790 3256 5852 famen
