  <div class='ocr_page' id='page_1' title='image "/cluster/home/n/w/nwhite01/storage/ocr_20150623/111/hvd.32044009716333/492.png"; bbox 0 0 4008 6340; ppageno 0'>
   <div class='ocr_carea' id='block_1_1' title="bbox 264 404 379 463">
    <p class='ocr_par' dir='ltr' id='par_1_1' title="bbox 264 404 379 463">
     <span class='ocr_line' id='line_1_1' title="bbox 264 404 379 463; baseline 0 0"><span class='ocrx_word' id='word_1_1' title='bbox 264 404 379 463; x_wconf 76' lang='lat'><strong>.969</strong></span> 
     </span>
    </p>
   </div>
   <div class='ocr_carea' id='block_1_2' title="bbox 1157 402 2669 465">
    <p class='ocr_par' dir='ltr' id='par_1_2' title="bbox 1157 402 2669 465">
     <span class='ocr_line' id='line_1_2' title="bbox 1157 402 2669 465; baseline 0.001 -3"><span class='ocrx_word' id='word_1_2' title='bbox 1157 402 1519 465; x_wconf 78' lang='lat' dir='ltr'><strong>EXPOSITIO</strong></span> <span class='ocrx_word' id='word_1_3' title='bbox 1550 404 1776 465; x_wconf 79' lang='lat' dir='ltr'><strong>SUPER</strong></span> <span class='ocrx_word' id='word_1_4' title='bbox 1811 406 2180 465; x_wconf 76' lang='lat' dir='ltr'><strong>JEREMIAM.</strong></span> <span class='ocrx_word' id='word_1_5' title='bbox 2215 436 2288 451; x_wconf 86' lang='lat'><strong>--</strong></span> <span class='ocrx_word' id='word_1_6' title='bbox 2318 406 2445 465; x_wconf 84' lang='lat' dir='ltr'><strong>LIB.</strong></span> <span class='ocrx_word' id='word_1_7' title='bbox 2480 408 2573 464; x_wconf 73' lang='grc' dir='ltr'>ιχ.</span> <span class='ocrx_word' id='word_1_8' title='bbox 2661 420 2669 429; x_wconf 93' lang='grc'>·</span> 
     </span>
    </p>
   </div>
   <div class='ocr_carea' id='block_1_3' title="bbox 3401 402 3512 463">
    <p class='ocr_par' dir='ltr' id='par_1_3' title="bbox 3401 402 3512 463">
     <span class='ocr_line' id='line_1_3' title="bbox 3401 402 3512 463; baseline 0 0"><span class='ocrx_word' id='word_1_9' title='bbox 3401 402 3512 463; x_wconf 65' lang='grc'><strong>9211,</strong></span> 
     </span>
    </p>
   </div>
   <div class='ocr_carea' id='block_1_4' title="bbox 350 513 3501 592">
    <p class='ocr_par' dir='ltr' id='par_1_4' title="bbox 350 513 3501 592">
     <span class='ocr_line' id='line_1_4' title="bbox 350 513 3501 592; baseline 0.003 -21"><span class='ocrx_word' id='word_1_10' title='bbox 350 538 371 571; x_wconf 77' lang='grc' dir='ltr'><strong>ι</strong></span> <span class='ocrx_word' id='word_1_11' title='bbox 411 516 482 574; x_wconf 90' lang='lat' dir='ltr'><strong>Et</strong></span> <span class='ocrx_word' id='word_1_12' title='bbox 519 524 644 588; x_wconf 86' lang='lat' dir='ltr'><strong>post</strong></span> <span class='ocrx_word' id='word_1_13' title='bbox 677 516 964 574; x_wconf 61' lang='lat' dir='ltr'><strong>haec&#39;dicit</strong></span> <span class='ocrx_word' id='word_1_14' title='bbox 1008 518 1268 576; x_wconf 82' lang='lat' dir='ltr'><strong>Dominus</strong></span> <span class='ocrx_word' id='word_1_15' title='bbox 1292 513 1484 576; x_wconf 65' lang='lat' dir='ltr'><strong>:‘Dabo</strong></span> <span class='ocrx_word' id='word_1_16' title='bbox 1518 520 1838 578; x_wconf 89' lang='lat' dir='ltr'><strong>Sedechiam</strong></span> <span class='ocrx_word' id='word_1_17' title='bbox 1865 529 1916 590; x_wconf 78' lang='grc' dir='ltr'>Α</span> <span class='ocrx_word' id='word_1_18' title='bbox 1940 531 2197 589; x_wconf 88' lang='lat' dir='ltr'><strong>strorum,</strong></span> <span class='ocrx_word' id='word_1_19' title='bbox 2218 541 2239 576; x_wconf 75' lang='grc' dir='ltr'><strong>ι</strong></span> <span class='ocrx_word' id='word_1_20' title='bbox 2270 523 2326 578; x_wconf 91' lang='lat' dir='ltr'><strong>in</strong></span> <span class='ocrx_word' id='word_1_21' title='bbox 2342 518 2485 577; x_wconf 82' lang='lat' dir='ltr'><strong>LXX</strong></span> <span class='ocrx_word' id='word_1_22' title='bbox 2502 533 2608 576; x_wconf 91' lang='lat' dir='ltr'><strong>non</strong></span> <span class='ocrx_word' id='word_1_23' title='bbox 2625 518 2874 575; x_wconf 89' lang='lat' dir='ltr'><strong>habetur.</strong></span> <span class='ocrx_word' id='word_1_24' title='bbox 2904 519 3039 588; x_wconf 83' lang='lat' dir='ltr'><strong>Quia</strong></span> <span class='ocrx_word' id='word_1_25' title='bbox 3062 535 3222 592; x_wconf 83' lang='lat' dir='ltr'><strong>supra</strong></span> <span class='ocrx_word' id='word_1_26' title='bbox 3245 519 3501 579; x_wconf 86' lang='lat' dir='ltr'><strong>dixerat:</strong></span> 
     </span>
    </p>
   </div>
   <div class='ocr_carea' id='block_1_5' title="bbox 281 594 1842 685">
    <p class='ocr_par' dir='ltr' id='par_1_5' title="bbox 281 594 1842 685">
     <span class='ocr_line' id='line_1_5' title="bbox 281 594 1842 685; baseline 0.006 -25"><span class='ocrx_word' id='word_1_27' title='bbox 281 626 303 660; x_wconf 82' lang='grc' dir='ltr'><strong>ι</strong></span> <span class='ocrx_word' id='word_1_28' title='bbox 342 623 523 680; x_wconf 84' lang='lat' dir='ltr'><strong>regem</strong></span> <span class='ocrx_word' id='word_1_29' title='bbox 560 607 718 675; x_wconf 65' lang='lat' dir='ltr'><strong>Iuda,</strong></span> <span class='ocrx_word' id='word_1_30' title='bbox 756 617 814 665; x_wconf 90' lang='lat' dir='ltr'><strong>et</strong></span> <span class='ocrx_word' id='word_1_31' title='bbox 839 594 1026 666; x_wconf 83' lang='lat' dir='ltr'><strong>servos</strong></span> <span class='ocrx_word' id='word_1_32' title='bbox 1060 612 1199 683; x_wconf 89' lang='lat' dir='ltr'><strong>ejus,</strong></span> <span class='ocrx_word' id='word_1_33' title='bbox 1234 620 1292 668; x_wconf 89' lang='lat' dir='ltr'><strong>et</strong></span> <span class='ocrx_word' id='word_1_34' title='bbox 1331 613 1582 683; x_wconf 82' lang='lat' dir='ltr'><strong>populum</strong></span> <span class='ocrx_word' id='word_1_35' title='bbox 1622 614 1760 685; x_wconf 90' lang='lat' dir='ltr'><strong>ejus,</strong></span> <span class='ocrx_word' id='word_1_36' title='bbox 1787 622 1842 670; x_wconf 91' lang='lat' dir='ltr'><strong>et</strong></span> 
     </span>
    </p>
   </div>
   <div class='ocr_carea' id='block_1_6' title="bbox 279 703 1843 779">
    <p class='ocr_par' dir='ltr' id='par_1_6' title="bbox 279 703 1843 779">
     <span class='ocr_line' id='line_1_6' title="bbox 279 703 1843 779; baseline 0.001 -19"><span class='ocrx_word' id='word_1_37' title='bbox 279 706 433 777; x_wconf 54' lang='lat' dir='ltr'><strong>equi</strong></span> <span class='ocrx_word' id='word_1_38' title='bbox 461 703 715 761; x_wconf 87' lang='lat' dir='ltr'><strong>.derelicti</strong></span> <span class='ocrx_word' id='word_1_39' title='bbox 738 714 864 760; x_wconf 82' lang='lat' dir='ltr'><strong>sunt</strong></span> <span class='ocrx_word' id='word_1_40' title='bbox 898 706 953 760; x_wconf 88' lang='lat' dir='ltr'><strong>in</strong></span> <span class='ocrx_word' id='word_1_41' title='bbox 981 704 1201 763; x_wconf 73' lang='lat' dir='ltr'><strong>civitate</strong></span> <span class='ocrx_word' id='word_1_42' title='bbox 1229 706 1333 763; x_wconf 88' lang='lat' dir='ltr'><strong>hac</strong></span> <span class='ocrx_word' id='word_1_43' title='bbox 1359 706 1395 762; x_wconf 86' lang='lat' dir='ltr'><strong>a&#39;</strong></span> <span class='ocrx_word' id='word_1_44' title='bbox 1425 716 1598 779; x_wconf 81' lang='lat' dir='ltr'><strong>peste,</strong></span> <span class='ocrx_word' id='word_1_45' title='bbox 1638 715 1694 763; x_wconf 90' lang='lat' dir='ltr'><strong>et</strong></span> <span class='ocrx_word' id='word_1_46' title='bbox 1732 708 1843 779; x_wconf 87' lang='lat' dir='ltr'><strong>gla-</strong></span> 
     </span>
    </p>
   </div>
   <div class='ocr_carea' id='block_1_7' title="bbox 280 794 1843 871">
    <p class='ocr_par' dir='ltr' id='par_1_7' title="bbox 280 794 1843 871">
     <span class='ocr_line' id='line_1_7' title="bbox 280 794 1843 871; baseline 0.002 -19"><span class='ocrx_word' id='word_1_47' title='bbox 280 817 303 852; x_wconf 74' lang='grc' dir='ltr'><strong>ι</strong></span> <span class='ocrx_word' id='word_1_48' title='bbox 345 798 457 864; x_wconf 92' lang='lat' dir='ltr'><strong>dio,</strong></span> <span class='ocrx_word' id='word_1_49' title='bbox 521 805 579 853; x_wconf 92' lang='lat' dir='ltr'><strong>et</strong></span> <span class='ocrx_word' id='word_1_50' title='bbox 625 794 788 862; x_wconf 84' lang='lat' dir='ltr'><strong>fame,</strong></span> <span class='ocrx_word' id='word_1_51' title='bbox 846 797 904 851; x_wconf 90' lang='lat' dir='ltr'><strong>in</strong></span> <span class='ocrx_word' id='word_1_52' title='bbox 947 812 1109 852; x_wconf 90' lang='lat' dir='ltr'><strong>manu</strong></span> <span class='ocrx_word' id='word_1_53' title='bbox 1167 795 1661 855; x_wconf 79' lang='lat' dir='ltr'><strong>Nabuchodonosor</strong></span> <span class='ocrx_word' id='word_1_54' title='bbox 1700 800 1843 871; x_wconf 89' lang='lat' dir='ltr'><strong>regis</strong></span> 
     </span>
    </p>
   </div>
   <div class='ocr_carea' id='block_1_8' title="bbox 280 888 1843 962">
    <p class='ocr_par' dir='ltr' id='par_1_8' title="bbox 280 888 1843 962">
     <span class='ocr_line' id='line_1_8' title="bbox 280 888 1843 962; baseline 0.001 -19"><span class='ocrx_word' id='word_1_55' title='bbox 280 910 299 943; x_wconf 78' lang='grc' dir='ltr'><strong>ι</strong></span> <span class='ocrx_word' id='word_1_56' title='bbox 343 890 650 962; x_wconf 85' lang='lat' dir='ltr'><strong>Babylonis,</strong></span> <span class='ocrx_word' id='word_1_57' title='bbox 696 896 751 944; x_wconf 90' lang='lat' dir='ltr'><strong>et</strong></span> <span class='ocrx_word' id='word_1_58' title='bbox 794 889 850 943; x_wconf 91' lang='lat' dir='ltr'><strong>in</strong></span> <span class='ocrx_word' id='word_1_59' title='bbox 876 903 1041 944; x_wconf 85' lang='lat' dir='ltr'><strong>manu</strong></span> <span class='ocrx_word' id='word_1_60' title='bbox 1073 888 1419 948; x_wconf 88' lang='lat' dir='ltr'><strong>inimicorum</strong></span> <span class='ocrx_word' id='word_1_61' title='bbox 1449 905 1660 958; x_wconf 90' lang='lat' dir='ltr'><strong>eorum,</strong></span> <span class='ocrx_word' id='word_1_62' title='bbox 1686 897 1743 945; x_wconf 92' lang='lat' dir='ltr'><strong>et</strong></span> <span class='ocrx_word' id='word_1_63' title='bbox 1788 888 1843 944; x_wconf 91' lang='lat' dir='ltr'><strong>in</strong></span> 
     </span>
    </p>
   </div>
   <div class='ocr_carea' id='block_1_9' title="bbox 280 979 1844 1053">
    <p class='ocr_par' dir='ltr' id='par_1_9' title="bbox 280 979 1844 1053">
     <span class='ocr_line' id='line_1_9' title="bbox 280 979 1844 1053; baseline 0.003 -20"><span class='ocrx_word' id='word_1_64' title='bbox 280 1000 300 1033; x_wconf 76' lang='grc' dir='ltr'><strong>ι</strong></span> <span class='ocrx_word' id='word_1_65' title='bbox 344 997 506 1037; x_wconf 89' lang='lat' dir='ltr'><strong>manu</strong></span> <span class='ocrx_word' id='word_1_66' title='bbox 565 979 920 1051; x_wconf 64' lang='lat' dir='ltr'><strong>quatrentium</strong></span> <span class='ocrx_word' id='word_1_67' title='bbox 983 981 1218 1037; x_wconf 88' lang='lat' dir='ltr'><strong>animam</strong></span> <span class='ocrx_word' id='word_1_68' title='bbox 1262 984 1467 1041; x_wconf 80' lang='lat' dir='ltr'><strong>eorum</strong></span> <span class='ocrx_word' id='word_1_69' title='bbox 1495 1022 1511 1050; x_wconf 92' lang='lat'><strong>,</strong></span> <span class='ocrx_word' id='word_1_70' title='bbox 1557 991 1613 1039; x_wconf 91' lang='lat' dir='ltr'><strong>et</strong></span> <span class='ocrx_word' id='word_1_71' title='bbox 1652 995 1844 1053; x_wconf 86' lang='lat' dir='ltr'><strong>percu-</strong></span> 
     </span>
    </p>
   </div>
   <div class='ocr_carea' id='block_1_10' title="bbox 280 1069 1845 1142">
    <p class='ocr_par' dir='ltr' id='par_1_10' title="bbox 280 1069 1845 1142">
     <span class='ocr_line' id='line_1_10' title="bbox 280 1069 1845 1142; baseline 0.001 -18"><span class='ocrx_word' id='word_1_72' title='bbox 280 1089 300 1124; x_wconf 81' lang='grc' dir='ltr'><strong>ι</strong></span> <span class='ocrx_word' id='word_1_73' title='bbox 345 1072 442 1126; x_wconf 90' lang='lat' dir='ltr'><strong>tiet</strong></span> <span class='ocrx_word' id='word_1_74' title='bbox 486 1086 580 1126; x_wconf 90' lang='lat' dir='ltr'><strong>eos</strong></span> <span class='ocrx_word' id='word_1_75' title='bbox 625 1070 682 1126; x_wconf 92' lang='lat' dir='ltr'><strong>in</strong></span> <span class='ocrx_word' id='word_1_76' title='bbox 709 1085 803 1125; x_wconf 90' lang='lat' dir='ltr'><strong>ore</strong></span> <span class='ocrx_word' id='word_1_77' title='bbox 837 1069 1040 1142; x_wconf 90' lang='lat' dir='ltr'><strong>gladii,</strong></span> <span class='ocrx_word' id='word_1_78' title='bbox 1079 1081 1135 1126; x_wconf 91' lang='lat' dir='ltr'><strong>et</strong></span> <span class='ocrx_word' id='word_1_79' title='bbox 1176 1086 1285 1127; x_wconf 90' lang='lat' dir='ltr'><strong>non</strong></span> <span class='ocrx_word' id='word_1_80' title='bbox 1332 1071 1615 1139; x_wconf 91' lang='lat' dir='ltr'><strong>ﬂectetur,</strong></span> <span class='ocrx_word' id='word_1_81' title='bbox 1667 1085 1845 1142; x_wconf 87' lang='lat' dir='ltr'><strong>neque</strong></span> 
     </span>
    </p>
   </div>
   <div class='ocr_carea' id='block_1_11' title="bbox 278 1160 1847 1232">
    <p class='ocr_par' dir='ltr' id='par_1_11' title="bbox 278 1160 1847 1232">
     <span class='ocr_line' id='line_1_11' title="bbox 278 1160 1847 1232; baseline 0.004 -20"><span class='ocrx_word' id='word_1_82' title='bbox 278 1180 298 1212; x_wconf 76' lang='grc' dir='ltr'><strong>ι</strong></span> <span class='ocrx_word' id='word_1_83' title='bbox 340 1169 575 1230; x_wconf 67' lang='lat' dir='ltr'><strong>parcet,</strong></span> <span class='ocrx_word' id='word_1_84' title='bbox 607 1176 709 1217; x_wconf 89' lang='lat' dir='ltr'><strong>nec</strong></span> <span class='ocrx_word' id='word_1_85' title='bbox 734 1160 1098 1217; x_wconf 79' lang='lat' dir='ltr'><strong>miserebitur.</strong></span> <span class='ocrx_word' id='word_1_86' title='bbox 1138 1181 1158 1214; x_wconf 71' lang='lat' dir='ltr'><strong>i</strong></span> <span class='ocrx_word' id='word_1_87' title='bbox 1198 1161 1313 1217; x_wconf 83' lang='lat' dir='ltr'><strong>Hoc</strong></span> <span class='ocrx_word' id='word_1_88' title='bbox 1345 1163 1487 1232; x_wconf 90' lang='lat' dir='ltr'><strong>quod</strong></span> <span class='ocrx_word' id='word_1_89' title='bbox 1534 1177 1633 1219; x_wconf 85' lang='lat' dir='ltr'><strong>nos</strong></span> <span class='ocrx_word' id='word_1_90' title='bbox 1669 1166 1847 1219; x_wconf 86' lang='lat' dir='ltr'><strong>trans-</strong></span> 
     </span>
    </p>
   </div>
   <div class='ocr_carea' id='block_1_12' title="bbox 270 1250 1847 1324">
    <p class='ocr_par' dir='ltr' id='par_1_12' title="bbox 270 1250 1847 1324">
     <span class='ocr_line' id='line_1_12' title="bbox 270 1250 1847 1324; baseline -0.001 -16"><span class='ocrx_word' id='word_1_91' title='bbox 270 1251 532 1309; x_wconf 86' lang='lat' dir='ltr'><strong>tulimus:</strong></span> <span class='ocrx_word' id='word_1_92' title='bbox 569 1268 590 1303; x_wconf 78' lang='grc' dir='ltr'><strong>ι</strong></span> <span class='ocrx_word' id='word_1_93' title='bbox 643 1251 702 1306; x_wconf 80' lang='grc' dir='ltr'><strong>ιιι</strong></span> <span class='ocrx_word' id='word_1_94' title='bbox 756 1266 918 1305; x_wconf 90' lang='lat' dir='ltr'><strong>manu</strong></span> <span class='ocrx_word' id='word_1_95' title='bbox 958 1250 1454 1309; x_wconf 85' lang='lat' dir='ltr'><strong>Nabuchodonosor</strong></span> <span class='ocrx_word' id='word_1_96' title='bbox 1505 1253 1650 1324; x_wconf 84' lang='lat' dir='ltr'><strong>regis</strong></span> <span class='ocrx_word' id='word_1_97' title='bbox 1675 1252 1847 1324; x_wconf 77' lang='lat' dir='ltr'><strong>Baby—</strong></span> 
     </span>
    </p>
   </div>
   <div class='ocr_carea' id='block_1_13' title="bbox 272 1340 1844 1412">
    <p class='ocr_par' dir='ltr' id='par_1_13' title="bbox 272 1340 1844 1412">
     <span class='ocr_line' id='line_1_13' title="bbox 272 1340 1844 1412; baseline 0.001 -17"><span class='ocrx_word' id='word_1_98' title='bbox 272 1341 434 1407; x_wconf 72' lang='lat' dir='ltr'><strong>lonia,</strong></span> <span class='ocrx_word' id='word_1_99' title='bbox 460 1341 597 1399; x_wconf 88' lang='lat' dir='ltr'><strong>etin</strong></span> <span class='ocrx_word' id='word_1_100' title='bbox 633 1356 793 1396; x_wconf 89' lang='lat' dir='ltr'><strong>manu</strong></span> <span class='ocrx_word' id='word_1_101' title='bbox 829 1341 1172 1397; x_wconf 78' lang='lat' dir='ltr'><strong>inimicorum</strong></span> <span class='ocrx_word' id='word_1_102' title='bbox 1213 1340 1419 1406; x_wconf 82' lang='lat' dir='ltr'><strong>eorum,</strong></span> <span class='ocrx_word' id='word_1_103' title='bbox 1468 1361 1488 1395; x_wconf 74' lang='grc' dir='ltr'><strong>ι</strong></span> <span class='ocrx_word' id='word_1_104' title='bbox 1522 1342 1578 1397; x_wconf 91' lang='lat' dir='ltr'><strong>in</strong></span> <span class='ocrx_word' id='word_1_105' title='bbox 1612 1341 1844 1412; x_wconf 86' lang='lat' dir='ltr'><strong>Septua-</strong></span> 
     </span>
    </p>
   </div>
   <div class='ocr_carea' id='block_1_14' title="bbox 1949 612 3507 686">
    <p class='ocr_par' dir='ltr' id='par_1_14' title="bbox 1949 612 3507 686">
     <span class='ocr_line' id='line_1_14' title="bbox 1949 612 3507 686; baseline -0.001 -18"><span class='ocrx_word' id='word_1_106' title='bbox 1949 633 1969 668; x_wconf 82' lang='grc' dir='ltr'><strong>ι</strong></span> <span class='ocrx_word' id='word_1_107' title='bbox 2000 624 2057 671; x_wconf 91' lang='lat' dir='ltr'><strong>et</strong></span> <span class='ocrx_word' id='word_1_108' title='bbox 2092 618 2160 671; x_wconf 90' lang='lat' dir='ltr'><strong>ad</strong></span> <span class='ocrx_word' id='word_1_109' title='bbox 2192 615 2445 686; x_wconf 84' lang='lat' dir='ltr'><strong>populum</strong></span> <span class='ocrx_word' id='word_1_110' title='bbox 2484 616 2626 671; x_wconf 92' lang='lat' dir='ltr'><strong>hunc</strong></span> <span class='ocrx_word' id='word_1_111' title='bbox 2651 612 2797 669; x_wconf 87' lang='lat' dir='ltr'><strong>dices</strong></span> <span class='ocrx_word' id='word_1_112' title='bbox 2834 627 2849 667; x_wconf 88' lang='lat'><strong>:</strong></span> <span class='ocrx_word' id='word_1_113' title='bbox 2884 614 2997 668; x_wconf 82' lang='lat' dir='ltr'><strong>haec</strong></span> <span class='ocrx_word' id='word_1_114' title='bbox 3020 614 3147 669; x_wconf 91' lang='lat' dir='ltr'><strong>dicit</strong></span> <span class='ocrx_word' id='word_1_115' title='bbox 3176 613 3453 682; x_wconf 82' lang='lat' dir='ltr'><strong>Dominus,</strong></span> <span class='ocrx_word' id='word_1_116' title='bbox 3487 632 3507 666; x_wconf 77' lang='grc' dir='ltr'><strong>ι</strong></span> 
     </span>
    </p>
   </div>
   <div class='ocr_carea' id='block_1_15' title="bbox 1941 704 3518 777">
    <p class='ocr_par' dir='ltr' id='par_1_15' title="bbox 1941 704 3518 777">
     <span class='ocr_line' id='line_1_15' title="bbox 1941 704 3518 777; baseline -0.001 -14"><span class='ocrx_word' id='word_1_117' title='bbox 1941 715 2335 777; x_wconf 77' lang='lat' dir='ltr'><strong>consequenter</strong></span> <span class='ocrx_word' id='word_1_118' title='bbox 2352 720 2495 763; x_wconf 88' lang='lat' dir='ltr'><strong>nunc</strong></span> <span class='ocrx_word' id='word_1_119' title='bbox 2520 704 2701 771; x_wconf 80' lang='lat' dir='ltr'><strong>infert,</strong></span> <span class='ocrx_word' id='word_1_120' title='bbox 2729 721 2749 755; x_wconf 74' lang='grc' dir='ltr'><strong>ι</strong></span> <span class='ocrx_word' id='word_1_121' title='bbox 2782 711 2836 761; x_wconf 92' lang='lat' dir='ltr'><strong>et</strong></span> <span class='ocrx_word' id='word_1_122' title='bbox 2857 704 3036 760; x_wconf 91' lang='lat' dir='ltr'><strong>domui</strong></span> <span class='ocrx_word' id='word_1_123' title='bbox 3055 706 3196 775; x_wconf 87' lang='lat' dir='ltr'><strong>regis</strong></span> <span class='ocrx_word' id='word_1_124' title='bbox 3222 704 3382 772; x_wconf 84' lang='lat' dir='ltr'><strong>Juda,</strong></span> <span class='ocrx_word' id='word_1_125' title='bbox 3412 724 3431 759; x_wconf 75' lang='grc' dir='ltr'><strong>ι</strong></span> <span class='ocrx_word' id='word_1_126' title='bbox 3457 715 3518 762; x_wconf 83' lang='grc' dir='ltr'><strong>ιιι</strong></span> 
     </span>
    </p>
   </div>
   <div class='ocr_carea' id='block_1_16' title="bbox 1943 792 3513 861">
    <p class='ocr_par' dir='ltr' id='par_1_16' title="bbox 1943 792 3513 861">
     <span class='ocr_line' id='line_1_16' title="bbox 1943 792 3513 861; baseline -0.001 -10"><span class='ocrx_word' id='word_1_127' title='bbox 1943 795 2314 861; x_wconf 87' lang='lat' dir='ltr'><strong>subaudiatur,</strong></span> <span class='ocrx_word' id='word_1_128' title='bbox 2335 815 2355 846; x_wconf 74' lang='grc' dir='ltr'><strong>ι</strong></span> <span class='ocrx_word' id='word_1_129' title='bbox 2378 795 2564 851; x_wconf 90' lang='lat' dir='ltr'><strong>dices:</strong></span> <span class='ocrx_word' id='word_1_130' title='bbox 2587 792 2714 849; x_wconf 63' lang='lat' dir='ltr'><strong>Haec</strong></span> <span class='ocrx_word' id='word_1_131' title='bbox 2726 793 2858 849; x_wconf 86' lang='lat' dir='ltr'><strong>dicit</strong></span> <span class='ocrx_word' id='word_1_132' title='bbox 2882 793 3168 849; x_wconf 89' lang='lat' dir='ltr'><strong>Dominus:</strong></span> <span class='ocrx_word' id='word_1_133' title='bbox 3192 812 3211 846; x_wconf 74' lang='grc' dir='ltr'><strong>ι</strong></span> <span class='ocrx_word' id='word_1_134' title='bbox 3237 796 3338 850; x_wconf 84' lang='grc' dir='ltr'><strong>ἀπὸ</strong></span> <span class='ocrx_word' id='word_1_135' title='bbox 3350 800 3513 851; x_wconf 82' lang='grc' dir='ltr'><strong>κοινοῦ</strong></span> 
     </span>
    </p>
   </div>
   <div class='ocr_carea' id='block_1_17' title="bbox 1942 882 3514 956">
    <p class='ocr_par' dir='ltr' id='par_1_17' title="bbox 1942 882 3514 956">
     <span class='ocr_line' id='line_1_17' title="bbox 1942 882 3514 956; baseline -0.004 -13"><span class='ocrx_word' id='word_1_136' title='bbox 1942 888 2086 943; x_wconf 90' lang='lat' dir='ltr'><strong>enim</strong></span> <span class='ocrx_word' id='word_1_137' title='bbox 2098 894 2155 943; x_wconf 89' lang='lat' dir='ltr'><strong>et</strong></span> <span class='ocrx_word' id='word_1_138' title='bbox 2168 886 2444 956; x_wconf 84' lang='lat' dir='ltr'><strong>superiora</strong></span> <span class='ocrx_word' id='word_1_139' title='bbox 2459 892 2514 940; x_wconf 90' lang='lat' dir='ltr'><strong>et</strong></span> <span class='ocrx_word' id='word_1_140' title='bbox 2533 882 2784 939; x_wconf 82' lang='lat' dir='ltr'><strong>inferiora</strong></span> <span class='ocrx_word' id='word_1_141' title='bbox 2794 882 3111 954; x_wconf 82' lang='lat' dir='ltr'><strong>junguntur,</strong></span> <span class='ocrx_word' id='word_1_142' title='bbox 3137 888 3198 936; x_wconf 93' lang='lat' dir='ltr'><strong>ut</strong></span> <span class='ocrx_word' id='word_1_143' title='bbox 3214 883 3285 937; x_wconf 87' lang='lat' dir='ltr'><strong>sit</strong></span> <span class='ocrx_word' id='word_1_144' title='bbox 3306 898 3514 945; x_wconf 87' lang='lat' dir='ltr'><strong>sensus,</strong></span> 
     </span>
    </p>
   </div>
   <div class='ocr_carea' id='block_1_18' title="bbox 1920 970 3513 1046">
    <p class='ocr_par' dir='ltr' id='par_1_18' title="bbox 1920 970 3513 1046">
     <span class='ocr_line' id='line_1_18' title="bbox 1920 970 3513 1046; baseline -0.004 -17"><span class='ocrx_word' id='word_1_145' title='bbox 1920 986 2046 1033; x_wconf 72' lang='lat' dir='ltr'><strong>.tet</strong></span> <span class='ocrx_word' id='word_1_146' title='bbox 2080 976 2148 1031; x_wconf 87' lang='lat' dir='ltr'><strong>ad</strong></span> <span class='ocrx_word' id='word_1_147' title='bbox 2182 975 2437 1046; x_wconf 90' lang='lat' dir='ltr'><strong>populum</strong></span> <span class='ocrx_word' id='word_1_148' title='bbox 2460 975 2603 1029; x_wconf 90' lang='lat' dir='ltr'><strong>hunc</strong></span> <span class='ocrx_word' id='word_1_149' title='bbox 2638 971 2826 1028; x_wconf 88' lang='lat' dir='ltr'><strong>dices:</strong></span> <span class='ocrx_word' id='word_1_150' title='bbox 2864 970 2988 1027; x_wconf 82' lang='lat' dir='ltr'><strong>Haec</strong></span> <span class='ocrx_word' id='word_1_151' title='bbox 3014 971 3148 1026; x_wconf 87' lang='lat' dir='ltr'><strong>dicit</strong></span> <span class='ocrx_word' id='word_1_152' title='bbox 3182 970 3456 1025; x_wconf 89' lang='lat' dir='ltr'><strong>Dominus.</strong></span> <span class='ocrx_word' id='word_1_153' title='bbox 3493 988 3513 1022; x_wconf 87' lang='grc'><strong>›</strong></span> 
     </span>
    </p>
   </div>
   <div class='ocr_carea' id='block_1_19' title="bbox 1943 1062 3519 1139">
    <p class='ocr_par' dir='ltr' id='par_1_19' title="bbox 1943 1062 3519 1139">
     <span class='ocr_line' id='line_1_19' title="bbox 1943 1062 3519 1139; baseline -0.003 -17"><span class='ocrx_word' id='word_1_154' title='bbox 1943 1068 2164 1139; x_wconf 83' lang='lat' dir='ltr'><strong>Proprie</strong></span> <span class='ocrx_word' id='word_1_155' title='bbox 2196 1074 2374 1133; x_wconf 90' lang='lat' dir='ltr'><strong>autem</strong></span> <span class='ocrx_word' id='word_1_156' title='bbox 2399 1080 2577 1131; x_wconf 82' lang='lat' dir='ltr'><strong>sermo</strong></span> <span class='ocrx_word' id='word_1_157' title='bbox 2598 1064 2658 1119; x_wconf 81' lang='lat' dir='ltr'><strong>fit</strong></span> <span class='ocrx_word' id='word_1_158' title='bbox 2682 1067 2750 1119; x_wconf 90' lang='lat' dir='ltr'><strong>ad</strong></span> <span class='ocrx_word' id='word_1_159' title='bbox 2777 1064 2990 1119; x_wconf 90' lang='lat' dir='ltr'><strong>domum</strong></span> <span class='ocrx_word' id='word_1_160' title='bbox 3017 1063 3239 1136; x_wconf 80' lang='lat' dir='ltr'><strong>regiam,</strong></span> <span class='ocrx_word' id='word_1_161' title='bbox 3270 1062 3340 1118; x_wconf 90' lang='lat' dir='ltr'><strong>ob</strong></span> <span class='ocrx_word' id='word_1_162' title='bbox 3365 1063 3519 1133; x_wconf 86' lang='lat' dir='ltr'><strong>cujus</strong></span> 
     </span>
    </p>
   </div>
   <div class='ocr_carea' id='block_1_20' title="bbox 1944 1152 3517 1225">
    <p class='ocr_par' dir='ltr' id='par_1_20' title="bbox 1944 1152 3517 1225">
     <span class='ocr_line' id='line_1_20' title="bbox 1944 1152 3517 1225; baseline -0.001 -15"><span class='ocrx_word' id='word_1_163' title='bbox 1944 1155 2178 1210; x_wconf 81' lang='lat' dir='ltr'><strong>maxime</strong></span> <span class='ocrx_word' id='word_1_164' title='bbox 2197 1155 2409 1225; x_wconf 88' lang='lat' dir='ltr'><strong>culpam</strong></span> <span class='ocrx_word' id='word_1_165' title='bbox 2425 1154 2616 1211; x_wconf 81' lang='lat' dir='ltr'><strong>civitas</strong></span> <span class='ocrx_word' id='word_1_166' title='bbox 2629 1152 2925 1221; x_wconf 89' lang='lat' dir='ltr'><strong>obsidetur,</strong></span> <span class='ocrx_word' id='word_1_167' title='bbox 2943 1162 3003 1209; x_wconf 92' lang='lat' dir='ltr'><strong>ut</strong></span> <span class='ocrx_word' id='word_1_168' title='bbox 3015 1154 3265 1210; x_wconf 87' lang='lat' dir='ltr'><strong>emendet</strong></span> <span class='ocrx_word' id='word_1_169' title='bbox 3278 1169 3517 1209; x_wconf 83' lang='lat' dir='ltr'><strong>errorem</strong></span> 
     </span>
    </p>
   </div>
   <div class='ocr_carea' id='block_1_21' title="bbox 1943 1242 3518 1315">
    <p class='ocr_par' dir='ltr' id='par_1_21' title="bbox 1943 1242 3518 1315">
     <span class='ocr_line' id='line_1_21' title="bbox 1943 1242 3518 1315; baseline -0.002 -16"><span class='ocrx_word' id='word_1_170' title='bbox 1943 1244 2279 1315; x_wconf 65' lang='lat' dir='ltr'><strong>paenitudine</strong></span> <span class='ocrx_word' id='word_1_171' title='bbox 2292 1251 2346 1300; x_wconf 89' lang='lat' dir='ltr'><strong>et</strong></span> <span class='ocrx_word' id='word_1_172' title='bbox 2366 1243 2707 1301; x_wconf 86' lang='lat' dir='ltr'><strong>clementiam</strong></span> <span class='ocrx_word' id='word_1_173' title='bbox 2733 1243 2945 1299; x_wconf 89' lang='lat' dir='ltr'><strong>Domini</strong></span> <span class='ocrx_word' id='word_1_174' title='bbox 2965 1242 3518 1315; x_wconf 76' lang='lat' dir='ltr'><strong>consequatur.&#39;ludi—</strong></span> 
     </span>
    </p>
   </div>
   <div class='ocr_carea' id='block_1_22' title="bbox 1942 1334 3547 1408">
    <p class='ocr_par' dir='ltr' id='par_1_22' title="bbox 1942 1334 3547 1408">
     <span class='ocr_line' id='line_1_22' title="bbox 1942 1334 3547 1408; baseline -0.001 -17"><span class='ocrx_word' id='word_1_175' title='bbox 1942 1338 2087 1403; x_wconf 81' lang='lat' dir='ltr'><strong>&#39;cate,</strong></span> <span class='ocrx_word' id='word_1_176' title='bbox 2110 1335 2303 1406; x_wconf 86' lang='lat' dir='ltr'><strong>inquit,</strong></span> <span class='ocrx_word' id='word_1_177' title='bbox 2325 1350 2486 1392; x_wconf 87' lang='lat' dir='ltr'><strong>mane</strong></span> <span class='ocrx_word' id='word_1_178' title='bbox 2496 1334 2907 1405; x_wconf 67' lang='lat' dir='ltr'><strong>judicium,&#39;non</strong></span> <span class='ocrx_word' id='word_1_179' title='bbox 2928 1336 2984 1390; x_wconf 90' lang='lat' dir='ltr'><strong>in</strong></span> <span class='ocrx_word' id='word_1_180' title='bbox 3008 1336 3245 1391; x_wconf 88' lang='lat' dir='ltr'><strong>tenebris</strong></span> <span class='ocrx_word' id='word_1_181' title='bbox 3268 1336 3547 1408; x_wconf 51' lang='lat' dir='ltr'><strong>iniquitaA</strong></span> 
     </span>
    </p>
   </div>
   <div class='ocr_carea' id='block_1_23' title="bbox 211 1420 3524 1507">
    <p class='ocr_par' dir='ltr' id='par_1_23' title="bbox 211 1420 3524 1507">
     <span class='ocr_line' id='line_1_23' title="bbox 211 1420 3524 1507; baseline -0.004 -20"><span class='ocrx_word' id='word_1_182' title='bbox 211 1491 228 1507; x_wconf 49' lang='lat'>.</span> <span class='ocrx_word' id='word_1_183' title='bbox 273 1431 420 1503; x_wconf 85' lang='lat' dir='ltr'><strong>ginta</strong></span> <span class='ocrx_word' id='word_1_184' title='bbox 449 1447 556 1487; x_wconf 89' lang='lat' dir='ltr'><strong>non</strong></span> <span class='ocrx_word' id='word_1_185' title='bbox 597 1431 845 1487; x_wconf 87' lang='lat' dir='ltr'><strong>habetur.</strong></span> <span class='ocrx_word' id='word_1_186' title='bbox 880 1430 953 1485; x_wconf 86' lang='lat' dir='ltr'><strong>Et</strong></span> <span class='ocrx_word' id='word_1_187' title='bbox 976 1446 1076 1502; x_wconf 91' lang='lat' dir='ltr'><strong>pro</strong></span> <span class='ocrx_word' id='word_1_188' title='bbox 1114 1445 1181 1487; x_wconf 91' lang='lat' dir='ltr'><strong>eo</strong></span> <span class='ocrx_word' id='word_1_189' title='bbox 1206 1433 1349 1501; x_wconf 90' lang='lat' dir='ltr'><strong>quod</strong></span> <span class='ocrx_word' id='word_1_190' title='bbox 1382 1432 1645 1488; x_wconf 76' lang='lat' dir='ltr'><strong>diximus:</strong></span> <span class='ocrx_word' id='word_1_191' title='bbox 1681 1450 1700 1482; x_wconf 78' lang='grc' dir='ltr'><strong>ι</strong></span> <span class='ocrx_word' id='word_1_192' title='bbox 1730 1429 1844 1486; x_wconf 83' lang='lat' dir='ltr'><strong>Non</strong></span> <span class='ocrx_word' id='word_1_193' title='bbox 1938 1428 2030 1496; x_wconf 84' lang='lat' dir='ltr'><strong>tis,</strong></span> <span class='ocrx_word' id='word_1_194' title='bbox 2052 1429 2146 1484; x_wconf 89' lang='lat' dir='ltr'><strong>sed</strong></span> <span class='ocrx_word' id='word_1_195' title='bbox 2171 1430 2226 1484; x_wconf 93' lang='lat' dir='ltr'><strong>in</strong></span> <span class='ocrx_word' id='word_1_196' title='bbox 2256 1428 2376 1484; x_wconf 92' lang='lat' dir='ltr'><strong>luce</strong></span> <span class='ocrx_word' id='word_1_197' title='bbox 2397 1430 2639 1500; x_wconf 69' lang='lat' dir='ltr'><strong>justitize.</strong></span> <span class='ocrx_word' id='word_1_198' title='bbox 2673 1449 2690 1479; x_wconf 75' lang='grc' dir='ltr'><strong>ι</strong></span> <span class='ocrx_word' id='word_1_199' title='bbox 2729 1430 2799 1484; x_wconf 88' lang='grc' dir='ltr'>Ει</span> <span class='ocrx_word' id='word_1_200' title='bbox 2829 1429 3002 1484; x_wconf 87' lang='lat' dir='ltr'><strong>eruite</strong></span> <span class='ocrx_word' id='word_1_201' title='bbox 3026 1428 3079 1482; x_wconf 93' lang='lat' dir='ltr'><strong>vi</strong></span> <span class='ocrx_word' id='word_1_202' title='bbox 3114 1439 3430 1497; x_wconf 87' lang='lat' dir='ltr'><strong>oppressum</strong></span> <span class='ocrx_word' id='word_1_203' title='bbox 3454 1420 3524 1475; x_wconf 90' lang='lat' dir='ltr'><strong>de</strong></span> 
     </span>
    </p>
   </div>
   <div class='ocr_carea' id='block_1_24' title="bbox 274 1518 1845 1591">
    <p class='ocr_par' dir='ltr' id='par_1_24' title="bbox 274 1518 1845 1591">
     <span class='ocr_line' id='line_1_24' title="bbox 274 1518 1845 1591; baseline 0.002 -19"><span class='ocrx_word' id='word_1_204' title='bbox 274 1518 542 1584; x_wconf 88' lang='lat' dir='ltr'><strong>ﬂectetur,</strong></span> <span class='ocrx_word' id='word_1_205' title='bbox 568 1533 741 1589; x_wconf 88' lang='lat' dir='ltr'><strong>neque</strong></span> <span class='ocrx_word' id='word_1_206' title='bbox 761 1528 987 1589; x_wconf 80' lang='lat' dir='ltr'><strong>parcet,</strong></span> <span class='ocrx_word' id='word_1_207' title='bbox 1012 1534 1114 1576; x_wconf 90' lang='lat' dir='ltr'><strong>nec</strong></span> <span class='ocrx_word' id='word_1_208' title='bbox 1154 1520 1518 1587; x_wconf 85' lang='lat' dir='ltr'><strong>miserebitur,</strong></span> <span class='ocrx_word' id='word_1_209' title='bbox 1557 1540 1577 1574; x_wconf 75' lang='grc' dir='ltr'><strong>ι</strong></span> <span class='ocrx_word' id='word_1_210' title='bbox 1614 1519 1845 1591; x_wconf 88' lang='lat' dir='ltr'><strong>Septua-</strong></span> 
     </span>
    </p>
   </div>
   <div class='ocr_carea' id='block_1_25' title="bbox 1937 1512 3520 1589">
    <p class='ocr_par' dir='ltr' id='par_1_25' title="bbox 1937 1512 3520 1589">
     <span class='ocr_line' id='line_1_25' title="bbox 1937 1512 3520 1589; baseline -0.009 -11"><span class='ocrx_word' id='word_1_211' title='bbox 1937 1536 2103 1578; x_wconf 88' lang='lat' dir='ltr'><strong>manu</strong></span> <span class='ocrx_word' id='word_1_212' title='bbox 2123 1522 2552 1587; x_wconf 88' lang='lat' dir='ltr'><strong>calumniatoris,</strong></span> <span class='ocrx_word' id='word_1_213' title='bbox 2586 1540 2605 1572; x_wconf 75' lang='grc' dir='ltr'><strong>ι</strong></span> <span class='ocrx_word' id='word_1_214' title='bbox 2628 1527 2690 1575; x_wconf 87' lang='grc' dir='ltr'><strong>ιιι</strong></span> <span class='ocrx_word' id='word_1_215' title='bbox 2724 1536 2833 1576; x_wconf 93' lang='lat' dir='ltr'><strong>non</strong></span> <span class='ocrx_word' id='word_1_216' title='bbox 2859 1520 3139 1589; x_wconf 87' lang='lat' dir='ltr'><strong>accipiatis</strong></span> <span class='ocrx_word' id='word_1_217' title='bbox 3160 1528 3448 1588; x_wconf 88' lang='lat' dir='ltr'><strong>personam</strong></span> <span class='ocrx_word' id='word_1_218' title='bbox 3465 1512 3520 1566; x_wconf 91' lang='lat' dir='ltr'><strong>in</strong></span> 
     </span>
    </p>
   </div>
   <div class='ocr_carea' id='block_1_26' title="bbox 273 1598 3522 1683">
    <p class='ocr_par' dir='ltr' id='par_1_26' title="bbox 273 1598 3522 1683">
     <span class='ocr_line' id='line_1_26' title="bbox 273 1598 3522 1683; baseline -0.002 -19"><span class='ocrx_word' id='word_1_219' title='bbox 273 1609 424 1680; x_wconf 89' lang='lat' dir='ltr'><strong>ginta</strong></span> <span class='ocrx_word' id='word_1_220' title='bbox 472 1609 905 1667; x_wconf 84' lang='lat' dir='ltr'><strong>transtulerunt:</strong></span> <span class='ocrx_word' id='word_1_221' title='bbox 944 1627 962 1661; x_wconf 78' lang='grc' dir='ltr'><strong>ι</strong></span> <span class='ocrx_word' id='word_1_222' title='bbox 1015 1609 1135 1665; x_wconf 87' lang='lat' dir='ltr'><strong>Non</strong></span> <span class='ocrx_word' id='word_1_223' title='bbox 1192 1625 1434 1680; x_wconf 85' lang='lat' dir='ltr'><strong>parcam,</strong></span> <span class='ocrx_word' id='word_1_224' title='bbox 1487 1625 1587 1666; x_wconf 92' lang='lat' dir='ltr'><strong>nec</strong></span> <span class='ocrx_word' id='word_1_225' title='bbox 1623 1611 1884 1665; x_wconf 46' lang='lat' dir='ltr'><strong>misere.</strong></span> <span class='ocrx_word' id='word_1_226' title='bbox 1930 1610 2158 1683; x_wconf 87' lang='lat' dir='ltr'><strong>judicio,</strong></span> <span class='ocrx_word' id='word_1_227' title='bbox 2187 1611 2281 1666; x_wconf 90' lang='lat' dir='ltr'><strong>sed</strong></span> <span class='ocrx_word' id='word_1_228' title='bbox 2304 1611 2560 1666; x_wconf 82' lang='lat' dir='ltr'><strong>divitibus</strong></span> <span class='ocrx_word' id='word_1_229' title='bbox 2577 1625 2847 1680; x_wconf 87' lang='lat' dir='ltr'><strong>pauperes</strong></span> <span class='ocrx_word' id='word_1_230' title='bbox 2866 1609 3316 1681; x_wconf 84' lang='lat' dir='ltr'><strong>opprimentibus,</strong></span> <span class='ocrx_word' id='word_1_231' title='bbox 3350 1598 3522 1673; x_wconf 81' lang='lat' dir='ltr'><strong>magis</strong></span> 
     </span>
    </p>
   </div>
   <div class='ocr_carea' id='block_1_27' title="bbox 274 1699 3521 1774">
    <p class='ocr_par' dir='ltr' id='par_1_27' title="bbox 274 1699 3521 1774">
     <span class='ocr_line' id='line_1_27' title="bbox 274 1699 3521 1774; baseline -0.002 -15"><span class='ocrx_word' id='word_1_232' title='bbox 274 1700 394 1769; x_wconf 79' lang='lat' dir='ltr'><strong>hor.</strong></span> <span class='ocrx_word' id='word_1_233' title='bbox 429 1718 449 1751; x_wconf 76' lang='grc' dir='ltr'><strong>ι</strong></span> <span class='ocrx_word' id='word_1_234' title='bbox 500 1699 795 1771; x_wconf 82' lang='lat' dir='ltr'><strong>Meliusque</strong></span> <span class='ocrx_word' id='word_1_235' title='bbox 825 1708 910 1757; x_wconf 87' lang='lat' dir='ltr'><strong>est</strong></span> <span class='ocrx_word' id='word_1_236' title='bbox 938 1699 1097 1769; x_wconf 87' lang='lat' dir='ltr'><strong>juxta</strong></span> <span class='ocrx_word' id='word_1_237' title='bbox 1128 1700 1474 1766; x_wconf 76' lang='lat' dir='ltr'><strong>Hebraicum;</strong></span> <span class='ocrx_word' id='word_1_238' title='bbox 1506 1710 1565 1755; x_wconf 91' lang='lat' dir='ltr'><strong>ut</strong></span> <span class='ocrx_word' id='word_1_239' title='bbox 1612 1701 1848 1757; x_wconf 88' lang='lat' dir='ltr'><strong>crudelis</strong></span> <span class='ocrx_word' id='word_1_240' title='bbox 1937 1703 2078 1774; x_wconf 90' lang='lat' dir='ltr'><strong>apud</strong></span> <span class='ocrx_word' id='word_1_241' title='bbox 2096 1718 2194 1759; x_wconf 90' lang='lat' dir='ltr'><strong>vos</strong></span> <span class='ocrx_word' id='word_1_242' title='bbox 2222 1702 2317 1758; x_wconf 89' lang='lat' dir='ltr'><strong>Dei</strong></span> <span class='ocrx_word' id='word_1_243' title='bbox 2340 1702 2624 1772; x_wconf 90' lang='lat' dir='ltr'><strong>imperium</strong></span> <span class='ocrx_word' id='word_1_244' title='bbox 2648 1703 2849 1769; x_wconf 81' lang='lat' dir='ltr'><strong>valeat,</strong></span> <span class='ocrx_word' id='word_1_245' title='bbox 2879 1718 3038 1773; x_wconf 88' lang='lat' dir='ltr'><strong>quam</strong></span> <span class='ocrx_word' id='word_1_246' title='bbox 3062 1700 3303 1772; x_wconf 88' lang='lat' dir='ltr'><strong>potentia</strong></span> <span class='ocrx_word' id='word_1_247' title='bbox 3335 1710 3521 1768; x_wconf 82' lang='lat' dir='ltr'><strong>persc-</strong></span> 
     </span>
    </p>
   </div>
   <div class='ocr_carea' id='block_1_28' title="bbox 276 1790 3520 1867">
    <p class='ocr_par' dir='ltr' id='par_1_28' title="bbox 276 1790 3520 1867">
     <span class='ocr_line' id='line_1_28' title="bbox 276 1790 3520 1867; baseline -0.001 -18"><span class='ocrx_word' id='word_1_248' title='bbox 276 1793 544 1851; x_wconf 87' lang='lat' dir='ltr'><strong>sententia</strong></span> <span class='ocrx_word' id='word_1_249' title='bbox 616 1803 674 1850; x_wconf 90' lang='lat' dir='ltr'><strong>et</strong></span> <span class='ocrx_word' id='word_1_250' title='bbox 729 1793 1046 1851; x_wconf 79' lang='lat' dir='ltr'><strong>inﬂexibilis</strong></span> <span class='ocrx_word' id='word_1_251' title='bbox 1076 1835 1090 1860; x_wconf 93' lang='lat'><strong>,</strong></span> <span class='ocrx_word' id='word_1_252' title='bbox 1143 1796 1313 1867; x_wconf 89' lang='lat' dir='ltr'><strong>magis</strong></span> <span class='ocrx_word' id='word_1_253' title='bbox 1372 1796 1517 1867; x_wconf 88' lang='lat' dir='ltr'><strong>regis</strong></span> <span class='ocrx_word' id='word_1_254' title='bbox 1567 1793 1877 1867; x_wconf 65' lang='lat' dir='ltr'><strong>Babylonii&#39;</strong></span> <span class='ocrx_word' id='word_1_255' title='bbox 1950 1792 2185 1863; x_wconf 89' lang='lat' dir='ltr'><strong>quentis.</strong></span> <span class='ocrx_word' id='word_1_256' title='bbox 2209 1791 2275 1846; x_wconf 89' lang='lat' dir='ltr'><strong>Et</strong></span> <span class='ocrx_word' id='word_1_257' title='bbox 2305 1792 2371 1859; x_wconf 87' lang='lat' dir='ltr'><strong>si,</strong></span> <span class='ocrx_word' id='word_1_258' title='bbox 2399 1795 2592 1862; x_wconf 78' lang='lat' dir='ltr'><strong>inquit,</strong></span> <span class='ocrx_word' id='word_1_259' title='bbox 2625 1792 2727 1847; x_wconf 90' lang='lat' dir='ltr'><strong>hoc</strong></span> <span class='ocrx_word' id='word_1_260' title='bbox 2755 1790 3010 1856; x_wconf 89' lang='lat' dir='ltr'><strong>feceritis,</strong></span> <span class='ocrx_word' id='word_1_261' title='bbox 3033 1794 3371 1861; x_wconf 87' lang='lat' dir='ltr'><strong>nequaquam</strong></span> <span class='ocrx_word' id='word_1_262' title='bbox 3395 1804 3520 1846; x_wconf 87' lang='lat' dir='ltr'><strong>suc-</strong></span> 
     </span>
    </p>
   </div>
   <div class='ocr_carea' id='block_1_29' title="bbox 279 1875 3525 1956">
    <p class='ocr_par' dir='ltr' id='par_1_29' title="bbox 279 1875 3525 1956">
     <span class='ocr_line' id='line_1_29' title="bbox 279 1875 3525 1956; baseline -0.001 -19"><span class='ocrx_word' id='word_1_263' title='bbox 279 1898 442 1952; x_wconf 89' lang='lat' dir='ltr'><strong>quam</strong></span> <span class='ocrx_word' id='word_1_264' title='bbox 495 1883 708 1945; x_wconf 79' lang='lat' dir='ltr'><strong>Domini</strong></span> <span class='ocrx_word' id='word_1_265' title='bbox 756 1898 881 1939; x_wconf 90' lang='lat' dir='ltr'><strong>esse</strong></span> <span class='ocrx_word' id='word_1_266' title='bbox 925 1884 1184 1941; x_wconf 86' lang='lat' dir='ltr'><strong>videatur.</strong></span> <span class='ocrx_word' id='word_1_267' title='bbox 1259 1883 1502 1940; x_wconf 87' lang='lat' dir='ltr'><strong>Primum</strong></span> <span class='ocrx_word' id='word_1_268' title='bbox 1549 1892 1733 1940; x_wconf 87' lang='lat' dir='ltr'><strong>autem</strong></span> <span class='ocrx_word' id='word_1_269' title='bbox 1782 1875 2210 1940; x_wconf 81' lang='lat' dir='ltr'><strong>deBcendetur</strong></span> <span class='ocrx_word' id='word_1_270' title='bbox 2256 1884 2311 1939; x_wconf 91' lang='lat' dir='ltr'><strong>in</strong></span> <span class='ocrx_word' id='word_1_271' title='bbox 2356 1885 2509 1939; x_wconf 82' lang='lat' dir='ltr'><strong>vobis</strong></span> <span class='ocrx_word' id='word_1_272' title='bbox 2555 1884 2693 1956; x_wconf 92' lang='lat' dir='ltr'><strong>ignis</strong></span> <span class='ocrx_word' id='word_1_273' title='bbox 2739 1881 2941 1938; x_wconf 84' lang='lat' dir='ltr'><strong>furoris</strong></span> <span class='ocrx_word' id='word_1_274' title='bbox 2979 1883 3107 1947; x_wconf 88' lang='lat' dir='ltr'><strong>mei,</strong></span> <span class='ocrx_word' id='word_1_275' title='bbox 3150 1898 3251 1937; x_wconf 89' lang='lat' dir='ltr'><strong>nec</strong></span> <span class='ocrx_word' id='word_1_276' title='bbox 3293 1882 3525 1937; x_wconf 91' lang='lat' dir='ltr'><strong>inveniet</strong></span> 
     </span>
    </p>
   </div>
   <div class='ocr_carea' id='block_1_30' title="bbox 278 1973 1850 2047">
    <p class='ocr_par' dir='ltr' id='par_1_30' title="bbox 278 1973 1850 2047">
     <span class='ocr_line' id='line_1_30' title="bbox 278 1973 1850 2047; baseline 0.004 -21"><span class='ocrx_word' id='word_1_277' title='bbox 278 1974 534 2045; x_wconf 84' lang='lat' dir='ltr'><strong>universa</strong></span> <span class='ocrx_word' id='word_1_278' title='bbox 562 1973 698 2029; x_wconf 82' lang='lat' dir='ltr'><strong>urbe</strong></span> <span class='ocrx_word' id='word_1_279' title='bbox 728 1976 1103 2045; x_wconf 86' lang='lat' dir='ltr'><strong>prophetatum</strong></span> <span class='ocrx_word' id='word_1_280' title='bbox 1131 1985 1219 2031; x_wconf 90' lang='lat' dir='ltr'><strong>est</strong></span> <span class='ocrx_word' id='word_1_281' title='bbox 1242 1993 1256 2030; x_wconf 91' lang='lat'><strong>:</strong></span> <span class='ocrx_word' id='word_1_282' title='bbox 1284 1992 1429 2031; x_wconf 92' lang='lat' dir='ltr'><strong>nunc</strong></span> <span class='ocrx_word' id='word_1_283' title='bbox 1456 1976 1672 2047; x_wconf 84' lang='lat' dir='ltr'><strong>proprie</strong></span> <span class='ocrx_word' id='word_1_284' title='bbox 1691 1976 1850 2032; x_wconf 55' lang='lat' dir='ltr'><strong>Sede.</strong></span> 
     </span>
    </p>
   </div>
   <div class='ocr_carea' id='block_1_31' title="bbox 277 2066 1851 2138">
    <p class='ocr_par' dir='ltr' id='par_1_31' title="bbox 277 2066 1851 2138">
     <span class='ocr_line' id='line_1_31' title="bbox 277 2066 1851 2138; baseline -0.001 -15"><span class='ocrx_word' id='word_1_285' title='bbox 277 2067 413 2123; x_wconf 80' lang='lat' dir='ltr'><strong>Chiae</strong></span> <span class='ocrx_word' id='word_1_286' title='bbox 440 2066 765 2137; x_wconf 61' lang='lat' dir='ltr'><strong>pradicitur,</strong></span> <span class='ocrx_word' id='word_1_287' title='bbox 800 2074 856 2121; x_wconf 90' lang='lat' dir='ltr'><strong>et</strong></span> <span class='ocrx_word' id='word_1_288' title='bbox 881 2067 1078 2137; x_wconf 89' lang='lat' dir='ltr'><strong>populo</strong></span> <span class='ocrx_word' id='word_1_289' title='bbox 1112 2067 1251 2137; x_wconf 87' lang='lat' dir='ltr'><strong>ejus,</strong></span> <span class='ocrx_word' id='word_1_290' title='bbox 1292 2068 1385 2138; x_wconf 90' lang='lat' dir='ltr'><strong>qui</strong></span> <span class='ocrx_word' id='word_1_291' title='bbox 1414 2069 1613 2124; x_wconf 85' lang='lat' dir='ltr'><strong>residui</strong></span> <span class='ocrx_word' id='word_1_292' title='bbox 1648 2066 1851 2123; x_wconf 83' lang='lat' dir='ltr'><strong>fuerint</strong></span> 
     </span>
    </p>
   </div>
   <div class='ocr_carea' id='block_1_32' title="bbox 275 2155 1852 2227">
    <p class='ocr_par' dir='ltr' id='par_1_32' title="bbox 275 2155 1852 2227">
     <span class='ocr_line' id='line_1_32' title="bbox 275 2155 1852 2227; baseline 0.001 -17"><span class='ocrx_word' id='word_1_293' title='bbox 275 2165 400 2226; x_wconf 88' lang='lat' dir='ltr'><strong>post</strong></span> <span class='ocrx_word' id='word_1_294' title='bbox 439 2164 648 2227; x_wconf 89' lang='lat' dir='ltr'><strong>pestem</strong></span> <span class='ocrx_word' id='word_1_295' title='bbox 686 2156 921 2227; x_wconf 81' lang='lat' dir='ltr'><strong>gladium</strong></span> <span class='ocrx_word' id='word_1_296' title='bbox 970 2166 1028 2212; x_wconf 93' lang='lat' dir='ltr'><strong>et</strong></span> <span class='ocrx_word' id='word_1_297' title='bbox 1053 2155 1273 2223; x_wconf 86' lang='lat' dir='ltr'><strong>famem,</strong></span> <span class='ocrx_word' id='word_1_298' title='bbox 1316 2157 1461 2227; x_wconf 88' lang='lat' dir='ltr'><strong>quod</strong></span> <span class='ocrx_word' id='word_1_299' title='bbox 1490 2172 1521 2211; x_wconf 94' lang='lat' dir='ltr'><strong>a</strong></span> <span class='ocrx_word' id='word_1_300' title='bbox 1565 2156 1852 2212; x_wconf 87' lang='lat' dir='ltr'><strong>Nabucho-</strong></span> 
     </span>
    </p>
   </div>
   <div class='ocr_carea' id='block_1_33' title="bbox 277 2245 1871 2317">
    <p class='ocr_par' dir='ltr' id='par_1_33' title="bbox 277 2245 1871 2317">
     <span class='ocr_line' id='line_1_33' title="bbox 277 2245 1871 2317; baseline 0 -15"><span class='ocrx_word' id='word_1_301' title='bbox 277 2248 510 2302; x_wconf 90' lang='lat' dir='ltr'><strong>donosor</strong></span> <span class='ocrx_word' id='word_1_302' title='bbox 552 2245 845 2317; x_wconf 90' lang='lat' dir='ltr'><strong>Babylonio</strong></span> <span class='ocrx_word' id='word_1_303' title='bbox 874 2261 999 2317; x_wconf 89' lang='lat' dir='ltr'><strong>rege</strong></span> <span class='ocrx_word' id='word_1_304' title='bbox 1043 2248 1336 2317; x_wconf 85' lang='lat' dir='ltr'><strong>capiendus</strong></span> <span class='ocrx_word' id='word_1_305' title='bbox 1387 2248 1478 2314; x_wconf 87' lang='lat' dir='ltr'><strong>sit,</strong></span> <span class='ocrx_word' id='word_1_306' title='bbox 1523 2247 1871 2303; x_wconf 76' lang='lat' dir='ltr'><strong>interﬁcien-&#39;</strong></span> 
     </span>
    </p>
   </div>
   <div class='ocr_carea' id='block_1_34' title="bbox 276 2337 1851 2411">
    <p class='ocr_par' dir='ltr' id='par_1_34' title="bbox 276 2337 1851 2411">
     <span class='ocr_line' id='line_1_34' title="bbox 276 2337 1851 2411; baseline 0.003 -20"><span class='ocrx_word' id='word_1_307' title='bbox 276 2337 482 2407; x_wconf 89' lang='lat' dir='ltr'><strong>dusque</strong></span> <span class='ocrx_word' id='word_1_308' title='bbox 531 2352 653 2392; x_wconf 79' lang='lat' dir='ltr'><strong>eum</strong></span> <span class='ocrx_word' id='word_1_309' title='bbox 701 2339 891 2393; x_wconf 86' lang='lat' dir='ltr'><strong>amicis</strong></span> <span class='ocrx_word' id='word_1_310' title='bbox 938 2338 1050 2394; x_wconf 90' lang='lat' dir='ltr'><strong>suis</strong></span> <span class='ocrx_word' id='word_1_311' title='bbox 1098 2339 1275 2410; x_wconf 88' lang='lat' dir='ltr'><strong>gladio</strong></span> <span class='ocrx_word' id='word_1_312' title='bbox 1317 2359 1331 2393; x_wconf 92' lang='lat'><strong>:</strong></span> <span class='ocrx_word' id='word_1_313' title='bbox 1374 2355 1475 2396; x_wconf 88' lang='lat' dir='ltr'><strong>nec</strong></span> <span class='ocrx_word' id='word_1_314' title='bbox 1524 2340 1688 2395; x_wconf 89' lang='lat' dir='ltr'><strong>ullam</strong></span> <span class='ocrx_word' id='word_1_315' title='bbox 1733 2341 1851 2411; x_wconf 89' lang='lat' dir='ltr'><strong>ejus</strong></span> 
     </span>
    </p>
   </div>
   <div class='ocr_carea' id='block_1_35' title="bbox 275 2426 1850 2500">
    <p class='ocr_par' dir='ltr' id='par_1_35' title="bbox 275 2426 1850 2500">
     <span class='ocr_line' id='line_1_35' title="bbox 275 2426 1850 2500; baseline 0.006 -21"><span class='ocrx_word' id='word_1_316' title='bbox 275 2435 457 2494; x_wconf 78' lang='lat' dir='ltr'><strong>speret</strong></span> <span class='ocrx_word' id='word_1_317' title='bbox 503 2426 951 2494; x_wconf 88' lang='lat' dir='ltr'><strong>misericordiam,</strong></span> <span class='ocrx_word' id='word_1_318' title='bbox 1002 2429 1155 2500; x_wconf 82' lang='lat' dir='ltr'><strong>cujus</strong></span> <span class='ocrx_word' id='word_1_319' title='bbox 1183 2429 1361 2488; x_wconf 66' lang='lat' dir='ltr'><strong>foedus</strong></span> <span class='ocrx_word' id='word_1_320' title='bbox 1399 2438 1455 2486; x_wconf 90' lang='lat' dir='ltr'><strong>et</strong></span> <span class='ocrx_word' id='word_1_321' title='bbox 1499 2431 1850 2489; x_wconf 87' lang='lat' dir='ltr'><strong>necessitudi-</strong></span> 
     </span>
    </p>
   </div>
   <div class='ocr_carea' id='block_1_36' title="bbox 276 2514 946 2599">
    <p class='ocr_par' dir='ltr' id='par_1_36' title="bbox 276 2514 946 2599">
     <span class='ocr_line' id='line_1_36' title="bbox 276 2514 946 2599; baseline 0.006 -30"><span class='ocrx_word' id='word_1_322' title='bbox 276 2530 400 2599; x_wconf 76' lang='lat' dir='ltr'><strong>nem</strong></span> <span class='ocrx_word' id='word_1_323' title='bbox 426 2514 665 2585; x_wconf 73' lang='lat' dir='ltr'><strong>periurio</strong></span> <span class='ocrx_word' id='word_1_324' title='bbox 692 2517 946 2573; x_wconf 88' lang='lat' dir='ltr'><strong>deseruit.</strong></span> 
     </span>
    </p>
   </div>
   <div class='ocr_carea' id='block_1_37' title="bbox 354 2606 1844 2679">
    <p class='ocr_par' dir='ltr' id='par_1_37' title="bbox 354 2606 1844 2679">
     <span class='ocr_line' id='line_1_37' title="bbox 354 2606 1844 2679; baseline 0.008 -20"><span class='ocrx_word' id='word_1_325' title='bbox 354 2625 372 2657; x_wconf 87' lang='grc'><strong>‹</strong></span> <span class='ocrx_word' id='word_1_326' title='bbox 401 2606 467 2660; x_wconf 82' lang='grc' dir='ltr'>Ει</span> <span class='ocrx_word' id='word_1_327' title='bbox 494 2608 560 2661; x_wconf 90' lang='lat' dir='ltr'><strong>ad</strong></span> <span class='ocrx_word' id='word_1_328' title='bbox 590 2608 843 2679; x_wconf 90' lang='lat' dir='ltr'><strong>populum</strong></span> <span class='ocrx_word' id='word_1_329' title='bbox 870 2610 1015 2666; x_wconf 90' lang='lat' dir='ltr'><strong>hunc</strong></span> <span class='ocrx_word' id='word_1_330' title='bbox 1041 2611 1221 2667; x_wconf 88' lang='lat' dir='ltr'><strong>dices:</strong></span> <span class='ocrx_word' id='word_1_331' title='bbox 1251 2611 1378 2670; x_wconf 64' lang='lat' dir='ltr'><strong>Hmc</strong></span> <span class='ocrx_word' id='word_1_332' title='bbox 1402 2614 1536 2672; x_wconf 89' lang='lat' dir='ltr'><strong>dicit</strong></span> <span class='ocrx_word' id='word_1_333' title='bbox 1554 2615 1844 2672; x_wconf 88' lang='lat' dir='ltr'><strong>Dominus:</strong></span> 
     </span>
    </p>
   </div>
   <div class='ocr_carea' id='block_1_38' title="bbox 279 2688 1846 2767">
    <p class='ocr_par' dir='ltr' id='par_1_38' title="bbox 279 2688 1846 2767">
     <span class='ocr_line' id='line_1_38' title="bbox 279 2688 1846 2767; baseline 0.008 -18"><span class='ocrx_word' id='word_1_334' title='bbox 279 2688 417 2751; x_wconf 82' lang='lat' dir='ltr'><strong>Ecce</strong></span> <span class='ocrx_word' id='word_1_335' title='bbox 445 2711 545 2767; x_wconf 89' lang='lat' dir='ltr'><strong>ego</strong></span> <span class='ocrx_word' id='word_1_336' title='bbox 573 2697 642 2753; x_wconf 92' lang='lat' dir='ltr'><strong>do</strong></span> <span class='ocrx_word' id='word_1_337' title='bbox 664 2713 849 2755; x_wconf 91' lang='lat' dir='ltr'><strong>coram</strong></span> <span class='ocrx_word' id='word_1_338' title='bbox 875 2701 1027 2756; x_wconf 86' lang='lat' dir='ltr'><strong>vobis</strong></span> <span class='ocrx_word' id='word_1_339' title='bbox 1052 2701 1195 2758; x_wconf 82' lang='lat' dir='ltr'><strong>viam</strong></span> <span class='ocrx_word' id='word_1_340' title='bbox 1221 2702 1347 2759; x_wconf 70' lang='lat' dir='ltr'><strong>vitae</strong></span> <span class='ocrx_word' id='word_1_341' title='bbox 1378 2712 1434 2760; x_wconf 91' lang='lat' dir='ltr'><strong>et</strong></span> <span class='ocrx_word' id='word_1_342' title='bbox 1466 2705 1609 2760; x_wconf 89' lang='lat' dir='ltr'><strong>viam</strong></span> <span class='ocrx_word' id='word_1_343' title='bbox 1635 2706 1846 2762; x_wconf 89' lang='lat' dir='ltr'><strong>mortis.</strong></span> 
     </span>
    </p>
   </div>
   <div class='ocr_carea' id='block_1_39' title="bbox 280 2786 1852 2869">
    <p class='ocr_par' dir='ltr' id='par_1_39' title="bbox 280 2786 1852 2869">
     <span class='ocr_line' id='line_1_39' title="bbox 280 2786 1852 2869; baseline 0.008 -27"><span class='ocrx_word' id='word_1_344' title='bbox 280 2786 386 2856; x_wconf 87' lang='lat' dir='ltr'><strong>Qui</strong></span> <span class='ocrx_word' id='word_1_345' title='bbox 411 2788 732 2845; x_wconf 87' lang='lat' dir='ltr'><strong>habitaverit</strong></span> <span class='ocrx_word' id='word_1_346' title='bbox 781 2790 835 2845; x_wconf 92' lang='lat' dir='ltr'><strong>in</strong></span> <span class='ocrx_word' id='word_1_347' title='bbox 864 2792 998 2847; x_wconf 86' lang='lat' dir='ltr'><strong>urbe</strong></span> <span class='ocrx_word' id='word_1_348' title='bbox 1018 2794 1122 2849; x_wconf 89' lang='lat' dir='ltr'><strong>hac</strong></span> <span class='ocrx_word' id='word_1_349' title='bbox 1145 2796 1407 2853; x_wconf 88' lang='lat' dir='ltr'><strong>morietur</strong></span> <span class='ocrx_word' id='word_1_350' title='bbox 1428 2796 1605 2869; x_wconf 89' lang='lat' dir='ltr'><strong>gladio</strong></span> <span class='ocrx_word' id='word_1_351' title='bbox 1629 2808 1683 2854; x_wconf 91' lang='lat' dir='ltr'><strong>et</strong></span> <span class='ocrx_word' id='word_1_352' title='bbox 1709 2798 1852 2855; x_wconf 86' lang='lat' dir='ltr'><strong>fame</strong></span> 
     </span>
    </p>
   </div>
   <div class='ocr_carea' id='block_1_40' title="bbox 280 2880 1906 2962">
    <p class='ocr_par' dir='ltr' id='par_1_40' title="bbox 280 2880 1906 2962">
     <span class='ocr_line' id='line_1_40' title="bbox 280 2880 1906 2962; baseline 0.009 -28"><span class='ocrx_word' id='word_1_353' title='bbox 280 2887 335 2934; x_wconf 87' lang='lat' dir='ltr'><strong>et</strong></span> <span class='ocrx_word' id='word_1_354' title='bbox 362 2890 535 2949; x_wconf 83' lang='lat' dir='ltr'><strong>peste,</strong></span> <span class='ocrx_word' id='word_1_355' title='bbox 585 2880 678 2951; x_wconf 89' lang='lat' dir='ltr'><strong>qui</strong></span> <span class='ocrx_word' id='word_1_356' title='bbox 711 2890 890 2938; x_wconf 91' lang='lat' dir='ltr'><strong>autem</strong></span> <span class='ocrx_word' id='word_1_357' title='bbox 918 2898 1169 2955; x_wconf 88' lang='lat' dir='ltr'><strong>egressus</strong></span> <span class='ocrx_word' id='word_1_358' title='bbox 1211 2885 1392 2952; x_wconf 82' lang='lat' dir='ltr'><strong>fuerit,</strong></span> <span class='ocrx_word' id='word_1_359' title='bbox 1423 2896 1479 2943; x_wconf 87' lang='lat' dir='ltr'><strong>et</strong></span> <span class='ocrx_word' id='word_1_360' title='bbox 1503 2888 1856 2962; x_wconf 85' lang='lat' dir='ltr'><strong>transfugerit</strong></span> <span class='ocrx_word' id='word_1_361' title='bbox 1900 2946 1906 2950; x_wconf 86' lang='lat'><strong>.</strong></span> 
     </span>
    </p>
   </div>
   <div class='ocr_carea' id='block_1_41' title="bbox 271 2970 1852 3044">
    <p class='ocr_par' dir='ltr' id='par_1_41' title="bbox 271 2970 1852 3044">
     <span class='ocr_line' id='line_1_41' title="bbox 271 2970 1852 3044; baseline 0.008 -20"><span class='ocrx_word' id='word_1_362' title='bbox 271 2970 351 3039; x_wconf 82' lang='lat' dir='ltr'><strong>ad</strong></span> <span class='ocrx_word' id='word_1_363' title='bbox 398 2970 697 3038; x_wconf 67' lang='lat' dir='ltr'><strong>Chaldaeos,</strong></span> <span class='ocrx_word' id='word_1_364' title='bbox 751 2972 845 3044; x_wconf 90' lang='lat' dir='ltr'><strong>qui</strong></span> <span class='ocrx_word' id='word_1_365' title='bbox 894 2974 1143 3030; x_wconf 88' lang='lat' dir='ltr'><strong>obsident</strong></span> <span class='ocrx_word' id='word_1_366' title='bbox 1189 2992 1309 3043; x_wconf 91' lang='lat' dir='ltr'><strong>vos,</strong></span> <span class='ocrx_word' id='word_1_367' title='bbox 1347 2978 1493 3034; x_wconf 83' lang='lat' dir='ltr'><strong>vivet</strong></span> <span class='ocrx_word' id='word_1_368' title='bbox 1536 2996 1550 3033; x_wconf 93' lang='lat'><strong>:</strong></span> <span class='ocrx_word' id='word_1_369' title='bbox 1587 2987 1643 3034; x_wconf 92' lang='lat' dir='ltr'><strong>et</strong></span> <span class='ocrx_word' id='word_1_370' title='bbox 1669 2980 1774 3035; x_wconf 89' lang='lat' dir='ltr'><strong>erit</strong></span> <span class='ocrx_word' id='word_1_371' title='bbox 1800 2981 1852 3036; x_wconf 88' lang='lat' dir='ltr'><strong>ei</strong></span> 
     </span>
    </p>
   </div>
   <div class='ocr_carea' id='block_1_42' title="bbox 278 3063 1852 3141">
    <p class='ocr_par' dir='ltr' id='par_1_42' title="bbox 278 3063 1852 3141">
     <span class='ocr_line' id='line_1_42' title="bbox 278 3063 1852 3141; baseline 0.008 -24"><span class='ocrx_word' id='word_1_372' title='bbox 278 3063 459 3141; x_wconf 88' lang='lat' dir='ltr'><strong>anima</strong></span> <span class='ocrx_word' id='word_1_373' title='bbox 484 3080 579 3119; x_wconf 87' lang='lat' dir='ltr'><strong>sua</strong></span> <span class='ocrx_word' id='word_1_374' title='bbox 606 3066 761 3135; x_wconf 89' lang='lat' dir='ltr'><strong>quasi</strong></span> <span class='ocrx_word' id='word_1_375' title='bbox 808 3067 1059 3137; x_wconf 89' lang='lat' dir='ltr'><strong>spolium.</strong></span> <span class='ocrx_word' id='word_1_376' title='bbox 1089 3067 1252 3125; x_wconf 88' lang='lat' dir='ltr'><strong>Posui</strong></span> <span class='ocrx_word' id='word_1_377' title='bbox 1276 3072 1420 3125; x_wconf 87' lang='lat' dir='ltr'><strong>enim</strong></span> <span class='ocrx_word' id='word_1_378' title='bbox 1452 3071 1644 3128; x_wconf 83' lang='lat' dir='ltr'><strong>faciem</strong></span> <span class='ocrx_word' id='word_1_379' title='bbox 1675 3086 1852 3128; x_wconf 90' lang='lat' dir='ltr'><strong>meam</strong></span> 
     </span>
    </p>
   </div>
   <div class='ocr_carea' id='block_1_43' title="bbox 1950 1973 3527 2044">
    <p class='ocr_par' dir='ltr' id='par_1_43' title="bbox 1950 1973 3527 2044">
     <span class='ocr_line' id='line_1_43' title="bbox 1950 1973 3527 2044; baseline -0.001 -15"><span class='ocrx_word' id='word_1_380' title='bbox 1950 1975 2231 2030; x_wconf 87' lang='lat' dir='ltr'><strong>materiam</strong></span> <span class='ocrx_word' id='word_1_381' title='bbox 2247 1990 2409 2044; x_wconf 88' lang='lat' dir='ltr'><strong>quam</strong></span> <span class='ocrx_word' id='word_1_382' title='bbox 2429 1983 2726 2030; x_wconf 90' lang='lat' dir='ltr'><strong>consumat.</strong></span> <span class='ocrx_word' id='word_1_383' title='bbox 2749 1974 3187 2043; x_wconf 87' lang='lat' dir='ltr'><strong>lncredibilisque</strong></span> <span class='ocrx_word' id='word_1_384' title='bbox 3202 1974 3255 2027; x_wconf 92' lang='lat' dir='ltr'><strong>in</strong></span> <span class='ocrx_word' id='word_1_385' title='bbox 3281 1974 3385 2028; x_wconf 90' lang='lat' dir='ltr'><strong>hoc</strong></span> <span class='ocrx_word' id='word_1_386' title='bbox 3409 1973 3527 2027; x_wconf 91' lang='lat' dir='ltr'><strong>loco</strong></span> 
     </span>
    </p>
   </div>
   <div class='ocr_carea' id='block_1_44' title="bbox 1950 2065 3525 2135">
    <p class='ocr_par' dir='ltr' id='par_1_44' title="bbox 1950 2065 3525 2135">
     <span class='ocr_line' id='line_1_44' title="bbox 1950 2065 3525 2135; baseline -0.003 -13"><span class='ocrx_word' id='word_1_387' title='bbox 1950 2067 2047 2122; x_wconf 86' lang='lat' dir='ltr'><strong>Dei</strong></span> <span class='ocrx_word' id='word_1_388' title='bbox 2093 2066 2379 2122; x_wconf 88' lang='lat' dir='ltr'><strong>clementia</strong></span> <span class='ocrx_word' id='word_1_389' title='bbox 2433 2067 2849 2133; x_wconf 84' lang='lat' dir='ltr'><strong>demonstratur,</strong></span> <span class='ocrx_word' id='word_1_390' title='bbox 2899 2076 2960 2119; x_wconf 93' lang='lat' dir='ltr'><strong>ut</strong></span> <span class='ocrx_word' id='word_1_391' title='bbox 3006 2065 3073 2120; x_wconf 90' lang='lat' dir='ltr'><strong>de</strong></span> <span class='ocrx_word' id='word_1_392' title='bbox 3120 2065 3316 2135; x_wconf 85' lang='lat' dir='ltr'><strong>quibus</strong></span> <span class='ocrx_word' id='word_1_393' title='bbox 3365 2079 3525 2135; x_wconf 87' lang='lat' dir='ltr'><strong>supra</strong></span> 
     </span>
    </p>
   </div>
   <div class='ocr_carea' id='block_1_45' title="bbox 1950 2158 3527 2228">
    <p class='ocr_par' dir='ltr' id='par_1_45' title="bbox 1950 2158 3527 2228">
     <span class='ocr_line' id='line_1_45' title="bbox 1950 2158 3527 2228; baseline -0.001 -15"><span class='ocrx_word' id='word_1_394' title='bbox 1950 2159 2179 2223; x_wconf 82' lang='lat' dir='ltr'><strong>dixerat,</strong></span> <span class='ocrx_word' id='word_1_395' title='bbox 2215 2175 2234 2210; x_wconf 81' lang='grc' dir='ltr'><strong>ι</strong></span> <span class='ocrx_word' id='word_1_396' title='bbox 2261 2160 2415 2228; x_wconf 90' lang='lat' dir='ltr'><strong>posui</strong></span> <span class='ocrx_word' id='word_1_397' title='bbox 2456 2159 2599 2214; x_wconf 89' lang='lat' dir='ltr'><strong>enim</strong></span> <span class='ocrx_word' id='word_1_398' title='bbox 2627 2158 2816 2215; x_wconf 84' lang='lat' dir='ltr'><strong>faciem</strong></span> <span class='ocrx_word' id='word_1_399' title='bbox 2855 2173 3033 2213; x_wconf 88' lang='lat' dir='ltr'><strong>meam</strong></span> <span class='ocrx_word' id='word_1_400' title='bbox 3066 2173 3226 2228; x_wconf 88' lang='lat' dir='ltr'><strong>super</strong></span> <span class='ocrx_word' id='word_1_401' title='bbox 3254 2158 3527 2212; x_wconf 86' lang='lat' dir='ltr'><strong>civitatem</strong></span> 
     </span>
    </p>
   </div>
   <div class='ocr_carea' id='block_1_46' title="bbox 1949 2246 3529 2317">
    <p class='ocr_par' dir='ltr' id='par_1_46' title="bbox 1949 2246 3529 2317">
     <span class='ocr_line' id='line_1_46' title="bbox 1949 2246 3529 2317; baseline -0.001 -15"><span class='ocrx_word' id='word_1_402' title='bbox 1949 2248 2091 2303; x_wconf 82' lang='lat' dir='ltr'><strong>hanc</strong></span> <span class='ocrx_word' id='word_1_403' title='bbox 2132 2248 2188 2302; x_wconf 88' lang='lat' dir='ltr'><strong>in</strong></span> <span class='ocrx_word' id='word_1_404' title='bbox 2237 2248 2460 2313; x_wconf 89' lang='lat' dir='ltr'><strong>malum,</strong></span> <span class='ocrx_word' id='word_1_405' title='bbox 2492 2254 2547 2303; x_wconf 91' lang='lat' dir='ltr'><strong>et</strong></span> <span class='ocrx_word' id='word_1_406' title='bbox 2587 2262 2694 2302; x_wconf 92' lang='lat' dir='ltr'><strong>non</strong></span> <span class='ocrx_word' id='word_1_407' title='bbox 2744 2248 2801 2302; x_wconf 86' lang='lat' dir='ltr'><strong>in</strong></span> <span class='ocrx_word' id='word_1_408' title='bbox 2840 2248 3059 2303; x_wconf 83' lang='lat' dir='ltr'><strong>bonum.</strong></span> <span class='ocrx_word' id='word_1_409' title='bbox 3094 2246 3153 2300; x_wconf 90' lang='lat' dir='ltr'><strong>In</strong></span> <span class='ocrx_word' id='word_1_410' title='bbox 3183 2262 3343 2301; x_wconf 89' lang='lat' dir='ltr'><strong>manu</strong></span> <span class='ocrx_word' id='word_1_411' title='bbox 3388 2247 3529 2317; x_wconf 86' lang='lat' dir='ltr'><strong>regis</strong></span> 
     </span>
    </p>
   </div>
   <div class='ocr_carea' id='block_1_47' title="bbox 1948 2332 3529 2409">
    <p class='ocr_par' dir='ltr' id='par_1_47' title="bbox 1948 2332 3529 2409">
     <span class='ocr_line' id='line_1_47' title="bbox 1948 2332 3529 2409; baseline -0.001 -18"><span class='ocrx_word' id='word_1_412' title='bbox 1948 2336 2240 2409; x_wconf 87' lang='lat' dir='ltr'><strong>Babylonis</strong></span> <span class='ocrx_word' id='word_1_413' title='bbox 2290 2338 2555 2403; x_wconf 87' lang='lat' dir='ltr'><strong>tradetur,</strong></span> <span class='ocrx_word' id='word_1_414' title='bbox 2590 2344 2646 2392; x_wconf 91' lang='lat' dir='ltr'><strong>et</strong></span> <span class='ocrx_word' id='word_1_415' title='bbox 2691 2344 2883 2392; x_wconf 83' lang='lat' dir='ltr'><strong>exuret</strong></span> <span class='ocrx_word' id='word_1_416' title='bbox 2909 2350 3029 2391; x_wconf 87' lang='lat' dir='ltr'><strong>eam</strong></span> <span class='ocrx_word' id='word_1_417' title='bbox 3064 2335 3193 2406; x_wconf 89' lang='lat' dir='ltr'><strong>igni,</strong></span> <span class='ocrx_word' id='word_1_418' title='bbox 3223 2354 3243 2387; x_wconf 85' lang='grc'><strong><em>›</em></strong></span> <span class='ocrx_word' id='word_1_419' title='bbox 3274 2332 3384 2403; x_wconf 89' lang='lat' dir='ltr'><strong>jam</strong></span> <span class='ocrx_word' id='word_1_420' title='bbox 3418 2336 3529 2390; x_wconf 88' lang='lat' dir='ltr'><strong>Do-</strong></span> 
     </span>
    </p>
   </div>
   <div class='ocr_carea' id='block_1_48' title="bbox 1949 2428 3541 2501">
    <p class='ocr_par' dir='ltr' id='par_1_48' title="bbox 1949 2428 3541 2501">
     <span class='ocr_line' id='line_1_48' title="bbox 1949 2428 3541 2501; baseline -0.003 -15"><span class='ocrx_word' id='word_1_421' title='bbox 1949 2428 2083 2486; x_wconf 80' lang='lat' dir='ltr'><strong>mini</strong></span> <span class='ocrx_word' id='word_1_422' title='bbox 2127 2431 2407 2501; x_wconf 82' lang='lat' dir='ltr'><strong>ingruente</strong></span> <span class='ocrx_word' id='word_1_423' title='bbox 2452 2430 2716 2485; x_wconf 84' lang='lat' dir='ltr'><strong>sententia</strong></span> <span class='ocrx_word' id='word_1_424' title='bbox 2760 2444 2853 2485; x_wconf 90' lang='lat' dir='ltr'><strong>eos</strong></span> <span class='ocrx_word' id='word_1_425' title='bbox 2894 2438 3148 2499; x_wconf 87' lang='lat' dir='ltr'><strong>provocet</strong></span> <span class='ocrx_word' id='word_1_426' title='bbox 3184 2430 3251 2483; x_wconf 89' lang='lat' dir='ltr'><strong>ad</strong></span> <span class='ocrx_word' id='word_1_427' title='bbox 3278 2429 3541 2483; x_wconf 84' lang='lat' dir='ltr'><strong>salutem.‘</strong></span> 
     </span>
    </p>
   </div>
   <div class='ocr_carea' id='block_1_49' title="bbox 1950 2519 3527 2592">
    <p class='ocr_par' dir='ltr' id='par_1_49' title="bbox 1950 2519 3527 2592">
     <span class='ocr_line' id='line_1_49' title="bbox 1950 2519 3527 2592; baseline 0.001 -17"><span class='ocrx_word' id='word_1_428' title='bbox 1950 2519 2070 2577; x_wconf 85' lang='lat' dir='ltr'><strong>Non</strong></span> <span class='ocrx_word' id='word_1_429' title='bbox 2089 2522 2234 2591; x_wconf 88' lang='lat' dir='ltr'><strong>quod</strong></span> <span class='ocrx_word' id='word_1_430' title='bbox 2253 2522 2467 2592; x_wconf 81' lang='lat' dir='ltr'><strong>ignoret</strong></span> <span class='ocrx_word' id='word_1_431' title='bbox 2482 2522 2670 2577; x_wconf 90' lang='lat' dir='ltr'><strong>urbem</strong></span> <span class='ocrx_word' id='word_1_432' title='bbox 2690 2520 3027 2576; x_wconf 84' lang='lat' dir='ltr'><strong>Hierusalem</strong></span> <span class='ocrx_word' id='word_1_433' title='bbox 3051 2535 3172 2575; x_wconf 89' lang='lat' dir='ltr'><strong>esse</strong></span> <span class='ocrx_word' id='word_1_434' title='bbox 3191 2519 3527 2589; x_wconf 79' lang='lat' dir='ltr'><strong>capiendam.</strong></span> 
     </span>
    </p>
   </div>
   <div class='ocr_carea' id='block_1_50' title="bbox 1950 2611 3529 2684">
    <p class='ocr_par' dir='ltr' id='par_1_50' title="bbox 1950 2611 3529 2684">
     <span class='ocr_line' id='line_1_50' title="bbox 1950 2611 3529 2684; baseline -0.004 -15"><span class='ocrx_word' id='word_1_435' title='bbox 1950 2612 2047 2670; x_wconf 85' lang='lat' dir='ltr'><strong>sed</strong></span> <span class='ocrx_word' id='word_1_436' title='bbox 2070 2613 2214 2684; x_wconf 87' lang='lat' dir='ltr'><strong>quod</strong></span> <span class='ocrx_word' id='word_1_437' title='bbox 2239 2612 2469 2669; x_wconf 80' lang='lat' dir='ltr'><strong>liberum</strong></span> <span class='ocrx_word' id='word_1_438' title='bbox 2496 2612 2702 2668; x_wconf 87' lang='lat' dir='ltr'><strong>homini</strong></span> <span class='ocrx_word' id='word_1_439' title='bbox 2728 2622 2974 2668; x_wconf 88' lang='lat' dir='ltr'><strong>servetur</strong></span> <span class='ocrx_word' id='word_1_440' title='bbox 3001 2611 3309 2676; x_wconf 82' lang='lat' dir='ltr'><strong>arbitrium,</strong></span> <span class='ocrx_word' id='word_1_441' title='bbox 3334 2619 3394 2665; x_wconf 89' lang='lat' dir='ltr'><strong>ut</strong></span> <span class='ocrx_word' id='word_1_442' title='bbox 3423 2625 3529 2665; x_wconf 88' lang='lat' dir='ltr'><strong>non</strong></span> 
     </span>
    </p>
   </div>
   <div class='ocr_carea' id='block_1_51' title="bbox 1951 2700 3531 2777">
    <p class='ocr_par' dir='ltr' id='par_1_51' title="bbox 1951 2700 3531 2777">
     <span class='ocr_line' id='line_1_51' title="bbox 1951 2700 3531 2777; baseline -0.004 -16"><span class='ocrx_word' id='word_1_443' title='bbox 1951 2706 2257 2777; x_wconf 87' lang='lat' dir='ltr'><strong>ignorantia</strong></span> <span class='ocrx_word' id='word_1_444' title='bbox 2299 2704 2482 2767; x_wconf 86' lang='lat' dir='ltr'><strong>futuri,</strong></span> <span class='ocrx_word' id='word_1_445' title='bbox 2515 2704 2610 2759; x_wconf 88' lang='lat' dir='ltr'><strong>sed</strong></span> <span class='ocrx_word' id='word_1_446' title='bbox 2650 2702 2928 2759; x_wconf 89' lang='lat' dir='ltr'><strong>voluntate</strong></span> <span class='ocrx_word' id='word_1_447' title='bbox 2968 2702 3185 2773; x_wconf 88' lang='lat' dir='ltr'><strong>propria</strong></span> <span class='ocrx_word' id='word_1_448' title='bbox 3228 2702 3405 2772; x_wconf 88' lang='lat' dir='ltr'><strong>perire</strong></span> <span class='ocrx_word' id='word_1_449' title='bbox 3450 2700 3531 2755; x_wconf 87' lang='lat' dir='ltr'><strong>vi-</strong></span> 
     </span>
    </p>
   </div>
   <div class='ocr_carea' id='block_1_52' title="bbox 1952 2792 3580 2864">
    <p class='ocr_par' dir='ltr' id='par_1_52' title="bbox 1952 2792 3580 2864">
     <span class='ocr_line' id='line_1_52' title="bbox 1952 2792 3580 2864; baseline -0.003 -13"><span class='ocrx_word' id='word_1_450' title='bbox 1952 2794 2202 2851; x_wconf 88' lang='lat' dir='ltr'><strong>deantur.</strong></span> <span class='ocrx_word' id='word_1_451' title='bbox 2249 2795 2525 2864; x_wconf 84' lang='lat' dir='ltr'><strong>Quomodo</strong></span> <span class='ocrx_word' id='word_1_452' title='bbox 2566 2802 2623 2848; x_wconf 90' lang='lat' dir='ltr'><strong>et</strong></span> <span class='ocrx_word' id='word_1_453' title='bbox 2664 2794 2913 2851; x_wconf 83' lang='lat' dir='ltr'><strong>Salvator</strong></span> <span class='ocrx_word' id='word_1_454' title='bbox 2963 2795 3166 2850; x_wconf 87' lang='lat' dir='ltr'><strong>sciebat</strong></span> <span class='ocrx_word' id='word_1_455' title='bbox 3216 2792 3529 2863; x_wconf 83' lang='lat' dir='ltr'><strong>Apostolum</strong></span> <span class='ocrx_word' id='word_1_456' title='bbox 3576 2794 3580 2799; x_wconf 81' lang='grc'><em>’</em></span> 
     </span>
    </p>
   </div>
   <div class='ocr_carea' id='block_1_53' title="bbox 1952 2883 3528 2958">
    <p class='ocr_par' dir='ltr' id='par_1_53' title="bbox 1952 2883 3528 2958">
     <span class='ocr_line' id='line_1_53' title="bbox 1952 2883 3528 2958; baseline -0.003 -17"><span class='ocrx_word' id='word_1_457' title='bbox 1952 2894 2304 2958; x_wconf 89' lang='lat' dir='ltr'><strong>negaturum,</strong></span> <span class='ocrx_word' id='word_1_458' title='bbox 2350 2895 2407 2940; x_wconf 89' lang='lat' dir='ltr'><strong>et</strong></span> <span class='ocrx_word' id='word_1_459' title='bbox 2448 2901 2507 2941; x_wconf 88' lang='lat' dir='ltr'><strong>se</strong></span> <span class='ocrx_word' id='word_1_460' title='bbox 2542 2900 2662 2942; x_wconf 86' lang='lat' dir='ltr'><strong>esse</strong></span> <span class='ocrx_word' id='word_1_461' title='bbox 2701 2884 3140 2956; x_wconf 78' lang='lat' dir='ltr'><strong>crucifigendum.</strong></span> <span class='ocrx_word' id='word_1_462' title='bbox 3184 2884 3389 2955; x_wconf 83' lang='lat' dir='ltr'><strong>Quippe</strong></span> <span class='ocrx_word' id='word_1_463' title='bbox 3438 2883 3528 2953; x_wconf 91' lang='lat' dir='ltr'><strong>qui</strong></span> 
     </span>
    </p>
   </div>
   <div class='ocr_carea' id='block_1_54' title="bbox 1952 2974 3526 3046">
    <p class='ocr_par' dir='ltr' id='par_1_54' title="bbox 1952 2974 3526 3046">
     <span class='ocr_line' id='line_1_54' title="bbox 1952 2974 3526 3046; baseline -0.003 -15"><span class='ocrx_word' id='word_1_464' title='bbox 1952 2975 2056 3031; x_wconf 90' lang='lat' dir='ltr'><strong>hoc</strong></span> <span class='ocrx_word' id='word_1_465' title='bbox 2085 2974 2339 3046; x_wconf 88' lang='lat' dir='ltr'><strong>apostolis</strong></span> <span class='ocrx_word' id='word_1_466' title='bbox 2373 2989 2514 3045; x_wconf 72' lang='lat' dir='ltr'><strong>saepe</strong></span> <span class='ocrx_word' id='word_1_467' title='bbox 2539 2974 2891 3044; x_wconf 80' lang='lat' dir='ltr'><strong>praedixerat,</strong></span> <span class='ocrx_word' id='word_1_468' title='bbox 2924 2982 2979 3030; x_wconf 88' lang='lat' dir='ltr'><strong>et</strong></span> <span class='ocrx_word' id='word_1_469' title='bbox 3007 2974 3357 3031; x_wconf 86' lang='lat' dir='ltr'><strong>nihilominus</strong></span> <span class='ocrx_word' id='word_1_470' title='bbox 3385 2987 3526 3027; x_wconf 89' lang='lat' dir='ltr'><strong>com-</strong></span> 
     </span>
    </p>
   </div>
   <div class='ocr_carea' id='block_1_55' title="bbox 1952 3067 3529 3139">
    <p class='ocr_par' dir='ltr' id='par_1_55' title="bbox 1952 3067 3529 3139">
     <span class='ocr_line' id='line_1_55' title="bbox 1952 3067 3529 3139; baseline -0.002 -14"><span class='ocrx_word' id='word_1_471' title='bbox 1952 3067 2222 3132; x_wconf 87' lang='lat' dir='ltr'><strong>monebat,</strong></span> <span class='ocrx_word' id='word_1_472' title='bbox 2258 3067 2445 3123; x_wconf 89' lang='lat' dir='ltr'><strong>volens</strong></span> <span class='ocrx_word' id='word_1_473' title='bbox 2493 3082 2587 3123; x_wconf 88' lang='lat' dir='ltr'><strong>eos</strong></span> <span class='ocrx_word' id='word_1_474' title='bbox 2629 3068 2903 3139; x_wconf 83' lang='lat' dir='ltr'><strong>corrigere</strong></span> <span class='ocrx_word' id='word_1_475' title='bbox 2945 3069 3013 3125; x_wconf 91' lang='lat' dir='ltr'><strong>ad</strong></span> <span class='ocrx_word' id='word_1_476' title='bbox 3049 3068 3441 3139; x_wconf 69' lang='lat' dir='ltr'><strong>paenitentiam,</strong></span> <span class='ocrx_word' id='word_1_477' title='bbox 3473 3075 3529 3122; x_wconf 75' lang='lat' dir='ltr'><strong>ut</strong></span> 
     </span>
    </p>
   </div>
   <div class='ocr_carea' id='block_1_56' title="bbox 280 3155 3530 3229">
    <p class='ocr_par' dir='ltr' id='par_1_56' title="bbox 280 3155 3530 3229">
     <span class='ocr_line' id='line_1_56' title="bbox 280 3155 3530 3229; baseline 0.002 -20"><span class='ocrx_word' id='word_1_478' title='bbox 280 3169 443 3223; x_wconf 89' lang='lat' dir='ltr'><strong>super</strong></span> <span class='ocrx_word' id='word_1_479' title='bbox 479 3155 757 3211; x_wconf 75' lang='lat' dir='ltr'><strong>civitatem</strong></span> <span class='ocrx_word' id='word_1_480' title='bbox 782 3157 924 3213; x_wconf 90' lang='lat' dir='ltr'><strong>hanc</strong></span> <span class='ocrx_word' id='word_1_481' title='bbox 957 3158 1012 3212; x_wconf 91' lang='lat' dir='ltr'><strong>in</strong></span> <span class='ocrx_word' id='word_1_482' title='bbox 1042 3160 1266 3226; x_wconf 89' lang='lat' dir='ltr'><strong>malum,</strong></span> <span class='ocrx_word' id='word_1_483' title='bbox 1314 3169 1370 3216; x_wconf 86' lang='lat' dir='ltr'><strong>et</strong></span> <span class='ocrx_word' id='word_1_484' title='bbox 1401 3177 1510 3217; x_wconf 85' lang='lat' dir='ltr'><strong>non</strong></span> <span class='ocrx_word' id='word_1_485' title='bbox 1537 3163 1593 3217; x_wconf 87' lang='lat' dir='ltr'><strong>in</strong></span> <span class='ocrx_word' id='word_1_486' title='bbox 1626 3162 1850 3229; x_wconf 85' lang='lat' dir='ltr'><strong>bonum,</strong></span> <span class='ocrx_word' id='word_1_487' title='bbox 1890 3223 1922 3229; x_wconf 29' lang='lat' dir='ltr'><strong>ﬁ</strong></span> <span class='ocrx_word' id='word_1_488' title='bbox 1955 3159 2213 3229; x_wconf 87' lang='lat' dir='ltr'><strong>quidquid</strong></span> <span class='ocrx_word' id='word_1_489' title='bbox 2240 3165 2424 3229; x_wconf 90' lang='lat' dir='ltr'><strong>postea</strong></span> <span class='ocrx_word' id='word_1_490' title='bbox 2453 3157 2824 3214; x_wconf 86' lang='lat' dir='ltr'><strong>sustinuerunt</strong></span> <span class='ocrx_word' id='word_1_491' title='bbox 2851 3173 2948 3215; x_wconf 91' lang='lat' dir='ltr'><strong>suo</strong></span> <span class='ocrx_word' id='word_1_492' title='bbox 2975 3158 3106 3214; x_wconf 88' lang='lat' dir='ltr'><strong>vitio</strong></span> <span class='ocrx_word' id='word_1_493' title='bbox 3132 3159 3212 3216; x_wconf 88' lang='lat' dir='ltr'><strong>eis</strong></span> <span class='ocrx_word' id='word_1_494' title='bbox 3250 3159 3530 3229; x_wconf 89' lang='lat' dir='ltr'><strong>acciderit,</strong></span> 
     </span>
    </p>
   </div>
   <div class='ocr_carea' id='block_1_57' title="bbox 286 3223 2714 3323">
    <p class='ocr_par' dir='ltr' id='par_1_57' title="bbox 286 3223 2714 3323">
     <span class='ocr_line' id='line_1_57' title="bbox 286 3223 2714 3323; baseline 0.006 -25"><span class='ocrx_word' id='word_1_495' title='bbox 286 3245 365 3299; x_wconf 91' lang='lat' dir='ltr'><strong>ait</strong></span> <span class='ocrx_word' id='word_1_496' title='bbox 396 3245 693 3305; x_wconf 88' lang='lat' dir='ltr'><strong>Dominus:</strong></span> <span class='ocrx_word' id='word_1_497' title='bbox 727 3248 781 3302; x_wconf 92' lang='lat' dir='ltr'><strong>in</strong></span> <span class='ocrx_word' id='word_1_498' title='bbox 819 3264 979 3305; x_wconf 87' lang='lat' dir='ltr'><strong>manu</strong></span> <span class='ocrx_word' id='word_1_499' title='bbox 1010 3252 1154 3322; x_wconf 88' lang='lat' dir='ltr'><strong>regis</strong></span> <span class='ocrx_word' id='word_1_500' title='bbox 1182 3223 1474 3323; x_wconf 84' lang='lat' dir='ltr'><strong>Babylonis</strong></span> <span class='ocrx_word' id='word_1_501' title='bbox 1524 3254 1762 3323; x_wconf 90' lang='lat' dir='ltr'><strong>dabitur,</strong></span> <span class='ocrx_word' id='word_1_502' title='bbox 1798 3223 1856 3311; x_wconf 82' lang='lat' dir='ltr'><strong>et</strong></span> <span class='ocrx_word' id='word_1_503' title='bbox 1879 3223 1924 3286; x_wconf 55' lang='grc' dir='ltr'><strong>(δ</strong></span> <span class='ocrx_word' id='word_1_504' title='bbox 1957 3223 2066 3304; x_wconf 48' lang='lat' dir='ltr'><strong>lion</strong></span> <span class='ocrx_word' id='word_1_505' title='bbox 2094 3223 2291 3303; x_wconf 51' lang='lat' dir='ltr'><strong>(iutilia</strong></span> <span class='ocrx_word' id='word_1_506' title='bbox 2315 3248 2714 3304; x_wconf 61' lang='lat' dir='ltr'><strong>comminantis.</strong></span> 
     </span>
    </p>
   </div>
   <div class='ocr_carea' id='block_1_58' title="bbox 278 3339 1857 3414">
    <p class='ocr_par' dir='ltr' id='par_1_58' title="bbox 278 3339 1857 3414">
     <span class='ocr_line' id='line_1_58' title="bbox 278 3339 1857 3414; baseline 0.009 -24"><span class='ocrx_word' id='word_1_507' title='bbox 278 3346 468 3392; x_wconf 84' lang='lat' dir='ltr'><strong>exuret</strong></span> <span class='ocrx_word' id='word_1_508' title='bbox 502 3353 626 3392; x_wconf 91' lang='lat' dir='ltr'><strong>eum</strong></span> <span class='ocrx_word' id='word_1_509' title='bbox 657 3339 786 3409; x_wconf 88' lang='lat' dir='ltr'><strong>igni.</strong></span> <span class='ocrx_word' id='word_1_510' title='bbox 842 3339 940 3396; x_wconf 86' lang='lat' dir='ltr'><strong>His</strong></span> <span class='ocrx_word' id='word_1_511' title='bbox 963 3342 1056 3411; x_wconf 87' lang='lat' dir='ltr'><strong>qui</strong></span> <span class='ocrx_word' id='word_1_512' title='bbox 1085 3357 1118 3395; x_wconf 90' lang='lat' dir='ltr'><strong>a</strong></span> <span class='ocrx_word' id='word_1_513' title='bbox 1156 3358 1282 3414; x_wconf 87' lang='lat' dir='ltr'><strong>rege</strong></span> <span class='ocrx_word' id='word_1_514' title='bbox 1311 3354 1437 3400; x_wconf 89' lang='lat' dir='ltr'><strong>sunt</strong></span> <span class='ocrx_word' id='word_1_515' title='bbox 1464 3346 1636 3413; x_wconf 87' lang='lat' dir='ltr'><strong>missi,</strong></span> <span class='ocrx_word' id='word_1_516' title='bbox 1686 3356 1742 3403; x_wconf 90' lang='lat' dir='ltr'><strong>et</strong></span> <span class='ocrx_word' id='word_1_517' title='bbox 1788 3347 1857 3403; x_wconf 89' lang='lat' dir='ltr'><strong>ad</strong></span> 
     </span>
    </p>
   </div>
   <div class='ocr_carea' id='block_1_59' title="bbox 278 3429 1858 3511">
    <p class='ocr_par' dir='ltr' id='par_1_59' title="bbox 278 3429 1858 3511">
     <span class='ocr_line' id='line_1_59' title="bbox 278 3429 1858 3511; baseline 0.009 -28"><span class='ocrx_word' id='word_1_518' title='bbox 278 3429 595 3498; x_wconf 85' lang='lat' dir='ltr'><strong>prophetam</strong></span> <span class='ocrx_word' id='word_1_519' title='bbox 629 3441 890 3487; x_wconf 85' lang='lat' dir='ltr'><strong>venerant</strong></span> <span class='ocrx_word' id='word_1_520' title='bbox 927 3433 1322 3511; x_wconf 86' lang='lat' dir='ltr'><strong>deprecandum</strong></span> <span class='ocrx_word' id='word_1_521' title='bbox 1344 3478 1361 3503; x_wconf 94' lang='lat'><strong>,</strong></span> <span class='ocrx_word' id='word_1_522' title='bbox 1400 3447 1459 3493; x_wconf 90' lang='lat' dir='ltr'><strong>ut</strong></span> <span class='ocrx_word' id='word_1_523' title='bbox 1502 3440 1858 3511; x_wconf 86' lang='lat' dir='ltr'><strong>interrogaret</strong></span> 
     </span>
    </p>
   </div>
   <div class='ocr_carea' id='block_1_60' title="bbox 280 3509 1861 3600">
    <p class='ocr_par' dir='ltr' id='par_1_60' title="bbox 280 3509 1861 3600">
     <span class='ocr_line' id='line_1_60' title="bbox 280 3509 1861 3600; baseline 0.01 -29"><span class='ocrx_word' id='word_1_524' title='bbox 280 3533 380 3587; x_wconf 87' lang='lat' dir='ltr'><strong>pro</strong></span> <span class='ocrx_word' id='word_1_525' title='bbox 401 3518 480 3574; x_wconf 87' lang='lat' dir='ltr'><strong>eis</strong></span> <span class='ocrx_word' id='word_1_526' title='bbox 510 3521 819 3588; x_wconf 90' lang='lat' dir='ltr'><strong>Dominum,</strong></span> <span class='ocrx_word' id='word_1_527' title='bbox 847 3509 1125 3592; x_wconf 87' lang='lat' dir='ltr'><strong>superiora</strong></span> <span class='ocrx_word' id='word_1_528' title='bbox 1159 3527 1525 3594; x_wconf 88' lang='lat' dir='ltr'><strong>responderat,</strong></span> <span class='ocrx_word' id='word_1_529' title='bbox 1553 3538 1608 3584; x_wconf 92' lang='lat' dir='ltr'><strong>et</strong></span> <span class='ocrx_word' id='word_1_530' title='bbox 1630 3509 1750 3600; x_wconf 71' lang='lat' dir='ltr'><strong>qua:</strong></span> <span class='ocrx_word' id='word_1_531' title='bbox 1779 3546 1861 3587; x_wconf 88' lang='lat' dir='ltr'><strong>re-</strong></span> 
     </span>
    </p>
   </div>
   <div class='ocr_carea' id='block_1_61' title="bbox 283 3609 1857 3692">
    <p class='ocr_par' dir='ltr' id='par_1_61' title="bbox 283 3609 1857 3692">
     <span class='ocr_line' id='line_1_61' title="bbox 283 3609 1857 3692; baseline 0.01 -31"><span class='ocrx_word' id='word_1_532' title='bbox 283 3609 491 3685; x_wconf 73' lang='lat' dir='ltr'><strong>ferrent</strong></span> <span class='ocrx_word' id='word_1_533' title='bbox 539 3611 651 3680; x_wconf 88' lang='lat' dir='ltr'><strong>regi</strong></span> <span class='ocrx_word' id='word_1_534' title='bbox 701 3610 1017 3680; x_wconf 71' lang='lat' dir='ltr'><strong>Sedechite;</strong></span> <span class='ocrx_word' id='word_1_535' title='bbox 1065 3631 1210 3670; x_wconf 90' lang='lat' dir='ltr'><strong>nunc</strong></span> <span class='ocrx_word' id='word_1_536' title='bbox 1243 3617 1490 3673; x_wconf 89' lang='lat' dir='ltr'><strong>hortatur</strong></span> <span class='ocrx_word' id='word_1_537' title='bbox 1534 3628 1595 3674; x_wconf 92' lang='lat' dir='ltr'><strong>ut</strong></span> <span class='ocrx_word' id='word_1_538' title='bbox 1631 3636 1857 3692; x_wconf 87' lang='lat' dir='ltr'><strong>respon—</strong></span> 
     </span>
    </p>
   </div>
   <div class='ocr_carea' id='block_1_62' title="bbox 282 3697 1861 3783">
    <p class='ocr_par' dir='ltr' id='par_1_62' title="bbox 282 3697 1861 3783">
     <span class='ocr_line' id='line_1_62' title="bbox 282 3697 1861 3783; baseline 0.011 -32"><span class='ocrx_word' id='word_1_539' title='bbox 282 3697 669 3770; x_wconf 78' lang='lat' dir='ltr'><strong>deant&#39;pOpulo</strong></span> <span class='ocrx_word' id='word_1_540' title='bbox 699 3718 712 3754; x_wconf 91' lang='lat'><strong>:</strong></span> <span class='ocrx_word' id='word_1_541' title='bbox 744 3700 945 3772; x_wconf 87' lang='lat' dir='ltr'><strong>datque</strong></span> <span class='ocrx_word' id='word_1_542' title='bbox 993 3705 1274 3760; x_wconf 91' lang='lat' dir='ltr'><strong>consilium</strong></span> <span class='ocrx_word' id='word_1_543' title='bbox 1306 3717 1364 3762; x_wconf 90' lang='lat' dir='ltr'><strong>ut</strong></span> <span class='ocrx_word' id='word_1_544' title='bbox 1404 3710 1761 3783; x_wconf 85' lang='lat' dir='ltr'><strong>transfugiant</strong></span> <span class='ocrx_word' id='word_1_545' title='bbox 1790 3713 1861 3768; x_wconf 90' lang='lat' dir='ltr'><strong>ad</strong></span> 
     </span>
    </p>
   </div>
   <div class='ocr_carea' id='block_1_63' title="bbox 282 3784 1861 3871">
    <p class='ocr_par' dir='ltr' id='par_1_63' title="bbox 282 3784 1861 3871">
     <span class='ocr_line' id='line_1_63' title="bbox 282 3784 1861 3871; baseline 0.011 -29"><span class='ocrx_word' id='word_1_546' title='bbox 282 3784 561 3844; x_wconf 57' lang='lat' dir='ltr'><strong>Chaldaeos</strong></span> <span class='ocrx_word' id='word_1_547' title='bbox 599 3799 786 3845; x_wconf 89' lang='lat' dir='ltr'><strong>contra</strong></span> <span class='ocrx_word' id='word_1_548' title='bbox 813 3793 1016 3863; x_wconf 85' lang='lat' dir='ltr'><strong>regiam</strong></span> <span class='ocrx_word' id='word_1_549' title='bbox 1044 3795 1392 3864; x_wconf 87' lang='lat' dir='ltr'><strong>voluntatem,</strong></span> <span class='ocrx_word' id='word_1_550' title='bbox 1423 3802 1566 3869; x_wconf 90' lang='lat' dir='ltr'><strong>quod</strong></span> <span class='ocrx_word' id='word_1_551' title='bbox 1592 3803 1861 3871; x_wconf 89' lang='lat' dir='ltr'><strong>periculo-</strong></span> 
     </span>
    </p>
   </div>
   <div class='ocr_carea' id='block_1_64' title="bbox 282 3877 1858 3957">
    <p class='ocr_par' dir='ltr' id='par_1_64' title="bbox 282 3877 1858 3957">
     <span class='ocr_line' id='line_1_64' title="bbox 282 3877 1858 3957; baseline 0.013 -27"><span class='ocrx_word' id='word_1_552' title='bbox 282 3892 401 3931; x_wconf 88' lang='lat' dir='ltr'><strong>sum</strong></span> <span class='ocrx_word' id='word_1_553' title='bbox 441 3877 606 3934; x_wconf 89' lang='lat' dir='ltr'><strong>fuisse</strong></span> <span class='ocrx_word' id='word_1_554' title='bbox 632 3883 910 3951; x_wconf 63' lang='lat' dir='ltr'><strong>prophetae</strong></span> <span class='ocrx_word' id='word_1_555' title='bbox 947 3884 1127 3940; x_wconf 90' lang='lat' dir='ltr'><strong>nullus</strong></span> <span class='ocrx_word' id='word_1_556' title='bbox 1170 3888 1397 3957; x_wconf 89' lang='lat' dir='ltr'><strong>ignorat.</strong></span> <span class='ocrx_word' id='word_1_557' title='bbox 1434 3889 1587 3946; x_wconf 82' lang='lat' dir='ltr'><strong>Unde</strong></span> <span class='ocrx_word' id='word_1_558' title='bbox 1624 3900 1680 3947; x_wconf 90' lang='lat' dir='ltr'><strong>et</strong></span> <span class='ocrx_word' id='word_1_559' title='bbox 1716 3908 1858 3949; x_wconf 86' lang='lat' dir='ltr'><strong>mor—</strong></span> 
     </span>
    </p>
   </div>
   <div class='ocr_carea' id='block_1_65' title="bbox 281 3970 1858 4056">
    <p class='ocr_par' dir='ltr' id='par_1_65' title="bbox 281 3970 1858 4056">
     <span class='ocr_line' id='line_1_65' title="bbox 281 3970 1858 4056; baseline 0.013 -35"><span class='ocrx_word' id='word_1_560' title='bbox 281 3976 389 4025; x_wconf 88' lang='lat' dir='ltr'><strong>tem</strong></span> <span class='ocrx_word' id='word_1_561' title='bbox 412 3970 514 4025; x_wconf 88' lang='lat' dir='ltr'><strong>sibi</strong></span> <span class='ocrx_word' id='word_1_562' title='bbox 540 3971 885 4043; x_wconf 89' lang='lat' dir='ltr'><strong>imprecatur,</strong></span> <span class='ocrx_word' id='word_1_563' title='bbox 908 3984 965 4030; x_wconf 92' lang='lat' dir='ltr'><strong>et</strong></span> <span class='ocrx_word' id='word_1_564' title='bbox 988 3977 1119 4033; x_wconf 89' lang='lat' dir='ltr'><strong>dicit</strong></span> <span class='ocrx_word' id='word_1_565' title='bbox 1149 3996 1161 4029; x_wconf 93' lang='lat'><strong>:</strong></span> <span class='ocrx_word' id='word_1_566' title='bbox 1189 3999 1207 4030; x_wconf 78' lang='grc' dir='ltr'><strong>ι</strong></span> <span class='ocrx_word' id='word_1_567' title='bbox 1231 3979 1511 4037; x_wconf 78' lang='lat' dir='ltr'><strong>Maledicta</strong></span> <span class='ocrx_word' id='word_1_568' title='bbox 1534 3983 1650 4039; x_wconf 89' lang='lat' dir='ltr'><strong>dies</strong></span> <span class='ocrx_word' id='word_1_569' title='bbox 1673 3984 1727 4039; x_wconf 92' lang='lat' dir='ltr'><strong>in</strong></span> <span class='ocrx_word' id='word_1_570' title='bbox 1752 4002 1858 4056; x_wconf 91' lang='lat' dir='ltr'><strong>qua</strong></span> 
     </span>
    </p>
   </div>
   <div class='ocr_carea' id='block_1_66' title="bbox 280 4065 1860 4143">
    <p class='ocr_par' dir='ltr' id='par_1_66' title="bbox 280 4065 1860 4143">
     <span class='ocr_line' id='line_1_66' title="bbox 280 4065 1860 4143; baseline 0.012 -28"><span class='ocrx_word' id='word_1_571' title='bbox 280 4070 441 4118; x_wconf 87' lang='lat' dir='ltr'><strong>natus</strong></span> <span class='ocrx_word' id='word_1_572' title='bbox 470 4078 590 4118; x_wconf 91' lang='lat' dir='ltr'><strong>sum</strong></span> <span class='ocrx_word' id='word_1_573' title='bbox 618 4065 712 4135; x_wconf 71' lang='lat' dir='ltr'><strong>ljet</strong></span> <span class='ocrx_word' id='word_1_574' title='bbox 732 4082 899 4136; x_wconf 88' lang='lat' dir='ltr'><strong>quare</strong></span> <span class='ocrx_word' id='word_1_575' title='bbox 918 4067 985 4124; x_wconf 90' lang='lat' dir='ltr'><strong>de</strong></span> <span class='ocrx_word' id='word_1_576' title='bbox 1008 4069 1164 4127; x_wconf 89' lang='lat' dir='ltr'><strong>vulva</strong></span> <span class='ocrx_word' id='word_1_577' title='bbox 1190 4086 1443 4143; x_wconf 87' lang='lat' dir='ltr'><strong>egressus</strong></span> <span class='ocrx_word' id='word_1_578' title='bbox 1467 4090 1606 4143; x_wconf 90' lang='lat' dir='ltr'><strong>sum,</strong></span> <span class='ocrx_word' id='word_1_579' title='bbox 1633 4085 1691 4131; x_wconf 94' lang='lat' dir='ltr'><strong>ut</strong></span> <span class='ocrx_word' id='word_1_580' title='bbox 1713 4078 1860 4134; x_wconf 85' lang='lat' dir='ltr'><strong>vide-</strong></span> 
     </span>
    </p>
   </div>
   <div class='ocr_carea' id='block_1_67' title="bbox 280 4154 1858 4236">
    <p class='ocr_par' dir='ltr' id='par_1_67' title="bbox 280 4154 1858 4236">
     <span class='ocr_line' id='line_1_67' title="bbox 280 4154 1858 4236; baseline 0.011 -28"><span class='ocrx_word' id='word_1_581' title='bbox 280 4168 395 4209; x_wconf 90' lang='lat' dir='ltr'><strong>rem</strong></span> <span class='ocrx_word' id='word_1_582' title='bbox 423 4154 661 4213; x_wconf 90' lang='lat' dir='ltr'><strong>laborem</strong></span> <span class='ocrx_word' id='word_1_583' title='bbox 686 4167 742 4213; x_wconf 88' lang='lat' dir='ltr'><strong>et</strong></span> <span class='ocrx_word' id='word_1_584' title='bbox 768 4160 1046 4217; x_wconf 84' lang='lat' dir='ltr'><strong>dolorem?</strong></span> <span class='ocrx_word' id='word_1_585' title='bbox 1090 4183 1109 4215; x_wconf 74' lang='grc' dir='ltr'><strong>ι</strong></span> <span class='ocrx_word' id='word_1_586' title='bbox 1144 4180 1251 4220; x_wconf 91' lang='lat' dir='ltr'><strong>non</strong></span> <span class='ocrx_word' id='word_1_587' title='bbox 1285 4167 1428 4236; x_wconf 93' lang='lat' dir='ltr'><strong>quod</strong></span> <span class='ocrx_word' id='word_1_588' title='bbox 1456 4167 1574 4224; x_wconf 90' lang='lat' dir='ltr'><strong>leve</strong></span> <span class='ocrx_word' id='word_1_589' title='bbox 1604 4170 1697 4235; x_wconf 91' lang='lat' dir='ltr'><strong>sit,</strong></span> <span class='ocrx_word' id='word_1_590' title='bbox 1728 4184 1858 4225; x_wconf 90' lang='lat' dir='ltr'><strong>nec-</strong></span> 
     </span>
    </p>
   </div>
   <div class='ocr_carea' id='block_1_68' title="bbox 280 4247 1855 4332">
    <p class='ocr_par' dir='ltr' id='par_1_68' title="bbox 280 4247 1855 4332">
     <span class='ocr_line' id='line_1_68' title="bbox 280 4247 1855 4332; baseline 0.011 -32"><span class='ocrx_word' id='word_1_591' title='bbox 280 4247 406 4301; x_wconf 90' lang='lat' dir='ltr'><strong>dum</strong></span> <span class='ocrx_word' id='word_1_592' title='bbox 429 4249 599 4317; x_wconf 90' lang='lat' dir='ltr'><strong>captis</strong></span> <span class='ocrx_word' id='word_1_593' title='bbox 621 4249 750 4306; x_wconf 92' lang='lat' dir='ltr'><strong>dare</strong></span> <span class='ocrx_word' id='word_1_594' title='bbox 777 4252 1083 4320; x_wconf 87' lang='lat' dir='ltr'><strong>consilium,</strong></span> <span class='ocrx_word' id='word_1_595' title='bbox 1117 4270 1177 4311; x_wconf 91' lang='lat' dir='ltr'><strong>se</strong></span> <span class='ocrx_word' id='word_1_596' title='bbox 1212 4256 1355 4312; x_wconf 90' lang='lat' dir='ltr'><strong>ultro</strong></span> <span class='ocrx_word' id='word_1_597' title='bbox 1382 4261 1594 4316; x_wconf 88' lang='lat' dir='ltr'><strong>tradere</strong></span> <span class='ocrx_word' id='word_1_598' title='bbox 1628 4262 1855 4332; x_wconf 88' lang='lat' dir='ltr'><strong>captivi-</strong></span> 
     </span>
    </p>
   </div>
   <div class='ocr_carea' id='block_1_69' title="bbox 280 4337 1857 4419">
    <p class='ocr_par' dir='ltr' id='par_1_69' title="bbox 280 4337 1857 4419">
     <span class='ocr_line' id='line_1_69' title="bbox 280 4337 1857 4419; baseline 0.013 -31"><span class='ocrx_word' id='word_1_599' title='bbox 280 4337 398 4415; x_wconf 79' lang='lat' dir='ltr'><strong>tati,</strong></span> <span class='ocrx_word' id='word_1_600' title='bbox 425 4338 578 4407; x_wconf 84' lang='lat' dir='ltr'><strong>quasi</strong></span> <span class='ocrx_word' id='word_1_601' title='bbox 606 4340 649 4393; x_wconf 90' lang='lat' dir='ltr'><strong>si</strong></span> <span class='ocrx_word' id='word_1_602' title='bbox 678 4343 919 4409; x_wconf 87' lang='lat' dir='ltr'><strong>passuris</strong></span> <span class='ocrx_word' id='word_1_603' title='bbox 940 4345 1277 4417; x_wconf 82' lang='lat' dir='ltr'><strong>naufragium</strong></span> <span class='ocrx_word' id='word_1_604' title='bbox 1303 4348 1615 4419; x_wconf 89' lang='lat' dir='ltr'><strong>imperetur,</strong></span> <span class='ocrx_word' id='word_1_605' title='bbox 1645 4361 1705 4407; x_wconf 89' lang='lat' dir='ltr'><strong>ut</strong></span> <span class='ocrx_word' id='word_1_606' title='bbox 1732 4360 1857 4408; x_wconf 89' lang='lat' dir='ltr'><strong>ante</strong></span> 
     </span>
    </p>
   </div>
   <div class='ocr_carea' id='block_1_70' title="bbox 2033 3337 3638 3412">
    <p class='ocr_par' dir='ltr' id='par_1_70' title="bbox 2033 3337 3638 3412">
     <span class='ocr_line' id='line_1_70' title="bbox 2033 3337 3638 3412; baseline 0.004 -22"><span class='ocrx_word' id='word_1_607' title='bbox 2033 3357 2053 3390; x_wconf 77' lang='grc' dir='ltr'><strong>ι</strong></span> <span class='ocrx_word' id='word_1_608' title='bbox 2096 3337 2236 3393; x_wconf 88' lang='lat' dir='ltr'><strong>Ecce</strong></span> <span class='ocrx_word' id='word_1_609' title='bbox 2263 3354 2361 3410; x_wconf 87' lang='lat' dir='ltr'><strong>ego</strong></span> <span class='ocrx_word' id='word_1_610' title='bbox 2391 3340 2458 3394; x_wconf 91' lang='lat' dir='ltr'><strong>ad</strong></span> <span class='ocrx_word' id='word_1_611' title='bbox 2494 3346 2546 3394; x_wconf 91' lang='lat' dir='ltr'><strong>te</strong></span> <span class='ocrx_word' id='word_1_612' title='bbox 2574 3339 2952 3395; x_wconf 89' lang='lat' dir='ltr'><strong>habitatricem</strong></span> <span class='ocrx_word' id='word_1_613' title='bbox 2976 3340 3131 3396; x_wconf 89' lang='lat' dir='ltr'><strong>vallis</strong></span> <span class='ocrx_word' id='word_1_614' title='bbox 3161 3340 3345 3396; x_wconf 82' lang='lat' dir='ltr'><strong>solidae</strong></span> <span class='ocrx_word' id='word_1_615' title='bbox 3374 3348 3532 3412; x_wconf 87' lang='lat' dir='ltr'><strong>atque</strong></span> <span class='ocrx_word' id='word_1_616' title='bbox 3635 3338 3638 3346; x_wconf 42' lang='grc' dir='ltr'>λ</span> 
     </span>
    </p>
   </div>
   <div class='ocr_carea' id='block_1_71' title="bbox 1964 3430 3526 3503">
    <p class='ocr_par' dir='ltr' id='par_1_71' title="bbox 1964 3430 3526 3503">
     <span class='ocr_line' id='line_1_71' title="bbox 1964 3430 3526 3503; baseline 0.003 -23"><span class='ocrx_word' id='word_1_617' title='bbox 1964 3446 1984 3480; x_wconf 81' lang='grc' dir='ltr'><strong>ι</strong></span> <span class='ocrx_word' id='word_1_618' title='bbox 2028 3431 2361 3500; x_wconf 84' lang='lat' dir='ltr'><strong>campestris,</strong></span> <span class='ocrx_word' id='word_1_619' title='bbox 2399 3430 2475 3484; x_wconf 89' lang='lat' dir='ltr'><strong>ait</strong></span> <span class='ocrx_word' id='word_1_620' title='bbox 2500 3430 2776 3495; x_wconf 90' lang='lat' dir='ltr'><strong>Dominus,</strong></span> <span class='ocrx_word' id='word_1_621' title='bbox 2807 3431 2899 3501; x_wconf 90' lang='lat' dir='ltr'><strong>qui</strong></span> <span class='ocrx_word' id='word_1_622' title='bbox 2928 3430 3106 3487; x_wconf 89' lang='lat' dir='ltr'><strong>dicitis</strong></span> <span class='ocrx_word' id='word_1_623' title='bbox 3138 3449 3150 3485; x_wconf 92' lang='lat'><strong>:</strong></span> <span class='ocrx_word' id='word_1_624' title='bbox 3179 3430 3307 3499; x_wconf 90' lang='lat' dir='ltr'><strong>Quis</strong></span> <span class='ocrx_word' id='word_1_625' title='bbox 3339 3446 3526 3503; x_wconf 87' lang='lat' dir='ltr'><strong>percu-</strong></span> 
     </span>
    </p>
   </div>
   <div class='ocr_carea' id='block_1_72' title="bbox 1965 3519 3532 3592">
    <p class='ocr_par' dir='ltr' id='par_1_72' title="bbox 1965 3519 3532 3592">
     <span class='ocr_line' id='line_1_72' title="bbox 1965 3519 3532 3592; baseline 0.004 -21"><span class='ocrx_word' id='word_1_626' title='bbox 1965 3537 1984 3571; x_wconf 81' lang='grc' dir='ltr'><strong>ι</strong></span> <span class='ocrx_word' id='word_1_627' title='bbox 2031 3520 2128 3574; x_wconf 89' lang='lat' dir='ltr'><strong>tiet</strong></span> <span class='ocrx_word' id='word_1_628' title='bbox 2156 3519 2282 3591; x_wconf 70' lang='lat' dir='ltr'><strong>(sive</strong></span> <span class='ocrx_word' id='word_1_629' title='bbox 2307 3519 2552 3590; x_wconf 87' lang='lat' dir='ltr'><strong>terrebit)</strong></span> <span class='ocrx_word' id='word_1_630' title='bbox 2581 3536 2700 3587; x_wconf 92' lang='lat' dir='ltr'><strong>nos,</strong></span> <span class='ocrx_word' id='word_1_631' title='bbox 2741 3528 2797 3575; x_wconf 90' lang='lat' dir='ltr'><strong>et</strong></span> <span class='ocrx_word' id='word_1_632' title='bbox 2833 3522 2955 3590; x_wconf 89' lang='lat' dir='ltr'><strong>quis</strong></span> <span class='ocrx_word' id='word_1_633' title='bbox 2981 3522 3312 3592; x_wconf 83' lang='lat' dir='ltr'><strong>ingredietur</strong></span> <span class='ocrx_word' id='word_1_634' title='bbox 3349 3523 3532 3577; x_wconf 83' lang='lat' dir='ltr'><strong>domos</strong></span> 
     </span>
    </p>
   </div>
   <div class='ocr_carea' id='block_1_73' title="bbox 1965 3609 3529 3682">
    <p class='ocr_par' dir='ltr' id='par_1_73' title="bbox 1965 3609 3529 3682">
     <span class='ocr_line' id='line_1_73' title="bbox 1965 3609 3529 3682; baseline 0.003 -21"><span class='ocrx_word' id='word_1_635' title='bbox 1965 3628 1984 3661; x_wconf 88' lang='grc'><em>‹</em></span> <span class='ocrx_word' id='word_1_636' title='bbox 2029 3609 2280 3664; x_wconf 78' lang='lat' dir='ltr'><strong>nostras?</strong></span> <span class='ocrx_word' id='word_1_637' title='bbox 2311 3609 2377 3664; x_wconf 87' lang='lat' dir='ltr'><strong>Et</strong></span> <span class='ocrx_word' id='word_1_638' title='bbox 2407 3609 2636 3665; x_wconf 84' lang='lat' dir='ltr'><strong>visitabo</strong></span> <span class='ocrx_word' id='word_1_639' title='bbox 2662 3625 2826 3680; x_wconf 87' lang='lat' dir='ltr'><strong>super</strong></span> <span class='ocrx_word' id='word_1_640' title='bbox 2863 3627 2976 3667; x_wconf 87' lang='lat' dir='ltr'><strong>vos.</strong></span> <span class='ocrx_word' id='word_1_641' title='bbox 3012 3631 3031 3662; x_wconf 77' lang='grc' dir='ltr'><strong>ι</strong></span> <span class='ocrx_word' id='word_1_642' title='bbox 3064 3611 3325 3682; x_wconf 90' lang='lat' dir='ltr'><strong>Quodque</strong></span> <span class='ocrx_word' id='word_1_643' title='bbox 3352 3615 3529 3682; x_wconf 89' lang='lat' dir='ltr'><strong>sequi-</strong></span> 
     </span>
    </p>
   </div>
   <div class='ocr_carea' id='block_1_74' title="bbox 1960 3701 3531 3773">
    <p class='ocr_par' dir='ltr' id='par_1_74' title="bbox 1960 3701 3531 3773">
     <span class='ocr_line' id='line_1_74' title="bbox 1960 3701 3531 3773; baseline 0.001 -16"><span class='ocrx_word' id='word_1_644' title='bbox 1960 3709 2070 3767; x_wconf 89' lang='lat' dir='ltr'><strong>tur,</strong></span> <span class='ocrx_word' id='word_1_645' title='bbox 2100 3720 2119 3752; x_wconf 79' lang='grc' dir='ltr'><strong>ι</strong></span> <span class='ocrx_word' id='word_1_646' title='bbox 2142 3702 2297 3773; x_wconf 80' lang='lat' dir='ltr'><strong>juxta</strong></span> <span class='ocrx_word' id='word_1_647' title='bbox 2327 3701 2564 3757; x_wconf 90' lang='lat' dir='ltr'><strong>fructum</strong></span> <span class='ocrx_word' id='word_1_648' title='bbox 2606 3703 2906 3759; x_wconf 89' lang='lat' dir='ltr'><strong>studiorum</strong></span> <span class='ocrx_word' id='word_1_649' title='bbox 2939 3712 3239 3759; x_wconf 85' lang='lat' dir='ltr'><strong>vestrorum</strong></span> <span class='ocrx_word' id='word_1_650' title='bbox 3277 3705 3406 3759; x_wconf 89' lang='lat' dir='ltr'><strong>dicit</strong></span> <span class='ocrx_word' id='word_1_651' title='bbox 3433 3705 3531 3759; x_wconf 89' lang='lat' dir='ltr'><strong>Do-</strong></span> 
     </span>
    </p>
   </div>
   <div class='ocr_carea' id='block_1_75' title="bbox 1958 3791 3533 3896">
    <p class='ocr_par' dir='ltr' id='par_1_75' title="bbox 1958 3791 3533 3896">
     <span class='ocr_line' id='line_1_75' title="bbox 1958 3791 3533 3896; baseline 0.001 -50"><span class='ocrx_word' id='word_1_652' title='bbox 1958 3793 2201 3896; x_wconf 42' lang='lat' dir='ltr'><strong>minus“</strong></span> <span class='ocrx_word' id='word_1_653' title='bbox 2230 3793 2283 3846; x_wconf 88' lang='lat' dir='ltr'><strong>in</strong></span> <span class='ocrx_word' id='word_1_654' title='bbox 2307 3791 2651 3864; x_wconf 87' lang='lat' dir='ltr'><strong>Septuaginta</strong></span> <span class='ocrx_word' id='word_1_655' title='bbox 2669 3808 2774 3848; x_wconf 90' lang='lat' dir='ltr'><strong>nou</strong></span> <span class='ocrx_word' id='word_1_656' title='bbox 2789 3793 3018 3848; x_wconf 89' lang='lat' dir='ltr'><strong>habetur</strong></span> <span class='ocrx_word' id='word_1_657' title='bbox 3042 3811 3055 3848; x_wconf 89' lang='lat'><strong>:</strong></span> <span class='ocrx_word' id='word_1_658' title='bbox 3080 3813 3097 3846; x_wconf 82' lang='grc' dir='ltr'><strong>ι</strong></span> <span class='ocrx_word' id='word_1_659' title='bbox 3124 3794 3197 3849; x_wconf 87' lang='grc' dir='ltr'>Ει</span> <span class='ocrx_word' id='word_1_660' title='bbox 3213 3795 3533 3849; x_wconf 86' lang='lat' dir='ltr'><strong>succendam</strong></span> 
     </span>
    </p>
   </div>
   <div class='ocr_carea' id='block_1_76' title="bbox 1959 3881 3533 3953">
    <p class='ocr_par' dir='ltr' id='par_1_76' title="bbox 1959 3881 3533 3953">
     <span class='ocr_line' id='line_1_76' title="bbox 1959 3881 3533 3953; baseline 0 -17"><span class='ocrx_word' id='word_1_661' title='bbox 1959 3881 2227 3953; x_wconf 65' lang='lat' dir='ltr'><strong>ignem‘tn</strong></span> <span class='ocrx_word' id='word_1_662' title='bbox 2261 3882 2401 3938; x_wconf 89' lang='lat' dir='ltr'><strong>saltu</strong></span> <span class='ocrx_word' id='word_1_663' title='bbox 2428 3881 2565 3950; x_wconf 91' lang='lat' dir='ltr'><strong>ejus,</strong></span> <span class='ocrx_word' id='word_1_664' title='bbox 2595 3891 2651 3938; x_wconf 89' lang='lat' dir='ltr'><strong>et</strong></span> <span class='ocrx_word' id='word_1_665' title='bbox 2690 3884 2969 3940; x_wconf 85' lang='lat' dir='ltr'><strong>devorabit</strong></span> <span class='ocrx_word' id='word_1_666' title='bbox 3000 3885 3181 3939; x_wconf 89' lang='lat' dir='ltr'><strong>omnia</strong></span> <span class='ocrx_word' id='word_1_667' title='bbox 3215 3885 3271 3938; x_wconf 89' lang='lat' dir='ltr'><strong>in</strong></span> <span class='ocrx_word' id='word_1_668' title='bbox 3306 3884 3533 3939; x_wconf 83' lang='lat' dir='ltr'><strong>circuitu</strong></span> 
     </span>
    </p>
   </div>
   <div class='ocr_carea' id='block_1_77' title="bbox 1957 3960 3533 4045">
    <p class='ocr_par' dir='ltr' id='par_1_77' title="bbox 1957 3960 3533 4045">
     <span class='ocr_line' id='line_1_77' title="bbox 1957 3960 3533 4045; baseline -0.001 -17"><span class='ocrx_word' id='word_1_669' title='bbox 1957 3973 2093 4045; x_wconf 90' lang='lat' dir='ltr'><strong>ejus.</strong></span> <span class='ocrx_word' id='word_1_670' title='bbox 2147 3993 2165 4025; x_wconf 75' lang='grc' dir='ltr'><strong>ι</strong></span> <span class='ocrx_word' id='word_1_671' title='bbox 2211 3973 2317 4029; x_wconf 91' lang='lat' dir='ltr'><strong>Pro</strong></span> <span class='ocrx_word' id='word_1_672' title='bbox 2365 3973 2686 4029; x_wconf 89' lang='lat' dir='ltr'><strong>habitatrice</strong></span> <span class='ocrx_word' id='word_1_673' title='bbox 2735 3973 2890 4028; x_wconf 85' lang='lat' dir='ltr'><strong>vallis</strong></span> <span class='ocrx_word' id='word_1_674' title='bbox 2934 3960 3129 4028; x_wconf 58' lang='lat' dir='ltr'><strong>&#39;solidae</strong></span> <span class='ocrx_word' id='word_1_675' title='bbox 3178 3982 3339 4043; x_wconf 86' lang='lat' dir='ltr'><strong>atque</strong></span> <span class='ocrx_word' id='word_1_676' title='bbox 3390 3989 3533 4028; x_wconf 86' lang='lat' dir='ltr'><strong>cam-</strong></span> 
     </span>
    </p>
   </div>
   <div class='ocr_carea' id='block_1_78' title="bbox 1957 4052 3532 4135">
    <p class='ocr_par' dir='ltr' id='par_1_78' title="bbox 1957 4052 3532 4135">
     <span class='ocr_line' id='line_1_78' title="bbox 1957 4052 3532 4135; baseline -0.001 -16"><span class='ocrx_word' id='word_1_677' title='bbox 1957 4063 2154 4135; x_wconf 87' lang='lat' dir='ltr'><strong>pestris</strong></span> <span class='ocrx_word' id='word_1_678' title='bbox 2188 4063 2540 4135; x_wconf 88' lang='lat' dir='ltr'><strong>Septuaginta</strong></span> <span class='ocrx_word' id='word_1_679' title='bbox 2567 4063 2990 4118; x_wconf 86' lang='lat' dir='ltr'><strong>transtulerunt:</strong></span> <span class='ocrx_word' id='word_1_680' title='bbox 3015 4082 3034 4115; x_wconf 75' lang='grc' dir='ltr'><strong>ι</strong></span> <span class='ocrx_word' id='word_1_681' title='bbox 3067 4064 3205 4119; x_wconf 85' lang='lat' dir='ltr'><strong>Ecce</strong></span> <span class='ocrx_word' id='word_1_682' title='bbox 3233 4052 3335 4135; x_wconf 74' lang='lat' dir='ltr'><strong>ego</strong></span> <span class='ocrx_word' id='word_1_683' title='bbox 3364 4065 3431 4119; x_wconf 89' lang='lat' dir='ltr'><strong>ad</strong></span> <span class='ocrx_word' id='word_1_684' title='bbox 3460 4073 3532 4128; x_wconf 92' lang='lat' dir='ltr'><strong>tc,</strong></span> 
     </span>
    </p>
   </div>
   <div class='ocr_carea' id='block_1_79' title="bbox 1956 4153 3533 4226">
    <p class='ocr_par' dir='ltr' id='par_1_79' title="bbox 1956 4153 3533 4226">
     <span class='ocr_line' id='line_1_79' title="bbox 1956 4153 3533 4226; baseline 0.001 -17"><span class='ocrx_word' id='word_1_685' title='bbox 1956 4155 2049 4225; x_wconf 92' lang='lat' dir='ltr'><strong>qui</strong></span> <span class='ocrx_word' id='word_1_686' title='bbox 2085 4153 2297 4210; x_wconf 88' lang='lat' dir='ltr'><strong>habitas</strong></span> <span class='ocrx_word' id='word_1_687' title='bbox 2325 4155 2381 4209; x_wconf 90' lang='lat' dir='ltr'><strong>in</strong></span> <span class='ocrx_word' id='word_1_688' title='bbox 2414 4154 2553 4209; x_wconf 88' lang='lat' dir='ltr'><strong>valle</strong></span> <span class='ocrx_word' id='word_1_689' title='bbox 2581 4153 2690 4211; x_wconf 78' lang='lat' dir='ltr'><strong>Son</strong></span> <span class='ocrx_word' id='word_1_690' title='bbox 2720 4154 2864 4226; x_wconf 62' lang='lat'><strong>(&#39;11.?)</strong></span> <span class='ocrx_word' id='word_1_691' title='bbox 2893 4155 3208 4224; x_wconf 85' lang='lat' dir='ltr'><strong>campestri,</strong></span> <span class='ocrx_word' id='word_1_692' title='bbox 3247 4174 3267 4206; x_wconf 71' lang='grc' dir='ltr'><strong>ι</strong></span> <span class='ocrx_word' id='word_1_693' title='bbox 3300 4171 3399 4226; x_wconf 91' lang='lat' dir='ltr'><strong>pro</strong></span> <span class='ocrx_word' id='word_1_694' title='bbox 3427 4172 3533 4224; x_wconf 87' lang='lat' dir='ltr'><strong>quo</strong></span> 
     </span>
    </p>
   </div>
   <div class='ocr_carea' id='block_1_80' title="bbox 1959 4244 3534 4321">
    <p class='ocr_par' dir='ltr' id='par_1_80' title="bbox 1959 4244 3534 4321">
     <span class='ocr_line' id='line_1_80' title="bbox 1959 4244 3534 4321; baseline 0.002 -21"><span class='ocrx_word' id='word_1_695' title='bbox 1959 4244 2315 4321; x_wconf 82' lang='lat' dir='ltr'><strong>Symmachus</strong></span> <span class='ocrx_word' id='word_1_696' title='bbox 2331 4255 2552 4317; x_wconf 83' lang='lat' dir='ltr'><strong>petram,</strong></span> <span class='ocrx_word' id='word_1_697' title='bbox 2567 4245 2884 4312; x_wconf 89' lang='lat' dir='ltr'><strong>Theodotio,</strong></span> <span class='ocrx_word' id='word_1_698' title='bbox 2899 4247 3176 4311; x_wconf 72' lang='lat' dir='ltr'><strong>obsessam,</strong></span> <span class='ocrx_word' id='word_1_699' title='bbox 3194 4248 3534 4318; x_wconf 85' lang='lat' dir='ltr'><strong>interpretati</strong></span> 
     </span>
    </p>
   </div>
   <div class='ocr_carea' id='block_1_81' title="bbox 1957 4335 3559 4409">
    <p class='ocr_par' dir='ltr' id='par_1_81' title="bbox 1957 4335 3559 4409">
     <span class='ocr_line' id='line_1_81' title="bbox 1957 4335 3559 4409; baseline 0.001 -19"><span class='ocrx_word' id='word_1_700' title='bbox 1957 4344 2083 4390; x_wconf 91' lang='lat' dir='ltr'><strong>sunt</strong></span> <span class='ocrx_word' id='word_1_701' title='bbox 2106 4353 2120 4401; x_wconf 90' lang='lat'><strong>;</strong></span> <span class='ocrx_word' id='word_1_702' title='bbox 2140 4336 2348 4407; x_wconf 79' lang='lat' dir='ltr'><strong>Aquilae</strong></span> <span class='ocrx_word' id='word_1_703' title='bbox 2368 4337 2543 4408; x_wconf 90' lang='lat' dir='ltr'><strong>prima</strong></span> <span class='ocrx_word' id='word_1_704' title='bbox 2563 4337 2749 4403; x_wconf 88' lang='lat' dir='ltr'><strong>editio,</strong></span> <span class='ocrx_word' id='word_1_705' title='bbox 2780 4335 3026 4402; x_wconf 79' lang='lat' dir='ltr'><strong>solidam,</strong></span> <span class='ocrx_word' id='word_1_706' title='bbox 3051 4338 3287 4393; x_wconf 89' lang='lat' dir='ltr'><strong>secunda</strong></span> <span class='ocrx_word' id='word_1_707' title='bbox 3316 4338 3529 4409; x_wconf 78' lang='lat' dir='ltr'><strong>Tyrum.</strong></span> <span class='ocrx_word' id='word_1_708' title='bbox 3550 4366 3559 4377; x_wconf 67' lang='grc'><em>‹</em></span> 
     </span>
    </p>
   </div>
   <div class='ocr_carea' id='block_1_82' title="bbox 279 4427 3531 4514">
    <p class='ocr_par' dir='ltr' id='par_1_82' title="bbox 279 4427 3531 4514">
     <span class='ocr_line' id='line_1_82' title="bbox 279 4427 3531 4514; baseline 0.008 -34"><span class='ocrx_word' id='word_1_709' title='bbox 279 4427 618 4499; x_wconf 80' lang='lat' dir='ltr'><strong>naufragium</strong></span> <span class='ocrx_word' id='word_1_710' title='bbox 654 4439 709 4484; x_wconf 90' lang='lat' dir='ltr'><strong>et</strong></span> <span class='ocrx_word' id='word_1_711' title='bbox 738 4432 1049 4503; x_wconf 87' lang='lat' dir='ltr'><strong>dissipatam</strong></span> <span class='ocrx_word' id='word_1_712' title='bbox 1089 4451 1301 4504; x_wconf 85' lang='lat' dir='ltr'><strong>navem,</strong></span> <span class='ocrx_word' id='word_1_713' title='bbox 1333 4454 1513 4496; x_wconf 89' lang='lat' dir='ltr'><strong>remos</strong></span> <span class='ocrx_word' id='word_1_714' title='bbox 1544 4442 1858 4514; x_wconf 89' lang='lat' dir='ltr'><strong>tabulasque</strong></span> <span class='ocrx_word' id='word_1_715' title='bbox 1958 4427 2062 4485; x_wconf 71' lang='grc' dir='ltr'><strong>δον</strong></span> <span class='ocrx_word' id='word_1_716' title='bbox 2089 4429 2233 4485; x_wconf 67' lang='lat' dir='ltr'><strong>enim</strong></span> <span class='ocrx_word' id='word_1_717' title='bbox 2260 4432 2373 4486; x_wconf 74' lang='grc' dir='ltr'><strong>δίνθ</strong></span> <span class='ocrx_word' id='word_1_718' title='bbox 2399 4430 2506 4487; x_wconf 74' lang='grc' dir='ltr'>διη·</span> <span class='ocrx_word' id='word_1_719' title='bbox 2534 4431 2710 4503; x_wconf 72' lang='grc' dir='ltr'><strong>¹ίθ8ι¹³</strong></span> <span class='ocrx_word' id='word_1_720' title='bbox 2741 4430 2963 4489; x_wconf 47' lang='lat' dir='ltr'><strong>uel)?”</strong></span> <span class='ocrx_word' id='word_1_721' title='bbox 2995 4441 3050 4486; x_wconf 68' lang='grc' dir='ltr'><strong>θε</strong></span> <span class='ocrx_word' id='word_1_722' title='bbox 3083 4430 3298 4502; x_wconf 64' lang='lat' dir='ltr'><strong>Tyrum»</strong></span> <span class='ocrx_word' id='word_1_723' title='bbox 3336 4442 3385 4488; x_wconf 76' lang='grc' dir='ltr'><strong>θί</strong></span> <span class='ocrx_word' id='word_1_724' title='bbox 3416 4435 3531 4487; x_wconf 70' lang='grc' dir='ltr'><strong><em>δίίί·</em></strong></span> 
     </span>
    </p>
   </div>
   <div class='ocr_carea' id='block_1_83' title="bbox 278 4519 3530 4600">
    <p class='ocr_par' dir='ltr' id='par_1_83' title="bbox 278 4519 3530 4600">
     <span class='ocr_line' id='line_1_83' title="bbox 278 4519 3530 4600; baseline 0.002 -29"><span class='ocrx_word' id='word_1_725' title='bbox 278 4519 592 4587; x_wconf 87' lang='lat' dir='ltr'><strong>corripiant,</strong></span> <span class='ocrx_word' id='word_1_726' title='bbox 618 4528 672 4575; x_wconf 91' lang='lat' dir='ltr'><strong>et</strong></span> <span class='ocrx_word' id='word_1_727' title='bbox 692 4537 750 4577; x_wconf 87' lang='lat' dir='ltr'><strong>se</strong></span> <span class='ocrx_word' id='word_1_728' title='bbox 779 4525 936 4579; x_wconf 85' lang='lat' dir='ltr'><strong>undis</strong></span> <span class='ocrx_word' id='word_1_729' title='bbox 959 4528 1171 4582; x_wconf 76' lang='lat' dir='ltr'><strong>tradem</strong></span> <span class='ocrx_word' id='word_1_730' title='bbox 1196 4546 1208 4581; x_wconf 77' lang='grc' dir='ltr'><strong>ε</strong></span> <span class='ocrx_word' id='word_1_731' title='bbox 1235 4530 1331 4584; x_wconf 76' lang='lat' dir='ltr'><strong>sed</strong></span> <span class='ocrx_word' id='word_1_732' title='bbox 1358 4533 1499 4600; x_wconf 79' lang='lat' dir='ltr'><strong>quod</strong></span> <span class='ocrx_word' id='word_1_733' title='bbox 1527 4533 1854 4591; x_wconf 65' lang='lat' dir='ltr'><strong>mlembiius</strong></span> <span class='ocrx_word' id='word_1_734' title='bbox 1882 4581 1931 4600; x_wconf 49' lang='lat' dir='ltr'><strong>ﬁ</strong></span> <span class='ocrx_word' id='word_1_735' title='bbox 1957 4536 2086 4587; x_wconf 86' lang='lat' dir='ltr'><strong>cem,</strong></span> <span class='ocrx_word' id='word_1_736' title='bbox 2103 4530 2157 4578; x_wconf 90' lang='lat' dir='ltr'><strong>et</strong></span> <span class='ocrx_word' id='word_1_737' title='bbox 2169 4523 2489 4577; x_wconf 80' lang='lat' dir='ltr'><strong>cohortatum</strong></span> <span class='ocrx_word' id='word_1_738' title='bbox 2506 4521 2869 4594; x_wconf 81' lang='lat' dir='ltr'><strong>[coarctataml</strong></span> <span class='ocrx_word' id='word_1_739' title='bbox 2886 4533 3060 4579; x_wconf 89' lang='lat' dir='ltr'><strong>sonat.</strong></span> <span class='ocrx_word' id='word_1_740' title='bbox 3075 4525 3337 4594; x_wconf 89' lang='lat' dir='ltr'><strong>Loquitur</strong></span> <span class='ocrx_word' id='word_1_741' title='bbox 3351 4535 3530 4580; x_wconf 83' lang='lat' dir='ltr'><strong>autem</strong></span> 
     </span>
    </p>
   </div>
   <div class='ocr_carea' id='block_1_84' title="bbox 279 4607 3534 4690">
    <p class='ocr_par' dir='ltr' id='par_1_84' title="bbox 279 4607 3534 4690">
     <span class='ocr_line' id='line_1_84' title="bbox 279 4607 3534 4690; baseline 0.002 -28"><span class='ocrx_word' id='word_1_742' title='bbox 279 4607 373 4671; x_wconf 88' lang='lat' dir='ltr'><strong>sit,</strong></span> <span class='ocrx_word' id='word_1_743' title='bbox 408 4616 681 4677; x_wconf 90' lang='lat' dir='ltr'><strong>utcunque</strong></span> <span class='ocrx_word' id='word_1_744' title='bbox 723 4622 908 4681; x_wconf 84' lang='lat' dir='ltr'><strong>captos</strong></span> <span class='ocrx_word' id='word_1_745' title='bbox 947 4616 1129 4670; x_wconf 81' lang='lat' dir='ltr'><strong>vivere</strong></span> <span class='ocrx_word' id='word_1_746' title='bbox 1169 4633 1332 4687; x_wconf 82' lang='lat' dir='ltr'><strong>quam</strong></span> <span class='ocrx_word' id='word_1_747' title='bbox 1374 4619 1572 4690; x_wconf 68' lang='lat' dir='ltr'><strong>gladio,</strong></span> <span class='ocrx_word' id='word_1_748' title='bbox 1622 4623 1765 4681; x_wconf 71' lang='lat' dir='ltr'><strong>fame</strong></span> <span class='ocrx_word' id='word_1_749' title='bbox 1802 4636 1858 4682; x_wconf 70' lang='grc' dir='ltr'>ει</span> <span class='ocrx_word' id='word_1_750' title='bbox 1881 4607 1934 4641; x_wconf 80' lang='grc' dir='ltr'><strong>ν</strong></span> <span class='ocrx_word' id='word_1_751' title='bbox 1958 4623 2146 4668; x_wconf 88' lang='lat' dir='ltr'><strong>contra</strong></span> <span class='ocrx_word' id='word_1_752' title='bbox 2189 4613 2547 4678; x_wconf 85' lang='lat' dir='ltr'><strong>Hierusalem,</strong></span> <span class='ocrx_word' id='word_1_753' title='bbox 2592 4629 2711 4682; x_wconf 68' lang='lat' dir='ltr'><strong>qua:</strong></span> <span class='ocrx_word' id='word_1_754' title='bbox 2757 4615 3033 4670; x_wconf 87' lang='lat' dir='ltr'><strong>obsidione</strong></span> <span class='ocrx_word' id='word_1_755' title='bbox 3068 4616 3260 4680; x_wconf 80' lang='lat' dir='ltr'><strong>vallata</strong></span> <span class='ocrx_word' id='word_1_756' title='bbox 3287 4625 3390 4679; x_wconf 91' lang='lat' dir='ltr'><strong>est,</strong></span> <span class='ocrx_word' id='word_1_757' title='bbox 3420 4633 3534 4670; x_wconf 80' lang='lat' dir='ltr'><strong>Sive</strong></span> 
     </span>
    </p>
   </div>
   <div class='ocr_carea' id='block_1_85' title="bbox 279 4700 1857 4773">
    <p class='ocr_par' dir='ltr' id='par_1_85' title="bbox 279 4700 1857 4773">
     <span class='ocr_line' id='line_1_85' title="bbox 279 4700 1857 4773; baseline 0.012 -23"><span class='ocrx_word' id='word_1_758' title='bbox 279 4705 448 4766; x_wconf 84' lang='lat' dir='ltr'><strong>peste.</strong></span> <span class='ocrx_word' id='word_1_759' title='bbox 480 4701 744 4755; x_wconf 90' lang='lat' dir='ltr'><strong>consumi.</strong></span> <span class='ocrx_word' id='word_1_760' title='bbox 773 4700 911 4756; x_wconf 91' lang='lat' dir='ltr'><strong>Sunt</strong></span> <span class='ocrx_word' id='word_1_761' title='bbox 936 4706 1029 4773; x_wconf 91' lang='lat' dir='ltr'><strong>qui</strong></span> <span class='ocrx_word' id='word_1_762' title='bbox 1055 4707 1199 4763; x_wconf 90' lang='lat' dir='ltr'><strong>hunc</strong></span> <span class='ocrx_word' id='word_1_763' title='bbox 1220 4708 1398 4764; x_wconf 91' lang='lat' dir='ltr'><strong>locum</strong></span> <span class='ocrx_word' id='word_1_764' title='bbox 1424 4713 1720 4771; x_wconf 89' lang='lat' dir='ltr'><strong>secundum</strong></span> <span class='ocrx_word' id='word_1_765' title='bbox 1746 4726 1857 4769; x_wconf 81' lang='lat' dir='ltr'><strong>tro-</strong></span> 
     </span>
    </p>
   </div>
   <div class='ocr_carea' id='block_1_86' title="bbox 277 4782 1866 4862">
    <p class='ocr_par' dir='ltr' id='par_1_86' title="bbox 277 4782 1866 4862">
     <span class='ocr_line' id='line_1_86' title="bbox 277 4782 1866 4862; baseline 0.014 -21"><span class='ocrx_word' id='word_1_766' title='bbox 277 4787 543 4858; x_wconf 88' lang='lat' dir='ltr'><strong>pologiam</strong></span> <span class='ocrx_word' id='word_1_767' title='bbox 567 4782 970 4848; x_wconf 20' lang='lat' dir='ltr'><strong>sic-edisserunt</strong></span> <span class='ocrx_word' id='word_1_768' title='bbox 1006 4813 1019 4849; x_wconf 91' lang='lat'><strong>:</strong></span> <span class='ocrx_word' id='word_1_769' title='bbox 1051 4797 1244 4853; x_wconf 89' lang='lat' dir='ltr'><strong>melius</strong></span> <span class='ocrx_word' id='word_1_770' title='bbox 1265 4813 1386 4855; x_wconf 89' lang='lat' dir='ltr'><strong>esse</strong></span> <span class='ocrx_word' id='word_1_771' title='bbox 1418 4803 1764 4861; x_wconf 60' lang='lat' dir='ltr'><strong>saecularibus</strong></span> <span class='ocrx_word' id='word_1_772' title='bbox 1801 4814 1866 4862; x_wconf 82' lang='lat' dir='ltr'><strong>se&#39;</strong></span> 
     </span>
    </p>
   </div>
   <div class='ocr_carea' id='block_1_87' title="bbox 278 4880 1859 4968">
    <p class='ocr_par' dir='ltr' id='par_1_87' title="bbox 278 4880 1859 4968">
     <span class='ocr_line' id='line_1_87' title="bbox 278 4880 1859 4968; baseline 0.013 -34"><span class='ocrx_word' id='word_1_773' title='bbox 278 4882 493 4937; x_wconf 85' lang='lat' dir='ltr'><strong>tradere</strong></span> <span class='ocrx_word' id='word_1_774' title='bbox 526 4880 838 4955; x_wconf 88' lang='lat' dir='ltr'><strong>disciplinis,</strong></span> <span class='ocrx_word' id='word_1_775' title='bbox 868 4895 923 4941; x_wconf 89' lang='lat' dir='ltr'><strong>et</strong></span> <span class='ocrx_word' id='word_1_776' title='bbox 950 4891 1182 4947; x_wconf 79' lang='lat' dir='ltr'><strong>maxime</strong></span> <span class='ocrx_word' id='word_1_777' title='bbox 1203 4894 1575 4965; x_wconf 68' lang='lat' dir='ltr'><strong>philosophiae,</strong></span> <span class='ocrx_word' id='word_1_778' title='bbox 1599 4914 1760 4968; x_wconf 91' lang='lat' dir='ltr'><strong>quam</strong></span> <span class='ocrx_word' id='word_1_779' title='bbox 1803 4899 1859 4954; x_wconf 91' lang='lat' dir='ltr'><strong>in</strong></span> 
     </span>
    </p>
   </div>
   <div class='ocr_carea' id='block_1_88' title="bbox 278 4970 1859 5051">
    <p class='ocr_par' dir='ltr' id='par_1_88' title="bbox 278 4970 1859 5051">
     <span class='ocr_line' id='line_1_88' title="bbox 278 4970 1859 5051; baseline 0.011 -26"><span class='ocrx_word' id='word_1_780' title='bbox 278 4970 366 5025; x_wconf 90' lang='lat' dir='ltr'><strong>illa</strong></span> <span class='ocrx_word' id='word_1_781' title='bbox 408 4986 727 5040; x_wconf 89' lang='lat' dir='ltr'><strong>permanere</strong></span> <span class='ocrx_word' id='word_1_782' title='bbox 762 4974 1010 5044; x_wconf 89' lang='lat' dir='ltr'><strong>ecclesia,</strong></span> <span class='ocrx_word' id='word_1_783' title='bbox 1060 4980 1116 5033; x_wconf 92' lang='lat' dir='ltr'><strong>in</strong></span> <span class='ocrx_word' id='word_1_784' title='bbox 1153 4997 1258 5051; x_wconf 88' lang='lat' dir='ltr'><strong>qua</strong></span> <span class='ocrx_word' id='word_1_785' title='bbox 1284 4981 1456 5040; x_wconf 90' lang='lat' dir='ltr'><strong>fames</strong></span> <span class='ocrx_word' id='word_1_786' title='bbox 1500 4986 1570 5040; x_wconf 93' lang='lat' dir='ltr'><strong>sit</strong></span> <span class='ocrx_word' id='word_1_787' title='bbox 1594 4988 1859 5043; x_wconf 89' lang='lat' dir='ltr'><strong>sermonis</strong></span> 
     </span>
    </p>
   </div>
   <div class='ocr_carea' id='block_1_89' title="bbox 276 5060 1858 5145">
    <p class='ocr_par' dir='ltr' id='par_1_89' title="bbox 276 5060 1858 5145">
     <span class='ocr_line' id='line_1_89' title="bbox 276 5060 1858 5145; baseline 0.011 -30"><span class='ocrx_word' id='word_1_788' title='bbox 276 5060 396 5128; x_wconf 85' lang='lat' dir='ltr'><strong>Dei,</strong></span> <span class='ocrx_word' id='word_1_789' title='bbox 442 5070 498 5117; x_wconf 92' lang='lat' dir='ltr'><strong>et</strong></span> <span class='ocrx_word' id='word_1_790' title='bbox 547 5073 774 5120; x_wconf 90' lang='lat' dir='ltr'><strong>cunctus</strong></span> <span class='ocrx_word' id='word_1_791' title='bbox 815 5067 1045 5136; x_wconf 89' lang='lat' dir='ltr'><strong>populus</strong></span> <span class='ocrx_word' id='word_1_792' title='bbox 1087 5071 1463 5129; x_wconf 82' lang='lat' dir='ltr'><strong>haereticorum</strong></span> <span class='ocrx_word' id='word_1_793' title='bbox 1505 5074 1715 5145; x_wconf 88' lang='lat' dir='ltr'><strong>gladio,</strong></span> <span class='ocrx_word' id='word_1_794' title='bbox 1764 5077 1858 5133; x_wconf 92' lang='lat' dir='ltr'><strong>do-</strong></span> 
     </span>
    </p>
   </div>
   <div class='ocr_carea' id='block_1_90' title="bbox 277 5151 1781 5234">
    <p class='ocr_par' dir='ltr' id='par_1_90' title="bbox 277 5151 1781 5234">
     <span class='ocr_line' id='line_1_90' title="bbox 277 5151 1781 5234; baseline 0.011 -29"><span class='ocrx_word' id='word_1_795' title='bbox 277 5151 575 5224; x_wconf 62' lang='lat' dir='ltr'><strong>ctrinaque</strong></span> <span class='ocrx_word' id='word_1_796' title='bbox 613 5155 872 5225; x_wconf 90' lang='lat' dir='ltr'><strong>penuria,</strong></span> <span class='ocrx_word' id='word_1_797' title='bbox 902 5167 958 5213; x_wconf 89' lang='lat' dir='ltr'><strong>et</strong></span> <span class='ocrx_word' id='word_1_798' title='bbox 1002 5160 1257 5218; x_wconf 63' lang='lat' dir='ltr'><strong>haeretica</strong></span> <span class='ocrx_word' id='word_1_799' title='bbox 1303 5172 1454 5234; x_wconf 87' lang='lat' dir='ltr'><strong>peste</strong></span> <span class='ocrx_word' id='word_1_800' title='bbox 1500 5167 1781 5221; x_wconf 85' lang='lat' dir='ltr'><strong>moriatur.</strong></span> 
     </span>
    </p>
   </div>
   <div class='ocr_carea' id='block_1_91' title="bbox 352 5239 1852 5323">
    <p class='ocr_par' dir='ltr' id='par_1_91' title="bbox 352 5239 1852 5323">
     <span class='ocr_line' id='line_1_91' title="bbox 352 5239 1852 5323; baseline 0.014 -31"><span class='ocrx_word' id='word_1_801' title='bbox 352 5256 374 5289; x_wconf 75' lang='grc' dir='ltr'><strong>ι</strong></span> <span class='ocrx_word' id='word_1_802' title='bbox 401 5239 469 5295; x_wconf 85' lang='grc' dir='ltr'>Ει</span> <span class='ocrx_word' id='word_1_803' title='bbox 487 5241 669 5298; x_wconf 89' lang='lat' dir='ltr'><strong>domui</strong></span> <span class='ocrx_word' id='word_1_804' title='bbox 696 5245 839 5315; x_wconf 86' lang='lat' dir='ltr'><strong>regis</strong></span> <span class='ocrx_word' id='word_1_805' title='bbox 862 5244 998 5303; x_wconf 84' lang='lat' dir='ltr'><strong>Juda</strong></span> <span class='ocrx_word' id='word_1_806' title='bbox 1015 5265 1031 5304; x_wconf 92' lang='lat'><strong>:</strong></span> <span class='ocrx_word' id='word_1_807' title='bbox 1047 5250 1229 5307; x_wconf 90' lang='lat' dir='ltr'><strong>audite</strong></span> <span class='ocrx_word' id='word_1_808' title='bbox 1250 5254 1474 5309; x_wconf 87' lang='lat' dir='ltr'><strong>verbum</strong></span> <span class='ocrx_word' id='word_1_809' title='bbox 1497 5255 1731 5323; x_wconf 90' lang='lat' dir='ltr'><strong>Domini,</strong></span> <span class='ocrx_word' id='word_1_810' title='bbox 1756 5258 1852 5313; x_wconf 90' lang='lat' dir='ltr'><strong>do-</strong></span> 
     </span>
    </p>
   </div>
   <div class='ocr_carea' id='block_1_92' title="bbox 277 5330 1857 5421">
    <p class='ocr_par' dir='ltr' id='par_1_92' title="bbox 277 5330 1857 5421">
     <span class='ocr_line' id='line_1_92' title="bbox 277 5330 1857 5421; baseline 0.015 -38"><span class='ocrx_word' id='word_1_811' title='bbox 277 5344 402 5421; x_wconf 87' lang='lat' dir='ltr'><strong>mus</strong></span> <span class='ocrx_word' id='word_1_812' title='bbox 424 5330 610 5389; x_wconf 82' lang='lat' dir='ltr'><strong>David.</strong></span> <span class='ocrx_word' id='word_1_813' title='bbox 637 5335 763 5393; x_wconf 63' lang='lat' dir='ltr'><strong>Haec</strong></span> <span class='ocrx_word' id='word_1_814' title='bbox 790 5339 921 5395; x_wconf 89' lang='lat' dir='ltr'><strong>dicit</strong></span> <span class='ocrx_word' id='word_1_815' title='bbox 939 5342 1200 5401; x_wconf 88' lang='lat' dir='ltr'><strong>Dominus</strong></span> <span class='ocrx_word' id='word_1_816' title='bbox 1227 5363 1240 5400; x_wconf 92' lang='lat'><strong>:</strong></span> <span class='ocrx_word' id='word_1_817' title='bbox 1269 5342 1515 5403; x_wconf 85' lang='lat' dir='ltr'><strong>Judicate</strong></span> <span class='ocrx_word' id='word_1_818' title='bbox 1538 5364 1696 5406; x_wconf 87' lang='lat' dir='ltr'><strong>mane</strong></span> <span class='ocrx_word' id='word_1_819' title='bbox 1717 5350 1857 5421; x_wconf 87' lang='lat' dir='ltr'><strong>judi-</strong></span> 
     </span>
    </p>
   </div>
   <div class='ocr_carea' id='block_1_93' title="bbox 279 5420 1850 5510">
    <p class='ocr_par' dir='ltr' id='par_1_93' title="bbox 279 5420 1850 5510">
     <span class='ocr_line' id='line_1_93' title="bbox 279 5420 1850 5510; baseline 0.015 -36"><span class='ocrx_word' id='word_1_820' title='bbox 279 5420 445 5487; x_wconf 88' lang='lat' dir='ltr'><strong>cium,</strong></span> <span class='ocrx_word' id='word_1_821' title='bbox 469 5433 524 5478; x_wconf 89' lang='lat' dir='ltr'><strong>et</strong></span> <span class='ocrx_word' id='word_1_822' title='bbox 549 5427 719 5483; x_wconf 88' lang='lat' dir='ltr'><strong>eruite</strong></span> <span class='ocrx_word' id='word_1_823' title='bbox 739 5429 792 5483; x_wconf 92' lang='lat' dir='ltr'><strong>vi</strong></span> <span class='ocrx_word' id='word_1_824' title='bbox 814 5445 1130 5502; x_wconf 88' lang='lat' dir='ltr'><strong>oppressum</strong></span> <span class='ocrx_word' id='word_1_825' title='bbox 1155 5436 1222 5492; x_wconf 91' lang='lat' dir='ltr'><strong>de</strong></span> <span class='ocrx_word' id='word_1_826' title='bbox 1248 5452 1408 5492; x_wconf 89' lang='lat' dir='ltr'><strong>manu</strong></span> <span class='ocrx_word' id='word_1_827' title='bbox 1428 5438 1850 5510; x_wconf 88' lang='lat' dir='ltr'><strong>calumniatoris,</strong></span> 
     </span>
    </p>
   </div>
   <div class='ocr_carea' id='block_1_94' title="bbox 280 5510 1855 5604">
    <p class='ocr_par' dir='ltr' id='par_1_94' title="bbox 280 5510 1855 5604">
     <span class='ocr_line' id='line_1_94' title="bbox 280 5510 1855 5604; baseline 0.013 -36"><span class='ocrx_word' id='word_1_828' title='bbox 280 5528 352 5604; x_wconf 86' lang='lat' dir='ltr'><strong>ne</strong></span> <span class='ocrx_word' id='word_1_829' title='bbox 396 5510 536 5569; x_wconf 86' lang='lat' dir='ltr'><strong>forte</strong></span> <span class='ocrx_word' id='word_1_830' title='bbox 572 5518 879 5588; x_wconf 88' lang='lat' dir='ltr'><strong>egrediatur</strong></span> <span class='ocrx_word' id='word_1_831' title='bbox 905 5524 1041 5594; x_wconf 75' lang='lat' dir='ltr'><strong>(sive</strong></span> <span class='ocrx_word' id='word_1_832' title='bbox 1083 5535 1141 5581; x_wconf 90' lang='lat' dir='ltr'><strong>ut</strong></span> <span class='ocrx_word' id='word_1_833' title='bbox 1178 5543 1285 5583; x_wconf 93' lang='lat' dir='ltr'><strong>non</strong></span> <span class='ocrx_word' id='word_1_834' title='bbox 1322 5531 1659 5604; x_wconf 85' lang='lat' dir='ltr'><strong>egrediatur)</strong></span> <span class='ocrx_word' id='word_1_835' title='bbox 1700 5534 1855 5604; x_wconf 91' lang='lat' dir='ltr'><strong>quasi</strong></span> 
     </span>
    </p>
   </div>
   <div class='ocr_carea' id='block_1_95' title="bbox 281 5603 1855 5698">
    <p class='ocr_par' dir='ltr' id='par_1_95' title="bbox 281 5603 1855 5698">
     <span class='ocr_line' id='line_1_95' title="bbox 281 5603 1855 5698; baseline 0.017 -40"><span class='ocrx_word' id='word_1_836' title='bbox 281 5603 423 5698; x_wconf 82' lang='lat' dir='ltr'><strong>ignis</strong></span> <span class='ocrx_word' id='word_1_837' title='bbox 438 5605 734 5681; x_wconf 90' lang='lat' dir='ltr'><strong>indignatio</strong></span> <span class='ocrx_word' id='word_1_838' title='bbox 748 5629 885 5681; x_wconf 89' lang='lat' dir='ltr'><strong>mea,</strong></span> <span class='ocrx_word' id='word_1_839' title='bbox 904 5628 958 5672; x_wconf 90' lang='lat' dir='ltr'><strong>et</strong></span> <span class='ocrx_word' id='word_1_840' title='bbox 977 5622 1354 5689; x_wconf 90' lang='lat' dir='ltr'><strong>succendatur,</strong></span> <span class='ocrx_word' id='word_1_841' title='bbox 1370 5634 1426 5681; x_wconf 89' lang='lat' dir='ltr'><strong>et</strong></span> <span class='ocrx_word' id='word_1_842' title='bbox 1438 5641 1545 5681; x_wconf 90' lang='lat' dir='ltr'><strong>non</strong></span> <span class='ocrx_word' id='word_1_843' title='bbox 1564 5603 1738 5698; x_wconf 87' lang='lat' dir='ltr'><strong>sitqui</strong></span> <span class='ocrx_word' id='word_1_844' title='bbox 1759 5643 1855 5685; x_wconf 84' lang='lat' dir='ltr'><strong>ex-</strong></span> 
     </span>
    </p>
   </div>
   <div class='ocr_carea' id='block_1_96' title="bbox 282 5697 1852 5776">
    <p class='ocr_par' dir='ltr' id='par_1_96' title="bbox 282 5697 1852 5776">
     <span class='ocr_line' id='line_1_96' title="bbox 282 5697 1852 5776; baseline 0.015 -26"><span class='ocrx_word' id='word_1_845' title='bbox 282 5697 519 5768; x_wconf 81' lang='lat' dir='ltr'><strong>stinguat</strong></span> <span class='ocrx_word' id='word_1_846' title='bbox 551 5710 769 5773; x_wconf 88' lang='lat' dir='ltr'><strong>propter</strong></span> <span class='ocrx_word' id='word_1_847' title='bbox 816 5706 1075 5765; x_wconf 82' lang='lat' dir='ltr'><strong>malitiam</strong></span> <span class='ocrx_word' id='word_1_848' title='bbox 1121 5715 1420 5774; x_wconf 88' lang='lat' dir='ltr'><strong>studiorum</strong></span> <span class='ocrx_word' id='word_1_849' title='bbox 1468 5697 1792 5776; x_wconf 87' lang='lat' dir='ltr'><strong>vestrorum.</strong></span> <span class='ocrx_word' id='word_1_850' title='bbox 1830 5740 1852 5774; x_wconf 73' lang='grc' dir='ltr'><strong>ι</strong></span> 
     </span>
    </p>
   </div>
   <div class='ocr_carea' id='block_1_97' title="bbox 284 5787 1861 5869">
    <p class='ocr_par' dir='ltr' id='par_1_97' title="bbox 284 5787 1861 5869">
     <span class='ocr_line' id='line_1_97' title="bbox 284 5787 1861 5869; baseline 0.017 -27"><span class='ocrx_word' id='word_1_851' title='bbox 284 5787 544 5860; x_wconf 80' lang='lat' dir='ltr'><strong>Quodque</strong></span> <span class='ocrx_word' id='word_1_852' title='bbox 566 5795 810 5864; x_wconf 85' lang='lat' dir='ltr'><strong>sequitur</strong></span> <span class='ocrx_word' id='word_1_853' title='bbox 828 5806 892 5850; x_wconf 75' lang='grc' dir='ltr'><strong>τ’(</strong></span> <span class='ocrx_word' id='word_1_854' title='bbox 926 5810 1143 5869; x_wconf 86' lang='lat' dir='ltr'><strong>propter</strong></span> <span class='ocrx_word' id='word_1_855' title='bbox 1167 5806 1423 5863; x_wconf 86' lang='lat' dir='ltr'><strong>malitiam</strong></span> <span class='ocrx_word' id='word_1_856' title='bbox 1450 5809 1747 5868; x_wconf 87' lang='lat' dir='ltr'><strong>studiorum</strong></span> <span class='ocrx_word' id='word_1_857' title='bbox 1769 5826 1861 5868; x_wconf 82' lang='lat' dir='ltr'><strong>ve-</strong></span> 
     </span>
    </p>
   </div>
   <div class='ocr_carea' id='block_1_98' title="bbox 641 5883 1124 5951">
    <p class='ocr_par' dir='ltr' id='par_1_98' title="bbox 641 5883 1124 5951">
     <span class='ocr_line' id='line_1_98' title="bbox 641 5883 1124 5951; baseline 0.019 -8"><span class='ocrx_word' id='word_1_858' title='bbox 641 5883 914 5948; x_wconf 74' lang='lat' dir='ltr'><strong>PATnOL.</strong></span> <span class='ocrx_word' id='word_1_859' title='bbox 959 5888 1124 5951; x_wconf 76' lang='lat' dir='ltr'><strong>CXI.</strong></span> 
     </span>
    </p>
   </div>
   <div class='ocr_carea' id='block_1_99' title="bbox 1960 4703 3536 4777">
    <p class='ocr_par' dir='ltr' id='par_1_99' title="bbox 1960 4703 3536 4777">
     <span class='ocr_line' id='line_1_99' title="bbox 1960 4703 3536 4777; baseline 0.003 -21"><span class='ocrx_word' id='word_1_860' title='bbox 1960 4703 2015 4756; x_wconf 92' lang='lat' dir='ltr'><strong>in</strong></span> <span class='ocrx_word' id='word_1_861' title='bbox 2045 4703 2449 4758; x_wconf 88' lang='lat' dir='ltr'><strong>similitudinem</strong></span> <span class='ocrx_word' id='word_1_862' title='bbox 2480 4703 2629 4773; x_wconf 87' lang='lat' dir='ltr'><strong>Tyri,</strong></span> <span class='ocrx_word' id='word_1_863' title='bbox 2660 4705 2815 4773; x_wconf 88' lang='lat' dir='ltr'><strong>quasi</strong></span> <span class='ocrx_word' id='word_1_864' title='bbox 2841 4708 2976 4760; x_wconf 86' lang='lat' dir='ltr'><strong>mari</strong></span> <span class='ocrx_word' id='word_1_865' title='bbox 3009 4709 3219 4777; x_wconf 90' lang='lat' dir='ltr'><strong>grandi,</strong></span> <span class='ocrx_word' id='word_1_866' title='bbox 3252 4709 3328 4761; x_wconf 89' lang='lat' dir='ltr'><strong>ita</strong></span> <span class='ocrx_word' id='word_1_867' title='bbox 3360 4708 3536 4777; x_wconf 86' lang='lat' dir='ltr'><strong>Baby-</strong></span> 
     </span>
    </p>
   </div>
   <div class='ocr_carea' id='block_1_100' title="bbox 1958 4792 3536 4872">
    <p class='ocr_par' dir='ltr' id='par_1_100' title="bbox 1958 4792 3536 4872">
     <span class='ocr_line' id='line_1_100' title="bbox 1958 4792 3536 4872; baseline 0.003 -26"><span class='ocrx_word' id='word_1_868' title='bbox 1958 4792 2103 4847; x_wconf 91' lang='lat' dir='ltr'><strong>lonio</strong></span> <span class='ocrx_word' id='word_1_869' title='bbox 2144 4794 2384 4847; x_wconf 86' lang='lat' dir='ltr'><strong>exercitu</strong></span> <span class='ocrx_word' id='word_1_870' title='bbox 2421 4793 2677 4864; x_wconf 88' lang='lat' dir='ltr'><strong>cingitur,</strong></span> <span class='ocrx_word' id='word_1_871' title='bbox 2701 4804 2755 4872; x_wconf 84' lang='lat' dir='ltr'><strong>et</strong></span> <span class='ocrx_word' id='word_1_872' title='bbox 2801 4799 3028 4851; x_wconf 89' lang='lat' dir='ltr'><strong>evadere</strong></span> <span class='ocrx_word' id='word_1_873' title='bbox 3061 4812 3167 4852; x_wconf 91' lang='lat' dir='ltr'><strong>non</strong></span> <span class='ocrx_word' id='word_1_874' title='bbox 3204 4806 3398 4866; x_wconf 88' lang='lat' dir='ltr'><strong>potest.</strong></span> <span class='ocrx_word' id='word_1_875' title='bbox 3428 4798 3536 4851; x_wconf 84' lang='lat' dir='ltr'><strong>Aut</strong></span> 
     </span>
    </p>
   </div>
   <div class='ocr_carea' id='block_1_101' title="bbox 1960 4885 3531 4960">
    <p class='ocr_par' dir='ltr' id='par_1_101' title="bbox 1960 4885 3531 4960">
     <span class='ocr_line' id='line_1_101' title="bbox 1960 4885 3531 4960; baseline 0.002 -20"><span class='ocrx_word' id='word_1_876' title='bbox 1960 4893 2131 4950; x_wconf 88' lang='lat' dir='ltr'><strong>certe,</strong></span> <span class='ocrx_word' id='word_1_877' title='bbox 2156 4899 2276 4953; x_wconf 81' lang='lat' dir='ltr'><strong>quae</strong></span> <span class='ocrx_word' id='word_1_878' title='bbox 2311 4900 2368 4940; x_wconf 90' lang='lat' dir='ltr'><strong>se</strong></span> <span class='ocrx_word' id='word_1_879' title='bbox 2395 4885 2566 4941; x_wconf 87' lang='lat' dir='ltr'><strong>instar</strong></span> <span class='ocrx_word' id='word_1_880' title='bbox 2600 4896 2768 4957; x_wconf 64' lang='lat' dir='ltr'><strong>petrae</strong></span> <span class='ocrx_word' id='word_1_881' title='bbox 2797 4888 3097 4944; x_wconf 76' lang='lat' dir='ltr'><strong>durissima:</strong></span> <span class='ocrx_word' id='word_1_882' title='bbox 3141 4890 3531 4960; x_wconf 84' lang='lat' dir='ltr'><strong>inexpugnabi-</strong></span> 
     </span>
    </p>
   </div>
   <div class='ocr_carea' id='block_1_102' title="bbox 1960 4978 3543 5051">
    <p class='ocr_par' dir='ltr' id='par_1_102' title="bbox 1960 4978 3543 5051">
     <span class='ocr_line' id='line_1_102' title="bbox 1960 4978 3543 5051; baseline 0.002 -17"><span class='ocrx_word' id='word_1_883' title='bbox 1960 4978 2065 5039; x_wconf 76' lang='lat' dir='ltr'><strong>bm</strong></span> <span class='ocrx_word' id='word_1_884' title='bbox 2088 4986 2236 5048; x_wconf 87' lang='lat' dir='ltr'><strong>putat</strong></span> <span class='ocrx_word' id='word_1_885' title='bbox 2262 4988 2425 5049; x_wconf 89' lang='lat' dir='ltr'><strong>atque</strong></span> <span class='ocrx_word' id='word_1_886' title='bbox 2440 4979 2738 5047; x_wconf 87' lang='lat' dir='ltr'><strong>robustam,</strong></span> <span class='ocrx_word' id='word_1_887' title='bbox 2760 4996 2860 5051; x_wconf 90' lang='lat' dir='ltr'><strong>pro</strong></span> <span class='ocrx_word' id='word_1_888' title='bbox 2883 4981 3153 5037; x_wconf 88' lang='lat' dir='ltr'><strong>soliditate</strong></span> <span class='ocrx_word' id='word_1_889' title='bbox 3175 4997 3449 5037; x_wconf 88' lang='lat' dir='ltr'><strong>murorum</strong></span> <span class='ocrx_word' id='word_1_890' title='bbox 3474 4992 3543 5037; x_wconf 85' lang='lat' dir='ltr'><strong>ct-</strong></span> 
     </span>
    </p>
   </div>
   <div class='ocr_carea' id='block_1_103' title="bbox 1959 5071 3533 5144">
    <p class='ocr_par' dir='ltr' id='par_1_103' title="bbox 1959 5071 3533 5144">
     <span class='ocr_line' id='line_1_103' title="bbox 1959 5071 3533 5144; baseline 0.003 -19"><span class='ocrx_word' id='word_1_891' title='bbox 1959 5071 2342 5141; x_wconf 88' lang='lat' dir='ltr'><strong>magnitudine,</strong></span> <span class='ocrx_word' id='word_1_892' title='bbox 2374 5079 2431 5127; x_wconf 91' lang='lat' dir='ltr'><strong>et</strong></span> <span class='ocrx_word' id='word_1_893' title='bbox 2455 5072 2585 5129; x_wconf 90' lang='lat' dir='ltr'><strong>dicit</strong></span> <span class='ocrx_word' id='word_1_894' title='bbox 2613 5091 2626 5127; x_wconf 93' lang='lat'><strong>:</strong></span> <span class='ocrx_word' id='word_1_895' title='bbox 2662 5091 2680 5124; x_wconf 81' lang='grc' dir='ltr'><strong>ι</strong></span> <span class='ocrx_word' id='word_1_896' title='bbox 2717 5074 2849 5140; x_wconf 87' lang='lat' dir='ltr'><strong>Quis</strong></span> <span class='ocrx_word' id='word_1_897' title='bbox 2878 5084 3083 5129; x_wconf 90' lang='lat' dir='ltr'><strong>terrere</strong></span> <span class='ocrx_word' id='word_1_898' title='bbox 3109 5088 3211 5129; x_wconf 88' lang='lat' dir='ltr'><strong>nos</strong></span> <span class='ocrx_word' id='word_1_899' title='bbox 3232 5075 3451 5144; x_wconf 89' lang='lat' dir='ltr'><strong>poterit,</strong></span> <span class='ocrx_word' id='word_1_900' title='bbox 3480 5087 3533 5130; x_wconf 88' lang='lat' dir='ltr'><strong>et</strong></span> 
     </span>
    </p>
   </div>
   <div class='ocr_carea' id='block_1_104' title="bbox 1957 5165 3561 5236">
    <p class='ocr_par' dir='ltr' id='par_1_104' title="bbox 1957 5165 3561 5236">
     <span class='ocr_line' id='line_1_104' title="bbox 1957 5165 3561 5236; baseline 0.004 -18"><span class='ocrx_word' id='word_1_901' title='bbox 1957 5165 2080 5236; x_wconf 90' lang='lat' dir='ltr'><strong>quis</strong></span> <span class='ocrx_word' id='word_1_902' title='bbox 2105 5166 2436 5236; x_wconf 83' lang='lat' dir='ltr'><strong>ingredietur</strong></span> <span class='ocrx_word' id='word_1_903' title='bbox 2468 5167 2656 5223; x_wconf 90' lang='lat' dir='ltr'><strong>domos</strong></span> <span class='ocrx_word' id='word_1_904' title='bbox 2687 5169 2936 5225; x_wconf 82' lang='lat' dir='ltr'><strong>nostras?</strong></span> <span class='ocrx_word' id='word_1_905' title='bbox 2968 5187 2987 5220; x_wconf 78' lang='grc' dir='ltr'><strong>ι</strong></span> <span class='ocrx_word' id='word_1_906' title='bbox 3030 5184 3153 5224; x_wconf 87' lang='lat' dir='ltr'><strong>cum</strong></span> <span class='ocrx_word' id='word_1_907' title='bbox 3184 5185 3216 5225; x_wconf 90' lang='lat' dir='ltr'><strong>e</strong></span> <span class='ocrx_word' id='word_1_908' title='bbox 3258 5171 3561 5226; x_wconf 76' lang='lat' dir='ltr'><strong>contrario</strong></span> 
     </span>
    </p>
   </div>
   <div class='ocr_carea' id='block_1_105' title="bbox 1957 5248 3623 5332">
    <p class='ocr_par' dir='ltr' id='par_1_105' title="bbox 1957 5248 3623 5332">
     <span class='ocr_line' id='line_1_105' title="bbox 1957 5248 3623 5332; baseline 0.005 -22"><span class='ocrx_word' id='word_1_909' title='bbox 1957 5257 2208 5328; x_wconf 89' lang='lat' dir='ltr'><strong>loquatur</strong></span> <span class='ocrx_word' id='word_1_910' title='bbox 2247 5261 2418 5317; x_wconf 85' lang='lat' dir='ltr'><strong>Deus:</strong></span> <span class='ocrx_word' id='word_1_911' title='bbox 2450 5278 2471 5312; x_wconf 75' lang='grc' dir='ltr'><strong>ι</strong></span> <span class='ocrx_word' id='word_1_912' title='bbox 2502 5260 2614 5332; x_wconf 81' lang='lat' dir='ltr'><strong>Ego</strong></span> <span class='ocrx_word' id='word_1_913' title='bbox 2636 5261 2866 5317; x_wconf 85' lang='lat' dir='ltr'><strong>visitabo</strong></span> <span class='ocrx_word' id='word_1_914' title='bbox 2890 5277 3005 5328; x_wconf 88' lang='lat' dir='ltr'><strong>vos,</strong></span> <span class='ocrx_word' id='word_1_915' title='bbox 3046 5282 3068 5316; x_wconf 78' lang='grc' dir='ltr'><strong>ι</strong></span> <span class='ocrx_word' id='word_1_916' title='bbox 3094 5277 3271 5319; x_wconf 89' lang='lat' dir='ltr'><strong>meum</strong></span> <span class='ocrx_word' id='word_1_917' title='bbox 3301 5264 3545 5319; x_wconf 81' lang='lat' dir='ltr'><strong>evadere</strong></span> <span class='ocrx_word' id='word_1_918' title='bbox 3618 5248 3623 5281; x_wconf 56' lang='grc'><em>⁵</em></span> 
     </span>
    </p>
   </div>
   <div class='ocr_carea' id='block_1_106' title="bbox 1955 5350 3529 5425">
    <p class='ocr_par' dir='ltr' id='par_1_106' title="bbox 1955 5350 3529 5425">
     <span class='ocr_line' id='line_1_106' title="bbox 1955 5350 3529 5425; baseline 0.003 -19"><span class='ocrx_word' id='word_1_919' title='bbox 1955 5350 2168 5407; x_wconf 81' lang='lat' dir='ltr'><strong>ocuium</strong></span> <span class='ocrx_word' id='word_1_920' title='bbox 2186 5367 2292 5407; x_wconf 89' lang='lat' dir='ltr'><strong>non</strong></span> <span class='ocrx_word' id='word_1_921' title='bbox 2308 5353 2571 5424; x_wconf 87' lang='lat' dir='ltr'><strong>poteritis.</strong></span> <span class='ocrx_word' id='word_1_922' title='bbox 2592 5352 2832 5410; x_wconf 82' lang='lat' dir='ltr'><strong>Visitabo</strong></span> <span class='ocrx_word' id='word_1_923' title='bbox 2846 5362 3023 5409; x_wconf 88' lang='lat' dir='ltr'><strong>autem</strong></span> <span class='ocrx_word' id='word_1_924' title='bbox 3038 5370 3134 5410; x_wconf 90' lang='lat' dir='ltr'><strong>vos</strong></span> <span class='ocrx_word' id='word_1_925' title='bbox 3146 5356 3199 5409; x_wconf 89' lang='lat' dir='ltr'><strong>in</strong></span> <span class='ocrx_word' id='word_1_926' title='bbox 3213 5354 3529 5425; x_wconf 76' lang='lat' dir='ltr'><strong>perniciem,</strong></span> 
     </span>
    </p>
   </div>
   <div class='ocr_carea' id='block_1_107' title="bbox 1957 5441 3535 5519">
    <p class='ocr_par' dir='ltr' id='par_1_107' title="bbox 1957 5441 3535 5519">
     <span class='ocr_line' id='line_1_107' title="bbox 1957 5441 3535 5519; baseline 0.006 -24"><span class='ocrx_word' id='word_1_927' title='bbox 1957 5447 2013 5495; x_wconf 88' lang='lat' dir='ltr'><strong>et</strong></span> <span class='ocrx_word' id='word_1_928' title='bbox 2034 5441 2253 5519; x_wconf 75' lang='lat' dir='ltr'><strong>reddam</strong></span> <span class='ocrx_word' id='word_1_929' title='bbox 2276 5444 2428 5498; x_wconf 90' lang='lat' dir='ltr'><strong>vobis</strong></span> <span class='ocrx_word' id='word_1_930' title='bbox 2453 5442 2687 5500; x_wconf 91' lang='lat' dir='ltr'><strong>fructum</strong></span> <span class='ocrx_word' id='word_1_931' title='bbox 2716 5444 2934 5502; x_wconf 70' lang='lat' dir='ltr'><strong>malitiae</strong></span> <span class='ocrx_word' id='word_1_932' title='bbox 2957 5454 3177 5514; x_wconf 71' lang='lat' dir='ltr'><strong>vestrae;</strong></span> <span class='ocrx_word' id='word_1_933' title='bbox 3208 5455 3264 5502; x_wconf 83' lang='lat' dir='ltr'><strong>et</strong></span> <span class='ocrx_word' id='word_1_934' title='bbox 3285 5463 3386 5519; x_wconf 88' lang='lat' dir='ltr'><strong>ego</strong></span> <span class='ocrx_word' id='word_1_935' title='bbox 3409 5464 3535 5505; x_wconf 82' lang='lat' dir='ltr'><strong>suc-</strong></span> 
     </span>
    </p>
   </div>
   <div class='ocr_carea' id='block_1_108' title="bbox 1959 5533 3627 5613">
    <p class='ocr_par' dir='ltr' id='par_1_108' title="bbox 1959 5533 3627 5613">
     <span class='ocr_line' id='line_1_108' title="bbox 1959 5533 3627 5613; baseline 0.004 -24"><span class='ocrx_word' id='word_1_936' title='bbox 1959 5533 2186 5591; x_wconf 88' lang='lat' dir='ltr'><strong>cendam</strong></span> <span class='ocrx_word' id='word_1_937' title='bbox 2214 5534 2388 5605; x_wconf 87' lang='lat' dir='ltr'><strong>ignem</strong></span> <span class='ocrx_word' id='word_1_938' title='bbox 2418 5535 2470 5590; x_wconf 93' lang='lat' dir='ltr'><strong>in</strong></span> <span class='ocrx_word' id='word_1_939' title='bbox 2505 5536 2644 5590; x_wconf 90' lang='lat' dir='ltr'><strong>saltu</strong></span> <span class='ocrx_word' id='word_1_940' title='bbox 2684 5546 2867 5594; x_wconf 89' lang='lat' dir='ltr'><strong>vestro</strong></span> <span class='ocrx_word' id='word_1_941' title='bbox 2888 5578 2903 5605; x_wconf 93' lang='lat'><strong>,</strong></span> <span class='ocrx_word' id='word_1_942' title='bbox 2939 5553 3048 5594; x_wconf 91' lang='lat' dir='ltr'><strong>non</strong></span> <span class='ocrx_word' id='word_1_943' title='bbox 3083 5539 3427 5613; x_wconf 78' lang='lat' dir='ltr'><strong>Babylonius,</strong></span> <span class='ocrx_word' id='word_1_944' title='bbox 3474 5549 3536 5595; x_wconf 90' lang='lat' dir='ltr'><strong>ut</strong></span> <span class='ocrx_word' id='word_1_945' title='bbox 3622 5542 3627 5547; x_wconf 75' lang='grc'><strong>“</strong></span> 
     </span>
    </p>
   </div>
   <div class='ocr_carea' id='block_1_109' title="bbox 1956 5625 3563 5698">
    <p class='ocr_par' dir='ltr' id='par_1_109' title="bbox 1956 5625 3563 5698">
     <span class='ocr_line' id='line_1_109' title="bbox 1956 5625 3563 5698; baseline 0.004 -19"><span class='ocrx_word' id='word_1_946' title='bbox 1956 5625 2181 5696; x_wconf 90' lang='lat' dir='ltr'><strong>putatis,</strong></span> <span class='ocrx_word' id='word_1_947' title='bbox 2213 5640 2320 5681; x_wconf 91' lang='lat' dir='ltr'><strong>non</strong></span> <span class='ocrx_word' id='word_1_948' title='bbox 2360 5643 2456 5681; x_wconf 81' lang='lat' dir='ltr'><strong>rex</strong></span> <span class='ocrx_word' id='word_1_949' title='bbox 2492 5627 2887 5698; x_wconf 75' lang='lat' dir='ltr'><strong>Chaldteorum,</strong></span> <span class='ocrx_word' id='word_1_950' title='bbox 2927 5632 3019 5687; x_wconf 90' lang='lat' dir='ltr'><strong>sed</strong></span> <span class='ocrx_word' id='word_1_951' title='bbox 3053 5648 3173 5688; x_wconf 89' lang='lat' dir='ltr'><strong>mea</strong></span> <span class='ocrx_word' id='word_1_952' title='bbox 3204 5633 3318 5688; x_wconf 78' lang='lat' dir='ltr'><strong>haec</strong></span> <span class='ocrx_word' id='word_1_953' title='bbox 3353 5635 3532 5686; x_wconf 84' lang='lat' dir='ltr'><strong>omnia</strong></span> <span class='ocrx_word' id='word_1_954' title='bbox 3560 5632 3563 5641; x_wconf 76' lang='lat'>‘</span> 
     </span>
    </p>
   </div>
   <div class='ocr_carea' id='block_1_110' title="bbox 1961 5717 3506 5789">
    <p class='ocr_par' dir='ltr' id='par_1_110' title="bbox 1961 5717 3506 5789">
     <span class='ocr_line' id='line_1_110' title="bbox 1961 5717 3506 5789; baseline 0.005 -18"><span class='ocrx_word' id='word_1_955' title='bbox 1961 5717 2040 5772; x_wconf 91' lang='lat' dir='ltr'><strong>ira</strong></span> <span class='ocrx_word' id='word_1_956' title='bbox 2064 5718 2328 5789; x_wconf 85' lang='lat' dir='ltr'><strong>perficiet.</strong></span> <span class='ocrx_word' id='word_1_957' title='bbox 2357 5719 2567 5778; x_wconf 90' lang='lat' dir='ltr'><strong>Saltum</strong></span> <span class='ocrx_word' id='word_1_958' title='bbox 2596 5732 2777 5781; x_wconf 90' lang='lat' dir='ltr'><strong>autem</strong></span> <span class='ocrx_word' id='word_1_959' title='bbox 2799 5735 2958 5782; x_wconf 87' lang='lat' dir='ltr'><strong>vocat</strong></span> <span class='ocrx_word' id='word_1_960' title='bbox 2982 5726 3314 5784; x_wconf 85' lang='lat' dir='ltr'><strong>Hierusalem</strong></span> <span class='ocrx_word' id='word_1_961' title='bbox 3342 5736 3398 5782; x_wconf 91' lang='lat' dir='ltr'><strong>ct</strong></span> <span class='ocrx_word' id='word_1_962' title='bbox 3419 5722 3506 5780; x_wconf 82' lang='lat' dir='ltr'><strong>um</strong></span> 
     </span>
    </p>
   </div>
   <div class='ocr_carea' id='block_1_111' title="bbox 1960 5813 3505 5893">
    <p class='ocr_par' dir='ltr' id='par_1_111' title="bbox 1960 5813 3505 5893">
     <span class='ocr_line' id='line_1_111' title="bbox 1960 5813 3505 5893; baseline 0.003 -24"><span class='ocrx_word' id='word_1_963' title='bbox 1960 5825 2087 5869; x_wconf 86' lang='lat' dir='ltr'><strong>nem</strong></span> <span class='ocrx_word' id='word_1_964' title='bbox 2115 5813 2262 5872; x_wconf 85' lang='lat' dir='ltr'><strong>circa</strong></span> <span class='ocrx_word' id='word_1_965' title='bbox 2301 5815 2594 5889; x_wconf 82' lang='lat' dir='ltr'><strong>regionem,</strong></span> <span class='ocrx_word' id='word_1_966' title='bbox 2631 5834 2751 5891; x_wconf 65' lang='lat' dir='ltr'><strong>qua:</strong></span> <span class='ocrx_word' id='word_1_967' title='bbox 2791 5819 3073 5893; x_wconf 85' lang='lat' dir='ltr'><strong>frugiferas</strong></span> <span class='ocrx_word' id='word_1_968' title='bbox 3105 5819 3326 5875; x_wconf 82' lang='lat' dir='ltr'><strong>arbores</strong></span> <span class='ocrx_word' id='word_1_969' title='bbox 3363 5819 3505 5875; x_wconf 86' lang='lat' dir='ltr'><strong>bon’o</strong></span> 
     </span>
    </p>
   </div>
  </div>
