4008 6340
455 311 553 368 971
634 258 639 261 ἤ
1094 308 1157 364 Β.
1196 297 1451 363 RABANI
1485 307 1704 365 MAURI
1736 305 2036 363 ARCHIEP

2217 302 2709 363 murorum
2740 301 2930 365 rans
2967 301 3053 355 ιιι.
3164 268 3167 269 ί
3664 304 3800 362 972

451 441 573 483 rum
600 437 824 495 operum
862 437 969 478 non
1008 422 1194 487 habet,
1231 421 1375 492 quod
1418 422 1491 476 sit
1538 421 1785 477 incendio
1826 436 2005 492 prtepa
2063 428 2113 488 Α
2142 422 2437 479 ambitione
2455 415 2838 492 ingrediemiui
2857 415 3414 487 portasﬂierustlen.
3440 418 3551 478 Sin
3574 432 3791 481 autem

454 524 623 572 ratus.
655 514 993 583 Pulchreque
1014 512 1209 568 vallem
1231 512 1462 583 appellat
1492 520 1877 584 campestrem,
1894 512 2037 582 quod
2139 512 2321 573 facere
2343 514 2646 581 nolueritis,
2662 530 2699 570 ο
2714 514 2915 570 domus
2939 511 3109 583 regia,
3125 525 3231 567 uel
3259 520 3369 569 tam
3390 513 3630 572 Domini
3654 517 3785 575 erit

451 608 635 681 pervia
680 607 753 664 sit
796 605 1067 671 hostibus,
1111 613 1167 659 et
1204 619 1313 658 non
1356 612 1592 660 montem
1624 603 1915 671 excelsum,
1944 603 2036 674 qui
2139 605 2493 672 crudelitatis,
2520 608 2687 678 qtlam
2722 613 2827 663 tua
2874 602 3191 672 voluntatis,
3231 613 3297 660 ut
3322 608 3507 663 omnis
3557 609 3781 667 civitas

450 700 737 757 dilliculter
756 696 1374 767 ascendipotest,;juxta
1406 695 1553 766 quod
1584 696 1635 751 in
1658 696 1794 753 lsaia
1819 695 2035 762 dicitur,
2140 698 2417 769 redigatur
2465 698 2524 754 in
2577 697 2949 754 solitudinem.
3012 695 3286 767 Quidquid
3335 701 3500 772 regiae
3562 704 3773 760 domui

455 809 476 849 ς
512 791 663 848 Visio
682 790 839 847 vallis
864 788 994 844 Sion
1019 789 1155 859 (Ita.
1186 788 1345 859 xxii).
1380 808 1400 840 ι
1431 787 1703 857 Quidquid
1728 787 1795 842 ad
1816 787 2037 843 domum
2140 791 2347 848 dictum
2397 799 2517 859 est,
2566 791 2871 863 intelligant
2919 789 3193 863 episcopi,
3215 841 3225 851 .
3246 792 3492 863 sociique
3553 810 3771 852 eorum

450 884 680 955 regiam,
707 892 763 939 et
801 884 992 938 urbem
1035 882 1372 951 metropolim
1421 883 1797 952 prophetatur,
1838 879 2041 937 refera-
2138 882 2439 957 presbyteri
2478 890 2640 952 atque
2669 883 2904 949 diaconi,
2942 891 2998 939 et
3029 881 3210 936 omnis
3233 883 3369 938 ordo
3398 885 3769 943 ecclesiasti-

452 992 573 1032 mus
617 976 686 1032 ad
728 975 1157 1033 ecclesiasticum
1184 976 1429 1031 ordinem
1458 983 1515 1030 et
1549 974 1823 1045 principes
1852 973 2039 1030 Eccle-
2140 988 2256 1027 cus.
2299 971 2453 1040 Quod
2499 972 2545 1029 si
2586 972 2816 1029 fecerint
2864 990 2987 1045 quae
3027 980 3305 1045 praeepta
3331 984 3481 1043 sunt,
3508 984 3573 1031 et
3606 977 3768 1033 inter

449 1068 677 1133 siarum,
719 1082 816 1123 eos
858 1067 1123 1122 duntaxat
1175 1066 1268 1135 qui
1323 1080 1383 1121 se
1426 1066 1695 1137 superbia:
1735 1074 1792 1121 et
1835 1064 2038 1121 divitiis
2140 1071 2335 1118 caetera
2378 1063 2723 1120 innocentem
2767 1067 3089 1136 sanguinem
3140 1078 3251 1121 non
3291 1063 3564 1132 fuderint,
3598 1083 3766 1124 scan-

446 1160 788 1231 lasclviaeque
819 1159 1159 1223 tradiderint,
1201 1173 1303 1214 nec
1329 1158 1535 1224 statim,
1562 1159 1685 1228 quia
1719 1158 1914 1213 domus
1948 1171 2037 1212 re-
2140 1151 2437 1209 dalizantes
2485 1154 2739 1211 minimos
2793 1170 3036 1226 quosque
3076 1165 3129 1212 ct
3179 1155 3564 1229 pemtientes
3619 1175 3764 1215 eon-

447 1254 532 1326 gia
563 1261 648 1310 est
689 1254 758 1309 ab
808 1253 1030 1308 interitu
1071 1252 1411 1307 liberabitur.
1456 1249 1738 1319 Quomodo
1764 1257 1820 1307 et
1845 1250 1937 1319 qui
1971 1249 2040 1304 de
2142 1244 2397 1301 scientias
2416 1246 2773 1318 singulorum,
2791 1248 3069 1304 obtineant
3088 1250 3345 1306 traditam
3367 1249 3472 1304 sibi
3494 1265 3526 1304 ιι
3554 1251 3759 1308 Demi-

445 1334 615 1417 stirpe
672 1346 823 1402 fuere
852 1347 1052 1412 David,
1095 1345 1252 1415 pauci
1301 1346 1589 1401 admodum
1637 1351 1766 1399 sunt
1804 1340 2039 1407 inventi,
2138 1353 2210 1392 no
2237 1338 2576 1408 dignitatem.
2593 1339 2689 1395 Sin
2715 1349 2895 1397 autem
2919 1340 3100 1398 facere
3119 1341 3396 1398 nolueth
3419 1352 3603 1414 atque
3626 1360 3761 1400 con-

444 1440 535 1510 qui
567 1439 866 1495 nlacuerinl
915 1440 1164 1505 Domino,
1192 1447 1254 1493 ut
1288 1436 1402 1508 ipse
1444 1436 1633 1501 David,
1683 1435 1945 1491 Ezechias
1982 1441 2040 1490 et
2139 1430 2477 1500 tempserint,
2517 1431 2617 1500 ipsi
2659 1431 2908 1503 redigant
2941 1432 3237 1488 Ecclesiam
3268 1434 3365 1490 Dei
3394 1431 3455 1489 in
3484 1434 3757 1489 solitudi-

441 1528 641 1597 Josias,
688 1545 994 1603 magnaque
1026 1544 1156 1600 pars
1197 1529 1502 1600 principum
1538 1537 1595 1583 et
1630 1527 1814 1598 stirpis
1853 1526 2036 1598 regia,
2139 1537 2284 1576 nem.
2311 1522 2691 1595 lngrediuutur
2712 1536 2893 1581 autem
2919 1526 2985 1582 de
3007 1542 3207 1599 genere
3225 1528 3397 1585 David
3417 1540 3526 1600 per
3547 1539 3758 1601 portas

443 1622 499 1675 in
528 1620 839 1677 universum
870 1620 1127 1693 populum
1155 1620 1295 1674 iram
1322 1619 1533 1674 Domini
1558 1617 1890 1690 provocavit.
2141 1612 2500 1680 Hierusalem,
2543 1623 2600 1668 et
2642 1615 2839 1670 sedent
2867 1631 3031 1687 super
3067 1618 3323 1674 thronum
3354 1620 3507 1691 ejus,
3536 1620 3647 1692 qui
3672 1622 3759 1675 in-

2141 1711 2474 1773 terpretatur
2519 1706 2677 1763 fortis
2723 1724 2908 1774 manu,
2959 1719 3016 1765 et
3064 1714 3361 1768 ascendunt
3423 1731 3644 1772 currus
3699 1725 3757 1772 et

1025 1779 1253 1836 CAPUT
1291 1777 1454 1834 XXII.
2056 1790 2107 1852 Β
2133 1809 2322 1864 equos,
2348 1798 2565 1866 quando
2590 1798 2867 1854 refrenant
2898 1808 2953 1856 et
2987 1817 3115 1858 suas
3151 1812 3206 1859 et
3235 1805 3416 1875 populi
3437 1810 3755 1877 perturba-

443 1891 704 1970 Mittitur_
724 1891 976 1970 propheta
1006 1890 1103 1970 lad_
1137 1906 1309 1970 regem
1358 1888 1650 1970 pumicare
1690 1888 1969 1970 justitiam
2009 1900 2029 1939 :
2134 1887 2330 1953 tiones,
2354 1896 2412 1943 et
2435 1890 2738 1959 composito
2767 1892 2820 1945 in
2855 1890 3094 1948 Ecclesia
3121 1895 3507 1967 ingrediuntur
3540 1901 3752 1970 gradu,

788 1957 880 2016 rex
904 1960 1052 2015 Juda
1086 1957 1376 2015 insepultus
1411 1957 1698 2030 projicitur
1718 1968 1865 2014 extra
1896 1957 2030 2013 Hie-
2131 1988 2188 2034 οι
2213 1980 2504 2037 manarum
2535 1957 2796 2038 virtutum
2825 1986 3017 2052 choro,
3047 1957 3258 2058 sibin
3282 2003 3349 2043 ex
3387 1957 3757 2062 omnivmm;

517 2031 766 2085 rusalem.
2140 2031 2183 2034 ’ν
2213 2031 2504 2087 “fw-“j-
2549 2031 2796 2038 —---~"---
2828 2031 3017 2052 "ww,
3048 2031 3256 2058 ἰ’-νηιυιν
3285 2031 3349 2043 νι-
3388 2031 3548 2045 w"...
3584 2031 3756 2098 ﬁt...”

2132 2083 2587 2129 concmnenttum.
2606 2075 2672 2130 Et
2693 2084 2752 2131 ut
2773 2077 2877 2132 hoc
2891 2093 3076 2133 verum
3101 2093 3221 2135 esse
3244 2082 3565 2149 credamus,
3587 2096 3756 2156 jura:

517 2184 537 2219 ι
578 2164 704 2220 Haec
734 2163 865 2218 dicit
891 2163 1152 2218 Dominus
1182 2179 1194 2215 :
1227 2160 1503 2216 Descende
1537 2160 1592 2215 in
1635 2161 1851 2215 domum
1885 2158 2030 2230 regis
2109 2166 2230 2232 ‘per
2256 2177 2336 2230 se,
2373 2164 2498 2235 quia
2531 2167 2687 2237 juxta
2731 2168 3067 2239 Apostolum,
3113 2171 3371 2241 majorem
3412 2174 3594 2230 alium
3648 2194 3755 2249 per

446 2274 465 2309 ι
506 2255 667 2322 Juda,
695 2263 751 2311 et
785 2255 1025 2325 loqueris
1054 2254 1126 2309 ibi
1159 2253 1385 2308 verbum
1422 2254 1544 2317 hoc,
1576 2261 1633 2307 et
1664 2252 1814 2306 dices
1843 2269 1859 2304 :
1889 2250 2031 2305 Audi
2132 2269 2292 2325 quem
2314 2254 2500 2324 jurare
2528 2259 2699 2327 possit
2734 2274 2841 2314 non
2880 2261 3047 2316 habet
3085 2260 3272 2335 (Hebr.
3313 2263 3412 2333 vi).

444 2367 462 2399 ι
505 2348 729 2403 verbum
760 2347 990 2413 Domini,
1022 2361 1116 2401 rex
1144 2343 1299 2408 Juda,
1334 2344 1424 2413 qui
1462 2344 1618 2399 sedes
1646 2357 1810 2412 super
1832 2341 2029 2396 solium
2209 2366 2228 2397 ‹
2276 2347 2410 2429 Quia
2450 2349 2565 2403 haec
2595 2350 2727 2404 dicit
2756 2351 3015 2407 Dominus
3048 2367 3213 2425 super
3240 2356 3461 2411 domum
3500 2359 3644 2429 (sive
3681 2363 3751 2417 ad

444 2458 463 2490 ‹
507 2439 697 2505 David,
727 2447 785 2493 tu
811 2444 866 2493 et
897 2438 1041 2493 servi
1072 2437 1170 2503 tui,
1198 2443 1254 2492 et
1293 2434 1521 2506 pepulus
1559 2442 1701 2500 tuus,
1726 2433 1817 2502 qui
1850 2432 2031 2502 ingre—
2138 2452 2169 2485 (ι
2204 2432 2444 2506 domum)
2481 2434 2623 2505 regis
2659 2434 2819 2502 Juda,
2858 2435 3082 2504 Galaad,
3126 2448 3181 2494 tu
3227 2443 3359 2496 mihi
3406 2454 3585 2515 caput
3613 2446 3752 2517 (sine

443 2550 461 2581 ι
509 2530 699 2585 dimini
731 2545 826 2600 per
848 2538 1037 2601 portas
1058 2530 1175 2584 has.
1208 2528 1335 2583 Haec
1362 2528 1493 2583 dicit
1513 2527 1772 2582 Dominus
1799 2543 1813 2579 :
1842 2524 2033 2580 Facite
2137 2543 2156 2578 ι
2202 2525 2551 2613 principium)
2584 2527 2797 2609 Libani,
2826 2530 2872 2583 si
2902 2544 3007 2584 non
3035 2545 3269 2600 posuero
3300 2542 3353 2588 te
3384 2533 3441 2590 in
3472 2537 3748 2596 solitudi-

443 2639 461 2670 ι
497 2620 763 2701 judicium
792 2628 847 2674 et
870 2620 1163 2690 justitiam,
1193 2627 1248 2673 et
1278 2618 1507 2673 liberate
1531 2617 1582 2671 vi
1607 2630 1924 2686 oppressum
1962 2615 2031 2669 de
2137 2638 2156 2670 ι
2203 2632 2352 2683 nem,
2381 2618 2544 2673 urbes
2573 2619 2971 2681 inhabitabiles.
3001 2622 3067 2677 Et
3092 2625 3442 2682 sanctiﬁcabo
3470 2643 3653 2701 super
3692 2638 3747 2687 te

444 2730 463 2763 ι
508 2728 668 2767 manu
702 2711 1129 2776 calumniatoris,
1177 2719 1234 2766 et
1270 2712 1558 2775 advenam,
1581 2717 1636 2764 et
1664 2709 1946 2780 pupillum,
1974 2715 2029 2761 et
2137 2727 2157 2762 ι
2202 2708 2620 2767 interﬁcieutem
2668 2710 2867 2779 virum,
2907 2721 2963 2769 et
2998 2729 3151 2771 arma
3179 2716 3331 2787 ejus;
3357 2727 3415 2773 et
3445 2724 3745 2778 succident

444 2824 460 2856 ι
506 2805 725 2860 viduam
751 2802 919 2860 nolite
943 2804 1288 2869 contristare,
1304 2817 1480 2873 neque
1503 2802 1823 2872 opprimatis
1845 2801 2031 2870 inique
2135 2820 2154 2853 ι
2194 2802 2399 2857 electas
2416 2803 2611 2859 cedros
2638 2810 2782 2869 tuas,
2809 2811 2863 2859 et
2887 2807 3302 2877 praecipitabant
3329 2810 3461 2881 (sive
3481 2812 3739 2884 mittent)

441 2917 461 2950 ι
507 2900 621 2954 sive
651 2900 833 2969 impie,
869 2906 923 2954 et
962 2899 1277 2969 sanguinem
1316 2898 1656 2952 innocentem
1693 2911 1761 2951 ne
1789 2892 2030 2950 etl‘unda-
2136 2909 2155 2942 ι
2202 2893 2258 2947 in
2284 2893 2484 2963 ignem.
2516 2892 2585 2947 Et
2608 2896 3019 2964 pertransibunt
3043 2908 3233 2969 gentes
3258 2899 3443 2956 multzr
3469 2916 3580 2972 per
3604 2904 3743 2959 civi-

441 3010 459 3042 ι
505 2991 579 3047 tis
605 2992 660 3046 in
697 2992 820 3047 loco
866 2991 989 3046 isto.
1032 2990 1090 3045 Si
1132 2990 1277 3045 enim
1319 2989 1582 3045 facientes
1621 2987 1864 3046 feceritis
1904 2997 2029 3043 Ver-
2134 3002 2154 3036 ι
2200 2992 2367 3040 tatem
2404 2986 2569 3051 hanc,
2598 2994 2656 3040 et
2704 2986 2850 3042 dicet
2894 2990 3266 3061 unusqmsque
3304 2992 3563 3061 proximo
3593 3010 3734 3050 suo:

442 3102 461 3134 ι
507 3084 634 3138 bum
664 3084 829 3148 istud,
882 3082 1253 3153 ingredientur
1286 3096 1386 3152 per
1428 3090 1610 3151 portas
1650 3080 1842 3136 domus
1870 3080 2027 3150 hujus
2062 3144 2100 3154 _
2136 3093 2155 3127 ι
2201 3074 2382 3142 Quare
2417 3075 2552 3131 fecit
2583 3076 2843 3133 Dominus
2877 3079 2957 3135 sic
2990 3079 3197 3135 civitati
3222 3083 3348 3138 huic
3382 3071 3641 3154 mignael
3671 3087 3741 3142 Et

444 3192 461 3226 ι
507 3189 662 3246 reges
690 3144 969 3230 sedentesv
984 3160 1057 3227 de
1105 3144 1307 3244 genere
1350 3144 1517 3226 David
1566 3186 1730 3242 super
1772 3144 2023 3227 thronum
2053 3144 2100 3208 c
2134 3185 2153 3219 σ
2198 3156 2601 3236 respondebunt
2634 3184 2649 3223 :
2677 3168 2757 3225 Eo
2781 3170 2924 3239 quod
2949 3169 3337 3245 dereliquerint
3359 3144 3587 3245 pactvum
3621 3180 3733 3234 Do-

443 3287 463 3320 σ
506 3265 642 3336 ejus,
674 3274 730 3320 et
757 3266 1116 3321 ascendentes
1141 3279 1336 3319 currus
1364 3270 1421 3318 et
1453 3278 1641 3332 equos,
1672 3263 1773 3333 ipsi
1803 3271 1857 3318 et
1882 3264 2025 3318 servi
2132 3270 2151 3307 ί
2195 3255 2329 3309 milli
2376 3254 2472 3310 Dei
2507 3257 2590 3312 sui
2633 3266 2705 3313 etv
2728 3258 3074 3316 adoraverint
3106 3260 3236 3317 deos
3266 3262 3476 3321 alienos
3508 3275 3571 3321 et
3608 3283 3731 3324 ser-

443 3376 463 3410 ι
505 3364 560 3413 et
596 3356 827 3428 populus
868 3369 1074 3410 eorum.
1108 3353 1261 3422 Quod
1302 3355 1346 3410 si
1384 3370 1491 3409 non
1538 3355 1817 3409 audieritis
1861 3356 2025 3409 verba
2132 3364 2152 3399 ι
2197 3347 2394 3402 Vierim
2427 3347 2527 3404 eis.
2563 3367 2584 3400 ι
2614 3347 2838 3417 Galaad,
2875 3366 3041 3421 quam
3083 3354 3322 3423 possedit
3365 3355 3595 3412 dimidia
3635 3360 3735 3414 tri-

440 3467 462 3501 ι
500 3449 618 3503 haec
650 3461 750 3518 per
786 3446 1161 3516 memetipsum
1192 3444 1372 3517 juravi
1416 3445 1547 3501 dicit
1578 3446 1856 3511 Dominus,
1897 3445 2024 3514 quia
2125 3438 2227 3495 bus
2254 3440 2521 3507 Manasse,
2557 3453 2707 3497 trans
2746 3441 3059 3512 «Iordanem,
3085 3444 3365 3518 Scriptura
3387 3463 3731 3506 commemo-

439 3558 459 3591 ‹
505 3540 559 3594 in
601 3538 946 3594 solitudinem
979 3538 1087 3592 erit
1126 3538 1319 3611 domus
1357 3537 1491 3593 haec.
1528 3557 1546 3589 ι
1585 3536 1856 3609 (Ηὶενοη.)
1900 3537 2029 3593 llaec
2126 3530 2385 3607 HHGeﬂo
2414 3534 2591 3604 xm).
2622 3535 2677 3589 in
2704 3550 2811 3605 quo
2841 3546 3025 3594 monte
3049 3538 3233 3594 Laban
3258 3541 3560 3612 fugientem
3589 3558 3729 3601 con-

434 3631 593 3695 visio,
639 3631 746 3685 imo
783 3630 873 3685 hic
915 3644 1096 3684 sermo
1139 3628 1371 3695 Domini,
1411 3629 1497 3684 vel
1526 3638 1653 3684 ante
1697 3629 1758 3684 fit
1790 3629 1856 3685 ad
1889 3628 2025 3684 Pro-
2069 3639 2073 3642 ’
2127 3635 2345 3680 secutus
2390 3634 2475 3680 est
2520 3624 2687 3684 Iacob
2730 3645 2744 3681 :
2776 3636 2832 3683 et
2858 3645 3017 3685 mons
3053 3629 3205 3699 juxta
3236 3632 3493 3689 Genesim
3524 3650 3730 3691 nomen

432 3721 650 3791 phetam
707 3735 870 3790 quam
919 3719 1212 3775 Sedechias
1274 3721 1340 3774 ad
1393 3736 1515 3776 eum
1568 3701 2022 3805 nuntios‘nitte-
2125 3717 2335 3785 accepit
2377 3718 2559 3795 Σωρὸς,
2614 3718 2668 3773 id
2709 3726 2812 3785 est,
2857 3721 3098 3777 tumulus
3133 3724 3449 3789 testimonii,
3481 3740 3549 3781 eo
3582 3726 3731 3796 quod

435 3819 539 3878 ret,
570 3812 654 3867 vel
684 3821 831 3867 certe
858 3820 1145 3881 postquam
1191 3811 1395 3866 nuntiis
1422 3812 1698 3882 praecepit,
1742 3811 1871 3882 quid
1912 3813 2024 3882 regi
2126 3807 2201 3863 ibi
2229 3807 2397 3863 Iacob
2424 3808 2718 3880 Labanque
2748 3808 3053 3878 iuraverint
3081 3813 3134 3868 in
3166 3828 3420 3869 acervum
3451 3817 3729 3888 lapidibus

348 3904 355 3913 ’
434 3903 643 3959 referre
666 3903 921 3967 debeant,
959 3901 1267 3971 praccipitur
1299 3900 1567 3967 let-emite,
1597 3910 1657 3956 ut
1681 3916 2022 3972 nequaquam
2126 3902 2484 3972 congregatis.
2516 3902 2614 3957 Est
2649 3911 2829 3958 autem
2866 3914 3045 3975 caput,
3092 3907 3206 3962 sive
3234 3897 3565 3979 principium
3586 3954 3602 3975 ,
3639 3911 3728 3966 Li-

432 4009 529 4067 per
572 3996 788 4051 nuntios
836 3995 1086 4064 loquatur
1130 3992 1197 4047 ad
1228 4009 1431 4065 regem,
1480 3995 1573 4049 sed
1618 3996 1731 4064 ipse
1760 3994 1921 4049 vadat
1954 3996 2021 4050 ad
2124 3991 2249 4045 bani
2298 3993 2496 4047 montis
2541 3993 2767 4060 excelsi,
2812 3995 2905 4064 qui
2942 3996 3227 4052 univ‘ersus
3262 3999 3439 4054 cedris
3472 4004 3726 4058 consitus

431 4087 715 4160 palatium,
744 4095 799 4143 et
831 4087 906 4143 ibi
936 4088 1188 4155 loquatur
1226 4085 1297 4139 ei.
1332 4084 1613 4156 Simulque
1647 4087 2025 4142 adnimadver—
2125 4093 2229 4149 est,
2271 4083 2425 4155 juxta
2478 4085 2608 4141 illud
2651 4086 2819 4141 David
2867 4074 3111 4145 canentis
3141 4106 3153 4143 :
3188 4108 3207 4142 ι
3240 4090 3308 4146 Et
3353 4094 3727 4150 commovebit

437 4188 617 4235 tamus
645 4179 885 4234 divinam
925 4177 1270 4247 sapientiam,
1319 4177 1462 4245 quod
1495 4191 1592 4246 per
1630 4177 1845 4232 nuntios
1867 4177 2024 4248 jubet
2126 4176 2384 4232 Dominus
2435 4178 2627 4233 cedros
2657 4177 2848 4233 Libani
2894 4178 3078 4251 (Psal.
3125 4182 3350 4254 xxvm).
3384 4202 3403 4232 ι
3437 4183 3506 4238 Ει
3534 4185 3671 4240 alibi
3707 4205 3719 4240 :

434 4272 609 4326 tristia
644 4270 904 4335 nuntiari,
933 4268 1109 4323 mistis
1137 4276 1192 4324 et
1219 4267 1514 4338 prosperis,
1538 4268 1583 4321 si
1606 4283 1766 4338 agere
1794 4269 2023 4327 voluerit
2134 4283 2153 4317 ι
2189 4264 2308 4320 Vidi
2354 4266 2579 4336 impium
2610 4268 2929 4333 exaltatum,
2960 4277 3015 4325 et
3042 4270 3313 4326 elevatum
3348 4273 3489 4327 sicut
3527 4277 3724 4331 cede

435 4378 528 4417 rex
572 4361 968 4432 paenitentiam.
1015 4358 1114 4413 llic
1157 4373 1287 4413 vero
1326 4358 1451 4427 quia
1488 4358 1588 4429 ipsi
1628 4359 1924 4430 imperatur
1962 4369 2024 4416 ut
2124 4358 2314 4414 Libani
2361 4359 2541 4432 (Psal.
2581 4364 2800 4435 xxxvi).
2834 4382 2854 4415 ι
2902 4364 2969 4418 Ει
3019 4365 3073 4418 in
3120 4366 3381 4421 Zacltaria
3435 4369 3675 4439 legimus
3702 4413 3721 4438 ,

431 4463 639 4525 pergat,
668 4467 775 4508 non
806 4451 982 4506 tristia
1013 4451 1243 4515 nuntiat,
1268 4457 1324 4504 et
1363 4452 1730 4520 captivitatem
1767 4449 2083 4532 jamjam-A
2131 4470 2149 4503 ι
2185 4452 2369 4522 Aperi,
2420 4453 2638 4518 Libane,
2688 4466 2873 4525 portas
2912 4463 3049 4521 tuas,
3092 4467 3146 4512 ct
3184 4459 3429 4514 comedet
3461 4460 3606 4532 ignis
3633 4478 3723 4518 ce.

431 4522 553 4616 que—
579 4549 884 4607 venturam,
933 4541 1028 4595 sed
1069 4547 1252 4595 monet
1298 4540 1427 4609 quid
1477 4539 1657 4597 facere
1703 4542 1914 4607 debeat,
1960 4550 2020 4597 ut
2043 4522 2098 4589 Ῐ)
2124 4547 2251 4601 dros
2287 4554 2407 4602 tuas
2435 4544 2620 4617 (Zach.
2654 4522 2753 4619 xi).
2785 4568 2805 4601 ›
2832 4549 2998 4619 Igitur
3023 4551 3275 4619 prmsenti
3310 4551 3451 4617 loco,
3482 4522 3616 4625 quia
3653 4556 3721 4612 ad

428 4637 562 4690 vitet
589 4632 985 4704 impendentem
1010 4630 1336 4686 sententiam
1353 4631 1585 4686 Domini.
1603 4632 1809 4702 Regum
1836 4640 2016 4703 autem
2124 4636 2340 4693 domum
2375 4639 2576 4709 regiam
2602 4637 2943 4709 loquebatur,
2959 4655 3056 4710 per
3078 4644 3448 4713 metaphoram
3472 4644 3721 4715 loquitur

429 4725 710 4798 proprium
752 4732 836 4780 est
884 4723 1064 4777 facere
1108 4719 1369 4789 judicium
1423 4731 1584 4793 atque
1628 4721 1918 4791 justitiam,
1963 4732 2018 4779 et
2124 4732 2192 4784 ad
2219 4731 2496 4800 templum,
2526 4732 2639 4786 sive
2667 4733 2732 4786 ad
2760 4732 2978 4787 domum
3008 4734 3193 4803 stirpis
3218 4733 3379 4801 Iuda,
3422 4736 3568 4807 quod
3599 4738 3717 4806 ipsi

429 4820 659 4873 liberare
699 4817 766 4869 de
809 4830 972 4868 manu
1014 4812 1460 4869 calumniatorum
1512 4815 1561 4868 vi
1605 4829 1913 4884 oppressos,
1962 4823 2020 4869 et
2123 4821 2195 4874 sit
2222 4820 2277 4873 in
2314 4821 2552 4886 excelso,
2582 4821 2696 4875 sive
2729 4821 2868 4890 quod
2910 4824 2975 4877 dc
3021 4824 3219 4893 templo
3268 4834 3429 4894 atque
3472 4829 3717 4882 sacrario

381 4947 390 4953 .
427 4906 711 4977 peregrino
753 4904 1064 4974 pupilloque
1093 4912 1149 4959 et
1193 4905 1389 4970 viduas,
1435 4906 1528 4974 qui
1579 4904 1792 4959 facilius
1835 4906 2037 4975 oppri.
2123 4911 2363 4966 omnium
2390 4921 2736 4981 peccatorum
2767 4915 3003 4969 remedia
3042 4916 3418 4984 poscebantur.
3476 4916 3638 4973 Unde
3663 4928 3715 4973 et

427 5003 651 5050 muntur
679 4993 1039 5063 apotentibus
1063 4993 1303 5063 praebere
1329 4994 1610 5049 auxilium.
1643 4994 1710 5047 Et
1746 5002 1807 5049 ut
1827 5008 2014 5048 curam
2120 5001 2208 5056 hic
2236 5001 2379 5055 idem
2407 5003 2668 5070 propheta
2716 5013 3106 5059 commemorat
3134 5021 3148 5058 :
3182 5023 3201 5055 ι
3241 5003 3492 5076 Nunquid
3531 5009 3711 5063 resina

427 5086 510 5143 eis
568 5094 961 5156 praeceptorum
1008 5085 1102 5141 Dei
1150 5087 1413 5157 majorem
1464 5086 1748 5154 injiceret,
1802 5086 2010 5141 intulit:
2118 5102 2225 5141 non
2252 5095 2336 5141 est
2370 5087 2427 5142 in
2463 5086 2691 5153 Galaad,
2724 5099 2816 5142 aut
2849 5089 3088 5144 medicus
3122 5104 3227 5146 non
3268 5100 3353 5146 cst
3378 5093 3494 5147 ibi?
3529 5093 3712 5161 Quare

430 5194 455 5232 ι
493 5175 671 5232 Nolite
696 5177 1030 5243 contristari,
1060 5185 1119 5232 ut
1154 5194 1260 5233 non
1308 5178 1482 5232 solum
1525 5176 1787 5245 eripiatis,
1824 5178 1918 5232 sed
1948 5191 2017 5232 ne
2118 5193 2225 5233 non
2257 5178 2501 5234 ascendit
2525 5179 2734 5234 curatio
2764 5177 2886 5233 ﬁliae
2914 5180 3097 5251 populi
3127 5183 3273 5237 mei?
3306 5203 3325 5235 ι
3363 5180 3527 5255 (ευρ.
3564 5186 3707 5253 vm.)

425 5267 710 5339 patiamini
750 5270 967 5341 quidem
1005 5284 1101 5341 per
1136 5277 1375 5325 vestram
1405 5268 1771 5323 cohibentiam
1801 5268 2018 5340 [conni-
2116 5270 2490 5325 Comminatur
2518 5271 2682 5341 igitur
2709 5271 2870 5342 regia:
2898 5272 3101 5338 datnui,
3126 5281 3181 5329 et
3209 5274 3331 5329 urbi
3364 5273 3707 5330 Hierusalem

428 5358 689 5434 ventiam]
704 5362 775 5417 ab
797 5362 918 5418 aliis
936 5360 1267 5419 contristari.
1290 5378 1310 5412 ι
1331 5360 1398 5414 Et
1415 5360 1732 5431 sanguinem
1756 5360 2013 5417 innoceu-
2116 5370 2173 5419 et
2200 5364 2420 5434 templo,
2452 5366 2595 5433 quod
2619 5372 2776 5421 vocat
2805 5373 2966 5435 caput
3008 5364 3197 5422 Libani
3232 5382 3245 5420 :
3278 5366 3419 5436 quod
3460 5368 3685 5438 redige“

425 5459 539 5508 tem
563 5451 923 5511 eﬁ'undatisin
950 5455 1071 5511 loco
1094 5454 1213 5509 isto.
1237 5473 1257 5506 ι
1278 5453 1589 5510 Homicidas
1613 5455 1758 5509 enim
1777 5463 1834 5509 et
1850 5455 2017 5510 sacri-
2120 5456 2247 5512 dum
2278 5456 2350 5511 sit
2375 5457 2428 5510 in
2458 5455 2803 5512 solitudinem
2839 5472 2963 5511 cum
3002 5459 3269 5514 universis
3305 5460 3528 5514 urbibus
3572 5460 3709 5525 suis,

425 5540 575 5614 logos
596 5554 652 5600 et
677 5545 1000 5603 veneuarios
1024 5543 1221 5613 punire
1248 5559 1354 5600 non
1381 5548 1466 5600 est
1497 5541 1692 5599 elfusio
1710 5544 2013 5616 sanguinis,
2118 5564 2226 5605 non
2253 5547 2491 5618 potentia
2539 5547 2683 5619 regis
2725 5545 3025 5619 Babylonii,
3070 5549 3164 5604 sed
3194 5549 3407 5605 Domini
3437 5547 3710 5618 jussioue,

426 5636 522 5692 sed
559 5636 738 5709 legum
778 5638 1163 5693 ministerium.
1207 5637 1295 5705 Si,
1320 5639 1516 5711 inquit,
1549 5636 1954 5704 haecfeceritis,
1981 5654 2016 5693 ο
2117 5630 2209 5713 qui
2237 5642 2412 5697 dicit:
2447 5659 2467 5693 ι
2503 5639 2868 5696 Sanctiﬁcaho
2912 5656 3075 5711 super
3111 5650 3165 5697 te
3202 5642 3644 5697 interﬂcicntem.
3684 5661 3706 5694 ι

429 5742 584 5793 reges
610 5726 772 5791 Juda,
802 5731 1053 5786 tenebitis
1094 5732 1374 5788 pristinam
1408 5730 1758 5801 potestatem,
1794 5742 1848 5786 et
1892 5748 2015 5788 cum
2119 5732 2350 5787 Sanctus
2393 5742 2570 5786 autem
2611 5737 2840 5787 vocatur
2885 5730 3401 5798 Nabuchodonosor.
3435 5740 3493 5788 et
3526 5733 3709 5787 ottinis
