4008 6340
313 380 427 446 973

1210 374 1576 441 EXPOSITIO
1615 381 1843 440 SUPER
1875 380 2243 440 JEREMIAM.
2277 414 2350 427 -—
2383 386 2510 442 LIB.
2551 386 2640 443 iX.

3478 397 3584 457 974

313 490 434 566 ejus
458 491 754 559 exercitus,
780 491 1250 562 quia.exsequitur
1272 492 1596 553 sententiam
1626 492 1741 549 Dei.
1780 511 1799 544 ι
1837 492 1906 559 Et
1930 494 1981 556 Δ
2013 511 2033 544 ‹
2077 494 2206 550 dicit
2242 494 2519 551 aediﬁcabo
2561 497 2695 552 mihi
2734 500 2953 557 domum
2993 502 3179 569 latam,
3217 515 3273 563 et
3306 510 3585 567 ctenacula

312 586 615 648 succident,
633 583 825 653 inquit,
844 583 1044 639 eiectas
1063 584 1255 640 cedrus
1274 593 1413 652 tuas,
1441 605 1460 637 ι
1480 593 1725 656 potentes
1740 600 1903 654 quos-
1934 622 1949 630 -

317 691 423 748 que
444 687 497 729 et
518 674 787 746 principes
813 672 1069 738 civitatis,
1099 692 1117 725 ί
1146 682 1202 730 et
1222 675 1437 731 mittent
1466 676 1521 731 in
1549 677 1726 747 ignem
1746 716 1762 742 ,
1794 696 1823 735 »ρ
1844 686 1904 730 ut
1938 708 1953 735 ‹

315 773 493 828 omnia
522 773 789 829 devorans
828 771 1040 828 ﬂamma
1087 782 1391 829 consumat.
1433 773 1677 844 Cumque
1728 773 1904 829 deleta

317 861 517 919 fuerint
554 865 804 921 universa
841 863 1148 921 transibunt
1188 873 1378 935 gentes
1414 866 1597 923 multae
1640 880 1738 935 per
1773 865 1905 920 civi-
1937 898 1943 905 ο

291 963 484 1012 'tatem
525 964 579 1010 et
619 955 900 1026 templum,
928 956 1079 1029 quod
1109 957 1189 1012 eis
1224 957 1376 1026 prius
1405 957 1614 1028 ingredi
1642 973 1751 1014 non
1778 957 1905 1013 lice-

318 1045 428 1111 bat,
443 1054 497 1101 et
518 1046 888 1117 unusquisque
909 1045 1149 1117 loquitur
1172 1048 1419 1118 proximo
1445 1064 1562 1115 suo,
1579 1063 1748 1118 quare
1767 1048 1908 1104 fece-

317 1134 388 1189 rit
423 1135 680 1192 Dominus
706 1136 910 1191 civitati
941 1136 1161 1207 inclyta:
1185 1146 1242 1195 et
1266 1154 1477 1209 magna;
1504 1146 1616 1196 tatu
1645 1137 1899 1204 subitura,

314 1234 371 1281 et
407 1236 515 1280 tam
546 1226 807 1297 grandem
835 1227 1194 1285 eversionem.
1232 1248 1251 1281 ι
1288 1229 1846 1300 Respondebantque,
1879 1248 1899 1281 ι

312 1315 511 1387 inquit,
565 1318 657 1388 qui
700 1312 1012 1389 interrogati
1054 1319 1275 1385 fuerint,
1306 1328 1361 1376 et
1401 1329 1674 1390 esponent
1714 1336 1906 1376 causas

313 1409 593 1465 ruinarum
624 1408 903 1467 dicentes:
935 1427 953 1460 ι
986 1410 1111 1480 quia
1131 1410 1536 1485 dereliquerunt
1562 1411 1903 1481 pactumDo-

314 1496 445 1553 mini
476 1497 570 1554 Dei
599 1498 737 1562 sui,»
763 1508 818 1554 et
840 1514 941 1573 pro
968 1501 1080 1569 Deo
1110 1499 1250 1557 idola
1270 1502 1511 1559 venerati
1538 1510 1680 1559 sunt.
1706 1501 1907 1557 Audiat

313 1589 415 1644 hoc
449 1599 503 1645 et
545 1599 747 1653 nostra:
784 1591 934 1665 urbis
958 1592 1150 1653 domus
1178 1592 1324 1663 regia
1340 1632 1357 1657 ,
1382 1601 1441 1669 et
1467 1593 1740 1663 principes
1761 1592 1903 1662 ejus,

200 1708 208 1714 -
313 1688 371 1737 et
387 1681 559 1749 cedri,
581 1697 703 1753 qua:
720 1681 933 1755 elevant
951 1698 1121 1754 usque
1139 1685 1207 1740 ad
1228 1685 1400 1741 nubes
1424 1686 1684 1741 vertice
1713 1700 1902 1750 suam;

313 1779 370 1826 et
407 1787 505 1844 per
547 1773 856 1843 superbiam
892 1773 1205 1844 loquuntur,
1239 1794 1257 1826 ι
1299 1776 1423 1845 quis
1459 1792 1569 1833 non
1604 1776 1843 1832 videbit?
1872 1794 1892 1828 ι

2008 605 2029 639 l
2071 585 2335 655 spatiosa,
2360 587 2452 657 qui
2478 586 2653 656 aperit
2680 589 2781 645 sibi
2819 588 3103 661 fenestras,
3136 605 3190 652 et
3219 598 3346 656 facit
3372 600 3589 672 laquea-

2010 697 2029 733 t
2071 679 2153 735 ria
2179 679 2400 735 cedrina
2420 681 2700 752 pingitque
2732 684 2993 755 sinopide.
3027 688 3277 761 Nunquid
3316 695 3583 765 regnabis,

2009 790 2029 823 ι
2072 772 2324 842 quoniam
2341 772 2619 833 conferste
2632 777 2819 831 cedro?
2836 777 2996 834 Pater
3008 787 3132 837 tuus
3157 796 3336 842 nonne
3353 790 3589 844 comedit

2010 882 2031 916 ι
2075 873 2131 919 et
2164 865 2321 931 bibit,
2357 874 2415 921 et
2446 865 2576 922 fecit
2597 867 2859 937 judicium
2893 877 2949 926 et
2979 872 3264 942 justitiam,
3304 884 3432 933 tunc
3463 896 3588 938 cum

2011 973 2031 1007 ι
2074 956 2214 1012 bene
2251 966 2373 1012 erat
2396 957 2486 1013 ei?
2521 958 2788 1019 Judicavit
2815 978 3034 1021 causam
3073 968 3325 1038 pauperis
3351 980 3405 1026 et
3431 973 3589 1043 egeni

2011 1067 2030 1099 σ
2080 1049 2133 1103 in
2162 1048 2359 1104 bonum
2387 1066 2566 1106 suum.
2594 1052 2845 1123 Nunquid
2881 1071 2988 1111 non
3026 1058 3147 1113 ideo
3184 1061 3307 1131 quia
3338 1064 3595 1134 cognovit

2011 1156 2033 1189 α
2078 1154 2166 1194 me
2188 1139 2323 1195 dicit
2347 1141 2642 1198 Dominus?
2672 1144 2771 1198 Tui
2802 1160 2932 1201 vero
2959 1149 3101 1205 oculi
3135 1159 3191 1205 et
3232 1166 3330 1208 cor
3361 1153 3429 1208 ad
3466 1170 3591 1209 ava-
3643 1184 3674 1231 ra

2012 1246 2031 1280 σ
2078 1230 2281 1297 ritiam,
2312 1239 2367 1285 et
2408 1233 2475 1287 ad
2524 1236 2837 1306 sanguinem
2864 1236 3203 1295 innocentem
3232 1242 3587 1314 fundendum,
3640 1230 3677 1312 έίῘ

2013 1336 2033 1375 ί
2078 1329 2133 1374 et
2175 1321 2618 1379 ad.calumniam
2667 1333 2724 1381 et
2777 1326 2843 1381 ad
2897 1342 3115 1384 cursum
3160 1332 3288 1388 mali
3337 1336 3532 1407 operis.
3568 1358 3587 1391 ι
3636 1330 3669 1399 ξ’

2006 1409 2150 1465 LXX
2177 1429 2192 1466 :
2226 1431 2246 1463 ι
2276 1411 2322 1470 Ο
2348 1414 2441 1484 qui
2469 1416 2707 1473 aediﬁcas
2736 1418 2953 1474 domum
2982 1430 3128 1477 tuam
3159 1441 3267 1480 non
3293 1442 3413 1482 cum
3433 1427 3593 1497 justi-

2015 1520 2033 1557 ι
2080 1502 2176 1567 tia,
2221 1513 2278 1559 et
2313 1506 2591 1561 omnecuia
2636 1516 2725 1563 tua
2777 1524 2884 1564 non
2925 1512 2978 1565 in
3009 1513 3251 1583 judicio!
3284 1516 3440 1587 Apud
3469 1535 3590 1576 eum

2013 1604 2034 1643 ι
2077 1594 2356 1662 proximus
2398 1606 2656 1667 operatur
2706 1602 2898 1669 gratis,
2948 1612 3004 1657 et
3045 1605 3349 1662 mercedem
3395 1609 3442 1663 ei
3485 1625 3593 1669 non

2014 1702 2033 1735 ι
2079 1685 2270 1739 reddit.
2295 1684 2597 1742 Ediﬁcasti
2631 1688 2723 1743 tibi
2751 1691 2967 1747 domum
3003 1696 3280 1763 parvulam
3318 1701 3595 1756 ctenacuia

2014 1794 2034 1827 ς
2077 1776 2360 1844 perﬁatiiia
2385 1779 2635 1835 distincta
2668 1780 2938 1849 fenestris,
2977 1793 3033 1839 et
3066 1788 3373 1858 contignata
3410 1792 3594 1860 cedro,

315 1862 459 1935 quod
490 1862 599 1918 cito
628 1862 845 1921 ﬂamma
885 1865 1091 1920 Domini
1118 1875 1528 1932 consumantur,
1559 1867 1603 1923 si
1632 1867 1908 1923 noluerint
1932 1854 1981 1915 Β
2014 1885 2033 1919 ι
2079 1875 2134 1922 et
2174 1868 2268 1922 lita
2315 1869 2579 1940 sinopide.
2608 1870 2859 1942 Nunquid
2903 1878 3173 1947 regnabis,
3204 1854 3326 1947 quia
3373 1887 3427 1935 tu
3459 1854 3592 1937 con;

316 1956 460 2013 illius
486 1957 767 2033 praeceptis
794 1959 1163 2030 acquiescere.
1196 1960 1314 2016 Alia
1350 1970 1532 2018 autem
1574 1973 1663 2018 est
1690 1963 1906 2018 sacriﬁ-

315 2047 458 2102 catio
488 2046 852 2104 interfectoris
870 2057 926 2104 et
946 2064 1223 2111 armorum
1245 2051 1392 2122 ejus:
1408 2052 1513 2111 alia
1535 2055 1903 2119 sacerdotum,

313 2145 369 2192 ct
395 2152 581 2191 eorum
622 2138 714 2208 qui
752 2140 1065 2211 ministrant
1090 2142 1340 2201 Domino.

391 2224 409 2280 ἀ
454 2226 629 2285 Nolite
681 2230 809 2297 ﬁere
864 2242 1171 2301 mortuum,
1228 2251 1405 2307 neque
1458 2236 1689 2307 lugeatis
1744 2252 1907 2308 super

322 2339 343 2373 ι
390 2337 533 2381 eum.
602 2322 752 2379 Fietu
795 2324 1034 2397 plangite
1099 2342 1220 2382 eum
1271 2330 1362 2398 qui
1421 2330 1738 2400 egreditur,-
1779 2330 1907 2400 quia

320 2433 339 2467 ι
387 2431 493 2471 non
528 2426 829 2473 revertetur
855 2418 1016 2486 ultra,
1047 2435 1149 2477 nec
1183 2420 1388 2481 videbit
1414 2431 1620 2479 terram
1648 2421 1904 2477 nativita-

320 2525 338 2558 ι
382 2507 448 2562 tis
476 2512 605 2564 suae.
662 2508 797 2581 Quia
827 2511 944 2567 haec
970 2512 1101 2568 dicit
1124 2513 1383 2571 Dominus
1409 2514 1478 2569 ad
1506 2514 1712 2570 Selium
1737 2515 1907 2569 ﬁlium

320 2618 339 2650 ι
382 2597 543 2659 Josize
593 2616 775 2674 regem
819 2603 977 2670 Juda,
1021 2606 1116 2676 qui
1160 2608 1409 2677 regnavit
1452 2623 1549 2677 pro
1577 2606 1722 2664 Josia
1755 2616 1909 2678 patre

322 2712 340 2744 ι
386 2710 505 2761 suo,
534 2696 625 2765 qui
652 2712 904 2769 egressus
929 2706 1015 2755 est
1039 2699 1106 2754 de
1134 2698 1256 2763 loco
1282 2700 1388 2763 isto
1414 2719 1428 2755 :
1460 2716 1569 2759 non
1607 2709 1909 2757 revertetur

321 2804 339 2835 ε
384 2783 491 2841 huc
517 2786 771 2856 amplius,
803 2789 901 2845 sed
945 2790 998 2853 in
1040 2789 1163 2857 loco
1194 2792 1260 2855 ad
1289 2806 1450 2861 (Luem
1480 2793 1733 2851 transtuli
1761 2809 1905 2861 eum,

323 2892 342 2925 ι
389 2874 460 2933 ibi
488 2878 769 2945 morietur,
787 2890 842 2937 et
863 2882 1240 2951 terramistam
1262 2900 1373 2945 non
1387 2884 1591 2941 videbit
1605 2884 1858 2956 amplius.
1883 2903 1903 2936 ι

314 2964 489 3022 Josias
513 2983 617 3024 rex
642 2969 824 3041 justus
874 2979 983 3029 tres
1006 2972 1144 3031 ﬁlios
1170 2975 1383 3042 habuit,
1414 2974 1669 3042 Joacbaz,
1700 2986 1757 3032 et
1784 2975 1910 3032 Joa-

316 3057 480 3123 chim,
518 3068 572 3140 et
614 3058 955 3123 Sedcchiam.
999 3064 1242 3137 Quorum
1281 3067 1516 3137 primum
1555 3082 1651 3124 rex
1688 3067 1908 3140 Egypti

315 3147 538 3210 Pharao
551 3150 766 3211 Nechao
793 3156 1063 3225 captivum
1094 3156 1251 3219 duxit
1275 3158 1329 3213 in
1368 3157 1684 3230 Egyptum,
1726 3160 1909 3230 ibique

2015 1977 2034 2010 ε
2081 1960 2256 2015 tendis
2286 1968 2475 2015 contra
2502 1961 2686 2017 Achaz
2713 1974 2924 2032 patrem
2953 1968 3142 2030 tuum?
3167 1968 3282 2024 Non
3310 1973 3598 2029 comedent

1972 2084 1977 2089 -
2013 2068 2035 2101 ι
2079 2056 2135 2104 et
2160 2065 2265 2104 non
2291 2051 2498 2107 bibent.
2528 2052 2718 2109 Melius
2751 2056 2857 2111 erit
2900 2057 2994 2111 tibi
3039 2054 3218 2114 facere
3246 2057 3512 2127 judicium
3543 2076 3598 2119 et

2014 2160 2034 2193 ι
2072 2139 2340 2210 justitiam
2368 2143 2584 2197 bonam.
2616 2144 2769 2199 Nunc
2801 2156 3186 2216 cognoverunt,
3241 2165 3347 2203 non
3386 2151 3602 2221 judica-

2016 2251 2036 2285 ι
2076 2242 2273 2289 verunt
2292 2233 2558 2303 judicium
2588 2230 3021 2307 humilis,neque
3029 2238 3293 2308 judicium
3323 2244 3597 2311 pauperis.

2015 2340 2035 2375 ι
2077 2322 2266 2379 Nonne
2304 2324 2410 2379 hoc
2462 2334 2546 2380 est
2583 2332 2635 2380 te
2684 2326 2936 2395 ignorare
2980 2342 3088 2392 me,
3127 2328 3259 2384 dicit
3290 2330 3595 2386 Dominus?

2016 2435 2034 2465 ι
2079 2414 2220 2471 Ecce
2237 2431 2346 2471 non
2364 2424 2494 2472 sunt
2517 2417 2659 2473 oculi
2682 2419 2761 2473 tui
2784 2420 2937 2487 recti,
2964 2435 3064 2475 nec
3085 2436 3181 2477 cor
3202 2430 3353 2477 tuum
3377 2423 3601 2493 bonum,

2015 2525 2035 2556 ι
2082 2507 2176 2561 sed
2197 2507 2264 2561 ad
2280 2508 2562 2562 avaritiam
2589 2516 2830 2575 tuam,et
2844 2519 2903 2565 ut
2918 2513 3233 2582 sanguinem
3255 2514 3601 2572 innocentem

2016 2615 2036 2648 ι
2081 2595 2348 2664 eﬁ‘uudas,
2372 2607 2431 2654 et
2455 2598 2521 2653 ad
2552 2600 2894 2670 iniquitatem
2920 2611 2977 2656 et
3013 2603 3385 2671 homicidium,
3420 2614 3481 2660 ut
3516 2605 3598 2661 fa-

2017 2706 2036 2739 ι
2081 2689 2197 2745 cias
2219 2705 2304 2745 ea.
2337 2709 2359 2742 ›
2393 2689 2689 2762 Utramque
2721 2694 3011 2752 editionem
3057 2712 3124 2752 ex
3169 2698 3380 2770 integro
3423 2703 3600 2772 posui,

2009 2790 2146 2838 utet
2174 2781 2439 2841 Hebraica
2482 2783 2704 2853 veritas,
2735 2793 2793 2841 ct
2826 2788 3111 2845 diﬂicultas
3148 2791 3379 2861 vulgatae
3411 2792 3606 2849 editio—
3674 2792 3683 2801 '
3714 2836 3721 2839 .

2012 2873 2097 2929 nis
2135 2873 2349 2929 facilius
2395 2888 2769 2947 cognoscatur.
2817 2876 2914 2934 Est
2951 2889 3131 2936 autem
3177 2897 3359 2939 sermo
3410 2893 3603 2940 contra

2009 2964 2257 3021 Inachim
2298 2966 2467 3022 ﬁlium
2492 2967 2654 3023 Josiae
2680 2970 2824 3041 regis
2853 2969 3022 3039 Judte,
3047 2973 3114 3028 de
3135 2989 3246 3045 quo
3269 2986 3431 3045 supra
3460 2975 3605 3031 dixi-

2010 3072 2134 3113 mus
2151 3074 2175 3123 ;_
2195 3073 2357 3128 quem
2404 3061 2684 3117 constituit
2728 3060 2947 3119 Nechao
2988 3063 3204 3121 Pharao
3247 3082 3341 3121 rex
3380 3066 3606 3140 [Ἑωριί

1980 3164 2110 3219 »ῃτο
2152 3148 2385 3205 Joacbaz
2437 3150 2607 3207 fratre
2652 3166 2792 3219 suo,
2845 3170 3005 3224 quem
3058 3157 3299 3213 vinctum
3347 3158 3501 3213 duxit
3550 3159 3607 3215 in

216 3258 217 3263 π
315 3253 562 3301 mortuus
583 3253 686 3309 est,
716 3254 774 3302 et
796 3248 1075 3313 constituit
1105 3264 1206 3320 pro
1227 3265 1294 3313 eo
1790 3228 1909 3321 ejus

2013 3240 2618 3314 dignum-Legimus
2652 3253 2855 3309 autem,
2898 3254 2958 3302 ut
3010 3256 3119 3303 tam
3154 3247 3381 3322 Regum,
3440 3260 3605 3321 quam
3652 3291 3656 3295 η

300 3329 557 3409 _Joacbim
585 3336 695 3409 (IV
729 3338 850 3411 Reg.
880 3356 1039 3407 xxiu,
1070 3357 1223 3408 xxiv,
1247 3342 1399 3415 xxv).
1432 3342 1551 3410 Quo
1577 3352 1794 3407 mortuo
1824 3359 1911 3400 re-

314 3427 501 3497 gnavit
533 3428 674 3483 ﬁlius
709 3429 828 3499 ejus
868 3429 1179 3497 Jechonias,
1217 3434 1311 3502 qui
1345 3448 1374 3487 a
1413 3433 1911 3493 Nabuchodonosor

314 3535 446 3595 rege
501 3521 798 3597 Babylonio
821 3563 837 3587 ,
882 3539 1006 3580 cum
1056 3533 1234 3583 matre
1290 3534 1346 3583 et
1392 3528 1740 3597 principibus
1790 3527 1911 3597 ejus

316 3611 512 3675 ductus
558 3622 642 3689 est
688 3613 741 3668 in
782 3615 1175 3684 captivitatem,
1216 3632 1319 3687 pro
1364 3633 1473 3687 quo
1515 3627 1745 3688 patruus
1790 3619 1910 3688 ejus

315 3704 565 3776 regnavit
588 3702 882 3763 Sedechias
909 3707 1025 3777 qui,
1048 3718 1206 3777 capta
1224 3707 1583 3776 ilierusalem,
1609 3711 1800 3767 ductus
1827 3717 1912 3767 est

316 3795 371 3852 in
406 3794 758 3867 Babylonem.
788 3796 1063 3866 Quaeritur
1090 3800 1272 3869 itaque
1300 3801 1423 3869 quis
1448 3800 1519 3856 sit
1543 3801 1647 3856 iste
1670 3802 1763 3871 qui
1792 3801 1908 3858 ﬁeri

315 3901 422 3941 non
452 3887 646 3942 debeat
673 3888 1057 3958 ducendusque
1090 3888 1159 3946 sit
1183 3889 1238 3945 in
1266 3890 1660 3959 captivitatem,
1685 3900 1741 3946 et
1767 3892 1910 3947 ultra

314 3995 422 4043 non
480 3995 821 4047 reversurus,
877 3996 998 4041 cum
1047 3991 1163 4037 tres
1206 3982 1350 4050 capti
1378 3982 1513 4048 siut,
1541 3991 1707 4051 atque
1734 3991 1910 4039 uana-

315 4073 482 4128 ducti.
538 4072 748 4131 Hebraei
792 4082 988 4143 putant
1043 4075 1149 4131 hoc
1188 4076 1443 4132 omnibus
1480 4077 1809 4143 convenire,
1857 4078 1910 4133 id

315 4177 419 4232 est,
456 4173 511 4220 et
540 4163 801 4230 Joachaz,
838 4177 899 4222 et
923 4166 1220 4235 Jechoniai,
1247 4178 1304 4224 et
1335 4168 1633 4237 Sedechiae,
1673 4173 1908 4243 appella-

316 4258 470 4328 rique
496 4273 686 4313 omnes
732 4258 871 4315 ﬁlios
904 4258 1066 4316 Josiae
1118 4260 1336 4326 Sellem,
1363 4264 1478 4319 sive
1507 4263 1732 4330 Selium,
1764 4268 1911 4337 quod

313 4344 701 4418 interpretatur
729 4352 1147 4417 consummatio,
1188 4351 1276 4407 vel
1322 4353 1637 4424 compietio,
1667 4371 1735 4411 eo
1764 4357 1909 4427 quod

314 4453 539 4510 regnum
566 4438 703 4496 Juda
720 4442 783 4499 in
810 4442 942 4513 ipsis
967 4443 1176 4499 ﬁnitum
1207 4445 1298 4500 sit.
1329 4445 1457 4501 Mihi
1482 4458 1666 4503 autem
1690 4451 1910 4521 preprie

314 4531 422 4590 hoc
446 4531 551 4587 dici
576 4533 790 4590 videtur
818 4535 887 4589 de
912 4534 1197 4600 Sedechia,
1234 4537 1302 4592 de
1331 4554 1439 4607 quo
1466 4548 1521 4594 et
1544 4544 1825 4610 prmsentis
1854 4550 1908 4599 et

314 4621 580 4694 pmteriti
610 4622 830 4693 capituli
860 4625 1142 4694 prophetia
1170 4635 1276 4692 est,
1313 4628 1367 4682 in
1396 4643 1505 4697 quo
1525 4644 1655 4685 vere
1675 4647 1905 4704 regnum

315 4708 453 4769 Iuda
481 4711 693 4769 ﬁnitum
717 4722 823 4777 est,
853 4717 958 4771 sub
983 4733 1092 4788 quo
1116 4725 1172 4773 et
1201 4718 1330 4773 urbs
1355 4730 1513 4790 capta
1540 4730 1644 4789 est,
1684 4725 1906 4780 ductus-

315 4820 424 4877 que
467 4806 523 4861 in
571 4807 921 4878 Babylonem,
962 4809 1035 4865 ibi
1074 4820 1322 4866 mortuus
1365 4813 1640 4870 scribitur.
1693 4815 1800 4871 iste
1824 4826 1909 4872 est

317 4898 542 4966 Selium,
572 4899 626 4957 id
664 4908 770 4966 est,
809 4903 1208 4961 consummatio
1231 4909 1396 4973 atque
1421 4904 1733 4975 compietio,
1766 4906 1913 4963 ﬁlius

315 4988 495 5054 Josia),
528 5005 622 5046 rex
649 4988 813 5057 Juda,
844 4992 937 5062 qui
976 4994 1225 5065 regnavit
1263 5006 1362 5064 pro
1389 4993 1533 5051 Josia
1589 5004 1742 5067 patre
1788 5013 1905 5055 suo.

314 5080 607 5138 Jecbonias
647 5090 829 5138 autem
875 5098 982 5138 non
1039 5084 1139 5138 fuit
1189 5083 1346 5146 ﬁlius,
1382 5086 1477 5140 sed
1520 5100 1689 5156 nepos
1723 5085 1905 5156 Josim,

319 5169 463 5226 ﬁlius
481 5169 749 5237 Joachim,
776 5180 839 5227 ut
866 5187 897 5226 a
927 5172 1195 5244 principio
1233 5173 1480 5239 visionis,
1503 5178 1719 5245 quando
1761 5178 1910 5233 misit

317 5263 388 5320 ad
438 5263 731 5320 Jeremiam
789 5281 884 5320 rex
946 5264 1242 5322 Sedechias
1291 5266 1531 5322 Pbassur
1576 5267 1745 5323 ﬁlium
1782 5268 1909 5323 Mel-

318 5356 478 5421 chiat,
504 5365 560 5412 et
578 5356 923 5431 Sophonisu;
934 5358 1103 5413 ﬁlium
1120 5356 1335 5414 Haasius
1354 5360 1714 5425 sacerdotem,
1738 5374 1908 5431 usque

320 5449 390 5507 ad
429 5448 570 5505 istud
612 5452 946 5520 capitulum,
992 5453 1176 5507 omnia
1222 5452 1295 5507 ad
1343 5467 1528 5521 regem
1575 5460 1632 5507 et
1668 5453 1737 5508 de
1784 5466 1908 5523 rege

321 5539 585 5598 Sedecbia
614 5541 721 5597 dini
746 5544 1132 5616 intelligamus.

392 5650 415 5686 σ
462 5632 554 5688 νω
609 5632 703 5703 qui
743 5634 978 5691 mdiﬁcat
1014 5638 1233 5692 domum
1273 5652 1425 5695 suam
1456 5639 1510 5693 in
1540 5637 1823 5707 injustitia,
1855 5644 1912 5694 et

319 5742 345 5779 r
385 5723 669 5783 canaeuia
691 5741 787 5782 sua
810 5741 918 5782 non
942 5728 997 5782 in
1014 5727 1239 5797 judicio.
1266 5729 1513 5785 Amicum
1542 5745 1699 5786 suum
1728 5729 1909 5801 oppri-

320 5831 348 5875 α
391 5817 491 5875 mit
517 5814 740 5886 frustra,
763 5826 820 5874 et
846 5820 1149 5876 mercedem
1175 5819 1291 5889 ejus
1324 5838 1432 5877 non
1483 5822 1670 5878 reddet
1715 5819 1765 5876 ei
1816 5818 1906 5889 qui

2011 3333 2458 3404 Paralipomenon
2514 3342 2703 3391 narrat
2755 3337 2979 3393 historia
3030 3338 3148 3411 (IV
3201 3339 3334 3413 Reg.
3379 3356 3516 3396 mu
3554 3351 3605 3397 et

1986 3438 2171 3490 .utv;
2217 3424 2281 3478 ΙΙ
2330 3421 2461 3479 Par.
2507 3425 2693 3497 xxvr),
2745 3427 2996 3484 undecim
3046 3431 3202 3487 amris
3251 3444 3508 3502 regnasse
3550 3432 3607 3487 in

2012 3514 2351 3570 Hierusalem
2372 3514 2619 3571 Joachim
2646 3517 2815 3572 ﬁlium
2846 3516 3025 3585 Josiae,
3059 3531 3111 3575 et
3136 3534 3389 3593 regnasse
3416 3523 3606 3579 crude-

2010 3605 2154 3671 liter,
2186 3612 2241 3660 et
2268 3607 2542 3663 exstitisse
2572 3608 2795 3679 impium
2835 3618 2890 3664 et
2924 3620 3111 3682 postea
3154 3620 3467 3681 mortuum;
3500 3630 3601 3671 nec

2010 3705 2191 3752 tamen
2216 3697 2335 3767 ejus
2358 3700 2637 3768 sepultura
2672 3708 2961 3768 narratur,
3007 3703 3147 3758 hanc
3190 3703 3422 3760 habente
3468 3706 3605 3760 scri-

2010 3800 2169 3867 pturg
2191 3802 2379 3847 sancta
2400 3794 2867 3859 consuetudinem,
2901 3803 2961 3849 ut
2988 3809 3176 3850 omnes
3206 3810 3360 3867 reges
3382 3804 3438 3851 et
3462 3812 3606 3851 mor-

2012 3856 2363 3937 M%efemt
2391 3890 2446 3936 et
2482 3882 2738 3951 sepultos.
2777 3856 2933 3940 Hunc
2956 3892 3136 3940 autem
3175 3856 3389 3956 proprie
3416 3894 3604 3941 narrat

2010 3979 2306 4037 mortuum,
2340 3979 2396 4027 et
2432 3988 2538 4026 non
2581 3973 2871 4043 sepultum,
2895 3975 2962 4029 de
2986 3990 3092 4044 quo
3119 3976 3362 4032 dicemus
3389 3978 3440 4031 in
3473 3991 3602 4032 eon-

2011 4064 2382 4133 sequentibus.
2432 4063 2650 4134 Plangit
2691 4065 2876 4134 itaque
2919 4080 3084 4137 supra
3134 4067 3336 4121 dictum
3395 4082 3598 4139 regem,

2009 4154 2155 4223 quod
2183 4152 2422 4210 conﬁdat
2462 4155 2515 4210 in
2553 4155 2815 4224 injustitia
2846 4171 2963 4221 sua,
2996 4163 3047 4209 et
3074 4165 3225 4226 putet
3260 4171 3381 4212 esse
3407 4172 3600 4227 perpe-

2012 4254 2160 4300 tuam
2188 4247 2390 4316 regiam
2420 4246 2755 4316 dignitatem,
2787 4247 3058 4318 faciatque
3086 4248 3187 4303 sibi
3218 4249 3520 4315 caenaculo,
3546 4256 3603 4305 et

2011 4338 2215 4393 amicos
2251 4339 2543 4409 opprimat,
2575 4340 3032 4411 operantibusque
3073 4355 3181 4396 non
3224 4341 3415 4396 reddat
3462 4354 3604 4397 mer-

2007 4432 2195 4486 cedem
2219 4447 2393 4499 suam,
2432 4441 2489 4487 et
2533 4440 2793 4488 retentam
2836 4434 3023 4504 palatii
3070 4418 3151 4489 sui
3187 4432 3601 4489 azdiﬁcationem
3662 4442 3675 4505 ξ

2011 4526 2326 4581 arbitretur.
2359 4524 2641 4596 Nunquid,
2670 4526 2748 4580 ait
2771 4541 2949 4580 sermo
2973 4526 3205 4589 divinus,
3252 4540 3479 4595 regnare
3508 4541 3601 4595 po-
3664 4517 3671 4529 ’

2008 4616 2145 4671 teris
2170 4618 2560 4687 inperpetuum
2579 4656 2593 4680 ,
2622 4616 2873 4685 quoniam
2905 4615 3153 4672 conferre
3181 4627 3233 4671 te
3260 4616 3411 4686 cupis
3439 4618 3603 4670 cedro

2004 4709 2258 4770 excelsae,
2286 4708 2427 4778 patri
2455 4716 2544 4762 tuo
2568 4706 2747 4776 Josize,
2776 4710 3061 4774 videlicet,
3092 4708 3242 4776 justo
3271 4709 3428 4777 regi?
3453 4729 3469 4757 ι
3506 4709 3602 4762 Pa-

2015 4806 2121 4862 ter,
2153 4798 2349 4868 inquit,
2382 4807 2528 4863 tuus,
2551 4804 2607 4853 et
2637 4798 2870 4852 comedit
2898 4807 2952 4851 et
2973 4798 3130 4863 bibit,
3163 4816 3181 4851 ι
3214 4805 3268 4851 et
3296 4797 3493 4853 fruitus
3520 4808 3606 4854 cst

2013 4887 2208 4956 opibus
2235 4887 2399 4957 regiis
2418 4928 2433 4954 ,
2458 4902 2559 4943 nec
2593 4896 2770 4942 tamen
2802 4888 2856 4943 in
2881 4903 2946 4943 eo
2970 4888 3193 4943 offendit
3230 4888 3429 4954 Deum,
3459 4890 3603 4959 quod

2018 4979 2206 5034 habuit
2250 4978 2497 5047 divitias;
2541 4979 2634 5035 sed
2680 4980 2735 5034 in
2780 4995 2844 5035 eo
2879 4979 3101 5051 placuit,
3134 4982 3278 5051 quod
3307 4980 3436 5036 fecit
3459 4979 3603 5050 judi-
3683 5022 3697 5033 ι

2019 5067 2164 5122 cium
2219 5075 2383 5138 atque
2425 5068 2714 5137 justitiam,
2749 5074 2802 5124 et
2842 5068 3046 5125 idcirco
3090 5078 3197 5125 tam
3250 5073 3303 5126 in
3352 5075 3606 5142 praesenti

2020 5159 2212 5214 sarculo
2228 5175 2390 5230 quam
2409 5160 2462 5215 in
2485 5160 2665 5216 futuro
2692 5161 2827 5216 bene
2861 5161 2909 5216 ei
2935 5160 3243 5218 fuiteterit.
3271 5181 3289 5214 ι
3312 5162 3602 5234 iudicavit,

2016 5249 2214 5319 inquit,
2235 5266 2454 5306 causam
2488 5250 2741 5322 pauperis
2777 5259 2831 5306 et
2867 5252 3045 5323 egeni,
3079 5273 3097 5306 ι
3126 5263 3180 5307 et
3212 5254 3264 5307 in
3300 5269 3486 5309 eorum
3514 5271 3601 5310 re-

2014 5341 2317 5413 frigerium,
2333 5358 2469 5408 quos
2482 5340 2702 5419 audivit,
2735 5350 2790 5395 et
2807 5343 3025 5412 proprie
3042 5362 3060 5393 ι
3087 5342 3141 5397 in
3156 5343 3353 5398 bonum
3371 5352 3547 5399 sunm.
3574 5361 3595 5398 ι

2016 5428 2142 5486 ΙΙωο
2165 5440 2345 5485 autem
2377 5432 2553 5487 omnia
2585 5427 2881 5487 evenerunt
2916 5435 2964 5488 ei
2994 5448 3274 5506 prospera,
3315 5453 3333 5487 ς
3354 5437 3478 5506 quia
3512 5452 3599 5493 me

2011 5539 2283 5608 cognovit,
2305 5536 2433 5623 dicit
2454 5526 2737 5613 Dominus.
2762 5560 2781 5594 ι
2805 5538 2905 5596 Tui
2936 5556 3086 5610 vero,
3104 5556 3137 5597 ο
3164 5541 3428 5619 ioachim,
3456 5540 3616 5629 oculi.

2011 5633 2278 5692 declinant
2308 5632 2375 5688 ad
2402 5616 2706 5696 avaritiam,
2734 5639 2790 5688 et
2816 5643 2875 5689 ut
2901 5616 3242 5691 innocentem
3282 5633 3610 5715 sanguinem

2011 5725 2225 5792 fundas,
2256 5724 2721 5790 ari-calumniam,
2765 5733 2819 5779 et
2860 5725 2926 5780 ad
2977 5741 3190 5782 cursum
3238 5725 3363 5780 mali
3397 5723 3609 5801 operis.

2010 5814 2171 5873 Juxta
2202 5813 2552 5888 Septuaginta
2584 5818 2714 5870 vero
2741 5830 2902 5884 quem
2931 5832 3145 5872 sensum
3190 5817 3422 5870 habeant
3443 5810 3598 5869 intel-
