4008 6340
471 333 578 393 975
1115 331 1175 384 Β.
1219 327 1474 384 RABANI
1511 326 1733 384 MAURI
1767 323 2088 383 ARCHIEP.
2131 323 2438 382 MOGUNT.
2474 321 2760 382 OPERUM
2800 323 2979 383 PARS
3017 326 3106 383 Ill.
3665 329 3808 385 976

466 448 636 520 ligere
658 461 776 505 non,
793 459 1030 515 possum.
1058 443 1192 499 Cum
1220 444 1365 499 enim
1400 451 1595 498 uetera
1635 442 1740 498 sibi
1774 441 1951 512 aliqua
1979 455 2049 496 ex
2073 442 2125 503 Α
2157 457 2176 492 ι
2217 454 2324 495 non
2372 439 2567 496 audisti
2606 455 2794 496 vocem
2833 457 3028 497 meam.
3077 441 3277 498 Omnes
3321 454 3590 515 pastores
3621 447 3800 515 (sine

468 547 622 611 parte
647 537 1004 602 consentiant,
1028 535 1155 590 illud
1185 535 1326 604 quod
1357 534 1611 589 infertur:
1637 551 1656 585 ι
1682 533 1932 602 Nunquid
1961 547 2050 588 re-
2159 550 2178 585 ι
2217 533 2510 602 amatores)
2548 538 2671 588 tuos
2711 540 2900 604 pascet
2937 542 3153 600 ventus,
3186 543 3241 589 et
3285 544 3577 591 amatores
3631 537 3796 608 (sive

470 635 680 706 gnabis,
717 632 972 704 quoniam
1002 639 1058 685 tu
1081 629 1372 686 contendas
1409 629 1464 683 in
1496 627 1677 682 Aehaz
1706 634 1859 698 patre
1878 626 2006 682 tuo?
2026 643 2045 678 ι
2159 642 2179 678 ι
2220 625 2400 696 amici)
2427 625 2503 680 tui
2536 626 2590 681 in
2629 626 2993 697 captivitatem
3023 628 3198 693 ibunt,
3227 637 3284 684 et
3309 630 3693 687 confunderis
3719 641 3792 688 et

466 739 567 794 pro
591 739 698 795 quo
721 724 778 777 in
803 722 1072 777 Hebraico
1107 720 1365 790 scriptum
1386 726 1472 774 est
1497 729 1603 778 his
1622 758 1638 783 ,
1675 725 1732 772 et
1752 716 1842 773 hic
1869 729 2052 773 sermo
2159 735 2178 768 ι
2219 717 2508 773 erubesces
2536 718 2604 774 ab
2633 719 2781 774 omni
2809 718 3010 774 malitia
3051 728 3162 774 tua.
3198 719 3328 787 Quae
3365 721 3528 776 sedes
3554 723 3624 777 in
3675 724 3788 778 Li-

469 817 695 872 cedrum
723 813 1012 888 significet,
1048 811 1388 868 manifestum
1418 819 1501 865 est
1527 810 1668 880 quod
1695 809 1898 864 nullum
1929 823 2052 864 sen-
2159 826 2178 860 ι
2221 808 2380 874 bane,
2403 817 2468 864 'et
2502 808 2746 865 nidificas
2769 810 2824 865 in
2851 810 3050 878 cedris,
3079 813 3349 883 quomodo
3377 818 3781 886 congemuisti

2158 916 2177 949 ι
2222 914 2345 952 cum
2358 899 2636 954 venissent
2656 901 2754 956 tibi
2772 899 3165 973 dolores'quasi
3192 903 3403 960 dolores
3422 907 3780 976 parturien-

2156 1007 2175 1038 ι
2217 988 2319 1043 tis?
2347 1008 2366 1041 ι
2399 989 2504 1045 Per
2533 992 2904 1061 metaphoram
2935 992 3124 1048 Libani
3147 1004 3200 1049 et
3225 995 3421 1062 Basan,
3450 1000 3774 1070 regionum

2150 1085 2207 1132 et
2230 1079 2494 1135 montium
2527 1092 2678 1137 trans
2701 1080 2989 1138 Iordanem
3017 1085 3084 1138 ad
3108 1084 3406 1143 Jerusalem
3445 1105 3652 1146 sermo
3682 1093 3779 1146 di-

2150 1170 2366 1240 rigitur,
2388 1172 2531 1241 quod
2577 1172 2778 1229 frustra
2805 1174 2859 1230 in
2888 1173 3123 1248 Egypto
3152 1178 3223 1233 sit
3253 1181 3454 1236 conﬁsa
3475 1222 3490 1247 ,
3529 1182 3666 1236 sive
3695 1184 3772 1238 ad

2153 1260 2328 1329 ipsum
2357 1260 2626 1331 Joachim,
2653 1265 2744 1334 qui
2769 1279 2835 1321 eo
2867 1273 3107 1336 tempore
3133 1270 3392 1339 regnabat
3428 1272 3486 1325 in
3513 1271 3770 1328 Jerusav

2151 1354 2280 1420 lem,
2309 1361 2366 1409 et
2392 1355 2474 1410 ab
2517 1354 2784 1427 {Egyptiis
2827 1371 2921 1412 rex
2971 1355 3148 1414 fuerat
3197 1363 3557 1425 constitutus,
3604 1365 3768 1433 quod

2151 1444 2352 1500 frustra
2380 1445 2756 1516 Egyptiorum
2789 1457 2968 1517 speret
3016 1450 3393 1507 auxilium:et
3441 1454 3597 1522 quod
3654 1457 3766 1524 ipsi

2151 1549 2366 1605 quoque
2393 1551 2422 1589 a
2444 1535 2734 1608 Babylonio
2763 1552 2889 1608 rege
2917 1541 3208 1608 superandi
3253 1543 3389 1608 sint,
3416 1554 3473 1598 et
3508 1546 3764 1601 ducendi

2150 1629 2207 1684 in
2236 1629 2605 1698 captivitatem
2633 1627 2739 1700 (IV
2770 1628 2902 1700 Reg.
2933 1631 3109 1703 χχιιι).
3139 1632 3403 1704 Quodque
3433 1636 3514 1690 ait
3541 1655 3553 1690 :
3584 1656 3606 1688 ι
3639 1637 3761 1692 Lo-

2151 1727 2307 1774 cutus
2335 1735 2454 1774 sum
2481 1720 2548 1774 ad
2573 1728 2655 1785 te,
2677 1739 2696 1771 ι
2722 1721 2825 1776 hoc
2861 1731 2945 1776 est
2969 1723 3083 1793 ipse
3115 1724 3256 1780 Deus
3291 1741 3389 1796 per
3415 1729 3759 1798 prophetas,

471 924 591 964 sum
615 909 833 963 habeat.
858 905 990 960 Illud
1005 920 1216 974 quoque
1235 903 1378 974 quod
1401 902 1662 971 sequitur,
1692 921 1709 952 ι
1736 916 1844 956 non
1871 915 2051 956 come-

468 1000 616 1064 dent,
631 1008 686 1054 et
708 1013 813 1054 non
833 997 1042 1062 bibent,
1066 1016 1084 1048 ι
1103 1004 1160 1050 et
1185 1004 1402 1060 camera,
1418 992 1783 1064 quaeitainter
1811 1007 1868 1046 se
1892 989 2050 1046 dissi-

467 1101 596 1164 pata
619 1098 763 1156 sunt,
786 1097 946 1159 atque
962 1087 1207 1152 confusa,
1226 1094 1284 1140 ut
1304 1086 1506 1155 absque
1525 1083 1753 1140 veritate
1770 1081 2049 1137 Hebraicae

467 1181 716 1249 lectionis
772 1179 971 1235 nullam
1007 1177 1412 1249 intelligentiam
1461 1176 1712 1230 habeant.
1757 1173 2050 1230 Possumus

467 1279 647 1326 autem
672 1271 817 1324 hunc
847 1269 1022 1324 locum
1043 1267 1198 1336 juxta
1238 1280 1515 1336 anagogen
1549 1272 1738 1318 contra
1762 1263 2048 1318 haereticos

469 1364 733 1432 accipere,
768 1363 859 1432 qui
893 1361 1162 1417 aedificant
1186 1358 1289 1414 sibi
1313 1359 1530 1412 domum
1557 1372 1664 1411 non
1688 1370 1960 1426 magnam,
1991 1362 2049 1409 et

463 1455 718 1512 Ecclesia:
745 1457 993 1526 pubertate
1023 1451 1364 1514 latissimam,
1394 1449 1487 1503 sed
1516 1446 1817 1516 parvulam.
1849 1445 2046 1499 IEdifi-

465 1555 593 1603 cant
637 1555 820 1601 autem
857 1559 965 1599 non
1017 1557 1139 1598 cum
1181 1539 1388 1609 justitia
1429 1546 1589 1607 atque
1612 1535 1838 1605 judicio,
1869 1535 2046 1589 aliena

465 1640 698 1710 diripere
739 1637 1036 1708 cupientes.
1088 1632 1239 1689 Unde
1281 1631 1521 1686 dicitur:
1569 1647 1588 1680 ι
1616 1627 1918 1682 Ediﬁcasti
1951 1627 2046 1682 tibi

465 1731 682 1786 domum
701 1728 1000 1800 parvulam,
1017 1724 1291 1780 coenaeula
1314 1720 1617 1792 perflatilia,
1640 1739 1657 1772 ι
1673 1736 1794 1790 quae
1815 1720 2048 1774 circum-

462 1798 1046 1876 ferunturomnivento
1061 1816 1338 1881 doctrinm,
1356 1834 1374 1866 ι
1392 1824 1449 1868 et
1465 1814 1718 1869 distincta
1731 1812 1999 1868 fenestris.
2022 1829 2038 1862 ι
2075 1798 2123 1860 Β
2151 1812 2266 1867 sive
2295 1830 2313 1862 ι
2358 1811 2521 1866 locuti
2551 1821 2677 1867 sunt
2706 1814 2774 1868 ad
2801 1821 2875 1880 te,
2915 1834 2932 1866 ›
2967 1825 3026 1869 ιιι
3052 1818 3421 1886 subaudiatur,
3454 1824 3762 1892 prophetae

463 1913 581 1968 Non
605 1913 750 1968 enim
781 1911 979 1966 habent
1005 1917 1321 1980 perpetuum
1345 1905 1654 1970 mdificium,
1689 1919 1790 1959 nec
1817 1903 2044 1958 solidam

466 2002 798 2056 firmitatem.
836 2017 854 2050 ι
890 1999 958 2053 Ει
985 1998 1316 2068 contignata,
1343 1996 1537 2066 inquit,
1564 1995 1747 2050 cedro.
1791 2013 1810 2046 ι
1845 1992 2044 2048 Viden-

467 2103 555 2146 tur
591 2092 808 2161 quidem
851 2089 1306 2161 contignationem
1355 2087 1559 2142 habere
1600 2085 2042 2156 pulcherrimam,

464 2184 556 2239 sed
577 2184 644 2238 ad
663 2183 863 2242 imbres
881 2191 937 2237 et
963 2180 1398 2252 persecutionum
1428 2177 1923 2252 tempestatemcito
1942 2192 2041 2246 pu-

464 2285 705 2332 trescunt
717 2285 772 2331 et
797 2250 1076 2332 corruunt.
1091 2293 1108 2326 ι
1129 2274 1353 2344 Litaque
1375 2273 1670 2342 sinopide.»
1688 2272 1756 2326 Et
1781 2250 1881 2341 ipsi
1899 2269 2044 2325 enim

464 2367 766 2436 passionem
809 2365 1021 2420 Domini
1056 2373 1111 2420 et
1139 2364 1456 2436 sanguinem
1485 2362 1827 2434 pollicentur,
1867 2360 1959 2416 sed
1989 2359 2044 2413 in

459 2465 778 2527 perpetuum
805 2471 912 2511 non
941 2464 1188 2527 regnant,
1221 2455 1347 2524 quia
1381 2453 1711 2508 contendunt
1741 2461 1795 2506 et
1823 2451 1890 2506 ad
1931 2451 2040 2504 ira-

459 2549 710 2603 cundiam
728 2548 1196 2618 provocantArcz,
1212 2547 1264 2602 id
1281 2555 1363 2601 est
1385 2546 1603 2601 cedrum
1635 2552 1844 2615 patrem
1862 2555 2039 2597 suum.

459 2643 648 2698 Omnis
693 2643 839 2698 enim
886 2642 1174 2698 luereticus
1203 2640 1445 2695 nascitur
1475 2639 1531 2693 in
1565 2636 1824 2699 Ecclesia,
1857 2635 1950 2690 sed
1977 2633 2044 2688 de

459 2731 700 2789 Ecclesia
734 2733 1036 2804 projicitur,
1089 2741 1145 2788 et
1193 2730 1468 2786 contendit
1508 2739 1563 2785 et
1603 2735 1814 2800 pugnat.
1853 2732 2044 2782 contra

460 2836 763 2899 parentem.
804 2828 1066 2898 Quodque
1095 2825 1257 2882 infert
1289 2844 1301 2880 :
1340 2845 1358 2877 ι
1393 2824 1514 2879 Non
1539 2825 1823 2880 comedent
1850 2830 1906 2880 et
1934 2836 2044 2877 non

462 2918 666 2982 bibent,
697 2937 716 2970 ι
752 2917 1070 2972 subauditur
1108 2931 1304 2986 corpus
1348 2922 1404 2969 et
1439 2914 1754 2985 sanguinem
1801 2911 2043 2967 Salvato-

465 3007 566 3074 ris,
594 3015 898 3075 ceteraque
924 3007 1010 3061 his
1047 3006 1263 3071 similia,
1295 3019 1646 3074 erroremque
1671 3018 1888 3058 omnem
1910 3000 2046 3057 dicit

442 3098 590 3154 inde
615 3097 960 3160 descendere,
993 3097 1136 3166 quod
1174 3093 1539 3165 ignoraverint
1579 3093 1770 3158 Deum,
1807 3107 1911 3147 nec
1949 3092 2045 3146 ha-

2147 1901 2273 1977 mei,
2297 1919 2317 1952 ι
2337 1908 2392 1956 et
2417 1911 2472 1955 tu
2500 1901 2554 1956 in
2585 1895 2913 1958 abundantia
2942 1913 3032 1959 tua
3058 1906 3239 1962 dixisti
3267 1925 3280 1962 :
3315 1924 3422 1964 non
3451 1911 3756 1966 audiam.»

2146 1993 2472 2064 Arguit-eam
2496 1996 2760 2065 superbiat
2785 2005 2841 2051 et
2865 1997 3008 2065 quod
3027 1997 3339 2055 divitiarum
3361 2007 3765 2076 magnitudine

2147 2085 2314 2140 abusa
2341 2085 2412 2140 sit
2431 2086 2486 2140 in
2511 2095 2876 2158 contemptum
2897 2088 3022 2156 Dei,
3052 2099 3109 2146 et
3128 2103 3315 2148 narrat
3337 2097 3480 2164 quod
3512 2113 3630 2152 non
3664 2115 3763 2156 so-

2147 2179 2255 2233 lum
2291 2181 2395 2236 hoc
2428 2189 2691 2251 tempore,
2721 2183 2817 2237 sed
2839 2190 2894 2237 et
2927 2181 2996 2237 ab
3022 2183 3178 2239 initio
3203 2190 3416 2256 quando
3445 2190 3655 2246 educta
3679 2193 3762 2249 sit

2146 2271 2213 2326 de
2237 2271 2488 2342 Egypto,
2518 2287 2624 2327 non
2659 2273 2890 2327 audierit
2920 2288 3105 2329 vorem
3134 2275 3250 2332 Dei.
3276 2277 3426 2334 Unde
3452 2289 3510 2335 et
3547 2297 3760 2339 omnes

2146 2373 2391 2432 pastores
2415 2362 2533 2431 ejus
2566 2372 2622 2418 et
2651 2363 2923 2434 principes
2948 2367 3055 2420 huc
3082 2366 3312 2438 illucque
3340 2371 3578 2441 dispersi
3607 2376 3753 2440 sint,

2146 2463 2203 2510 et
2227 2455 2528 2524 captivitati
2557 2456 2863 2528 Babylonia
2891 2457 3029 2512 colla
3065 2460 3433 2518 submiserint.
3464 2464 3755 2537 Quodque

2147 2545 2330 2613 infert,
2360 2567 2379 2599 ι
2409 2562 2528 2617 qua:
2553 2548 2710 2604 sedes
2731 2550 2784 2603 in
2807 2548 3106 2618 Libano,et
3135 2553 3379 2610 nidificas
3401 2557 3456 2610 in
3481 2559 3698 2625 cedris,
3725 2580 3744 2610 ι

2149 2643 2517 2713 arrogantiam
2543 2642 2810 2713 suggillat,
2829 2659 2950 2713 quae
2977 2645 3045 2700 de
3068 2646 3308 2702 omnium
3335 2664 3514 2704 rerum
3547 2668 3751 2708 creve-

2146 2743 2234 2790 rat
2272 2736 2636 2801 abundantia,
2678 2731 2734 2791 ét
2778 2737 2921 2806 quod
2960 2736 3136 2794 instar
3171 2739 3410 2795 mulieris
3448 2758 3747 2814 puerpera

2148 2828 2463 2898 repentinus
2490 2829 2542 2884 ei
2565 2829 2718 2885 dolor
2759 2837 2815 2884 et
2833 2829 3010 2885 subita
3035 2831 3216 2885 veniat
3242 2833 3550 2901 captivitas.
3581 2837 3746 2903 Quod

2147 2925 2328 2973 autem
2358 2932 2457 2974 nos
2483 2917 2755 2974 diximus:
2777 2936 2798 2971 ι
2824 2919 3009 2975 Clama
3041 2921 3107 2976 ad
3135 2929 3508 2988 transeuntes,
3540 2945 3560 2975 ι
3595 2935 3653 2980 et
3682 2929 3740 2980 in

2149 3008 2416 3065 Hebraieo
2443 3009 2702 3081 scriptum
2724 3018 2830 3075 est,
2854 3019 3116 3076 Dium,
3161 3010 3514 3084 Septuaginta
3547 3014 3740 3071 Theo-

2151 3101 2406 3170 dotioque
2431 3108 2728 3167 verterunt,
2750 3109 2898 3155 trans
2922 3115 3085 3165 mare,
3111 3091 3584 3171 Symmachusfde
3607 3122 3742 3160 con-

459 3187 624 3244 beant
666 3195 847 3241 rectos
892 3185 1096 3250 oculos,
1146 3184 1238 3240 sed
1279 3199 1374 3238 cor
1409 3197 1597 3238 eorum
1620 3197 1852 3252 pronum
1879 3182 1952 3236 sit
1976 3181 2045 3236 ad
2073 3155 2120 3219 (ἶ
2150 3205 2256 3263 ιτα,
2288 3155 2350 3251 ul;
2376 3193 2680 3264 signiﬁcem
2713 3155 2865 3266 'quod
2892 3209 2994 3249 vox
3035 3155 3401 3264 νλιοιξιιθιωίῇξ

443 3275 774 3350 .avaritiam,
801 3283 862 3329 ut
881 3274 1056 3328 aliena
1081 3274 1356 3342 diripiant,
1382 3280 1438 3326 et
1459 3272 1804 3341 deceptorum
1831 3271 2047 3343 sangui-

440 3383 585 3424 nem
639 3366 914 3421 fundant:
961 3367 1066 3421 hoc
1113 3375 1197 3421 est
1244 3365 1386 3420 enim
1433 3364 1615 3420 facere
1671 3362 2044 3418 homicidium.

444 3457 704 3515 Obscura
729 3456 889 3511 latius
918 3456 1228 3512 disserenda
1263 3463 1407 3511 sunt.

535 3569 554 3599 ι
598 3547 890 3619 Propterea
918 3547 1034 3602 haec
1059 3546 1189 3602 dicit
1207 3545 1467 3602 Dominus
1492 3547 1562 3602 ad
1618 3547 1832 3602 oachim
1871 3544 2045 3601 filium

463 3663 482 3694 ι
526 3641 686 3698 Josia:
714 3657 898 3713 regem
924 3639 1076 3697 Iudae
1103 3658 1116 3695 :
1146 3640 1262 3695 Non
1290 3641 1546 3711 plangent
1569 3655 1714 3705 eum,
1743 3655 1823 3694 vae
1853 3639 2040 3706 frater,

438 3753 482 3785 ,ι
526 3741 582 3786 et
603 3748 684 3787 v:e
711 3747 884 3797 soror,
924 3746 1032 3786 non
1070 3732 1469 3799 concrepabunt
1491 3731 1564 3795 ei,
1606 3745 1687 3785 va:
1715 3729 1958 3793 Domine,
1989 3736 2045 3783 et

465 3843 486 3877 ι
528 3840 611 3880 va:
640 3824 858 3896 inclyte,
897 3823 993 3878 sed
1021 3822 1295 3892 sepultura
1335 3821 1472 3877 asini
1509 3820 1822 3892 sepelietur,
1857 3807 2043 3891 putre-

461 3931 483 3967 ι
529 3913 708 3970 factus
731 3922 790 3968 et
807 3911 1078 3982 projectus
1103 3921 1256 3967 extra
1279 3918 1463 3982 portas
1488 3909 1844 3968 Hierusalem.
1882 3932 1900 3965 ι
1928 3910 2042 3967 Hoc

431 4027 443 4059 ,ς
455 4009 603 4079 quod
644 4021 744 4062 nos
789 4004 858 4059 de
903 4004 1168 4060 Hebraico
1220 4004 1542 4074 posuimus:
1581 4023 1600 4057 ι
1635 4020 1745 4060 ιιοιι
1787 4004 2042 4075 plangent

436 4113 600 4160 eum,
629 4111 709 4151 va:
746 4094 936 4161 frater,
981 4103 1037 4151 et
1079 4111 1161 4150 vae
1192 4109 1362 4159 soror,
1403 4114 1423 4148 ι
1455 4095 1513 4150 in
1551 4093 1899 4164 Septuaginta
1932 4108 2039 4150 non

459 4189 712 4253 habetur,
738 4187 1063 4258 proprieque
1109 4187 1306 4242 dicitur
1344 4193 1530 4240 contra
1573 4184 1818 4240 Joachim
1858 4201 2038 4256 regem

458 4279 621 4343 Ju'da,
649 4287 705 4333 et
733 4279 976 4348 aperitur
999 4276 1249 4346 aenigma,
1278 4276 1420 4344 quod
1449 4276 1602 4344 prius
1626 4276 1910 4332 videbatur
1952 4291 2038 4332 oc-

437 4379 688 4433 cultum,
718 4377 776 4422 et
804 4369 946 4422 inter
983 4377 1093 4422 tres
1123 4366 1319 4422 fratres
1359 4366 1691 4436 ambiguum,
1741 4374 1800 4421 ut
1831 4381 1937 4422 non
1967 4367 2039 4422 sit

2148 3302 2320 3358 usque
2347 3286 2415 3340 ad
2446 3293 2688 3342 montem
2723 3283 2989 3341 Libanum
3018 3294 3074 3342 et
3110 3285 3287 3343 Basan
3318 3288 3512 3346 debeat
3534 3306 3737 3362 perve-

2146 3381 2285 3437 nire.

2220 3491 2240 3523 ι
2271 3470 2404 3527 Vivo
2423 3484 2544 3542 ego,
2569 3469 2700 3525 dicit
2728 3469 3007 3536 Dominus,
3033 3470 3158 3549 quia
3182 3471 3226 3526 si
3248 3471 3410 3526 fuerit
3433 3469 3732 3530 Jeehonias

2151 3583 2170 3617 ‹
2215 3561 2516 3636 [Chonias),
2549 3562 2690 3616 filius
2735 3560 2978 3617 Joacbim
3013 3563 3154 3633 regis
3197 3562 3369 3630 Juda,
3397 3565 3636 3623 annulus
3676 3568 3730 3622 in

2151 3675 2169 3707 ι
2210 3669 2372 3709 manu
2403 3654 2627 3709 dextera
2652 3667 2795 3716 mea,
2826 3652 2952 3708 inde
2978 3653 3205 3708 evellam
3228 3669 3354 3710 eum
3382 3654 3511 3727 (sive
3543 3657 3643 3726 te),
3675 3667 3729 3713 et

2149 3764 2170 3798 ι
2213 3745 2350 3801 dabo
2382 3744 2513 3799 tein
2543 3759 2704 3799 manu
2729 3743 3084 3813 quaerentium
3110 3744 3346 3800 animam
3389 3756 3555 3810 tuam,
3585 3758 3646 3803 et
3673 3749 3726 3804 in

2125 3854 2168 3888 ,ι
2211 3850 2374 3891 manu
2419 3850 2648 3904 quorum
2689 3843 2747 3888 tu
2786 3833 3046 3889 formidas
3089 3836 3317 3902 faciem;
3361 3845 3417 3892 et
3458 3838 3512 3892 in
3559 3855 3725 3895 manu

2147 3945 2168 3979 ι
2209 3923 2701 3981 Nabuchodonosor
2742 3925 2883 3995 regis
2911 3923 3199 3996 Babylonis
3228 3926 3388 3996 (quod
3416 3926 3469 3980 in
3493 3924 3725 3997 Septua-

2147 4037 2167 4070 ι
2209 4017 2354 4088 ginta
2401 4032 2506 4070 non
2542 4014 2808 4086 habetur),
2841 4024 2898 4070 et
2936 4015 2991 4070 in
3024 4030 3196 4080 ,manu
3225 4014 3623 4083 Chaldaeorum,
3672 4027 3726 4073 et

2146 4129 2164 4160 ι
2209 4109 2418 4163 mittam
2448 4115 2504 4162 te
2546 4107 2671 4180 (sine
2712 4106 2991 4177 projiciam
3040 4106 3134 4178 te),
3162 4115 3221 4162 et
3271 4115 3497 4162 matrem
3547 4117 3720 4174 tuam,

2128 4200 2164 4252 ἰ
2204 4213 2325 4266 quae
2350 4197 2536 4268 genuit
2564 4204 2639 4262 te,
2670 4197 2724 4252 in
2751 4205 2952 4252 terram
2980 4196 3232 4262 alienam,
3257 4199 3311 4267 in
3338 4213 3442 4268 qua
3470 4201 3580 4255 nati
3611 4217 3720 4258 non

2147 4311 2164 4341 ι
2205 4289 2356 4355 estis,
2386 4288 2571 4358 ibique
2591 4287 2916 4354 moriemini,
2939 4295 2994 4342 et
3022 4287 3076 4341 in
3105 4295 3306 4342 terram
3335 4290 3402 4344 ad
3427 4305 3588 4360 quam
3617 4291 3718 4360 ipsi

2145 4398 2165 4431 ι
2204 4379 2383 4434 levant
2430 4378 2665 4434 animam
2718 4392 2896 4443 suam,
2921 4385 2983 4432 ut
3011 4387 3356 4434 revertantur
3381 4379 3507 4434 illuc
3531 4391 3588 4435 et
3610 4396 3717 4436 non

459 4474 640 4516 sermo
677 4457 1028 4522 deJoachaz,
1059 4471 1232 4525 neque
1271 4456 1335 4510 de
1370 4453 1652 4522 Sedechia,
1686 4455 1776 4512 sed
1820 4457 2038 4527 proprie

2147 4490 2165 4522 ι
2212 4479 2568 4526 revertentur.
2600 4489 2618 4520 ι
2649 4470 2821 4538 Supra
2868 4470 3094 4534 dixerat,
3125 4489 3144 4521 ι
3173 4471 3356 4527 domui
3411 4472 3553 4542 regis
3582 4471 3718 4528 Juda

436 4551 526 4620 \de
545 4549 792 4606 Joacbim
827 4565 839 4601 :
873 4562 1031 4617 quem
1077 4543 1418 4600 interfectum
1466 4561 1496 4599 a
1531 4544 1844 4600 latrunculis
1873 4545 2036 4601 Chal-

439 4642 720 4706 daeorum,
751 4638 938 4708 Syria,
968 4635 1399 4691 Ammonitarum
1437 4643 1493 4690 et
1523 4634 1892 4700 Moabitarum,
1927 4633 2038 4689 He-

435 4735 604 4789 ;braea
630 4739 817 4788 narrat
847 4728 1090 4785 historia.
1132 4726 1283 4781 Unde
1319 4727 1452 4780 etin
1489 4725 1769 4780 Malachim
1797 4733 2038 4779 mortuus

435 4825 740 4890 «scribitur,
764 4832 818 4877 et
843 4820 1082 4890 sepultus
1108 4825 1318 4873 tacetur
1343 4815 1450 4889 (IV
1467 4817 1594 4888 Reg.
1630 4819 1797 4888 xxiv).
1826 4817 1883 4871 ln
1902 4817 2039 4872 libro

429 4953 431 4956 -
460 4916 677 4969 Dierum
710 4912 936 4979 legimus
965 4909 1204 4963 vinctum
1231 4907 1437 4962 catenis
1475 4914 1528 4959 et
1586 4907 1804 4961 ductum
1847 4907 1900 4960 in
1939 4905 2038 4960 Ba-

459 5005 708 5075 bylonem
733 5000 818 5071 (11
845 4999 975 5053 Par.
1010 4999 1229 5069 xxxvr);
1259 5012 1362 5052 nec
1389 4995 1527 5050 ultra
1555 4997 1684 5066 quid
1710 4994 1942 5052 refertur
1970 4997 2036 5052 de

459 5112 543 5150 eo.
577 5091 917 5158 Pulchreque
957 5089 1228 5158 sepultura
1273 5085 1413 5142 asini
1453 5085 1583 5140 dicit
1625 5101 1748 5141 eum
1776 5086 2036 5157 sepelien-

460 5183 611 5246 dum,
643 5188 702 5234 ut
747 5178 871 5234 aliis
918 5179 1096 5234 verbis
1144 5175 1413 5247 significet
1439 5175 1786 5247 insepultum,
1816 5178 1919 5233 hoc
1951 5186 2039 5235 est

460 5289 495 5330 a
519 5272 710 5328 bestiis
736 5271 1030 5339 avibusque
1063 5269 1429 5324 lacerandum.

529 5362 656 5418 Haec
675 5371 758 5418 est
773 5361 917 5416 enim
941 5361 1077 5416 asini
1098 5359 1370 5432 sepultura
1388 5376 1430 5413 ει
1451 5358 1967 5416 AscendeLibanum
1980 5369 2037 5420 et

461 5472 488 5513 ι
525 5455 718 5522 clama,
736 5457 790 5509 in
814 5455 985 5508 Basan
1011 5454 1077 5508 da
1101 5469 1285 5509 vocem
1309 5464 1474 5519 luant,
1497 5463 1551 5509 et
1576 5454 1746 5509 clama
1774 5457 1840 5510 ad
1867 5464 2038 5514 trans-

464 5569 484 5601 ι
528 5555 737 5612 euntes,
773 5547 898 5617 quia
947 5543 1164 5599 contriti
1212 5552 1336 5597 sunt
1395 5560 1582 5600 omnes
1631 5555 1901 5602 amatores
1938 5548 2036 5604 tui.

465 5664 483 5692 ι
527 5643 762 5696 Locutus
788 5653 908 5694 sum
933 5637 1001 5692 ad
1037 5644 1087 5691 te
1114 5634 1167 5689 in
1198 5634 1522 5689 abundantia
1554 5645 1663 5702 tua,
1681 5638 1898 5693 dixisti:
1929 5654 2037 5696 non

465 5756 483 5788 ι
525 5733 761 5790 audiam.
793 5730 918 5788 llaec
946 5734 1026 5784 est
1055 5725 1148 5784 ,via
1179 5729 1271 5779 tua
1298 5723 1366 5780 ab
1398 5725 1754 5784 adolescentia
1782 5739 1893 5797 tua,
1913 5735 2038 5802 quia

2143 4563 2254 4617 haec
2267 4561 2534 4631 loqueris;
2561 4581 2579 4611 ι
2596 4569 2650 4614 et
2672 4560 2868 4616 deinde
2890 4578 2902 4613 :
2926 4579 2944 4612 ι
2972 4561 3248 4616 Descende
3266 4562 3321 4616 in
3341 4561 3558 4616 domum
3579 4565 3717 4634 regis

2140 4653 2310 4719 Juda;
2339 4671 2356 4703 ι
2387 4660 2444 4707 et
2488 4653 2685 4706 iterum
2711 4670 2724 4705 :
2757 4671 2774 4701 ι
2803 4650 2930 4706 Haec
2975 4651 3105 4706 dicit
3134 4652 3392 4707 Dominus
3431 4668 3593 4722 super
3623 4655 3717 4708 do-

2141 4758 2290 4797 mum
2330 4742 2472 4812 regis
2498 4739 2657 4806 Juda,
2681 4760 2699 4790 ι
2731 4749 2786 4794 et
2824 4748 3154 4809 praepostero
3179 4740 3371 4795 ordine
3389 4781 3406 4806 ,
3435 4750 3714 4811 postquam
3803 4775 3807 4777 λ

2142 4832 2354 4888 locutus
2381 4839 2466 4887 est
2493 4831 2560 4886 de
2587 4830 2879 4896 Sedeehia,
2909 4830 3002 4900 qui
3040 4830 3261 4885 ultimus
3303 4830 3406 4886 fuit
3445 4846 3628 4902 regum
3661 4833 3712 4884 in

2140 4919 2462 4987 Jerusalem,
2492 4921 2783 4977 revertitur
2823 4921 2889 4975 ad
2927 4919 3170 4975 Joachim
3217 4920 3436 4978 fratrem
3465 4921 3596 4991 ejus,
3624 4921 3713 4990 qui

2143 5023 2271 5068 ante
2294 5026 2418 5067 eum
2445 5010 2710 5081 regnavit,
2733 5026 2840 5081 qua
2863 5011 3245 5066 vaticinatione
3269 4996 3552 5082 completa,
3575 5024 3713 5074 nunc

2144 5103 2380 5174 loquitur
2406 5101 2473 5155 ad
2503 5100 2671 5156 filium
2695 5099 3214 5169 Joachim'nepotem
3239 5097 3400 5156 Josia:
3425 5112 3603 5170 regem
3627 5097 3714 5153 Je-

2143 5197 2377 5252 rusalem
2423 5195 2760 5261 Jechoniam,
2789 5196 2880 5264 qui
2925 5202 2984 5250 et
3023 5195 3130 5251 alio
3168 5197 3386 5252 nomine
3419 5195 3713 5266 appellatur

2141 5286 2383 5345 Joacbim
2403 5327 2418 5354 ,
2449 5288 2541 5358 qui
2581 5294 2768 5358 captus
2795 5301 2826 5340 a
2854 5285 3504 5344 Nabuchodonnsomcum
3545 5294 3714 5346 matre

2143 5396 2240 5437 sua
2269 5380 2708 5451 principibusque
2727 5386 2782 5433 et
2799 5379 3117 5445 artificibus,
3137 5388 3193 5434 et
3211 5379 3396 5436 multis
3425 5379 3705 5440 nobilibus,

2145 5475 2338 5529 ductus
2361 5482 2445 5528 est
2469 5473 2521 5527 in
2561 5471 2883 5537 Chaldaeam,
2920 5472 3098 5542 ibique
3125 5481 3386 5530 mortuus.
3417 5472 3530 5532 Hoc
3555 5472 3710 5544 igitur

2145 5563 2341 5620 dicitur
2365 5581 2378 5616 :
2404 5562 2463 5618 Si
2505 5563 2773 5632 quomodo
2803 5562 3049 5620 annulus
3095 5579 3202 5619 non
3230 5565 3434 5622 recedit
3461 5564 3528 5620 de
3554 5577 3708 5618 manu

2145 5641 2430 5721 portantis,
2460 5659 2513 5704 et
2538 5651 2603 5704 de
2644 5650 2813 5719 digito
2837 5642 3122 5705 difficulter
3162 5649 3427 5715 elabitur,
3447 5651 3538 5705 sic
3565 5649 3634 5708 sit
3653 5646 3706 5702 in

2131 5756 2308 5798 manu
2329 5755 2448 5814 mea
2477 5740 2763 5797 Jechonias
2781 5758 2803 5802 '_
2826 5747 3004 5797 tamen
3029 5742 3260 5812 evellam
3273 5759 3399 5803 eum
3427 5752 3480 5802 et
3502 5741 3709 5798 tradam
