4008 6340
343 384 445 440 9¹Π

1231 376 1591 434 EXPOSITIO
1625 376 1851 436 SUPER
1886 376 2254 437 JEREMIAM.
2294 407 2366 422 —-
2403 378 2531 435 LIB.
2571 380 2665 436 1X.

3493 385 3596 441 978

344 498 454 569 regi
482 494 805 568 Babylonio,
837 493 1016 563 ibique
1041 505 1165 548 cum
1193 501 1365 545 matre
1391 498 1448 544 et
1470 491 1721 548 omnibus
1750 493 1910 549 sociis
1937 495 1994 556 Α
2010 493 2141 565 jecti
2165 494 2220 549 in
2250 503 2453 549 terram
2481 508 2642 564 quam
2667 495 3008 566 ignorabant,
3031 515 3049 547 ι
3078 494 3222 567 quod
3245 497 3316 552 de
3337 492 3599 554 Jecbuuia

341 590 460 660 ejus
490 590 780 654 morietur,
808 594 863 642 et
891 585 1030 639 ultra
1062 592 1258 638 terram
1288 581 1554 648 Iudaeam,
1581 598 1745 653 quam
1769 584 1916 640 desi-

341 683 496 737 derat
537 695 640 735 non
666 677 888 733 videbit.
936 673 1258 730 Miserabilis
1285 672 1580 739 Grunnius,
1613 673 1706 743 qui
1735 674 1802 729 ad
1831 689 1922 729 ca-

341 770 681 826 lumniandos
705 773 922 822 sanctos
942 763 1087 819 viros
1123 761 1331 834 aperuit
1356 777 1419 817 os
1445 777 1623 828 suum,
1651 762 1920 833 linguam-

341 878 448 932 que
468 877 620 917 suam
646 858 826 914 docuit
845 856 1203 920 mendacium,
1228 855 1376 910 Sexti
1398 853 1721 926 Pythagorei
1746 854 1921 911 homi-

342 956 426 1009 nis
470 951 807 1024 gentilissimi
850 963 1017 1004 unum
1067 947 1261 1003 librum
1304 947 1688 1016 interpretatus
1733 953 1818 1002 est
1862 946 1918 1002 in

341 1044 607 1107 Latinum,
653 1040 941 1109 divisitque
979 1053 1102 1093 eum
1147 1037 1201 1091 in
1242 1037 1347 1092 duo
1388 1036 1682 1102 volumina,
1725 1043 1782 1090 et
1820 1035 1920 1090 sub

340 1134 556 1188 nomine
581 1131 751 1187 sancti
787 1129 1044 1200 martyris
1072 1126 1210 1182 Sixti
1226 1127 1483 1183 Romanae
1506 1127 1657 1181 urbis
1680 1125 1918 1196 episcopi

338 1239 502 1279 ausus
542 1231 626 1278 est
657 1221 836 1284 edere,
869 1221 923 1275 in
950 1220 1148 1289 quibus
1176 1217 1320 1271 nulla
1362 1216 1587 1282 Christi,
1617 1215 1762 1271 nulla
1797 1214 1919 1286 Spi-

336 1317 473 1371 ritus
515 1314 706 1380 sancti,
752 1313 896 1367 nulla
925 1312 1020 1366 Dei
1065 1311 1258 1376 Patris,
1309 1308 1450 1364 nulla
1481 1308 1918 1378 patriarcharum

335 1416 389 1461 et
417 1405 800 1476 prophetarum
828 1411 884 1458 et
922 1399 1287 1472 apostolorum
1333 1398 1393 1452 fit
1441 1397 1662 1463 mentio,
1693 1397 1919 1452 ethunc

335 1499 532 1552 librum
562 1496 718 1552 solita
747 1495 1080 1558 temeritate,
1111 1499 1166 1546 et
1201 1489 1408 1545 insania
1433 1487 1707 1542 Annulum
1744 1486 1918 1542 nomi-

336 1589 508 1652 navit,
541 1589 630 1657 qui
661 1602 759 1657 per
782 1585 976 1641 multas
1007 1582 1312 1655 provincias
1342 1580 1556 1650 legitur,
1587 1587 1642 1634 et
1681 1579 1917 1633 maxime

338 1682 406 1736 ah
454 1682 539 1735 his
590 1679 680 1749 qui
732 1680 998 1742 ἀπαθείαν,
1023 1685 1079 1731 et
1125 1673 1537 1745 impeccantiam
1582 1671 1912 1743 praedicant;

336 1773 604 1843 quomodo
646 1771 809 1842 igitur
856 1769 1116 1824 Dominus
1155 1765 1466 1822 Jechoniam
1519 1765 1690 1818 instar
1731 1762 1915 1818 annuli

2021 583 2224 639 factum
2269 597 2430 639 nemo
2475 584 2704 639 dubitat.
2735 582 3024 640 Jechonias
3064 586 3597 657 interpretatur,Do-

2021 674 2154 728 mini
2183 674 2524 744 praeparatio,
2549 674 2634 728 cui
2662 673 2716 728 in
2745 675 3002 744 praesenti
3030 675 3149 730 loco
3175 676 3345 744 prima
3372 677 3600 748 syllaba,

2022 764 2076 818 id
2105 771 2188 819 est
2208 762 2420 819 Domini
2445 778 2644 819 nomen
2681 763 2946 830 aufertur,
2970 773 3027 819 et
3053 764 3250 818 dicitur
3277 764 3513 821 Chouias
3537 774 3600 823 ut

2021 852 2374 908 subaudiatur
2389 853 2677 924 perditioni
2698 862 2754 909 et
2779 853 3024 909 interitui
3046 862 3399 924 praeparatus.

2097 965 2116 995 ι
2150 943 2338 1010 Terra,
2391 953 2553 1010 terra,
2609 955 2784 1012 terra,
2835 947 2958 1001 audi
3011 961 3314 1002 sermonem
3363 948 3597 1004 Domini.

2028 1057 2046 1088 ι
2090 1035 2217 1092 Haec
2261 1038 2391 1092 dicit
2423 1037 2685 1094 Dominus
2722 1056 2735 1093 :
2774 1038 2964 1094 Scribe
3005 1039 3180 1095 virum
3231 1040 3391 1096 istum
3437 1041 3587 1096 steri-

2028 1147 2047 1180 ‹
2091 1127 2230 1194 lem,
2266 1129 2444 1184 virum
2493 1131 2584 1201 qui
2625 1130 2680 1185 in
2718 1131 2905 1186 diebus
2947 1132 3059 1188 suis
3105 1148 3214 1187 non
3255 1133 3600 1204 prosperabi-

2026 1236 2046 1271 ι
2072 1223 2203 1284 'tur;
2258 1233 2361 1274 nec
2397 1221 2540 1276 enim
2569 1222 2672 1276 erit
2713 1222 2778 1278 de
2806 1223 3010 1278 semine
3035 1224 3152 1294 ejus
3177 1225 3261 1278 vir
3288 1225 3379 1294 qui
3417 1226 3602 1280 sedeat

2026 1330 2047 1364 ι
2091 1327 2252 1382 super
2277 1311 2469 1367 solium
2499 1314 2691 1379 David,
2718 1322 2771 1369 et
2794 1323 3116 1384 potestatem
3146 1316 3343 1372 habeat
3363 1316 3504 1371 ultra
3542 1318 3598 1372 in

2027 1423 2046 1455 ‹
2088 1401 2288 1457 Judzea.
2311 1421 2330 1454 ι
2359 1403 2415 1458 Si
2436 1404 2656 1459 voluero
2677 1420 2771 1476 per
2795 1405 2912 1461 loca
2933 1414 3119 1462 notare
3142 1406 3371 1477 singula,
3396 1417 3599 1476 quanta

2022 1494 2373 1564 Septuaginta
2399 1493 2481 1548 vel
2511 1496 2978 1564 praetermiserim,
2999 1497 3086 1551 vel
3115 1497 3459 1559 mutaverint,
3477 1497 3598 1555 lon-

2020 1600 2146 1656 gum
2193 1585 2318 1649 iiet;
2346 1585 2649 1655 praisertim
2691 1601 2814 1640 cum
2860 1588 3031 1655 possit
3075 1588 3304 1656 diligens
3335 1588 3505 1643 lector
3530 1604 3597 1643 ex

2023 1677 2247 1744 utraque
2295 1675 2530 1730 editione
2575 1677 2918 1731 considerare
2965 1679 3092 1748 quid
3140 1688 3426 1745 mutatum,
3468 1679 3598 1749 quid

2021 1765 2284 1832 additum,
2310 1766 2437 1835 quid
2476 1768 2809 1822 subtractum
2838 1769 2927 1824 sit.
2959 1768 3064 1823 Pro
3093 1770 3261 1824 sterili
3290 1771 3342 1825 in
3374 1770 3600 1826 Hebraeo

338 1837 403 1917 de
437 1878 595 1917 manu
626 1837 744 1926 sua,
787 1868 840 1915 et
866 1859 1054 1930 digito,
1101 1873 1160 1914 se
1199 1857 1566 1926 projecturum
1621 1854 1917 1910 commina-
1943 1837 1991 1898 Β
2018 1859 2278 1929 scriptum
2301 1866 2403 1924 est,
2431 1866 2610 1923 νην-ην,
2644 1861 2786 1929 quod
2827 1858 3035 1930 Aquilae
3063 1862 3239 1930 prima
3267 1863 3450 1925 editio,
3487 1872 3599 1917 sle-

339 1961 446 2016 tur,
477 1953 552 2005 ita
595 1950 850 2005 lectorem
879 1948 1137 2012 obsecro,
1163 1954 1223 2000 ut
1249 1944 1515 2000 nefarium
1553 1944 1750 2000 librum
1776 1943 1912 2012 abji-

336 2045 446 2099 ciat
464 2084 478 2108 ,
512 2042 754 2112 legatque
781 2041 826 2096 si
855 2040 1104 2105 voluerit,
1133 2047 1194 2093 ut
1224 2046 1447 2094 czeteros
1473 2037 1914 2107 philosophorum

334 2135 538 2199 libros,
588 2147 694 2187 non
739 2139 798 2186 ut
844 2130 1094 2185 volumen
1149 2128 1600 2184 ecclesiasticum.
1658 2126 1817 2182 Soleo
1859 2127 1915 2181 in

335 2223 736 2280 commentariis
774 2231 832 2278 et
871 2221 1368 2293 explanationibus,’
1387 2235 1618 2290 quorum
1660 2233 1778 2273 mos
1833 2225 1917 2274 est

333 2318 574 2374 diversas
592 2318 950 2387 interpretum
973 2313 1271 2370 sententias
1289 2327 1512 2384 ponere,
1540 2310 1916 2383 hujuscemodi

333 2410 563 2466 miscere
589 2424 895 2465 sermonem
922 2424 936 2463 :
963 2408 1180 2479 quidam
1209 2409 1314 2463 hoc
1341 2408 1543 2472 dicunt,
1572 2407 1661 2461 alii
1692 2407 1795 2462 hoc
1817 2421 1912 2461 au-

337 2511 568 2566 tumant,
601 2500 841 2555 nonnulli
883 2500 964 2555 sic
1002 2499 1260 2555 sentiunt.
1293 2497 1446 2566 Quod
1471 2506 1528 2553 et
1551 2498 1665 2567 ipse
1693 2497 1919 2552 misera-

333 2593 456 2648 bilis
478 2593 774 2659 Grunnius,
817 2601 873 2648 et
913 2602 1034 2662 post
1078 2591 1274 2646 multos
1323 2605 1494 2647 annos
1537 2589 1787 2661 discipuli
1827 2587 1919 2643 Jo-

334 2685 559 2749 viniani,
607 2693 661 2738 et
707 2683 852 2738 illius
889 2683 1206 2737 calumniati
1244 2689 1390 2746 sunt,
1428 2689 1483 2737 et
1520 2679 1920 2736 calumniantur

334 2777 556 2844 me,sub
575 2776 766 2833 alienis
781 2770 1086 2830 nominibus
1103 2774 1353 2845 proprias
1377 2773 1672 2829 sententias
1693 2784 1912 2843 ponere.
1950 2781 1954 2785 ‘

335 2868 488 2937 Quod
513 2881 614 2939 ego
635 2881 799 2922 causa
821 2864 1212 2920 benevolentiae
1240 2864 1404 2930 facio,
1426 2878 1494 2918 ne
1514 2863 1748 2933 aliquem
1767 2869 1918 2917 certo

333 2961 548 3016 nomine
572 2959 760 3014 videar
787 2958 1046 3014 lacerare.
1080 2956 1215 3023 Quia
1243 2956 1408 3027 igitur
1433 2956 1735 3026 benignitas
1759 2969 1917 3010 versa

333 3061 419 3109 est
442 3054 497 3107 in
525 3053 871 3118 calumniam,
897 3067 1041 3106 nunc
1069 3051 1192 3105 dico
1215 3058 1272 3105 et
1297 3050 1394 3117 illi,
1418 3051 1510 3120 qui
1539 3057 1784 3104 mortuus
1809 3055 1912 3114 est,

334 3152 389 3198 et
415 3143 501 3197 isti
527 3143 620 3212 qui
649 3143 780 3197 vivit
810 3150 865 3197 et
897 3141 1125 3197 haeresin
1155 3141 1301 3197 illius
1335 3141 1639 3196 instaurare
1664 3147 1912 3207 conatur,

337 3234 652 3302 magistrum
691 3250 878 3290 eorum
905 3235 1193 3307 Origenem
1230 3236 1373 3290 hunc
1401 3235 1578 3291 locum
1617 3234 1821 3290 referre
1847 3234 1917 3290 ad

335 3323 624 3389 Christum,
644 3326 786 3395 quod
803 3327 870 3382 de
881 3343 1039 3381 manu
1063 3326 1158 3380 Dei
1180 3326 1356 3382 Patris
1375 3327 1547 3382 instar
1568 3327 1751 3382 annuli
1765 3326 1919 3381 avul-

336 3429 428 3468 sus
455 3415 546 3478 sit,
563 3423 616 3469 et
631 3415 827 3471 missus
853 3417 906 3470 in
923 3426 1120 3472 terram
1135 3418 1485 3486 captivitatis,
1503 3418 1557 3472 in
1584 3418 1722 3472 valle
1743 3418 1919 3488 lacry-

339 3518 546 3556 marum
573 3505 827 3574 crucique
855 3507 1101 3570 traditus,
1130 3514 1356 3560 matrem
1380 3505 1748 3576 quoque‘ejus,
1775 3506 1920 3560 haud

338 3593 555 3648 dubium
603 3596 733 3664 quin
773 3594 1132 3667 Synagogam,
1158 3605 1369 3666 captam
1397 3603 1557 3665 atque
1600 3596 1919 3664 projectam,

337 3691 392 3737 et
432 3698 540 3737 non
583 3684 940 3754 pertimescit,
988 3687 1091 3740 ista
1135 3701 1595 3750 commemorans,
1637 3687 1740 3741 hoc
1777 3685 1920 3754 quod
1967 3680 1974 3687 ’

343 3774 617 3844 sequitur:
647 3793 666 3826 ι
693 3775 884 3841 Terra,
904 3786 1070 3842 terra,
1097 3786 1261 3844 terra,
1289 3777 1411 3834 audi
1434 3779 1658 3832 verbum
1681 3777 1917 3832 Domini.

343 3867 465 3922 Haec
484 3869 613 3923 dicit
637 3869 894 3924 Dominus
919 3888 931 3923 :
959 3868 1150 3925 Scribe
1169 3871 1344 3924 virum
1368 3868 1530 3925 istum
1551 3869 1920 3924 abominatum

342 3958 466 4028 (sive
510 3958 791 4029 sterilem),
814 3979 831 4010 ι
862 3968 918 4015 et
958 3961 1166 4030 reliqua
1189 4000 1204 4026 ,
1237 3960 1536 4031 intelligere
1583 3960 1650 4015 de
1692 3958 1920 4015 Domino

343 4049 656 4118 majestatis.
720 4048 922 4105 Scribit
975 4059 1158 4105 autem
1185 4051 1288 4105 hoc
1309 4063 1377 4104 ne
1404 4049 1652 4120 discipuli
1682 4050 1799 4121 ejus
1824 4063 1919 4106 ne-

342 4157 470 4213 gare
495 4145 748 4209 audeant,
783 4145 837 4198 in
862 4143 1052 4215 quinto
1078 4143 1414 4200 Stromatum
1444 4143 1603 4199 libro.

420 4233 724 4304 «Nunquid
748 4249 846 4289 vas
889 4234 1051 4290 fictile
1077 4242 1238 4306 atque
1262 4235 1552 4291 contritum
1589 4234 1675 4289 vir
1707 4233 1809 4288 iste
1831 4230 1920 4288 Je-

351 4346 368 4378 ι
415 4327 672 4382 chonias?
699 4326 950 4396 Nunquid
975 4343 1072 4382 vas
1097 4329 1300 4398 absque
1325 4328 1470 4383 omni
1498 4327 1771 4397 voluptate
1793 4323 1921 4398 (sive

350 4436 367 4468 ι
414 4417 698 4488 utilitate)?
726 4417 904 4484 Quare
944 4417 1138 4486 abjecti
1167 4425 1293 4474 sunt
1321 4418 1437 4486 ipse
1470 4425 1526 4472 et
1551 4432 1735 4474 semen
1780 4413 1918 4484 ejus,

351 4525 368 4556 ι
410 4515 464 4560 et
489 4507 710 4577 prqjecti
736 4507 788 4560 in
817 4515 1018 4562 terram
1046 4523 1208 4576 quam
1231 4507 1648 4578 ignoraverunt?
1674 4525 1692 4557 ι
1723 4506 1830 4562 Pro
1853 4520 1920 4562 eo

347 4597 488 4666 quod
518 4613 617 4652 nos
644 4597 897 4661 diximus,
926 4616 943 4649 ι
974 4597 1214 4666 nunquid
1237 4611 1333 4652 vas
1353 4595 1514 4651 ﬁctile
1535 4605 1699 4664 atque
1724 4595 1922 4651 contri-

347 4697 485 4753 tum,
515 4707 533 4738 ι
567 4686 926 4758 Symmachus
953 4687 1250 4753 transtulit,
1281 4706 1300 4739 ‹
1332 4686 1572 4756 nunquid
1596 4701 1917 4756 purgamen-

350 4788 483 4845 tum,
504 4799 522 4831 ι
557 4780 694 4845 sive,
719 4800 738 4831 ‹
771 4780 1074 4850 quisquilia:
1112 4779 1247 4834 viles
1274 4787 1436 4848 atque
1459 4777 1750 4848 proiectae?
1775 4795 1795 4829 ι
1821 4792 1920 4848 pro

348 4885 453 4940 quo
483 4870 536 4926 in
581 4856 932 4942 Septuaginta
975 4870 1108 4924 nihil
1154 4869 1401 4935 habetur,
1433 4870 1526 4926 sed
1573 4871 1676 4926 hoc
1713 4877 1919 4924 tantum

349 4961 683 5031 interpretati
717 4969 860 5027 sunt,
891 4981 910 5013 ο
935 4962 1286 5016 inhonoratus
1318 4969 1402 5016 est
1426 4959 1739 5026 Jechonias,
1767 4958 1920 5030 quasi

348 5068 441 5108 vas
467 5053 519 5108 in
549 5067 655 5122 quo
681 5052 826 5108 nulla
851 5061 936 5109 est
962 5052 1186 5108 utilitas.
1206 5071 1225 5105 ι
1257 5052 1324 5107 Εῑ
1350 5067 1474 5108 cum
1502 5054 1604 5108 hoc
1631 5052 1696 5107 de
1723 5049 1920 5106 Jecho-

349 5143 438 5198 nia
479 5143 689 5199 dicatur
733 5143 842 5199 ﬁlio
886 5139 1114 5210 Joacim,
1146 5145 1308 5199 audet
1341 5145 1706 5215 quispiam'ad
1737 5153 1922 5215 typum

350 5233 553 5289 referre
577 5233 795 5300 Christi,
822 5244 877 5292 et
897 5251 962 5292 ex
989 5251 1054 5290 eo
1075 5235 1219 5305 quod
1236 5234 1524 5306 Apostolus
1545 5235 1709 5300 dicat,
1744 5233 1922 5289 Domi-

353 5339 478 5379 num
503 5323 834 5382 Salvatorem
855 5328 1142 5399 imaginem
1157 5341 1278 5382 esse
1294 5327 1387 5382 Dei
1403 5326 1688 5382 invisibilis
1701 5323 1838 5397 (Col.
1856 5324 1920 5398 ι),

352 5417 763 5489 primogenitum
805 5420 982 5476 omnis
1025 5427 1323 5485 creaturae,
1368 5420 1423 5474 id
1456 5429 1540 5475 est
1577 5419 1917 5490 sapientiam,

353 5509 598 5576 verbum,
633 5510 937 5578 veritatem,
974 5519 1135 5582 atque
1171 5512 1342 5566 vitam
1387 5519 1442 5566 et
1480 5510 1766 5580 justitiam,
1797 5525 1922 5566 eum

355 5597 612 5668 appellari
641 5599 916 5666 annulum,
947 5601 1037 5673 qui
1077 5600 1411 5673 projiciatur,
1434 5601 1520 5656 vel
1559 5601 1826 5656 avellatur
1854 5601 1922 5657 de

357 5693 518 5746 manu
569 5689 801 5757 Domini,
849 5699 904 5747 et
942 5695 1063 5764 regi
1114 5697 1357 5750 tradatur
1411 5693 1920 5751 Nabuchodonosor.

335 5789 376 5825 ν(
410 5773 636 5846 Abiecti
659 5791 800 5844 sunt,
831 5783 1022 5854 inquit,
1045 5786 1148 5856 ipsi
1181 5795 1238 5842 et
1273 5799 1456 5844 semen
1483 5802 1695 5854 eorum,
1723 5796 1781 5844 et
1799 5801 1926 5856 pro-

2015 1948 2200 2014 rilem;
2231 1948 2495 2014 secunda,
2526 1951 2823 2016 ἁναύξητρν,
2871 1951 2922 2004 id
2954 1960 3036 2006 est
3079 1967 3185 2005 non
3233 1963 3598 2018 crescentem;

2017 2039 2376 2111 Symmachus
2403 2055 2667 2104 vacuum;
2697 2038 3047 2111 Septuaginta
3068 2051 3122 2095 et
3146 2041 3445 2096 Theodotio
3473 2042 3602 2096 abo-

2017 2131 2330 2188 minabilem
2359 2141 2414 2186 et
2444 2132 2750 2187 abdicatum
2779 2132 3115 2202 interpretati
3141 2139 3284 2187 sunt.
3333 2133 3402 2188 Et
3424 2134 3600 2188 oritur

2017 2223 2267 2294 quaestio,
2295 2221 2783 2291 quomodo‘possit
2817 2230 2962 2276 stare
3006 2222 3305 2292 prophetia,
3335 2223 3400 2278 de
3427 2223 3599 2292 stirpe

2016 2314 2134 2384 ejus
2159 2313 2364 2368 nullum
2392 2327 2514 2368 esse
2547 2319 2882 2383 generatum,
2913 2312 3004 2382 qui
3035 2311 3235 2367 sederit
3260 2327 3423 2382 super
3449 2313 3599 2367 thro-

2019 2425 2147 2465 num
2188 2411 2374 2476 David,
2399 2425 2500 2466 nec
2536 2409 2804 2480 princeps,
2841 2409 2933 2478 qui
2975 2407 3140 2463 fuerit
3167 2407 3308 2462 ultra
3341 2408 3395 2462 in
3420 2406 3594 2474 Juda;

2019 2515 2143 2555 cum
2185 2501 2443 2556 Dominus
2467 2509 2628 2570 atque
2665 2499 2915 2555 Salvator
2939 2499 3007 2555 de
3041 2499 3198 2568 hujus
3221 2505 3382 2554 natus
3415 2499 3485 2553 sit
3513 2513 3597 2553 se-

2020 2593 2182 2657 mine,
2205 2597 2376 2662 'super
2403 2590 2554 2661 cujus
2577 2599 2700 2647 ortu
2720 2591 2958 2662 loquitur
2986 2590 3204 2646 Gabriel
3232 2591 3300 2644 ad
3334 2589 3554 2644 Mariam
3580 2605 3593 2642 :

2025 2703 2044 2735 ε
2078 2683 2218 2739 Ecce
2241 2683 2513 2754 concipies
2537 2683 2590 2737 in
2617 2691 2770 2738 utero
2795 2691 2849 2738 et
2877 2682 3056 2753 paries
3084 2681 3273 2747 filium,
3298 2689 3352 2736 et
3380 2680 3600 2736 vocabis

2018 2788 2216 2828 nomen
2259 2773 2375 2842 ejus
2407 2772 2610 2829 Jesum.
2642 2774 2759 2843 lpse
2795 2773 2900 2828 erit
2928 2789 3155 2842 magnus
3190 2781 3244 2827 et
3273 2771 3415 2826 ﬁlius
3439 2770 3601 2834 Altis-

2018 2866 2141 2921 simi
2162 2866 2460 2922 vocabitur.
2487 2865 2553 2919 Et
2578 2865 2726 2920 dabit
2754 2864 2805 2920 ei
2829 2863 3088 2920 Dominus
3114 2864 3255 2919 Deus
3282 2864 3464 2919 sedem
3493 2861 3600 2916 Da-

2016 2959 2108 3014 vid
2149 2959 2318 3030 patris
2362 2959 2467 3025 sui,
2493 2968 2550 3014 et
2590 2958 2842 3030 regnabit
2885 2973 3046 3028 super
3086 2958 3304 3012 domum
3351 2955 3518 3012 Jacob
3543 2955 3599 3010 in

2017 3055 2316 3109 aeternum,
2359 3054 2414 3102 et
2457 3047 2610 3118 regni
2649 3045 2765 3114 ejus
2807 3062 2914 3102 non
2961 3047 3067 3101 erit
3109 3045 3232 3100 finis
3289 3045 3440 3116 (Luc.
3473 3043 3535 3115 ι).
3576 3062 3595 3095 ι

2018 3141 2311 3196 Possumus
2337 3155 2466 3212 ergo
2494 3141 2598 3196 hoc
2620 3140 2821 3207 dicere,
2845 3139 3102 3210 quoniam
3129 3137 3256 3192 illud
3282 3137 3425 3207 quod
3445 3136 3600 3190 deest

2023 3235 2078 3288 in
2102 3227 2448 3304 Septuaginta
2468 3232 2746 3298 videlicet;
2776 3251 2794 3283 ι
2822 3231 2876 3286 in
2899 3231 3085 3286 diebus
3111 3229 3229 3299 ejus
3247 3244 3351 3284 non
3373 3240 3597 3299 prospe—

2021 3324 2248 3391 rabitur,
2274 3344 2292 3375 ι
2327 3325 2439 3380 sive
2465 3344 2484 3376 ‹
2522 3339 2630 3378 non
2678 3331 2908 3388 crescet,
2934 3343 2950 3374 ι
2987 3322 3358 3394 ignorantibus
3409 3319 3604 3374 fecerit

2021 3417 2391 3488 quaestionem.
2417 3416 2765 3487 Septuaginta
2781 3416 2924 3470 enim
2939 3415 3330 3469 transtulerunt
3347 3430 3390 3466 τι
3410 3410 3602 3467 Scribe

2021 3507 2198 3562 virum
2227 3507 2390 3561 istum
2419 3506 2728 3562 abdicatum
2759 3505 3064 3570 hominem,
3093 3504 3219 3573 quia
3247 3517 3354 3557 non
3395 3509 3604 3557 crescet

2023 3598 2089 3651 de
2117 3598 2321 3652 semine
2353 3597 2469 3667 ejus
2495 3597 2579 3651 vir
2603 3596 2694 3665 qui
2724 3597 2909 3650 sedeat
2941 3608 3105 3665 super
3131 3594 3384 3648 thronum
3410 3591 3601 3656 David,

2021 3691 2272 3761 princeps
2301 3691 2442 3744 ultra
2469 3691 2522 3744 in
2552 3687 2713 3755 Juda,
2735 3708 2756 3740 ι
2785 3688 2927 3758 quod
2960 3688 3014 3742 in
3053 3686 3318 3741 Hebraico
3347 3685 3431 3738 bis
3454 3685 3600 3754 posi-

2024 3790 2136 3835 tum
2165 3789 2266 3836 est.
2298 3779 2451 3847 Quod
2477 3787 2746 3849 putantes,
2763 3778 2855 3850 qui
2882 3780 2950 3833 ab
2978 3778 3131 3832 initio
3161 3777 3517 3846 scripserunt,
3548 3775 3603 3828 in

2021 3870 2224 3926 Graecis
2263 3871 2416 3926 libris
2450 3871 2691 3925 additum
2726 3872 3127 3925 subtraxerunt.
3165 3869 3606 3938 Respondeamus

2022 3961 2187 4032 igitur
2214 3962 2355 4032 quod
2402 3961 2455 4015 in
2496 3962 2687 4018 diebus
2727 3959 3002 4016 Jechoniae
3040 3977 3148 4016 non
3188 3960 3512 4016 successerit
3555 3960 3606 4015 ei

2020 4055 2106 4109 vir
2132 4054 2223 4124 qui
2254 4054 2456 4112 sederit
2497 4067 2660 4123 super
2702 4053 2958 4107 thronum
2989 4049 3128 4120 ejus,
3155 4053 3250 4107 sed
3286 4051 3455 4106 multo
3485 4058 3608 4120 post

2022 4154 2262 4214 tempore
2291 4144 2358 4199 de
2397 4145 2602 4199 semine
2645 4144 2761 4215 ejus
2799 4152 2960 4198 natus
2996 4142 3101 4208 sit,
3131 4143 3222 4213 qui
3262 4142 3455 4198 solium
3489 4139 3607 4208 ejus

2019 4235 2332 4290 obtinuerit.
2378 4235 2561 4290 Potest
2587 4242 2644 4290 et
2669 4235 2750 4290 sic
2779 4233 2955 4289 solvi:
2993 4248 3100 4288 non
3138 4233 3345 4289 sedebit
3385 4231 3604 4303 quidem

2021 4343 2184 4399 super
2209 4329 2464 4384 thronum
2491 4328 2659 4384 David
2679 4329 2764 4383 vir
2788 4337 2844 4383 et
2865 4328 3046 4394 homo,
3063 4327 3157 4383 sed
3191 4327 3402 4382 sedebit
3424 4326 3597 4382 Deus:

2022 4435 2354 4492 regnumque
2377 4418 2492 4488 ejus
2521 4435 2627 4475 non
2656 4419 2761 4475 erit
2786 4427 3060 4474 terrenum
3097 4426 3152 4474 et
3189 4419 3375 4484 breve,
3407 4425 3468 4472 ut
3503 4415 3608 4471 fuit

2027 4511 2217 4576 David,
2247 4511 2341 4566 sed
2383 4519 2699 4581 perpetuum
2740 4518 2902 4580 atque
2942 4509 3183 4577 caeleste,
3215 4509 3428 4565 dicente
3459 4507 3608 4564 Scri-

2019 4612 2216 4672 ptura:
2247 4621 2265 4653 ‹
2298 4601 2564 4671 Regnabit
2590 4617 2752 4671 super
2787 4603 3004 4657 domum
3029 4601 3197 4657 Jacoh
3223 4601 3277 4655 in
3314 4609 3600 4665 aeternum,

2017 4701 2074 4746 et
2099 4691 2251 4762 regni
2279 4690 2396 4759 ejus
2423 4706 2530 4745 non
2563 4692 2668 4746 erit
2709 4690 2849 4746 ﬁnis.
2873 4711 2892 4742 ι
2926 4690 3097 4746 Natus
3117 4698 3200 4745 est
3226 4704 3355 4759 ergo
3381 4689 3447 4743 de
3473 4686 3604 4742 Joa-

2018 4781 2127 4836 cim
2171 4779 2476 4845 Jechonias,
2502 4781 2570 4835 de
2614 4777 2873 4835 Jechonia
2918 4778 3200 4845 Salathiel,
3234 4778 3300 4831 de
3342 4775 3604 4831 Salathiel

2021 4872 2336 4936 Zorobabel,
2359 4881 2414 4927 et
2442 4887 2540 4943 per
2570 4872 2814 4928 ordinem
2839 4871 3052 4926 venitur
3077 4871 3144 4925 ad
3167 4869 3462 4925 Christum.
3497 4865 3606 4923 Sed

2022 4967 2079 5022 in
2122 4967 2310 5022 diebus
2355 4965 2560 5022 Joacim
2606 4980 2714 5020 non
2760 4965 3024 5020 successit
3049 4964 3099 5018 ei
3143 4977 3242 5017 rex
3274 4960 3436 5026 filius,
3464 4975 3603 5030 quo-

2020 5059 2181 5114 modo
2207 5058 2350 5128 patri
2372 5058 2486 5128 ipse
2517 5064 2870 5121 successerat,
2901 5055 2994 5111 sed
3024 5053 3126 5109 fuit
3170 5053 3224 5107 in
3266 5051 3600 5122 captivitate,

2021 5156 2075 5203 et
2101 5147 2359 5202 Salathiel
2390 5156 2444 5204 et
2466 5145 2762 5220 Zorobabel
2801 5154 2856 5200 et
2883 5159 3055 5214 usque
3078 5143 3146 5197 ad
3175 5141 3450 5197 Christum
3481 5139 3603 5193 nul-

2020 5241 2104 5298 lus
2127 5242 2332 5311 regiam
2374 5241 2607 5296 obtinuit
2633 5247 2972 5311 potestatem.
3005 5236 3118 5293 Hoc
3145 5244 3327 5292 autem
3370 5233 3596 5298 idcirco,

2019 5333 2146 5402 quia
2175 5333 2231 5386 in
2260 5331 2524 5386 Hebraico
2549 5333 2808 5401 scriptum
2831 5339 2914 5386 est
2940 5348 2953 5384 :
2984 5348 3002 5380 ‹
3032 5328 3091 5384 ln
3115 5327 3304 5383 diebus
3324 5323 3442 5393 ejus
3465 5323 3600 5379 etin

2021 5433 2264 5494 tempore
2294 5424 2431 5494 ipso,
2459 5443 2476 5473 ι
2508 5439 2616 5494 quo
2645 5422 2732 5477 ille
2774 5421 2907 5488 fuit,
2935 5441 2955 5473 ι
2985 5435 3092 5476 non
3118 5420 3224 5476 erit
3247 5417 3332 5474 vir
3369 5417 3462 5487 qui
3510 5429 3597 5470 se-

2023 5514 2150 5570 deat
2193 5529 2356 5584 super
2387 5513 2582 5568 solium
2620 5513 2809 5567 David.
2836 5531 2854 5564 i
2888 5510 3087 5568 Omnes
3128 5508 3273 5565 enim
3305 5506 3459 5564 fuere
3504 5518 3595 5560 ca-

2022 5602 2175 5675 ptivi,
2201 5609 2257 5657 et
2294 5601 2361 5656 de
2396 5602 2564 5672 stirpe
2607 5600 2776 5658 David
2822 5601 2999 5658 nullus
3046 5599 3298 5668 deinceps
3342 5597 3398 5651 in
3449 5603 3599 5649 terra

2024 5694 2203 5750 Iudaea
2249 5693 2421 5750 tenuit
2444 5695 2822 5766 principatum.
2855 5693 3006 5750 Unde
3042 5701 3097 5750 et
3127 5692 3393 5762 Iosephus
3430 5684 3599 5741 refert

2025 5789 2093 5844 de
2117 5786 2435 5845 sacerdotali
2477 5803 2670 5858 genere
2696 5801 2762 5843 ac
2788 5787 2930 5843 tribu
2956 5786 3085 5842 Levi
3121 5783 3286 5840 fuisse
3306 5775 3598 5849 principes,
