4008 6340
417 343 520 400 9Ὶ9

1061 341 1121 394 Β.
1163 339 1420 395 RABANI
1457 335 1676 395 MA'URI
1712 329 2034 390 ARCHIEP.
2073 326 2386 386 IOGUNT.
2427 323 2712 383 OPERUH
2749 319 2929 380 PARS
2965 321 3052 379 Ill.

417 458 612 526 quibus
632 454 952 512 successerit
977 452 1218 508 Herodes
1235 451 1502 521 Antipatri
1533 447 1787 520 proselyti
1821 445 1982 510 illius,
2011 445 2066 504 Α
2090 441 2240 496 dum.
2269 439 2427 496 Aliud
2471 439 2617 494 enim
2645 437 2945 508 capitulum
2982 435 3262 526 sequitur,
3297 431 3440 504 quod
3603 432 3706 490 ek

416 555 474 603 et
490 555 676 618 postea
695 547 795 604 sub
819 544 1170 614 Vespasiano,
1196 557 1420 613 regnum
1442 540 1601 610 hujus
1625 537 1858 610 generis,
1880 533 1994 592 imo

418 638 706 710 imaginem
736 636 966 707 imperii,
997 633 1212 704 penitus
1239 631 1407 687 fuisse
1430 631 1682 686 deletum.

921 728 942 741 ’
977 762 1204 821 CAPUT
1241 759 1458 818 xxut.

415 855 775 913 Comminatur
801 855 1054 910 Dominus
1073 854 1362 926 pastoribus
1383 852 1734 926 lacerantibus
1755 861 1992 926 gregem:

487 929 552 1011 de
578 929 846 982 nativitate
871 937 920 982 et
947 922 1187 998 passione
1227 923 1450 988 Christi;
1479 923 1543 976 de
1584 922 1732 993 falsis
1777 922 1994 992 prophe-

487 1009 576 1053 εἰσ.
1897 1021 1902 1034 .

492 1109 512 1142 ι
549 1091 642 1148 Vae
668 1090 972 1161 pastoribus
997 1089 1086 1158 qui
1107 1087 1420 1158 dispergunt
1439 1093 1496 1142 et
1515 1086 1754 1141 lacerant
1777 1097 1992 1156 gregem

427 1197 445 1230 ι
490 1193 702 1248 pascua:
733 1193 867 1234 mea:
891 1176 1020 1249 (sive
1040 1193 1072 1232 ο
1092 1185 1340 1246 pastores
1365 1176 1457 1244 qui
1478 1174 1789 1244 disperditis
1811 1181 1868 1228 et
1887 1173 1998 1228 dis-

427 1289 445 1320 i
487 1269 676 1340 sipatis
701 1283 828 1324 aves
853 1284 1065 1338 pascuae
1085 1267 1406 1338 meat),dicit
1434 1265 1710 1320 Dominus.
1729 1263 1853 1319 ideo
1879 1265 1996 1319 huic

421 1379 440 1412 ι
485 1361 617 1417 dicit
645 1361 904 1416 Dominus
925 1361 1066 1416 Deus
1089 1359 1255 1414 Israel
1281 1360 1348 1413 ad
1371 1365 1618 1428 pastores
1648 1355 1738 1426 qui
1767 1362 1997 1426 pascunt

419 1472 438 1502 s
481 1451 734 1521 populum
775 1467 956 1508 meum
982 1469 996 1506 :
1022 1451 1131 1508 Vos
1159 1448 1490 1519 dispersistis
1523 1462 1743 1519 gregem
1790 1461 1988 1512 meum,

418 1561 434 1592 ι
478 1541 717 1610 ejecistis
759 1557 852 1598 eos
889 1550 948 1597 et
995 1556 1099 1596 non
1147 1541 1431 1605 visitastis,
1461 1554 1590 1594 ecce
1631 1552 1732 1608 ego
1763 1536 1994 1592 visitabo

417 1653 434 1684 ι
475 1648 637 1703 super
662 1649 757 1688 vos
782 1633 1042 1688 malitiam
1073 1633 1374 1689 studiorum
1419 1639 1744 1695 vestrorum,
1777 1630 1851 1684 ait
1890 1629 1992 1687 Do—'

416 1743 434 1773 ι
479 1723 673 1778 minus.
705 1723 772 1777 Et
797 1737 897 1793 ego
921 1723 1262 1793 congregabo
1287 1720 1542 1790 reliquias
1580 1719 1758 1793 gregis
1779 1718 1885 1774 mei
1924 1720 1990 1774 de

417 1831 434 1864 ι
479 1815 731 1869 omnibus
757 1814 936 1878 terris,
956 1812 1024 1866 ad
1045 1827 1180 1882 quas
1204 1811 1469 1881 cjeceram
1499 1827 1592 1866 eos
1617 1810 1766 1876 illuc,
1788 1819 1843 1866 et
1861 1825 1991 1866 con-
2019 1793 2066 1854 Β

416 1927 434 1958 ι
479 1915 687 1961 vertam
733 1920 825 1960 eos
853 1906 921 1960 ad
962 1921 1084 1960 rura
1135 1921 1232 1960 sua
1263 1905 1391 1976 (sive
1438 1904 1718 1960 restituam
1762 1902 1880 1959 illos
1923 1903 1990 1957 ad

417 2017 436 2048 ι
480 2011 680 2066 pascua
700 1997 846 2068 sua),
864 2004 921 2051 et
963 2005 1212 2052 crescent
1255 2008 1311 2052 et
1355 1997 1856 2067 multiplicabuntur
1881 2013 1894 2051 :
1924 1995 1990 2050 Et

416 2108 435 2138 ι
483 2087 756 2144 suscitabo
781 2102 944 2158 super
967 2103 1062 2144 eos
1089 2097 1352 2159 pastores,
1383 2097 1436 2144 et
1474 2097 1697 2157 pascent
1720 2103 1833 2144 eos.
1872 2087 1990 2142 Non

415 2199 433 2230 ι
477 2177 841 2235 formidabunt
869 2178 1031 2248 ultra,
1049 2187 1233 2235 etnon
1257 2181 1546 2249 pavebunt,
1563 2190 1619 2235 et
1647 2179 1821 2236 nullus
1843 2195 1989 2250 qua:-

415 2292 432 2323 ι
476 2279 629 2328 retur
671 2286 738 2328 ex
785 2287 1030 2339 numero,
1061 2273 1193 2328 dicit
1233 2273 1511 2328 Dominus.
1544 2292 1562 2324 ο
1597 2271 1865 2342 (Περι-οη.)
1907 2271 1991 2326 Ad

408 2373 678 2436 pastores,
709 2367 824 2422 sive
857 2367 923 2420 de
949 2366 1277 2436 pastoribus,
1307 2367 1655 2436 propheticus
1681 2377 1858 2420 sermo
1885 2374 1987 2432 est,

2095 531 2516 604 praetermissum
2559 537 2662 586 est.
2713 529 2831 598 Quo
2878 528 3062 595 finito,
3117 525 3305 582 titulus
3329 533 3414 582 est
3439 523 3525 578 Ad
3553 539 3707 595 pro—

2097 627 2293 698 phetas,
2336 625 2449 680 sive
2501 621 2698 678 Contra
2740 623 3040 694 prophetas,
3067 619 3136 676 de
3163 634 3274 690 quo
3312 617 3368 674 in
3397 632 3500 676 suo
3523 617 3706 674 diea-

2094 735 2215 776 mus
2239 720 2378 774 loco.
2412 717 2650 785 Abiectis
2693 732 2822 787 ergo
2850 715 3159 790 pastoribus
3193 713 3514 785 Synagoga,
3543 711 3710 770 scti-

2093 809 2177 866 bis
2226 810 2473 864 videlicet
2513 817 2570 864 et
2607 807 2916 870 Pharisaeis,
2951 814 3009 862 et
3053 805 3277 862 salvatis
3321 803 3574 874 reliquiis
3623 817 3708 858 ex

2093 898 2275 964 Israel,
2302 898 2664 969 apostolisque
2685 897 2956 968 Evangelii
2976 897 3026 950 in
3049 896 3226 952 locum
3256 895 3500 965 priorum
3522 895 3710 966 prin-

2093 993 2273 1062 cipum
2332 990 2642 1046 constitutis
2665 1029 2682 1056 ,
2729 989 3002 1046 inducitur
3053 999 3242 1058 pastor
3289 995 3612 1056 pastorum,
3642 994 3710 1040 et

2093 1083 2344 1152 princeps
2378 1081 2699 1151 principum,
2722 1086 2780 1135 et
2821 1094 2917 1134 rex
2966 1094 3171 1149 regum,
3203 1088 3256 1134 et
3289 1078 3556 1136 Dominus
3585 1077 3710 1134 do-

2095 1171 2448 1236 minantium;
2482 1167 2734 1226 Christus
2761 1167 3013 1224 videlicet
3051 1167 3301 1225 Salvator
3340 1177 3552 1230 noster,
3581 1165 3706 1237 qui

2093 1264 2314 1334 proprie
2357 1272 2441 1318 est
2487 1275 2707 1334 germen
2739 1259 2965 1330 justum.
2992 1260 3105 1315 sive
3153 1259 3336 1316 oriens
3377 1259 3589 1328 justus,
3625 1257 3710 1312 de

2092 1371 2201 1431 quo
2229 1354 2456 1426 legimus
2479 1371 2494 1408 :
2521 1373 2539 1406 ι
2568 1351 2786 1409 Orietur
2809 1351 2866 1408 in
2894 1351 3082 1408 diebus
3111 1348 3230 1418 ejus
3257 1349 3468 1420 justitia
3500 1347 3704 1418 (Psal.

2093 1445 2264 1517 ωιιι).
2296 1464 2314 1496 ι
2363 1445 2431 1499 Et
2459 1443 2514 1498 in
2555 1441 2662 1498 alio
2711 1441 2832 1498 loco
2859 1459 2871 1495 :
2901 1460 2920 1494 ι
2949 1441 3088 1496 Ecce
3122 1439 3206 1496 vir
3251 1438 3436 1495 oriens
3476 1450 3707 1493 nomen

2092 1535 2232 1605 ejus,
2261 1547 2316 1592 et
2343 1536 2530 1592 subter
2565 1549 2690 1590 eum
2728 1533 2960 1595 orietur,
2992 1539 3047 1586 et
3085 1529 3372 1587 aediﬁcabit
3419 1529 3709 1599 templum

2046 1649 2049 1653 -
2094 1629 2321 1686 Domino
2349 1626 2534 1698 (Zach.
2565 1627 2664 1700 vi),
2687 1645 2706 1678 ι
2737 1634 2800 1680 ιιι
2824 1625 3094 1695 quomodo
3139 1623 3194 1680 in
3238 1622 3376 1679 Isaia
3411 1642 3430 1678 ί
3452 1621 3704 1679 Emma-

2093 1719 2218 1777 nuel
2249 1719 2383 1791 (ιω.
2414 1719 2512 1789 vn)
2541 1738 2560 1771 ι
2593 1716 2925 1788 appellatur,
2955 1714 3058 1772 hoc
3099 1723 3180 1771 est
3210 1715 3478 1770 nobiscum
3513 1714 3707 1783 Dm,

2093 1813 2173 1868 sic
2199 1812 2255 1867 in
2279 1810 2514 1868 Ieremia
2543 1824 2740 1866 nomen
2771 1806 3024 1878 accipiat,
3061 1805 3266 1874 iustitia
3290 1815 3488 1861 nostra.
3526 1805 3706 1862 Unde

2091 1911 2145 1960 et
2163 1901 2454 1972 Apostolus
2475 1899 2746 1970 loquitur;
2769 1919 2786 1950 ι
2807 1897 2910 1964 Qui
2935 1896 3110 1953 factus
3127 1905 3211 1952 est
3229 1897 3499 1968 sapientia
3523 1896 3706 1954 nobis

2093 2013 2124 2051 a
2172 1996 2322 2061 Deo,
2355 2003 2412 2051 et
2447 1992 2692 2064 iustitia,
2735 1999 2793 2048 et
2837 1990 3235 2058 sanctiﬁcatio,
3277 1999 3333 2046 et
3377 1989 3708 2061 redemptio

2093 2085 2145 2158 (Ι
2173 2084 2297 2141 Cor.
2321 2085 2385 2154 ι).
2409 2104 2426 2135 ι
2455 2083 2554 2140 Cati
2578 2083 2886 2140 contrarius
2909 2081 3300 2149 Antichristus,
3321 2091 3378 2138 et
3403 2083 3707 2138 habitator

2091 2179 2207 2248 ejus
2256 2177 2526 2244 diabolus,
2558 2177 2616 2232 in
2661 2175 2928 2234 Zacharia
2957 2196 2978 2230 s
3007 2175 3203 2233 stultus
3250 2184 3458 2246 pastor,
3485 2196 3503 2228 ι
3543 2177 3700 2232 dici-

2094 2280 2222 2324 tur:
2253 2286 2273 2321 s
2312 2268 2381 2324 Et
2427 2268 2621 2333 faciet,
2660 2268 2867 2339 inquit,
2899 2266 3170 2336 judicium
3213 2277 3274 2324 et
3305 2266 3582 2337 justitiam
3635 2269 3699 2324 in

2092 2368 2260 2416 terra.
2283 2380 2301 2412 ι
2328 2359 2444 2416 Non
2467 2359 2614 2416 enim
2631 2347 2796 2414 Pater
2817 2359 3021 2416 indicat
3038 2374 3386 2430 quemquam.
3399 2357 3498 2414 sed
3515 2371 3698 2414 omne

406 2462 463 2510 et
489 2455 615 2524 quia
643 2455 709 2511 de
735 2453 992 2512 Jechouia
1022 2455 1318 2526 penultimo
1363 2471 1489 2528 rege
1527 2455 1744 2520 Judaem,
1773 2455 1864 2525 qui
1893 2455 1994 2510 fuit
2087 2453 2350 2524 judicium
2372 2453 2518 2510 dedit
2535 2452 2674 2508 Filio
2695 2450 2877 2522 (Ioau.
2901 2451 2977 2523 v).
2999 2452 3056 2508 ln
3085 2452 3278 2508 diebus
3321 2451 3448 2516 illis,
3477 2460 3534 2506 et
3565 2449 3696 2506 duae

407 2549 476 2603 de
518 2547 689 2619 stirpe
733 2547 921 2614 David,
950 2547 1179 2618 legimus
1215 2547 1478 2616 scriptum
1508 2565 1521 2602 :
1551 2566 1568 2598 ι
1598 2546 1790 2611 Terra,
1823 2555 1990 2610 terra,

409 2645 578 2704 terra,
610 2639 734 2694 audi
775 2653 1052 2696 sermones
1095 2639 1327 2696 Domini.
1381 2639 1571 2694 Scribe
1606 2639 1782 2694 virum
1823 2639 1991 2718 istum

410 2731 716 2787 abdicatum
745 2731 869 2803 (sive
889 2731 1170 2804 sterilem),
1193 2741 1249 2785 et
1269 2747 1375 2786 non
1405 2731 1509 2786 erit
1527 2732 1594 2786 de
1619 2731 1828 2786 semine
1851 2729 1990 2798 ejus,

407 2822 499 2891 qui
529 2822 716 2877 sedeat
753 2837 918 2892 super
943 2822 1137 2878 solium
1167 2822 1366 2888 David;
1397 2841 1417 2874 ι
1448 2821 1733 2891 omnisque
1759 2837 1883 2891 spes
1909 2837 1994 2878 re-

407 2913 495 2984 gni
543 2912 750 2968 Judaici
794 2912 968 2970 fuerat
1011 2923 1323 2984 amputata,
1361 2915 1556 2970 transit
1605 2915 1672 2971 ad
1723 2915 1994 2985 principes

406 3002 684 3069 Ecclesiae,
709 3012 766 3058 et
799 3004 1079 3076 Synagoga
1107 3019 1230 3060 cum
1258 3006 1372 3062 suis
1402 3006 1708 3077 pastoribus
1735 3006 1992 3061 derelicta

2093 2556 2149 2602 et
2177 2545 2364 2602 decem
2405 2544 2577 2599 tribus
2612 2542 2772 2608 Juda,
2801 2551 2856 2597 et
2883 2541 3048 2600 Israel
3072 2542 3280 2613 pariter
3303 2541 3692 2607 salvabuntur,

2094 2650 2151 2695 et
2173 2641 2240 2694 de
2269 2639 2478 2695 duabus
2499 2638 2670 2708 virgis
2693 2637 2846 2707 juxta
2874 2635 3240 2701 Ezechielem,
3267 2649 3376 2690 una
3403 2635 3563 2705 virga
3594 2633 3698 2689 fiet

2096 2730 2314 2804 (Bacch.
2337 2729 2566 2802 xxxvii).
2595 2729 2910 2799 Nomenque
2931 2729 3130 2800 ejus,si
3145 2728 3302 2799 juxta
3322 2726 3690 2798 Septuaginta

2093 2825 2372 2883 vocaverit
2389 2840 2512 2880 eum
2535 2825 2818 2888 Dominus,
2843 2823 3203 2894 appellabitur
3229 2820 3509 2888 Iosedech,
3524 2821 3582 2876 id
3603 2828 3690 2879 est

2095 2919 2358 2975 Dominus
2376 2918 2592 2990 justus;
2621 2917 2668 2973 si
2693 2916 2992 2973 secundum
3031 2915 3378 2979 ﬂebrsicum,
3410 2914 3504 2984 qui
3529 2913 3691 2968 dixe-

2097 3018 2223 3070 runt
2243 3027 2265 3060 ε
2290 3023 2490 3063 nomen
2502 3005 2620 3075 ejus
2639 3006 2939 3073 vocabitur,
2965 3025 2986 3060 ι
3005 3005 3240 3071 dicetur,
3255 3005 3690 3075 Dominasjasti-

407 3103 569 3164 atque
613 3097 887 3162 damnata,
917 3099 984 3152 ad
1035 3099 1304 3169 apostolos
1349 3116 1530 3156 sermo
1577 3100 1656 3166 fit,
1687 3100 1754 3155 de
1796 3101 1990 3170 quibus
2021 3148 2067 3175 η
2097 3101 2170 3155 tia
2199 3108 2400 3154 nostra.
2429 3097 2544 3154 Hoc
2567 3098 2714 3154 enim
2743 3097 3013 3168 signiﬁcat
3049 3105 3235 3175 uip'tr
3256 3105 3412 3160 ττι-ν,
3439 3110 3538 3166 pro
3576 3109 3689 3165 quo

2020 3148 2067 3210 Ο

408 3188 606 3242 dicitur
629 3207 642 3244 ι
673 3207 691 3240 ε
718 3189 784 3244 Ει
806 3190 1077 3246 suscitabo
1103 3205 1265 3261 super
1291 3206 1385 3247 eos
1412 3199 1748 3261 pastores,et
1769 3203 1996 3262 pascunt
2021 3186 2067 3210 υ
2099 3188 2460 3262 Symmachus
2485 3189 2670 3254 vertit,
2697 3207 2716 3240 ι
2745 3187 2993 3252 Domine,
3014 3186 3254 3257 justiﬁes
3285 3201 3404 3242 nos.
3425 3206 3444 3237 ι

407 3295 521 3336 eos.
568 3279 689 3338 Non
736 3281 1101 3338 formidabant
1147 3283 1320 3350 ultra,
1355 3294 1411 3338 et
1460 3300 1566 3340 non
1609 3285 1995 3354 pavebuut,'et

407 3369 590 3426 nullus
615 3380 889 3440 quaretur
921 3389 986 3428 ex
1031 3391 1279 3440 numero,
1314 3374 1448 3430 dicit
1488 3375 1748 3430 Dominus
1773 3375 1989 3446 (Bacch.

343 3481 352 3489 -
409 3461 514 3531 tu).
539 3481 559 3515 ο
591 3461 834 3532 Apostoli
878 3466 1025 3522 enim
1053 3467 1418 3535 conﬁdenter,
1449 3479 1505 3524 et
1547 3469 1752 3538 absque
1785 3469 1893 3526 ullo
1921 3471 1991 3524 ti-

410 3563 564 3604 more
588 3561 811 3620 pascent
832 3554 1258 3611 ecclesiasticum
1280 3571 1522 3628 gregem,
1547 3567 1605 3612 et
1635 3557 1873 3628 reliquiae
1899 3574 1994 3630 po-

409 3639 518 3708 puli
540 3639 707 3698 lsrael
727 3644 1082 3702 salvabuntur
1109 3647 1174 3702 de
1196 3648 1446 3703 omnibus
1473 3650 1656 3716 terris,
1680 3658 1736 3705 et
1764 3666 1992 3706 conver-

410 3738 590 3788 tentur
629 3735 696 3790 ad
741 3752 888 3801 rura,
917 3737 1033 3793 sive
1062 3737 1130 3792 ad
1175 3753 1372 3808 pascua
1411 3755 1531 3808 sua,
1557 3749 1612 3796 et
1645 3750 1914 3808 crescent,
1939 3751 1998 3797 et

433 3823 932 3894 nultiplieabuntur.
949 3826 1123 3896 Super
1135 3829 1306 3884 malos
1317 3840 1496 3886 autem
1507 3839 1776 3903 pastores,
1789 3834 1996 3889 scribas

410 3922 468 3967 et
487 3913 809 3982 Pharisaeos,
825 3917 1353 3983 visitabitDominus,
1372 3929 1592 3992 propter
1611 3923 1872 3978 malitiam
1887 3931 1999 3980 stu-

412 3999 622 4059 diorum
651 4003 914 4075 ipsorum.
945 4005 1238 4064 Possumus
1267 4017 1444 4064 autem
1470 4010 1574 4066 hoc
1608 4008 1764 4079 juxta
1813 4019 1999 4083 tropo-

412 4089 637 4162 logiam,
676 4107 730 4152 et
759 4099 826 4152 de
867 4098 1122 4154 Ecclesiae
1164 4099 1499 4172 principibus
1549 4102 1871 4172 intelligere,
1904 4103 2000 4174 qui

414 4189 598 4241 tanien
625 4203 730 4242 non
765 4188 923 4258 digne
955 4198 1149 4257 regunt
1174 4205 1306 4246 oves
1333 4193 1566 4253 Domini,
1589 4195 1733 4262 quod
1765 4193 1870 4250 illis
1898 4197 1998 4250 ab-

411 4273 576 4346 jectis
609 4285 769 4346 atque
795 4281 1067 4336 damnatis
1091 4282 1331 4340 salvetur
1354 4283 1600 4352 populus,
1631 4285 1858 4355 aliisque
1885 4295 2000 4342 tra-

421 4369 604 4432 datur,
623 4369 717 4438 qui
748 4369 894 4441 digni
925 4374 1268 4439 exstiterunt,
1295 4384 1352 4430 et
1391 4375 1633 4446 reliquiae
1651 4379 1816 4434 salvae
1845 4379 1995 4437 fiant.

2170 3300 2190 3334 ι
2220 3279 2454 3351 Propter
2475 3282 2582 3338 hoc
2614 3293 2744 3338 ecce
2789 3279 2906 3334 dies
2949 3279 3194 3344 veniunt,
3219 3277 3354 3334 dicit
3399 3276 3685 3334 Dominus.

2094 3375 2164 3431 Et
2223 3389 2332 3431 non
2375 3375 2556 3430 dicent
2595 3373 2737 3430 ultra
2779 3390 2794 3428 :
2835 3372 2982 3429 Vivit
3032 3371 3323 3436 Dominus,
3358 3369 3451 3440 qui
3495 3368 3690 3426 eduxit

2096 3466 2236 3522 illius
2273 3465 2440 3521 Israel
2469 3467 2536 3522 de
2583 3473 2725 3522 terra
2773 3464 3015 3538 Egypti,
3052 3467 3150 3522 sed
3175 3485 3189 3521 :
3219 3464 3362 3522 Vivit
3398 3464 3692 3532 Dominus,

2097 3561 2188 3630 qui
2221 3559 2408 3615 eduxit
2436 3567 2493 3614 et
2526 3557 2750 3614 adduxit
2795 3575 2984 3616 semen
3022 3560 3213 3618 domus
3240 3558 3410 3614 lsrael
3433 3559 3502 3614 de
3529 3565 3684 3613 terra

2095 3649 2394 3721 Aquilonis,
2425 3659 2481 3704 et
2512 3650 2579 3705 de
2603 3651 2816 3706 cunctis
2845 3650 3009 3706 terris
3030 3652 3097 3707 ad
3135 3665 3272 3721 quas
3295 3649 3562 3719 ejeceram
3593 3666 3694 3704 eos

2099 3741 2242 3805 illuc,
2270 3750 2326 3795 et
2345 3740 2668 3796 hbitabunt
2697 3741 2751 3796 in
2781 3749 2925 3796 terra
2949 3757 3068 3797 sua.
3103 3761 3123 3793 s
3154 3736 3268 3798 Hoc
3291 3756 3453 3796 omne
3474 3740 3693 3810 capitu-

2098 3829 2208 3885 lum
2230 3831 2283 3886 iu
2306 3829 2656 3901 Septuaginta
2685 3845 2793 3886 non
2817 3831 3068 3897 habetur,
3089 3831 3242 3901 cujus
3263 3832 3351 3888 hic
3375 3846 3566 3887 sensus
3579 3842 3692 3896 est,

2100 3924 2242 3994 quod
2271 3935 2610 3993 nequaquam
2630 3937 2730 3994 per
2748 3922 2964 3995 Moysen
2991 3923 3220 3994 populus
3245 3925 3338 3982 Dei
3362 3923 3430 3989 de
3449 3920 3694 3993 Egypto

2099 4013 2380 4078 liberetur,
2399 4013 2496 4069 sed
2520 4029 2619 4084 per
2638 4012 2822 4070 Jesum
2849 4013 3125 4070 Christum
3152 4015 3218 4070 de
3241 4015 3389 4070 omni
3415 4017 3548 4070 orbe
3573 4025 3690 4070 ter-

2101 4119 2306 4166 rarum,
2340 4105 2394 4159 in
2421 4121 2580 4176 quem
2624 4105 2898 4176 dispersus
2945 4106 3138 4162 fuerat.
3170 4106 3325 4175 Quod
3351 4123 3418 4162 ex
3455 4117 3608 4178 parte
3633 4118 3692 4164 et

2103 4209 2247 4252 nunc
2291 4198 2596 4268 completur
2631 4199 2687 4254 in
2723 4200 2949 4264 mundo,
2974 4207 3030 4255 et
3066 4214 3133 4256 ex
3164 4209 3278 4258 toto
3311 4199 3690 4271 complehitur,

2103 4289 2317 4357 quando
2349 4291 2416 4346 de
2447 4291 2658 4346 oriente
2681 4299 2740 4346 et
2760 4291 3066 4357 occidente,
3097 4293 3463 4363 septentrione
3486 4300 3543 4345 et
3569 4307 3686 4346 tne-

2103 4379 2241 4438 ridie
2269 4382 2502 4444 venient,
2531 4391 2588 4437 et
2614 4383 2956 4440 discumbent
2983 4397 3106 4438 cum
3134 4381 3431 4450 Abraham,
3453 4384 3602 4438 lsaac
3635 4393 3695 4438 et

415 4457 657 4568 Perdunt
687 4475 816 4568 oves
839 4471 1084 4568 pastores
1115 4465 1206 4534 qui
1232 4465 1432 4568 docent
1462 4467 1729 4568 haresim,
1759 4469 2001 4525 lacerant
2029 4506 2080 4568 Β
2105 4472 2290 4528 Jacoh.
2318 4473 2389 4530 Ut
2406 4483 2691 4544 postquam
2715 4475 3101 4532 subintraverit
3123 4476 3401 4547 plenitudo
3421 4476 3690 4548 gentium,

416 4557 472 4604 et
511 4549 773 4620 dissipant
807 4554 900 4623 qui
935 4555 1225 4612 schismata
1271 4555 1490 4625 faciunt,
1519 4557 1742 4627 ejiciunt
1771 4577 1866 4616 eas
1906 4561 2000 4631 qui
2034 4549 2079 4568 ν
2105 4570 2236 4620 tunc
2261 4564 2439 4620 omnis
2468 4565 2631 4620 Israel
2661 4565 2840 4621 salvus
2869 4566 3000 4623 ttat;

417 4649 607 4700 contra
629 4644 898 4712 justitiam
925 4642 1007 4703 'de
1053 4648 1294 4704 Ecclesia
1341 4659 1613 4720 separant,
1644 4668 1754 4708 non
1781 4653 2006 4708 visitant

419 4733 512 4801 qui
539 4737 928 4804 paenitentibus
967 4741 1298 4796 contrahunt
1323 4755 1564 4796 manum.
1613 4741 1854 4810 Quorum
1883 4757 2002 4798 oru-

421 4827 568 4880 nium
608 4828 953 4886 miserebitur
988 4831 1268 4898 Dominus,
1296 4840 1354 4888 et
1392 4833 1623 4890 reddens
1657 4835 1740 4890 eis
1774 4833 2006 4904 pristina

421 4933 622 4988 pascua
649 4930 704 4976 et
729 4922 901 4980 malos
929 4932 1176 4993 pastores
1203 4925 1474 4981 auferens.

498 5031 514 5059 ι
546 5009 685 5065 Ecce
724 5012 838 5068 dies
877 5013 1119 5079 veniunt,
1144 5015 1275 5069 dicit
1312 5015 1608 5084 Dominus,
1639 5023 1696 5073 et
1733 5015 2009 5074 suscitabo

433 5118 451 5149 ι
499 5101 668 5156 David
711 5118 928 5172 germen
971 5103 1175 5172 justum
1201 5107 1328 5178 (sius
1373 5108 1638 5162 orientem
1678 5107 1928 5178 justum),
1956 5115 2013 5164 et

435 5211 452 5244 ι
499 5194 744 5260 regnabit
769 5209 884 5260 rex,
917 5205 974 5251 et
999 5197 1216 5266 sapiens
1233 5198 1340 5254 erit
1365 5201 1492 5271 (sius
1523 5199 1832 5271 intelliget),
1852 5207 1907 5254 et
1931 5197 2011 5256 fa-

431 5301 450 5336 s
493 5284 600 5337 ciet
633 5283 896 5352 judicium
927 5285 1268 5354 etjustitiam
1306 5269 1646 5346 interraslu
1685 5269 1878 5346 diebus
1907 5289 2014 5346 illis

432 5392 451 5424 ι
497 5373 790 5430 salvabitur
817 5374 974 5442 luda,
998 5385 1054 5434 et
1077 5376 1239 5434 Israel
1269 5380 1532 5436 habitabit
1559 5379 1910 5436 confidenter.
1942 5379 2012 5438 Et

434 5484 452 5517 ι
495 5468 598 5522 hoc
617 5475 700 5522 est
718 5483 918 5524 nomen
937 5484 1044 5539 quo
1057 5473 1328 5528 vocabunt
1345 5489 1466 5530 eum
1483 5472 1611 5543 (sive
1630 5473 1844 5530 vocabit
1862 5471 2009 5543 eum)

434 5575 453 5608 ο
500 5559 758 5615 Dominus
775 5558 958 5628 justus
980 5573 1164 5618 noster
1185 5564 1311 5635 (sius
1329 5563 1538 5632 justitia
1567 5564 1829 5636 nostra)»
1857 5563 2010 5632 Quod

429 5650 692 5743 Hebraice
730 5653 929 5709 dicitur
965 5666 1169 5743 ἀφ-ω.
1216 5657 1328 5714 Hoc
1367 5657 1514 5728 quod
1554 5657 1608 5714 in
1657 5656 2012 5730 Septuaginta

433 5741 570 5802 male
615 5744 858 5802 additum
884 5754 1002 5814 est,
1043 5741 1102 5803 in
1139 5747 1436 5819 prophetis,
1471 5749 1687 5819 penitus
1729 5757 2014 5821 amputan-

2183 4675 2202 4708 ι
2234 4655 2316 4712 Ad
2352 4657 2646 4729 prophetas
2681 4657 2810 4728 (sive
2833 4657 2888 4712 in
2914 4659 3210 4728 prophetis,
3239 4675 3317 4713 sui
3341 4666 3525 4715 contra
3569 4672 3694 4728 pro-

2105 4749 2338 4821 phetas).
2365 4767 2384 4801 ι
2417 4749 2516 4805 llic
2541 4749 2758 4814 titulus,
2785 4759 2846 4805 ut
2878 4765 3044 4824 supra
3089 4751 3346 4817 diximus,
3373 4752 3428 4806 lu
3455 4750 3691 4806 editione

2108 4838 2460 4910 Septuaginta
2494 4839 2615 4894 ﬂuis
2641 4839 2934 4896 auterioris
2971 4842 3192 4912 capituli
3227 4843 3440 4913 positus
3473 4849 3573 4904 est,
3596 4839 3687 4896 ubi

2110 4933 2372 5002 scriptum
2402 4930 2630 5002 legimus
2654 4947 2670 4985 ε
2697 4949 2718 4984 ε
2745 4931 2812 4987 Et
2853 4933 2956 4988 hoc
2987 4942 3074 4988 εει
3119 4949 3315 4990 nomen
3354 4949 3463 5004 quo
3503 4931 3688 5003 appel~

2111 5022 2245 5078 labit
2293 5039 2414 5077 eum
2439 5022 2699 5078 Dominus
2744 5019 3009 5079 Iosedech
3059 5025 3116 5078 in
3159 5025 3456 5095 prophetis.
3489 5043 3508 5075 ι
3539 5023 3690 5088 Quod

2112 5112 2354 5184 plerique
2381 5113 2693 5184 ignorantes
2732 5113 2880 5168 varia
2917 5114 3308 5186 explanationis
3336 5115 3687 5170 deliramenta

2113 5203 2443 5274 conﬁngunt,
2475 5203 2750 5275 multoque
2769 5204 2960 5262 melius
2988 5205 3168 5259 fuerat
3189 5203 3505 5276 simpliciter
3529 5203 3692 5260 ineri-

2114 5293 2244 5349 tiam
2285 5294 2552 5360 contiteri,
2583 5309 2744 5366 quam
2787 5295 3072 5366 imperitia:
3112 5309 3225 5351 ante
3271 5295 3408 5352 alios
3447 5294 3690 5351 heredes

2117 5383 2313 5440 facere.
2347 5385 2442 5440 Est
2466 5395 2645 5442 autem
2675 5402 2853 5443 sermo
2873 5397 3064 5442 contra
3079 5388 3388 5458 prophetas,
3407 5388 3518 5444 imo
3537 5399 3682 5456 μαι-

2115 5475 2477 5546 doprophetas
2503 5475 2802 5532 Jerusalem
2826 5487 2881 5532 et
2903 5475 3188 5544 Samaria,
3210 5491 3348 5548 quos
3372 5491 3515 5534 nunc
3540 5489 3687 5531 CIIII-

2115 5569 2264 5623 muni
2294 5577 2352 5623 et
2385 5570 2600 5640 vulgato
2635 5571 2854 5627 nomine
2887 5573 3178 5642 prophetas
3206 5577 3381 5637 vocat,
3407 5570 3474 5625 de
3499 5567 3688 5640 quibus

2115 5659 2376 5729 scriptum
2414 5668 2500 5715 est
2543 5660 2597 5714 in
2633 5660 3124 5729 consequentibus:
3156 5678 3180 5713 ‹
3200 5659 3270 5716 Et
3312 5659 3368 5714 in
3415 5653 3686 5728 prophetir

2117 5748 2378 5809 Samaria;
2397 5749 2508 5806 vidi
2537 5749 2907 5818 iniquitatem:
2941 5769 2960 5804 ι
2991 5750 3312 5812 statimque.
3339 5767 3360 5802 ι
3389 5747 3458 5806 Et
3477 5745 3536 5806 in
3561 5757 3685 5808 uro-
