4008 6340
300 359 401 418 πί
1211 346 1577 406 EXPOSITIO
1613 345 1844 404 SUPER
1880 344 2250 405 JEREIIAM.
2283 353 2358 393 -‘-
2393 348 2526 407 LIB.
2562 349 2656 407 IX.
3465 353 3571 412 982

301 468 480 546 Pw“
522 463 825 524 ³⁸⁸³³³⁸⁸⁸³
872 460 981 518 Vidi
1029 458 1329 517 h‘mibma'
1366 479 1386 511 ’
1428 458 1657 525 Qum”
1702 466 1885 512 amem
1912 462 1965 519 Α
1988 460 2046 514 In
2080 462 2344 531 Propheta
2373 464 2649 519 doctorem
2686 464 2891 535 accipe,
2923 465 2977 521 in
3014 466 3297 523 sacerdote
3324 465 3589 527 ministe-.

301 561 452 633 ponit
486 556 925 627 conjunctionem
964 560 1035 618 at,
1070 551 1314 608 ostendit
1351 549 1633 621 superiora
1662 550 1728 606 de
1757 564 1883 621 pro-

2014 552 2054 607 ii
2077 552 2413 624 dignitatem.
2446 553 2550 621 Qui
2571 554 2618 609 si
2639 569 2808 625 prava
2840 563 3019 612 mente
3045 558 3438 624 consenserint,
3465 558 3575 617 erit

303 650 483 723 phetis
508 650 652 706 dicta
681 646 895 704 Domini
918 684 937 713 ,
964 646 1058 716 qui
1080 653 1139 701 et
1165 643 1266 715 ipsi
1294 643 1886 715 pseudoprophetarum
1985 643 2074 699 via
2097 658 2286 699 eorum
2318 644 2374 699 in
2402 643 2668 701 lubricum
2708 654 2765 702 et
2794 645 2846 701 in
2875 634 3132 716 tenebris,
3170 662 3272 705 nec
3297 647 3572 705 habebunt

302 743 509 800 similes
529 741 881 798 exstiterunt.
970 770 973 775 ν

379 856 399 889 ι
430 834 740 891 Contritum
780 839 868 889 est
890 840 987 885 eor
1008 843 1191 885 meum
1217 843 1275 884 in
1302 828 1486 884 medio
1515 827 1647 893 mei,
1670 834 1889 883 contre-

309 948 329 982 ι
373 932 627 983 muerunt
655 924 783 995 (sive
799 928 1070 977 commota
1095 918 1243 990 sunt)
1255 920 1437 975 omnia
1462 933 1585 973 ossa
1614 932 1754 975 mea.
1780 916 1888 972 Fa~

308 1036 329 1070 ι
369 1024 489 1072 ctus
512 1029 634 1071 sum
662 1012 819 1083 quasi
848 1011 933 1066 vir
952 1011 1157 1075 ebrius,
1185 1018 1243 1065 et
1266 1009 1424 1080 quasi
1455 1009 1618 1065 homo
1644 1007 1890 1063 madidus

308 1126 329 1160 ι
372 1106 501 1180 (sive
546 1112 833 1176 soporatus
879 1102 1030 1176 vino)
1058 1120 1089 1159 a
1125 1103 1264 1159 facie
1308 1102 1541 1168 Domini,
1567 1110 1624 1157 et
1671 1116 1702 1155 a
1751 1100 1893 1156 facie

309 1216 329 1248 ε
374 1198 663 1253 verborum
698 1203 1009 1250 sanctorum
1038 1193 1160 1262 ejus
1184 1194 1313 1266 (sive
1343 1202 1399 1248 et
1421 1209 1453 1247 a
1494 1192 1632 1248 facie
1675 1191 1891 1248 decoris

306 1307 326 1339 ‹
372 1288 558 1359 gloria:
580 1286 743 1359 ejus).
765 1307 786 1338 ι
812 1286 1168 1342 Considerato
1188 1286 1337 1339 vultu
1362 1282 1748 1352 omnipotentis
1771 1281 1887 1345 Dei,

304 1386 406 1435 hoc
433 1388 517 1434 est
542 1378 720 1434 Patris
737 1415 753 1443 ,
789 1386 844 1433 et
871 1377 1212 1432 considerato
1235 1378 1384 1431 vultu
1409 1375 1555 1440 Filii,
1580 1394 1599 1426 ι
1627 1375 1717 1444 qui
1736 1373 1889 1443 juxta

303 1472 616 1543 Apostolum
648 1472 898 1541 Splendor
924 1470 1107 1542 gloria:
1130 1470 1271 1525 illius
1299 1469 1617 1538 appellatur,
1639 1476 1694 1524 et
1718 1466 1891 1522 forma

304 1567 622 1622 substantia:
649 1567 741 1621 Dei
768 1565 1044 1637 (Hebrqt).
1068 1584 1087 1616 ι
1117 1564 1385 1635 Propheta
1412 1572 1468 1618 ct
1487 1565 1668 1618 animo
1693 1571 1749 1618 et
1772 1579 1895 1618 eor-

305 1673 435 1728 pore
475 1659 845 1728 perhorrescit
862 1697 878 1723 ,
905 1666 959 1713 et
989 1654 1240 1726 intelligit
1265 1672 1386 1712 esse
1411 1672 1471 1711 se
1496 1655 1672 1721 nihili,
1694 1670 1890 1711 secun-

1988 735 2274 790 Dominum
2303 734 2609 806 loquentem
2636 756 2649 791 :
2680 756 2699 790 ‹
2735 737 2849 808 Ego
2897 738 2987 794 lux
3020 739 3075 794 in
3118 739 3379 796 mundum
3419 741 3571 809 veni,

1988 835 2049 883 ut
2071 828 2270 895 omMs,
2297 828 2387 900 qui
2420 831 2593 886 credit
2641 832 2695 886 in
2719 846 2829 898 me,
2870 832 2927 887 in
2953 832 3191 890 tenebris
3215 848 3323 889 non
3354 842 3575 891 maneat

1989 920 2170 991 (Joan.
2212 921 2332 993 xu).
2374 942 2392 974 ι
2432 922 2584 978 Unde
2620 930 2842 979 sanctus
2874 922 3140 994 loquitur,
3177 937 3368 980 omnes
3416 932 3571 980 tene-

1989 1011 2116 1067 bras
2142 1011 2354 1083 fugiens
2383 1029 2395 1067 :
2433 1031 2452 1065 c
2492 1013 2775 1085 Signatnm
2806 1022 2890 1070 est
2928 1030 3090 1086 super
3118 1030 3216 1071 nos
3242 1014 3423 1070 lumen
3456 1015 3574 1070 vul-

1990 1112 2078 1159 tus
2096 1106 2195 1169 tui,
2227 1106 2473 1171 Domine,
2498 1107 2693 1162 dedisti
2718 1107 2960 1162 laetitiam
2990 1106 3043 1162 in
3066 1107 3226 1163 corde
3252 1122 3372 1162 meo
3399 1103 3572 1179 (Paul.

1992 1197 2089 1265 1v).
2124 1215 2142 1249 ι
2175 1196 2310 1251 Cum
2340 1206 2521 1253 autem
2550 1198 2751 1253 fuerint
2776 1199 2831 1253 in
2860 1199 3119 1265 tenebris,
3165 1207 3221 1254 et
3262 1198 3316 1253 in
3366 1197 3451 1253 via
3497 1197 3578 1253 lu-

1991 1290 2159 1353 brica,
2202 1305 2389 1346 errore
2428 1291 2678 1347 videlicet
2706 1292 2981 1357 hacrctico,
3023 1291 3089 1346 ad
3119 1306 3335 1347 omnem
3372 1297 3576 1346 motum

1996 1380 2338 1450 impellentur
2366 1389 2421 1437 et
2447 1393 2701 1439 corruent
2726 1402 2739 1438 :
2771 1392 2825 1439 et
2858 1383 3053 1439 inferet
3083 1398 3244 1454 super
3269 1398 3363 1438 eos
3399 1383 3581 1438 Domi-

1994 1487 2097 1526 nus
2122 1472 2259 1525 mala
2294 1492 2305 1526 :
2341 1488 2447 1527 non
2475 1488 2582 1543 quo
2607 1474 2748 1529 mala
2781 1476 2908 1539 sint,
2942 1482 3001 1529 ut
3045 1474 3303 1529 Dominus
3333 1472 3473 1528 mala
3497 1456 3582 1528 in?

1994 1563 2156 1629 ferat,
2196 1565 2288 1620 sed
2349 1566 2490 1621 mala
2532 1568 2617 1622 his
2660 1568 2753 1637 qui
2803 1567 3074 1624 sustinent
3116 1564 3375 1639 supplicia
3406 1584 3419 1621 :
3449 1566 3582 1622 alio-

1995 1656 2125 1725 quin
2166 1654 2357 1711 eadem
2396 1664 2451 1712 et
2487 1657 2628 1712 mala
2671 1666 2726 1713 et
2762 1659 2904 1714 bona
2951 1664 3094 1714 sunt.
3129 1656 3267 1712 Mala
3295 1656 3451 1724 juxta
3487 1671 3584 1712 eos

305 1747 433 1801 dum
459 1748 605 1817 quod
634 1748 690 1803 in
712 1748 819 1803 alio
848 1748 966 1803 loco
992 1748 1223 1803 dicitur:
1255 1767 1273 1798 α
1305 1747 1692 1817 Utjumentum
1718 1747 1893 1803 factus
1922 1813 1966 1820 _
1997 1763 2134 1818 quos
2179 1749 2453 1814 cruciant,
2492 1748 2633 1804 bona
2666 1749 2819 1820 juxta
2859 1765 2975 1815 eos,
3010 1765 3145 1819 quos
3170 1750 3478 1804 emendant.
3518 1747 3589 1803 Et

308 1853 427 1893 sum
449 1813 589 1908 apud
616 1847 668 1894 te
703 1837 875 1909 (Psal.
905 1838 1097 1909 Lxxn),
1124 1858 1142 1889 ι
1169 1839 1284 1894 sive
1304 1813 1583 1894 victimam
1613 1840 1895 1895 conscien-
1922 1813 1971 1874 Β
1998 1813 2102 1895 hoc
2136 1840 2432 1895 notandum
2462 1841 2605 1911 quod
2646 1813 2820 1896 annus
2846 1813 3170 1895 visitationis
3208 1839 3425 1894 Domini
3464 1853 3588 1894 cor-

308 1930 419 1995 tize,
462 1939 517 1985 et
543 1931 861 1986 humilitatis
906 1947 1018 1986 sum
1066 1930 1223 1987 offert
1252 1931 1364 1988 Deo
1393 1934 1549 2003 juxta
1593 1932 1725 1991 illud
1748 1933 1894 2005 quod

310 2039 362 2077 ιιι
388 2021 618 2079 Psalmis
645 2022 935 2077 scribitur:
965 2042 983 2075 ι
1017 2024 1356 2080 Sacriﬁcium
1382 2025 1513 2089 Deo,
1531 2026 1753 2096 spiritus
1771 2041 1896 2083 con-

310 2113 613 2177 tribulatus,
644 2129 742 2169 cor
764 2115 1058 2170 contritum
1103 2123 1161 2170 et
1208 2116 1548 2171 humiliatum
1596 2117 1739 2173 Deus
1788 2133 1896 2173 non

310 2205 516 2275 spernit
539 2204 712 2277 (I’sal.
740 2205 815 2278 ι).
838 2224 856 2256 ι
881 2205 1018 2262 Ossa
1040 2218 1249 2271 autem,
1272 2223 1393 2277 qua:
1418 2216 1894 2275 contremuerunt,

310 2299 425 2355 sive
453 2307 719 2354 commota
745 2307 893 2365 sunt,
917 2299 1003 2354 illa
1034 2299 1415 2371 intelligamus,
1441 2301 1510 2355 de
1535 2301 1732 2371 quibus
1754 2300 1897 2355 idem

312 2390 478 2449 David
508 2393 652 2446 canit
677 2409 691 2445 :
721 2412 739 2443 ι
768 2391 961 2448 Omnia
984 2408 1111 2448 ossa
1140 2409 1259 2449 mea
1281 2395 1477 2456 dicent,
1505 2394 1752 2470 Domine,
1774 2394 1900 2464 quis

310 2484 499 2538 similis
525 2485 600 2538 tui
631 2482 804 2555 (Psal.
838 2483 1045 2556 xxxrv).
1070 2504 1089 2537 ι
1123 2484 1321 2541 Factus
1365 2494 1450 2541 est
1494 2487 1673 2556 quasi'
1695 2486 1897 2551 ebrius,

310 2582 365 2628 et
388 2575 540 2643 quasi
564 2576 728 2630 homo
746 2576 995 2631 madidus
1023 2577 1136 2632 sive
1157 2587 1444 2648 soporatus
1470 2594 1501 2633 a
1524 2580 1670 2643 vino,
1696 2578 1899 2634 nullam

312 2668 519 2723 nabens
558 2668 989 2740 intelligentiam,
1021 2670 1332 2740 nullamque
1374 2671 1717 2741 sapientiam.
1746 2690 1765 2721 ε
1800 2673 1902 2727 Do-

313 2763 490 2817 minus
518 2764 667 2818 novit
699 2764 1060 2835 cogitationes
1109 2764 1423 2830 hominum,
1454 2766 1709 2835 quoniam
1750 2780 1904 2820 vanae

311 2862 440 2910 sunt
470 2851 644 2925 (Psal.
674 2855 850 2926 xctu).
876 2874 894 2906 ι
929 2856 986 2910 Si
1020 2864 1202 2911 autem
1254 2856 1357 2912 hoc
1400 2858 1475 2911 ita
1521 2866 1623 2921 est,
1655 2858 1746 2912 ubi
1777 2864 1906 2912 sunt

312 2946 407 3016 qui
432 2946 727 3017 perfectam
756 2948 807 3002 in
839 2948 1059 3004 homine
1083 2949 1347 3020 justitiam
1395 2949 1724 3019 praedicant?
1748 2948 1901 3015 Quod

313 3038 362 3095 si
387 3041 763 3112 responderint
793 3042 860 3098 de
896 3043 1099 3098 sanctis
1129 3057 1188 3098 se
1228 3044 1333 3099 hoc
1362 3042 1560 3107 dicere,
1594 3059 1697 3097 non
1726 3058 1791 3097 ex
1820 3058 1905 3099 se-

312 3136 578 3206 metipsis,
598 3143 747 3191 certe
772 3135 975 3190 nullum
998 3142 1129 3206 puto
1148 3136 1472 3192 sanctiorem
1496 3151 1616 3191 esse
1642 3136 1897 3203 Jeremia,

1999 1931 2169 1986 rectio
2205 1932 2544 2002 peccantium
2588 1932 2817 1996 dicatur,
2874 1939 3037 2001 atque
3088 1931 3381 1995 cruciatus,
3431 1928 3587 2001 juxta

1999 2023 2132 2079 illud
2161 2024 2304 2095 quod
2324 2024 2586 2095 scriptum
2615 2030 2701 2079 cst
2731 2042 2744 2077 :
2785 2042 2803 2077 ι
2840 2023 3084 2079 Visitabo
3110 2023 3164 2077 in
3192 2021 3343 2092 virga
3384 2020 3588 2090 iniqui-

2000 2124 2142 2171 tates
2173 2132 2381 2180 eorum,
2411 2126 2466 2171 et
2495 2117 2549 2171 in
2578 2116 2894 2171 verberibus
2928 2124 3151 2186 peccata
3176 2129 3364 2170 eorum
3384 2155 3399 2181 ,
3429 2112 3593 2171 mise-

2000 2211 2292 2266 ricordiam
2319 2219 2499 2266 autem
2525 2224 2703 2266 meam
2728 2224 2837 2265 non
2886 2210 3191 2281 dispergam
3225 2208 3294 2262 ab
3322 2221 3389 2263 eo
3413 2204 3589 2279 (Psal.

2003 2300 2290 2372 Lxxxvm).
2327 2318 2346 2353 ι

2082 2409 2102 2442 ι
2139 2392 2204 2446 Et
2230 2391 2282 2446 in
2312 2392 2591 2462 prophetis
2614 2390 2875 2447 Samaria:
2896 2390 3005 2446 vidi
3035 2390 3319 2446 stultitiam
3338 2388 3466 2461 (sive
3490 2388 3596 2445 ini-

2011 2503 2030 2538 ι
2066 2485 2350 2557 quitatem)
2374 2485 2799 2555 :prophctabant
2821 2485 2874 2539 in
2898 2483 3044 2549 Baal,
3063 2491 3117 2539 et
3131 2482 3471 2555 decipiebant
3492 2496 3594 2553 po-

2010 2596 2030 2629 (
2075 2575 2258 2647 pulum
2311 2591 2489 2631 meum
2540 2575 2724 2631 Israel.
2764 2594 2784 2628 ι
2844 2574 2955 2646 Ego
2984 2574 3278 2646 prophetas
3334 2570 3597 2628 Samaria;

1997 2670 2154 2741 juxta
2178 2670 2441 2742 mysticos
2456 2668 2760 2724 intellectus
2781 2669 2998 2740 proprie
3012 2669 3297 2724 haereticos
3312 2666 3419 2723 dici
3440 2674 3593 2738 puto,

2006 2771 2061 2819 et
2100 2778 2290 2818 omnes
2322 2762 2413 2833 qui
2446 2760 2655 2831 jactaut
2686 2760 2806 2816 falsi
2836 2761 3072 2816 nominis
3097 2760 3402 2816 scientiam.
3448 2757 3596 2827 Quo-

2006 2857 2167 2913 modo
2192 2863 2373 2911 autem
2403 2856 2678 2926 propheta:
2713 2853 2994 2918 Samarize,
3022 2851 3281 2922 quidquid
3308 2848 3600 2921 loqueban-

2008 2960 2098 3007 tur
2125 2950 2523 3021 prophetabant
2559 2948 2612 3003 in
2638 2945 2769 3001 Baal
2793 2946 2935 3001 idolo
2959 2945 3226 3009 videlicet,
3260 2930 3596 2999 dzemonibbs

2008 3049 2345 3100 consecrato.
2369 3041 2459 3097 Sic
2480 3040 2719 3095 haeretici
2741 3038 2997 3109 quidquid
3024 3036 3320 3106 loquuntur
3342 3035 3393 3089 in
3419 3032 3588 3088 Eccle

2010 3134 2108 3201 sia,
2139 3133 2253 3189 sive
2287 3140 2440 3187 extra
2489 3129 2811 3195 Ecclesium,
2859 3137 2917 3185 ut
2945 3127 3291 3198 supplantent
3342 3122 3598 3195 populum

314 3229 405 3300 qui
434 3198 606 3298 virgo,
637 3230 900 3299 propheta
923 3269 936 3295 ,
972 3198 1449 3298 sanctiﬁcatusque
1472 3229 1527 3284 in
1574 3237 1749 3295 utero,
1784 3198 1900 3299 ipso
1929 3198 1975 3262 Ο
2006 3198 2194 3291 Israel,
2224 3225 2318 3296 qui
2346 3223 2495 3295 prius
2526 3222 2784 3278 cernebat
2832 3219 2999 3276 Deum
3051 3219 3343 3288 loquuntur
3385 3216 3439 3270 in
3493 3213 3602 3270 dae-

315 3320 535 3376 nomine
562 3319 871 3391 prteilgurat
917 3320 1203 3376 Dominum
1243 3320 1602 3376 Salvatorem.
1642 3318 1907 3376 Jeremias

314 3411 461 3466 enim
489 3411 875 3480 interpretatus
898 3418 1002 3477 est,
1031 3413 1244 3468 Domini
1277 3413 1543 3469 excelsus.

394 3522 413 3555 ι
447 3503 585 3569 Quia
637 3505 916 3560 adulteriis
963 3505 1164 3576 repleta
1209 3514 1295 3561 est
1339 3514 1519 3571 terra,
1552 3505 1676 3574 quia
1704 3520 1735 3559 a
1771 3504 1911 3559 facie

324 3610 346 3647 ο
386 3594 779 3650 maledictionis
802 3594 928 3667 (sive
946 3595 1264 3671 juramenti)
1291 3597 1427 3652 luxit
1456 3606 1623 3653 terra.
1655 3595 1909 3652 Arefacta

324 3701 349 3739 ο
389 3692 518 3740 sunt
540 3701 668 3739 arva
693 3685 819 3757 (sive
845 3700 1044 3755 pascua
1071 3686 1318 3759 deserti),
1343 3695 1397 3742 et
1423 3686 1597 3742 factus
1617 3694 1702 3741 est
1721 3701 1914 3742 cursus

324 3792 349 3830 ι
389 3791 578 3832 eorum
611 3776 804 3843 malus,
840 3785 897 3831 et
921 3774 1177 3831 fortitudo
1205 3791 1392 3832 eorum
1422 3776 1722 3832 dissimilis.
1747 3795 1765 3827 ι
1796 3775 1914 3832 Hoc

320 3871 465 3942 quod
509 3884 609 3925 nos
654 3870 723 3925 de
770 3869 1035 3926 Hebraico
1080 3871 1379 3939 posuimus,
1409 3889 1428 3921 ι
1455 3870 1581 3940 quia
1634 3867 1914 3923 adulteriis

321 3962 528 4031 repleta
563 3968 648 4016 est
686 3969 855 4027 terra,
880 3980 898 4012 ι
928 3961 981 4016 iu
1009 3960 1364 4034 Septuaginta
1392 3978 1501 4017 non
1543 3962 1789 4026 habetur,
1819 3961 1912 4030 qui

318 4052 677 4125 juramentum
711 4053 897 4109 dixere
921 4068 1021 4125 pro
1044 4053 1427 4108 maledictione.
1462 4052 1767 4124 Redditque
1789 4069 1914 4108 cau-

322 4159 414 4202 sas
439 4146 581 4215 quod
610 4154 831 4216 propter
858 4144 1120 4201 adulteria
1143 4152 1199 4201 et
1227 4145 1537 4212 maledicta,
1571 4146 1688 4201 sive
1727 4159 1914 4215 supcr-

323 4237 488 4294 ﬂuum
528 4238 919 4307 jnramentum,
946 4239 1057 4294 imo
1101 4239 1336 4311 perjnria
1386 4238 1599 4310 frugum
1652 4236 1915 4293 sterilitas

324 4342 611 4389 consecuta
630 4335 721 4389 sit.
746 4333 1017 4404 Quidquid
1042 4335 1107 4390 de
1127 4344 1274 4391 terra
1298 4333 1479 4390 Iudaea
1498 4334 1652 4405 juxta
1677 4335 1913 4390 litteram

325 4422 580 4496 intelligis
610 4424 755 4478 refer
787 4427 853 4479 ad
884 4426 1359 4498 congregationem
1395 4428 1754 4492 credentium,
1781 4442 1915 4497 quo-

326 4516 472 4569 niam
516 4525 743 4586 propter
786 4515 1048 4570 adulteria
1079 4526 1134 4572 et
1162 4518 1465 4585 mendacia,
1493 4519 1607 4575 sive
1650 4518 1908 4591 periuria,

2009 3317 2289 3381 monibus;
2320 3316 2461 3370 unde
2488 3321 2543 3370 et
2566 3311 2937 3385 significanter
2960 3311 3036 3365 ait
3062 3327 3075 3364 :
3101 3330 3120 3362 ε
3157 3310 3225 3364 Ει
3246 3308 3298 3363 in
3322 3306 3600 3379 prophetis

2013 3409 2273 3464 Samarire
2303 3407 2413 3462 vidi
2448 3405 2764 3470 stultitiam;
2816 3420 2835 3456 ι
2876 3417 2981 3457 non
3013 3401 3155 3457 enim
3196 3399 3397 3455 habent
3431 3411 3557 3454 eum
3582 3435 3601 3463 ,

2013 3499 2079 3553 de
2107 3513 2215 3568 quo
2244 3497 2444 3552 dicitur
2473 3516 2485 3550 :
2520 3513 2539 3547 ε
2570 3494 2819 3551 Christus
2844 3492 2939 3549 Dei
2972 3492 3144 3547 virtus
3171 3499 3227 3548 et
3255 3490 3350 3547 Dei
3379 3488 3600 3562 sapien-
3670 3510 3683 3521 -

2014 3589 2088 3642 tia
2114 3587 2164 3657 (1
2196 3586 2318 3641 Cor.
2355 3586 2417 3659 ι).
2450 3606 2468 3636 ι

2091 3696 2110 3729 ‹
2157 3674 2224 3731 Et
2274 3677 2328 3730 in
2368 3673 2646 3746 prophetis
2676 3672 3013 3729 Hierusalem
3042 3669 3150 3725 vidi
3195 3666 3603 3724 similitudinem

2022 3787 2040 3820 ι
2086 3767 2211 3840 (sire
2261 3765 2563 3837 horribilia)
2614 3762 3055 3828 adulterantium,
3085 3769 3139 3817 et
3170 3760 3272 3815 iter
3308 3756 3600 3814 mendacii.

2023 3880 2041 3915 ι
2084 3860 2149 3917 Et
2172 3859 2613 3917 confortaverunt
2635 3872 2827 3913 manus
2844 3856 3227 3927 pessimorum,
3257 3856 3316 3906 ut
3344 3866 3454 3908 non
3475 3865 3605 3907 eon-

2022 3975 2041 4006 ι
2076 3960 2381 4009 verteretur
2430 3950 2802 4020 unusquisque
2856 3963 2885 4001 a
2934 3944 3141 4001 malitia
3171 3959 3267 4000 sua
3296 3941 3422 4017 (sive
3450 3952 3481 3996 a
3518 3940 3609 3997 via

2023 4064 2041 4097 ι
2090 4046 2209 4117 sua)
2222 4044 2476 4115 pessima.
2494 4042 2645 4098 Facti
2667 4046 2794 4097 sunt
2814 4039 2945 4096 mihi
2964 4048 3152 4095 Omnes
3164 4038 3322 4111 quasi
3345 4036 3607 4103 Sodoma,

2024 4156 2042 4191 σ
2079 4149 2135 4193 et
2164 4137 2498 4193 habitatores
2526 4133 2642 4203 ejus
2666 4132 2820 4203 quasi
2845 4131 3170 4188 Gomorrha.
3210 4150 3230 4184 ι
3262 4128 3378 4186 Νοη
3407 4127 3606 4195 solum,

2018 4231 2213 4301 inquit,
2276 4231 2330 4285 in
2378 4229 2760 4285 hmreticorum
2807 4225 3180 4284 cunciliabulis
3226 4225 3342 4280 meo
3390 4229 3607 4296 reperta

2018 4332 2166 4391 sunt,
2210 4325 2305 4380 sed
2340 4323 2392 4379 in
2444 4321 2723 4396 prophetis
2767 4336 2983 4392 quoque
3031 4316 3387 4384 Hierusalem,
3421 4317 3474 4373 id
3502 4324 3606 4382 est,

2018 4418 2334 4475 doctoribus
2374 4416 2666 4479 Ecclesiae,
2725 4412 2833 4470 vidi
2877 4409 3102 4475 similia,
3142 4411 3258 4467 sive
3292 4406 3606 4473 horribilia,

2019 4510 2439 4567 adulterantium
2488 4507 2714 4565 verbum
2761 4504 2895 4571 Dei,
2946 4512 3003 4560 et
3047 4501 3462 4576 ingredientium
3513 4516 3611 4573 per

325 4573 586 4660 γίηυιιὶιη
607 4573 662 4661 «ἐι
681 4608 1029 4661 donationum
1056 4606 1151 4663 nu
1173 4573 1434 4666 sterilitas
1453 4573 1511 4665 ἐπὶ
1530 4573 1787 4669 magis
1813 4573 1905 4667 nx“;

2021 4605 2162 4659 viam
2193 4602 2480 4667 mendacii,
2517 4608 2575 4655 ut
2610 4599 2990 4655 haereticorum
3034 4596 3262 4652 fallaciis
3298 4594 3609 4665 acquiesce-

405 4711 423 4743 ι
470 4693 738 4763 Propheta
770 4710 1003 4765 namque
1048 4704 1103 4752 et
1148 4688 1402 4755 sacerdos
1444 4699 1631 4771 polluti
1681 4711 1829 4765 sunt,
1859 4713 1917 4757 et

333 4804 352 4834 ς
400 4786 453 4839 in
486 4788 647 4842 domo
676 4804 795 4843 mea
822 4789 1000 4845 inveni
1031 4790 1230 4845 malum
1263 4808 1470 4856 eorum,
1510 4792 1585 4847 ait
1625 4794 1914 4858 Dominus;

336 4894 353 4926 ε
401 4876 604 4932 idcirco
640 4878 724 4932 via
746 4893 934 4934 eorum
958 4880 1083 4944 erit,
1103 4881 1257 4950 quasi
1281 4881 1546 4937 lubricum
1567 4881 1619 4936 in
1638 4883 1875 4939 tenebris
1900 4903 1911 4935 :

330 4964 672 5037 impellentnr
695 4970 838 5024 enim
888 4979 941 5025 et
992 4980 1248 5027 corruent
1294 4971 1347 5026 in
1397 4988 1484 5039 ea,
1516 4974 1640 5044 quia
1696 4972 1917 5029 alterum

330 5059 457 5127 (sive
478 5059 731 5131 inferam)
763 5077 925 5132 super
947 5078 1041 5118 eos
1062 5061 1224 5129 mala,
1254 5078 1452 5118 annum
1480 5065 1806 5121 visitationis
1826 5081 1917 5120 eo—

329 5169 469 5219 rum,
516 5155 591 5210 ait
643 5154 919 5211 Dominus.
974 5173 994 5208 ι
1037 5155 1262 5224 Quando
1292 5158 1348 5212 in
1403 5158 1643 5213 Ecclesia
1698 5158 1816 5225 Dei,
1863 5167 1917 5213 ct

330 5246 566 5301 maxime
590 5247 643 5301 in
678 5248 1010 5319 principibus
1041 5247 1158 5317 ejus
1187 5250 1533 5305 inveniuntur
1564 5250 1725 5317 mala,
1772 5252 1914 5307 scia-

332 5354 454 5394 mus
482 5356 602 5396 esse
623 5342 946 5413 completum
973 5361 987 5396 :
1018 5361 1037 5393 r
1074 5341 1341 5413 Propheta
1366 5353 1423 5399 et
1446 5345 1701 5400 sacerdos
1726 5343 1915 5415 polluti

334 5439 479 5497 sunt,
504 5433 557 5487 in
571 5435 728 5489 domo
756 5452 874 5492 mea
894 5438 1069 5492 inveni
1089 5437 1229 5493 mala
1251 5454 1463 5505 eorum,
1487 5439 1564 5494 ait
1589 5439 1869 5495 Dominus.
1891 5461 1908 5493 ι

335 5521 538 5579 Domus
566 5533 744 5581 autem
773 5527 973 5583 Christi
1002 5529 1244 5584 Ecclesia
1276 5539 1381 5596 est,
1411 5530 1475 5585 de
1508 5547 1613 5601 qua
1641 5540 1694 5586 et
1723 5531 1920 5587 Paulus

335 5615 524 5671 scribit
545 5616 612 5671 ad
638 5615 976 5673 Timotheum
1008 5636 1022 5673 :
1058 5638 1076 5670 «
1116 5619 1184 5676 Ut
1210 5621 1352 5677 scias
1375 5620 1648 5693 quomodo
1669 5632 1921 5694 oporteat

335 5718 393 5766 te
419 5711 473 5767 in
529 5709 687 5766 domo
724 5711 820 5767 Dei
876 5714 1204 5784 conversari,
1252 5731 1372 5787 quze
1399 5725 1485 5773 est
1532 5716 1777 5773 Ecclesia
1824 5716 1923 5773 Dei

337 5802 729 5872 Ylvi,colunma
756 5808 811 5860 et
828 5803 1227 5863 firmamentum
1247 5807 1494 5866 veritatis
1510 5798 1562 5866 ff
1593 5806 1729 5865 Tim.
1758 5807 1863 5870 tu).
1897 5828 1915 5862 ι

2023 4705 2163 4760 rent,
2194 4705 2249 4751 et
2273 4694 2643 4751 confortarent
2672 4708 2864 4747 manus
2894 4686 3281 4762 pessimorum,
3314 4698 3610 4754 eorumque

2022 4788 2163 4842 mala
2207 4786 2320 4842 suis
2354 4784 2649 4841 sceleribus
2691 4784 3069 4855 adjungcrent,
3093 4789 3149 4836 et
3173 4793 3310 4850 quos
3338 4776 3612 4845 corrigere

2022 4882 2341 4947 debuerant,
2374 4877 2716 4935 ducerentin
2747 4876 3047 4931 interitum.
3096 4871 3197 4941 Qui
3238 4871 3342 4926 hoc
3382 4866 3617 4926 fecerint

1994 4972 2128 5030 'non
2156 4989 2213 5029 se
2247 4973 2517 5029 aestiment
2542 4969 2837 5043 impunitos
2871 4986 2884 5022 :
2917 4975 3076 5022 erunt
3110 4964 3255 5019 enim
3286 4972 3342 5019 et
3379 4961 3518 5033 ipsi,
3556 4966 3613 5017 et

2025 5068 2102 5133 hi,
2131 5067 2327 5137 quibus
2366 5063 2550 5121 favent
2578 5063 2731 5136 quasi
2764 5061 3018 5127 Sodoma,
3055 5072 3350 5129 omnesque
3378 5057 3468 5127 qui
3516 5056 3609 5112 ha-

2021 5164 2197 5219 bitant
2223 5179 2342 5217 cum
2394 5162 2495 5227 cis,
2550 5176 2648 5216 nec
2678 5156 2937 5215 recedunt
2988 5173 3019 5212 a
3049 5155 3267 5220 talibus,
3315 5152 3470 5225 quasi
3498 5150 3609 5209 Go-

2022 5258 2262 5313 morrha.
2304 5254 2551 5310 Exsultet
2581 5254 2747 5324 igitur
2785 5260 3046 5323 quantum
3074 5248 3192 5305 vult
3216 5244 3460 5303 doctrina
3490 5261 3611 5319 pes-

2024 5349 2160 5405 sima
2189 5359 2243 5403 et
2266 5345 2565 5419 glorientur
2584 5346 2859 5416 propheta:
2888 5342 3241 5408 Hierusalem,
3269 5336 3412 5412 quod
3465 5336 3609 5394 obti-

2024 5450 2261 5497 nuerunt
2315 5455 2415 5510 per
2446 5438 2810 5504 mendacium,
2839 5446 2893 5494 et
2930 5436 3374 5495 confortaverunt
3416 5444 3611 5490 manus

2022 5531 2401 5603 pessimorum,
2446 5529 2568 5585 linis
2600 5544 2789 5585 eorum
2828 5526 2934 5585 erit
2965 5527 3121 5601 quasi
3148 5525 3383 5584 Sodoma
3419 5536 3473 5580 et
3502 5522 3613 5580 Go-

2023 5624 2267 5679 tuorrha.

2100 5734 2119 5767 ι
2160 5714 2452 5785 Propterea
2502 5713 2621 5769 haec
2670 5712 2801 5769 dicit
2840 5711 3103 5769 Dominus
3151 5706 3488 5765 exercituum
3542 5702 3610 5757 ad

2031 5826 2050 5861 ι
2087 5806 2422 5865 oroohetas:
2462 5804 2604 5863 Ecce
2647 5820 2748 5866 ego
2793 5803 2989 5862 cibabo
3032 5816 3128 5860 eos
3176 5794 3451 5857 absinthio
3483 5790 3611 5851 (sive
