4008 6340
477 279 580 336 985

1113 275 1175 330 Β.
1215 273 1479 340 ΒΑΒΑΝῙ,
1504 273 1724 332 MAURI
1756 271 2074 330 ARCHIEP.

2107 271 2422 331 'MOGUNT.
2465 269 2749 330 OPERUM
2784 267 2963 326 PARS
2998 267 3086 323 Ill.
3650 261 3800 319 984

478 411 495 442 ι
534 389 808 449 doloribus
825 406 844 442 ι
867 386 1113 460 (etjuxta
1134 384 1520 458 Symmachum
1548 407 1565 440 ‹
1593 385 1973 451 amaritudine,
1997 385 2046 455 ι)
2073 387 2127 450 Α
2150 388 2294 443 enim
2333 395 2389 442 et
2413 386 2702 442 securitate
2728 389 3102 455 tempestatem
3127 391 3314 436 ventre
3340 376 3748 450 Babyloniam
3772 417 3800 443 ,

478 503 495 535 ¢
541 491 595 537 ct
623 479 820 553 potabo
847 494 942 534 eos
976 477 1100 533 felle
1129 477 1253 549 (sive
1281 491 1418 546 aqua
1446 476 1672 548 amara),
1703 476 1828 546 quia
1861 492 1893 530 a
1921 488 2050 544 pro-

479 557 510 626 .’
538 573 715 644 phetis
747 567 1084 626 Hierusalem
1125 574 1208 622 est
1245 582 1466 638 egressa
1493 567 1716 636 pollutio
1745 567 1800 624 in
1835 581 2052 622 omnem

482 685 499 717 ι
533 675 752 720 terram.
786 681 805 714 ι
853 660 1085 716 Utamur
1137 659 1240 713 hoc
1271 659 1577 713 testimonio
1625 659 1910 713 adversum
1960 671 2052 718 eos

486 760 566 833 iui
614 756 872 828 epistolas
899 755 1086 825 plenas
1133 753 1537 808 mendaciorum
1580 761 1634 808 et
1680 753 2054 808 fraudulentia:

473 860 638 920 atque
659 846 887 918 perjurii
911 846 962 898 in
985 846 1170 899 orbem
1193 845 1448 914 dirigunt,
1471 850 1610 898 ut'ct
1634 860 1794 899 aures
1813 845 2056 916 polluant

480 938 827 1001 audientium,
868 945 922 990 et
963 935 1418 990 existimationem
1465 933 1788 1002 simplicium
1817 934 2052 1000 lazdant,

478 1030 621 1100 quod
651 1029 936 1099 impleatur
965 1027 1020 1082 in
1063 1027 1144 1081 eis
1170 1027 1312 1096 quod
1342 1026 1604 1094 scriptum
1631 1033 1716 1080 est
1741 1039 1756 1077 :
1802 1043 1821 1074 ‹
1856 1025 1903 1079 Α
1935 1039 2058 1094 pro-

478 1120 653 1192 phetis
679 1118 1014 1174 Hierusalem
1035 1131 1252 1185 egressa
1276 1126 1362 1172 est
1380 1116 1602 1186 pollutio
1627 1115 1682 1169 in
1711 1130 1924 1170 omnem
1948 1123 2058 1169 ter-

479 1231 616 1270 ram.
663 1234 681 1266 ›
711 1212 825 1267 Non
852 1211 996 1266 enim
1036 1210 1118 1265 eis
1143 1207 1337 1264 suﬂicit
1393 1207 1730 1277 iniquitatem
1784 1206 2060 1276 propriam

480 1306 754 1367 devorare,
781 1285 1054 1371 proximos
1075 1299 1306 1372 laedere:
1336 1297 1432 1354 sed
1456 1312 1591 1368 quos
1616 1296 1782 1353 semel
1809 1297 2056 1361 oderunt,

478 1410 575 1465 per
604 1392 916 1448 universum
942 1390 1129 1446 orbem
1158 1387 1422 1444 infamare
1458 1395 1745 1453 conantur,
1785 1395 1840 1442 et
1862 1387 2062 1456 ubique

478 1487 747 1541 seminare
772 1483 1156 1553 blasphemiae.

554 1597 573 1632 ι
609 1577 736 1633 Ηιυὸ
767 1577 896 1632 dicit
934 1572 1194 1628 Dominus
1245 1571 1581 1626 exercituum
1614 1588 1627 1624 :
1662 1568 1841 1626 Nolite
1875 1569 2062 1625 audire

479 1671 644 1726 verba
668 1673 1078 1742 prophetarum,
1109 1667 1200 1738 qui
1228 1667 1556 1736 prophetarit
1598 1665 1772 1732 vobis,
1829 1672 1883 1720 et
1912 1665 2061 1720 deci-

477 1766 634 1834 piunt
658 1779 772 1818 vos.
797 1761 1076 1816 Visionem
1101 1761 1281 1815 cordis
1312 1759 1392 1814 sui
1421 1759 1732 1827 loquuntur,
1762 1764 1819 1812 et
1851 1773 1956 1812 non
1996 1757 2063 1813 de

479 1870 574 1908 ore
611 1851 843 1928 Domini.
890 1851 1082 1904 Dicunt
1119 1849 1223 1913 his,
1273 1849 1364 1917 qui
1405 1847 1781 1918 blasphemant
1812 1862 1900 1902 me
1935 1847 2063 1918 (sive

480 1941 743 2011 abjiciunt
768 1940 991 1995 verbum
1022 1938 1249 2008 meum),
1286 1939 1492 1994 locutus
1517 1947 1600 1993 est
1626 1938 1884 1994 Dominus
1913 1957 1924 1992 :
1951 1939 2060 1994 Pax

478 2032 588 2086 erit
610 2031 783 2096 vobis,
815 2038 868 2085 et
894 2030 1059 2095 omni,
1091 2030 1182 2100 qui
1215 2028 1452 2084 ambulat
1485 2031 1538 2084 in
1570 2023 1855 2098 'pravitate
1883 2029 2063 2084 cordis

481 2124 584 2188 sui,
630 2122 881 2177 dixerunt
917 2140 930 2174 :
975 2137 1082 2177 non
1141 2121 1359 2176 venient
1394 2136 1555 2192 super
1584 2136 1682 2176 vos
1715 2121 1876 2175 mala.
1918 2141 1937 2172 ι
1982 2121 2063 2178 Ne

480 2221 696 2285 putaret
726 2228 784 2267 se
811 2212 1038 2282 populus
1065 2211 1303 2266 alienum
1331 2225 1455 2266 esse
1481 2226 1510 2264 a
1537 2210 1718 2281 culpa,
1751 2211 1795 2265 si
1837 2225 2056 2280 perver-

481 2308 556 2362 sis
584 2307 954 2376 acquiesceret
979 2304 1292 2360 doctoribus
1323 2322 1336 2358 :
1370 2323 1388 2355 ‹
1416 2302 1613 2369 Nolite,
1652 2304 1848 2372 inquit,
1879 2302 2065 2357 audire

479 2399 645 2453 verba
675 2399 1080 2468 prophetarum,
1118 2396 1315 2466 quibus
1355 2397 1510 2452 vobis
1555 2397 1880 2466 prophetam
1914 2411 2066 2450 men-

480 2487 714 2553 dacium,
737 2495 794 2543 et
822 2488 1098 2557 decipiunt
1139 2502 1253 2542 vos.
1295 2506 1314 2538 ›
1343 2486 1450 2541 Par
1476 2486 1620 2540 enim
1660 2486 1767 2540 erit
1809 2500 1971 2557 paena
2011 2493 2066 2541 et

480 2578 739 2648 magistro
773 2588 829 2634 et
867 2578 1132 2648 discipulo
1175 2597 1187 2632 :
1233 2593 1342 2632 non
1383 2578 1680 2648 loquuntur
1713 2591 1782 2632 ex
1820 2593 1915 2633 ore
1953 2578 2062 2634 Do-

480 2668 637 2733 mini,
669 2670 762 2724 sed
799 2683 883 2736 ea,
913 2685 1034 2740 quae
1078 2669 1132 2723 in
1164 2683 1264 2724 suo
1293 2668 1457 2723 corde
1485 2667 1829 2724 simularunt.
1869 2667 2067 2721 Dicunt

479 2761 587 2827 his,
625 2761 717 2831 qui
739 2760 1116 2832 blasphemant
1140 2775 1226 2816 me
1259 2779 1271 2814 :
1308 2759 1581 2815 haereticis
1619 2757 1870 2813 videlicet
1903 2766 2066 2826 atque

483 2855 778 2924 perversis,
808 2856 921 2911 sive
951 2856 1043 2927 qui
1075 2855 1333 2924 abjiciunt
1357 2868 1664 2909 sermonem
1686 2866 1902 2918 meum;
1934 2851 2066 2920 quid

483 2948 702 3003 dicunt?
729 2968 747 2999 ι
777 2947 1013 3004 Locutus
1045 2958 1129 3003 est
1161 2947 1422 3002 Dominus
1463 2989 1476 3000 .
1515 2945 1628 3000 Pax
1652 2946 1760 3002 erit
1801 2944 1954 3000 vobis
1984 2961 1997 2996 :
2039 2961 2059 2995 ο

482 3056 552 3095 ne
575 3041 811 3096 timeatis
833 3041 966 3096 dura
993 3041 1269 3111 supplicia,
1318 3054 1418 3095 nec
1443 3039 1597 3095 vanis
1635 3036 2066 3094 comminationi-

479 3130 584 3184 bus
619 3131 966 3184 terreamini?
997 3129 1109 3184 Pax
1147 3131 1254 3186 erit
1287 3129 1444 3185 vobis
1474 3137 1635 3199 atque
1680 3127 2062 3199 tranquillitas,

480 3228 549 3273 et.
582 3219 842 3289 quidquid
871 3219 1098 3275 dicimus
1145 3228 1199 3275 et
1240 3219 1623 3274 annuntiamus
1667 3218 1818 3274 vobis
1856 3217 2068 3274 locutus

482 3318 567 3368 est
592 3311 868 3369 Dominus.
903 3311 1010 3368 Nec
1045 3313 1227 3369 veniet
1262 3329 1425 3383 super
1447 3328 1545 3370 vos
1572 3313 1792 3378 malum,
1830 3313 1975 3384 quod
2001 3313 2069 3367 ti-

482 3403 644 3457 metis
673 3418 772 3472 pro
799 3403 938 3459 mala
970 3403 1300 3460 conscientia
1328 3418 1344 3459 :
1372 3405 1468 3461 sed
1489 3405 1712 3470 bonum,
1742 3404 1886 3475 quod
1910 3404 2068 3460 vobis

480 3492 691 3549 locutus
724 3504 803 3551 est
843 3495 1119 3551 Dominus.
2050 3565 2052 3568 ,

557 3602 577 3634 ι
605 3584 736 3652 Quis
766 3586 910 3663 enim
938 3585 1109 3642 adfuit
1137 3587 1191 3642 in
1220 3586 1447 3644 consilio
1493 3587 1728 3655 Domin.,
1765 3596 1820 3643 et
1845 3588 1982 3643 vidit
2012 3595 2067 3644 et

488 3695 506 3727 ι
542 3677 751 3731 audivit
779 3692 1083 3733 sermonem
1107 3676 1260 3745 ejus?
1285 3678 1415 3744 Quis
1438 3679 1803 3735 consideravit
1841 3680 2067 3734 verbum

485 3787 503 3818 ι
541 3768 684 3823 illius
697 3769 1005 3824 etaudivit?
1031 3788 1050 3821 ι
1073 3767 1172 3824 Ubi
1189 3783 1288 3824 nos
1315 3768 1651 3839 interpretati
1676 3768 1929 3824 sumusin
1943 3785 2068 3824 con-

481 3859 602 3914 silio
659 3858 892 3924 Domini,
923 3868 979 3913 et
1022 3859 1076 3914 in
1133 3858 1400 3914 Hebraico
1449 3859 1712 3929 scriptum
1741 3868 1827 3916 est
1862 3869 1998 3920 τω
2049 3878 2063 3915 :

476 3950 694 4019 Aquila,
727 3962 1018 4017 secretum;
1047 3950 1428 4023 Symmachus,
1467 3969 1790 4020 sermonem;
1817 3951 1962 4008 LXX
2011 3961 2068 4008 et

477 4033 797 4108 Theodotio,
831 4042 1178 4097 substantiam
1212 4045 1326 4099 sive
1359 4045 1746 4100 subsistentiam
1794 4047 2065 4117 interpre-

479 4133 574 4186 tati
599 4143 742 4187 sunt.
771 4134 838 4187 Et
861 4142 945 4187 est
973 4149 1165 4190 sensus
1190 4149 1207 4190 :
1236 4135 1412 4192 Nolite
1433 4137 1676 4201 credere,
1710 4153 1744 4192 o
1763 4139 1957 4209 vulgus
1978 4138 2064 4192 in-

477 4224 720 4287 doctum,
765 4225 1047 4293 prophetis
1087 4227 1242 4281 vobis
1275 4226 1409 4282 falsa
1451 4228 1932 4293 annuntiantibus,
1971 4227 2066 4297 qui

479 4313 683 4377 dicunt,
717 4313 842 4368 Haec
885 4314 1098 4370 locutus
1141 4324 1225 4372 est
1266 4317 1570 4372 Dominus:
1602 4316 1715 4371 Pax
1745 4317 1848 4372 erit
1888 4318 2063 4385 vobis,

2151 486 2206 532 et
2236 476 2418 532 venire
2456 491 2564 530 non
2605 488 2766 545 super
2804 472 3091 544 quoslibet,
3121 471 3216 526 sed
3235 484 3397 541 super
3421 469 3631 540 capita
3666 468 3799 523 im-

2151 572 2384 643 piorum,
2409 568 2494 624 vel
2527 567 2763 623 universi
2784 565 2987 637 populi,
3011 564 3094 618 vel
3115 577 3303 618 eorum
3340 561 3434 631 qui
3481 557 3648 615 falsa
3671 572 3796 629 po-

2153 666 2281 736 pulo
2309 662 2643 717 nuntiabant.
2666 660 2778 716 Nec
2811 659 2952 714 sicut
2979 658 3034 712 in
3067 655 3357 728 praeteritis
3393 651 3796 723 temporibus

2156 755 2251 809 Dei
2281 753 2416 808 iram
2442 752 2786 820 furoremque
2811 749 3152 819 placandum,
3181 745 3275 802 sed
3297 745 3441 815 quod
3463 742 3788 814 praedixit,

2156 854 2210 900 et
2234 844 2528 916 saepissime
2547 843 2906 901 comminatus
2941 853 3044 906 est,
3067 855 3230 910 opere
3252 837 3693 910 complendum,
3727 847 3794 890 et

2157 936 2536 1008 cogitationem
2567 934 2708 989 illius
2739 943 2900 1005 atque
2921 933 3246 988 sententiam
3292 932 3602 1001 impiorum
3644 944 3792 998 sup-

2156 1028 2330 1100 pliciis
2357 1026 2830 1096 comprobandam.
2862 1024 3021 1091 Cum,
3059 1023 3251 1094 inquit,
3303 1031 3642 1078 extremum
3681 1034 3788 1073 ca-

2159 1120 2418 1191 ptivitatis
2449 1126 2659 1188 tempus
2698 1118 2998 1182 advenerit,
3030 1125 3083 1170 et
3111 1113 3410 1169 obtinuerit
3436 1127 3541 1166 vos
3586 1111 3792 1164 victor

2160 1209 2458 1272 exsultans,
2486 1216 2542 1263 et
2567 1223 2761 1262 manus
2790 1207 3019 1262 stridore
3063 1203 3300 1259 vinxerit
3352 1210 3706 1258 catenarum
3766 1214 3784 1251 :

2162 1308 2288 1355 tunc
2308 1298 2618 1370 intelligetis
2645 1298 2929 1354 consilium
2949 1298 3085 1368 ejus,
3100 1296 3243 1366 quod
3255 1310 3352 1351 vos
3377 1293 3598 1349 frustra
3627 1306 3789 1345 nunc

2163 1389 2302 1446 scire
2326 1389 2566 1459 jactatis.

2239 1499 2256 1532 ι
2291 1478 2405 1535 Non
2432 1479 2720 1535 mittebam
2738 1479 3052 1549 prophetas,
3080 1484 3136 1531 et
3161 1476 3264 1548 ipsi
3291 1475 3636 1540 currebant;
3671 1488 3787 1527 non

2170 1593 2188 1625 ι
2225 1571 2484 1645 loquebar
2508 1572 2576 1626 ad
2597 1587 2708 1635 eos,
2737 1580 2788 1625 et
2813 1570 2912 1641 ipsi
2941 1568 3353 1639 prophetabant.
3386 1565 3444 1620 Si
3470 1565 3788 1620 stetissent

2169 1686 2188 1720 ι
2230 1667 2284 1721 in
2311 1664 2537 1721 consilio
2565 1679 2706 1728 meo,
2749 1672 2804 1716 et
2851 1669 2978 1716 nota
3007 1659 3260 1715 fecissent
3284 1657 3451 1713 verba
3501 1671 3640 1711 mea
3679 1671 3786 1724 po-

2090 1739 2138 1799 Β
2173 1779 2191 1815 ‹
2226 1761 2355 1832 pulo
2382 1774 2523 1825 meo,
2551 1757 2867 1813 avertissem
2895 1755 3078 1823 utique
3098 1767 3192 1807 eos
3213 1767 3242 1805 a
3264 1751 3350 1806 via
3379 1765 3482 1805 sua
3507 1747 3698 1812 mala,
3733 1757 3789 1801 et

2170 1870 2189 1902 ‹
2231 1866 2262 1905 a
2283 1848 2533 1920 pessimis
2559 1845 2977 1918 cogitationibus
3002 1843 3133 1898 suis.
3180 1862 3200 1895 ι
3233 1840 3390 1896 Hunc
3440 1855 3698 1896 sensum
3733 1847 3790 1892 et

2163 1941 2451 2014 Apostolus
2475 1941 2706 2010 explicat
2732 1939 2797 1993 ad
2829 1938 3100 1992 Romanos
3129 1955 3142 1989 :
3173 1955 3190 1986 ‹
3225 1936 3294 1989 Et
3321 1935 3461 1990 sicut
3492 1948 3615 1988 non
3649 1948 3789 2002 pro-

2128 2095 2130 2098 .
2164 2035 2430 2089 baverunt
2473 2031 2760 2088 Dominum
2794 2029 2996 2084 habere
3042 2029 3097 2082 in
3125 2026 3346 2092 notitia,
3388 2023 3635 2079 tradidit
3688 2038 3793 2078 eos

2163 2124 2496 2182 Dominusin
2525 2122 2809 2194 reprobum
2849 2133 3091 2185 sensum,
3134 2128 3194 2173 ut
3236 2118 3443 2172 faciant
3468 2131 3606 2186 qua:
3666 2130 3786 2169 non

2166 2215 2512 2276 conveniunt,
2538 2212 2772 2282 repletos
2796 2211 2943 2266 omni
2973 2209 3279 2278 iniquitate,
3323 2206 3561 2272 malitia,
3599 2205 3788 2260 fomi-

2166 2309 2400 2371 catione,
2433 2307 2696 2376 nequitia,
2727 2305 2953 2360 avaritia
2987 2302 3158 2374 (Rom.
3217 2301 3281 2372 ι),
3333 2320 3351 2352 ι
3408 2309 3464 2355 et
3516 2299 3782 2354 caeteris.

2166 2401 2300 2458 Cum
2324 2401 2467 2456 enim
2494 2399 2658 2455 semel
2681 2414 2738 2452 se
2759 2396 3080 2451 tradiderint
3109 2395 3230 2450 falsi
3252 2395 3503 2449 doctores
3534 2393 3784 2447 menda-

2166 2493 2288 2558 ciis,
2341 2499 2502 2562 atque
2544 2488 2818 2562 periuriis,
2849 2497 2903 2543 et
2933 2487 3196 2542 mortibus
3227 2485 3617 2555 deceptorum,
3664 2498 3783 2537 non

2167 2585 2496 2655 pedetentim
2552 2599 2654 2640 nec
2701 2582 3041 2639 considerato
3088 2582 3280 2654 gradu,
3308 2580 3402 2636 sed
3449 2579 3779 2650 praecipites

2169 2683 2394 2730 currunt
2429 2675 2498 2730 ad
2536 2674 2833 2741 interitum,
2872 2682 2926 2729 et
2963 2688 3142 2738 suum,
3172 2680 3228 2728 et
3262 2687 3451 2727 eorum
3485 2685 3638 2740 quos
3679 2671 3778 2723 de-

2168 2769 2428 2839 ceperint.
2458 2765 2570 2822 Nec
2588 2766 2828 2836 loquitur
2852 2767 2929 2821 eis
2954 2765 3213 2819 Dominus
3270 2761 3366 2819 sed
3395 2762 3500 2831 ipsi
3524 2761 3776 2832 loquun-

2169 2869 2258 2914 tur
2276 2858 2430 2930 quasi
2455 2873 2520 2915 ex
2559 2872 2653 2913 ore
2684 2857 2918 2922 Domini,
2947 2856 3015 2912 de
3035 2855 3232 2926 quibus
3257 2863 3312 2910 et
3342 2854 3546 2910 dicitur
3580 2873 3594 2906 :
3643 2873 3660 2903 ι
3709 2851 3768 2907 Si

2167 2953 2445 3008 stetissent
2479 2951 2533 3005 in
2559 2949 2785 3006 consilio
2812 2964 2954 3014 meo,
2987 2968 3005 3002 ι
3047 2949 3148 3003 hoc
3187 2957 3288 3013 est,
3314 2947 3360 3001 si
3386 2959 3524 3000 mea:
3553 2944 3772 3000 voluis-

2169 3052 2291 3099 sent
2328 3041 2671 3112 acquiescere
2708 3041 2996 3106 voluntati,
3026 3047 3082 3096 et
3128 3048 3255 3096 nota
3299 3038 3563 3094 fecissent
3596 3037 3771 3092 verba

2170 3151 2292 3192 mea
2330 3134 2525 3205 populo
2549 3149 2693 3200 meo,
2725 3149 2832 3189 non
2857 3133 3194 3189 blandientes
3235 3133 3316 3187 eis
3350 3140 3407 3187 et
3443 3130 3770 3186 adulatione

2166 3227 2471 3298 perdentes,
2499 3234 2560 3280 ut
2585 3226 2828 3282 dicerent
2853 3243 2865 3279 :
2899 3240 3007 3279 non
3055 3224 3266 3280 habetis
3294 3230 3542 3292 peccata,
3577 3221 3766 3292 perfe-

2167 3329 2310 3374 ctam
2325 3317 2591 3387 justitiam
2614 3317 2923 3390 possidetis,
2945 3317 3206 3372 sanctitas
3230 3323 3285 3371 et
3302 3314 3567 3384 pudicitia
3596 3323 3766 3382 atque

2161 3407 2371 3479 justitia
2396 3409 2450 3464 in
2469 3409 2620 3464 vobis
2651 3408 3021 3463 tantummodo
3044 3405 3403 3477 reperiuntur.
3428 3404 3501 3458 Et
3524 3419 3634 3474 ego
3653 3418 3763 3457 non

2168 3501 2514 3556 tradidissem
2542 3515 2636 3556 eos
2663 3500 2717 3554 in
2748 3498 3144 3554 immunditiam
3186 3504 3242 3551 et
3273 3494 3654 3566 ignominiam,
3705 3503 3765 3546 nt

2167 3590 2434 3657 facerem,
2485 3606 2607 3661 qua:
2656 3606 2765 3646 non
2812 3589 3162 3652 conveniunt,
3198 3595 3338 3641 etut
3388 3592 3764 3654 sequerentur

2165 3685 2520 3756 cogitationes
2542 3700 2668 3740 suas
2687 3683 2968 3755 pessimas.
2986 3679 3424 3750 Contemplemur
3442 3677 3762 3741 haereticos,

2166 3777 2438 3846 quomodo
2483 3776 2650 3833 semel
2687 3778 3034 3846 desperantes
3076 3774 3326 3841 salutem,
3355 3771 3495 3844 gula:
3543 3787 3606 3826 se
3650 3780 3763 3825 tra-

2166 3867 2318 3935 dant,
2349 3875 2404 3924 et
2426 3867 2652 3932 deliciis,
2677 3875 2968 3924 vescantur
2995 3866 3252 3922 carnibus
3269 3907 3284 3932 ,
3309 3865 3633 3934 frequenter
3672 3864 3763 3918 ad-

2166 3969 2294 4016 eant
2332 3959 2544 4023 balnea,
2580 3973 2768 4013 musco
2796 3956 3061 4028 fragrent,
3104 3956 3393 4027 unguentis
3422 3955 3598 4009 variis
3625 3953 3759 4009 deli-

2166 4051 2281 4106 buti
2303 4057 2552 4120 quaerant
2594 4063 2880 4120 corporum
2899 4047 3374 4120 pulchritudinem.
3406 4045 3588 4101 Semel
3611 4047 3759 4100 enim

2167 4142 2347 4198 futura
2378 4158 2485 4198 non
2515 4152 2760 4214 sperant,
2791 4157 2890 4198 nec
2919 4143 3149 4198 credunt
3179 4141 3234 4196 in
3264 4140 3756 4196 resurrectionem:

2167 4235 2310 4304 quod
2346 4250 2469 4290 cum
2509 4250 2758 4291 sermone
2802 4251 2910 4291 non
2935 4234 3198 4304 pandant,
3238 4234 3531 4290 ostendunt
3574 4233 3755 4302 operi-

2165 4327 2310 4382 bus:
2345 4327 2391 4382 si
2427 4327 2572 4382 enim
2618 4328 2923 4393 crederent,
2970 4327 3076 4382 ista
3128 4341 3234 4381 non
3269 4325 3530 4381 facerent.
3581 4324 3651 4378 Et
3698 4325 3750 4378 in

481 4417 588 4508 [ξοξι
615 4403 797 4456 Veni“
842 4419 1004 4472 super
1046 4421 1144 4461 VOS
1191 4406 1412 4470 malum.
1469 4407 1620 4464 Unde
1647 4409 1794 4464 enim
1835 4421 2062 4482 possunt
2088 4448 2142 4508 Β
2173 4437 2192 4471 ς
2223 4420 2325 4474 hoc
2347 4419 2466 4475 loco
2491 4420 2580 4474 ubi
2605 4419 2862 4488 scriptum
2882 4425 2986 4484 est,
3018 4436 3038 4469 ι
3069 4418 3113 4472 si
3142 4417 3420 4472 stetissent
3443 4415 3496 4469 in
3528 4415 3748 4469 consilio

483 4493 574 4546 Dei
602 4507 762 4547 nosse
796 4503 1028 4561 secreta,
1059 4504 1151 4551 aut
1178 4512 1284 4567 quo
1311 4500 1663 4557 annuntiante
1687 4500 1898 4557 Domini
1928 4503 2067 4558 didi-
2088 4493 2140 4508 ”
2168 4525 2311 4579 meo,
2348 4531 2368 4564 ι
2401 4511 2617 4582 Aquila,
2643 4509 3000 4582 Symmachus
3019 4518 3075 4565 et
3094 4507 3413 4574 Theodotio,
3439 4514 3495 4561 et
3524 4505 3748 4575 Septua-

475 4599 602 4640 cere
629 4585 954 4641 consilium?
989 4587 1266 4656 Quomodo
1303 4592 1371 4645 ad
1407 4606 1501 4647 eos
1535 4592 1729 4648 divina:
1759 4593 2069 4664 dispositio-

477 4675 561 4730 nis
602 4691 780 4731 sermo
805 4679 1096 4746 pervenit?
1121 4680 1350 4747 Quidam
1375 4692 1686 4740 nostrorum
1711 4686 1766 4740 in
1806 4687 1907 4742 hoc
1946 4687 2066 4743 loco

473 4781 533 4826 se
559 4771 828 4840 reperisse
843 4772 910 4828 de
925 4781 1138 4842 putant,
1157 4774 1246 4829 ubi
1261 4774 1354 4829 Dei
1381 4777 1716 4832 describatur
1741 4780 2061 4836 substantia.

548 4882 566 4913 ‹
604 4864 747 4920 Ecce
784 4867 942 4920 turbo
969 4866 1094 4937 (sive
1118 4873 1454 4939 tempestas),
1485 4879 1542 4925 et
1568 4874 1859 4928 commotio
1881 4874 2065 4930 Domi-

479 4977 496 5008 ι
536 4955 672 5011 nica:
711 4958 1096 5028 indignationis
1117 4959 1446 5029 egredietur,
1474 4969 1528 5014 et
1556 4971 1848 5032 tempestas
1882 4981 2065 5022 erum-

482 5071 500 5104 ι
529 5068 694 5121 .pens,
723 5068 884 5121 super
921 5062 1081 5123 caput
1107 5054 1398 5124 impiorum
1427 5056 1628 5111 veniet.
1653 5057 1720 5113 Et
1740 5074 1849 5113 non
1877 5076 2061 5116 rever-

483 5160 502 5192 ι
546 5150 693 5196 tetur
727 5140 878 5197 furor
917 5145 1166 5209 Domini,
1202 5161 1373 5216 usque
1407 5147 1534 5202 dum
1574 5147 1756 5216 faciat,
1797 5160 1852 5205 et
1893 5167 2064 5221 usque

483 5255 502 5287 ι
543 5235 668 5288 dum
690 5236 960 5306 compleat
986 5238 1369 5307 cogitationem
1398 5239 1577 5294 cordis
1613 5241 1716 5295 sui.
1748 5241 1803 5295 ln
1831 5243 2063 5300 novissi-

483 5345 504 5378 ι
541 5324 645 5379 mis
673 5325 860 5381 diebus
886 5328 1196 5400 intelligetis
1220 5331 1504 5385 consilium
1531 5331 1668 5402 ejus.
1710 5353 1727 5384 ι
1763 5331 1866 5400 Qui
1897 5349 2061 5404 supra

480 5419 728 5474 dixerant
767 5437 778 5472 :
826 5437 845 5469 ι
891 5419 1126 5476 Locutus
1158 5430 1242 5478 est
1273 5424 1430 5479 nobis
1469 5425 1751 5490 Dominus,
1804 5441 1910 5496 pax
1960 5427 2065 5482 erit

482 5512 656 5578 vobis,
695 5532 712 5564 ι
740 5521 796 5567 et
823 5528 958 5582 quos
991 5515 1526 5586 corripuerat,un
1553 5533 1660 5572 non
1681 5527 1902 5587 possent
1932 5533 2066 5574 ven-

484 5617 603 5661 utra
633 5621 986 5679 cognoscere,
1015 5621 1119 5660 nec
1147 5605 1241 5661 Dei
1289 5622 1450 5663 nosse
1496 5611 1821 5665 sententiam
1866 5629 1880 5664 :
1919 5625 2066 5666 nunc

482 5700 718 5756 ostendit
746 5714 843 5755 uer
862 5696 1138 5754 contraria
1157 5711 1251 5754 eos
1294 5700 1516 5756 omnino
1539 5702 1772 5759 nescire.
1798 5700 1905 5758 Pro
1930 5715 2066 5765 oace

2167 4603 2315 4674 ginta
2343 4612 2404 4658 ut
2438 4617 2600 4672 supra
2631 4601 2881 4657 similiter
2902 4599 3314 4656 transtulerunt.

2245 4711 2266 4744 ε
2303 4692 2552 4762 Nunquid
2587 4691 2728 4745 Deus
2757 4707 2787 4746 e
2812 4691 2990 4746 vicino
3034 4705 3175 4756 sum,
3203 4689 3335 4744 dicit
3360 4686 3623 4743 Dominus
3652 4705 3664 4740 :
3697 4695 3747 4742 et

2173 4804 2193 4837 ‹
2226 4800 2333 4840 non
2365 4785 2506 4838 Deus
2532 4783 2599 4837 de
2625 4782 2818 4852 longe?
2849 4781 2906 4836 Si
2935 4782 3297 4837 occultabitur
3320 4779 3404 4833 vir
3437 4778 3492 4833 in
3517 4778 3746 4833 abscon-

2174 4896 2195 4929 ι
2229 4875 2378 4940 ditis,
2401 4883 2458 4929 et
2475 4889 2574 4944 ego
2607 4889 2716 4928 non
2741 4872 2935 4928 videbo
2956 4889 3100 4939 eum,
3128 4873 3260 4928 dicit
3288 4871 3581 4926 Dominus?
3603 4869 3746 4925 Nunc

2177 4985 2196 5018 ι
2229 4965 2359 5035 quid
2393 4979 2500 5019 non
2541 4964 2738 5020 coelum
2767 4973 2821 5020 et
2844 4973 3046 5020 terram
3071 4979 3170 5034 ego
3206 4963 3420 5032 impleo,
3458 4962 3532 5016 ait
3568 4960 3744 5015 Domi-

2175 5077 2194 5110 ι
2226 5057 2364 5112 nus?
2421 5076 2439 5109 ›
2491 5054 2676 5112 LXX:
2710 5074 2729 5107 ‹
2795 5056 2938 5110 Deus
2986 5055 3422 5126 appropinquans
3451 5067 3571 5123 ego,
3620 5052 3745 5107 dicit

2175 5167 2194 5202 ι
2226 5149 2508 5216 Dominus,
2541 5157 2596 5204 et
2642 5164 2749 5204 non
2789 5148 2932 5203 Deus
2961 5148 3027 5202 de
3065 5147 3240 5217 longe.
3282 5145 3339 5200 Si
3391 5143 3743 5200 abscondetur

2175 5258 2194 5292 ‹
2223 5240 2386 5296 homo
2416 5241 2467 5294 in
2513 5239 2876 5304 absconditis,
2927 5247 2982 5294 et
3038 5252 3294 5307 ego_non
3345 5235 3535 5292 videbo
3583 5250 3740 5301 eum,

2172 5350 2191 5385 ι
2229 5331 2359 5387 dicit
2399 5331 2688 5386 Dominus?
2729 5329 2978 5400 Nunquid
3026 5346 3136 5396 non
3182 5328 3380 5384 malum
3435 5336 3492 5382 et
3544 5335 3739 5382 terram

2173 5445 2191 5478 ‹
2230 5440 2330 5496 ego
2359 5423 2575 5493 impleo,
2603 5423 2737 5478 dicit
2780 5422 3072 5477 Dominus?
3105 5441 3123 5474 ι
3155 5420 3348 5490 Aquila
3391 5427 3448 5473 et
3490 5417 3738 5488 Symma-

2167 5517 2300 5573 chus
2345 5515 2595 5571 similiter
2641 5514 2984 5583 interpretati
3025 5522 3192 5569 sunt:
3250 5530 3269 5564 ι
3327 5508 3574 5580 Nunquid
3602 5507 3739 5564 Deus

2166 5608 2232 5664 de
2258 5609 2578 5678 propinquo,
2608 5608 2721 5663 sive
2759 5607 2938 5670 vicino
2967 5621 3065 5678 ego
3087 5621 3228 5672 sum,
3272 5613 3328 5660 et
3355 5615 3462 5658 non
3498 5602 3637 5656 Deus
3675 5601 3739 5656 de

2165 5701 2357 5764 longe?
2386 5721 2405 5755 ι
2441 5701 2586 5761 LXX
2611 5716 2744 5758 vero
2765 5709 2822 5755 et
2846 5698 3147 5758 Theodotio
3171 5714 3335 5759 sensu
3364 5705 3581 5756 vertere
3615 5710 3739 5754 con-
