4008 6340
253 389 260 397 -
280 363 385 418 985

281 475 455 531 trario
507 482 569 528 ut
621 473 865 528 dicerent
921 486 934 525 :

279 567 413 623 dicit
460 565 745 629 Dominus,
771 571 828 617 et
875 576 982 617 non
1007 560 1150 615 Deus
1172 559 1238 614 de
1266 557 1440 630 longe.
1479 578 1507 611 «ι
1537 558 1690 626 Quod
1740 560 1847 615 sci-

279 656 409 711 llcet
460 655 765 726 superiores
811 661 1057 708 asserant
1124 651 1290 704 Deum
1352 666 1457 706 non
1508 658 1718 706 tantum
1762 653 1847 707 vi-

280 749 423 814 cina,
471 747 565 802 sed
608 755 663 802 et
715 760 802 812 ea,
831 758 951 814 qua:
988 743 1146 813 longe
1197 750 1324 797 sunt
1373 757 1718 813 cognoscere,
1748 757 1849 800 nec

276 839 587 909 praesentia,
627 835 720 891 sed
769 833 948 890 futura
992 832 1306 902 conspicere
1352 851 1365 886 :
1417 832 1506 888 isti
1553 847 1682 888 vero
1726 833 1848 888 ubi-

277 946 384 1000 que
417 930 586 984 Deum
609 927 878 984 aestimant
923 938 1044 980 esse
1095 930 1436 994 praesentem,
1463 937 1565 978 nec
1615 922 1850 993 aliquem

277 1039 398 1080 esse
431 1024 608 1078 locum
630 1020 720 1076 ubi
755 1033 866 1074 non
895 1017 1036 1073 adsit
1083 1017 1264 1070 Deus:
1303 1015 1553 1070 omnibus
1585 1015 1760 1080 enim,
1797 1021 1854 1070 et

274 1115 543 1186 praecipue
603 1111 804 1167 sanctis
857 1109 1252 1179 appropinquat
1295 1107 1455 1171 Deus,
1495 1106 1764 1175 quomodo
1804 1105 1850 1161 si

273 1206 652 1262 vestimentum
680 1203 952 1258 adhmreat
971 1201 1081 1256 cuti
1117 1219 1130 1254 :
1157 1209 1468 1270 peccatores
1488 1207 1668 1253 autem
1695 1198 1852 1268 longe

275 1299 586 1354 recedentes
615 1296 683 1350 ab
717 1311 802 1360 eo,
833 1293 1105 1363 peribunt.
1141 1291 1293 1346 Hunc
1312 1305 1528 1346 sensum
1548 1296 1600 1343 et
1631 1291 1684 1342 in
1708 1288 1852 1359 psal-

273 1389 377 1442 mis
411 1388 636 1458 legimus
668 1403 681 1440 :
721 1404 739 1436 ι
774 1383 891 1451 Quo
916 1383 1004 1437 ibo
1031 1396 1062 1435 a
1093 1381 1283 1450 spiritu
1313 1389 1426 1445 tuo,
1458 1387 1510 1434 et
1537 1395 1567 1433 a
1594 1378 1730 1433 facie
1761 1386 1852 1433 tua

273 1495 381 1550 quo
407 1479 640 1550 fugiam?
666 1476 723 1532 Si
773 1474 1065 1530 ascendero
1107 1473 1162 1525 in
1192 1470 1388 1526 coelum
1419 1479 1476 1524 tu
1512 1470 1620 1524 illic
1667 1485 1754 1535 es;
1804 1469 1850 1524 si

274 1568 604 1623 descendero
639 1566 704 1621 ad
728 1563 1020 1627 infernum,
1057 1571 1114 1616 tu
1144 1560 1272 1614 ades
1301 1579 1315 1612 :
1345 1560 1390 1614 si
1417 1573 1698 1630 sumpsero
1719 1573 1852 1630 pen-

274 1674 372 1715 nas
397 1672 547 1712 meas
571 1654 827 1720 diluculo,
856 1661 912 1708 et
938 1652 1251 1707 habitavero
1278 1650 1332 1705 in
1354 1650 1615 1705 extremis
1640 1650 1806 1704 maris
1833 1668 1846 1703 :

272 1747 471 1802 etenim
506 1746 633 1801 illuc
658 1758 849 1800 manus
877 1752 968 1798 tua
1009 1741 1238 1796 deducet
1283 1753 1387 1804 me,
1428 1746 1486 1793 et,
1520 1739 1725 1794 tenebit
1762 1754 1851 1794 me

1187 353 1548 414 EXPOSITIO
1587 351 1814 412 SUPER
1846 345 2213 412 JEREMIAM.
2252 385 2321 396 —
2359 355 2488 415 LIB.
2529 357 2620 414 IX.

997 489 1015 522 ι
1055 469 1197 524 Deus
1245 468 1680 540 appropinquans
1731 484 1852 541 ego.
1881 473 1935 535 Α
1960 470 2085 525 sui?
2113 491 2132 523 ι
2153 469 2266 526 Hoc
2288 478 2467 526 autem
2483 471 2705 540 faciunt,
2723 477 3065 545 utquomodo
3089 481 3339 553 antiquus
3357 500 3528 557 popu-

3421 370 3526 427 986

1951 563 2054 629 lus,
2087 562 2178 631 qui
2206 564 2271 618 de
2301 562 2536 634 Egypto
2556 579 2804 634 egressus
2828 577 2929 635 est,
2949 570 3154 628 oblitus
3181 581 3263 629 est
3292 578 3526 636 nominis

1952 656 2078 722 mei,
2103 657 2182 712 sic
2219 665 2274 710 et
2300 658 2500 727 posteri
2529 671 2714 712 eorum
2755 658 3140 716 obliviscantur
3177 665 3302 720 mei.
3334 664 3518 738 Hujus-

1953 748 2160 804 cemodi
2198 756 2376 803 autem
2423 750 2758 819 prophetatio
2799 767 2905 808 non
2951 760 3037 808 est
3070 754 3126 810 in
3178 757 3392 813 nomine
3423 757 3528 814 Do-

1953 839 2105 904 mini,
2134 840 2228 894 sed
2254 841 2308 894 in
2334 841 2550 896 nomine
2584 841 2731 906 Baal,
2757 845 2898 912 quod
2921 845 3139 914 proprie
3180 847 3380 902 idolum
3426 849 3527 921 Sy-

1954 927 2236 983 doniorum
2279 938 2393 994 est,
2438 930 2554 985 sive
2592 929 2965 1003 Babylonium,
3005 942 3061 989 et
3083 934 3262 991 vicino
3307 938 3528 995 nomine

1955 1018 2256 1087 appellatur
2289 1019 2402 1074 Bel.

2027 1125 2045 1157 ι
2079 1106 2345 1178 Propheta
2373 1109 2463 1179 qui
2490 1111 2650 1165 habet
2675 1113 2961 1180 somnium,
2992 1124 3179 1171 narret
3206 1117 3474 1174 sonmium
3505 1135 3522 1175 :

1957 1215 1976 1248 ‹
2016 1206 2072 1252 et
2097 1199 2189 1268 qui
2219 1200 2379 1255 habet
2405 1216 2706 1256 sermonem
2734 1203 2985 1273 loquatur
3010 1220 3315 1262 sermonem
3340 1224 3523 1264 meum

1958 1307 1976 1341 ‹
2007 1305 2152 1346 vere.
2180 1291 2316 1358 Quid
2342 1293 2509 1361 paleis
2532 1295 2598 1348 ad
2625 1295 2890 1361 triticum,
2911 1295 3042 1351 dicit
3072 1297 3524 1353 Dominus?Nun~

1958 1398 1978 1432 ‹
2017 1381 2147 1450 quid
2176 1398 2282 1437 non
2313 1385 2472 1439 verba
2501 1399 2618 1441 mea
2647 1395 2772 1441 sunt
2799 1387 2938 1442 sicut
2958 1387 3117 1458 ignis,
3140 1389 3216 1443 ait
3245 1390 3522 1455 Dominus,

1958 1492 1977 1524 σ
2006 1480 2062 1528 et
2090 1474 2244 1544 quasi
2268 1475 2493 1531 malleus
2522 1476 2645 1546 (sive
2673 1477 2898 1548 securis)
2925 1487 3214 1534 conterens
3243 1491 3451 1550 petram
3472 1480 3526 1532 ?|

1952 1561 2150 1616 Eorum
2199 1571 2282 1618 est
2337 1578 2611 1634 exponere
2649 1565 2937 1631 somnium,
2971 1567 3061 1635 qui
3116 1567 3213 1622 Dei
3257 1575 3532 1622 merentur

1952 1652 2150 1708 habere
2170 1667 2495 1720 sermonem,
2529 1662 2584 1708 et
2603 1641 2802 1720 dicere,
2834 1674 2852 1705 ι
2883 1654 2999 1710 haec
3019 1655 3149 1710 dicit
3173 1655 3469 1711 Dominus:
3505 1674 3526 1708 ι

1952 1745 2144 1815 quibus
2171 1745 2380 1800 locutus
2407 1753 2490 1800 est
2530 1746 2814 1809 Dominus,
2856 1746 2911 1800 in
2937 1746 3131 1816 quibus
3178 1747 3378 1802 veritas
3426 1755 3532 1814 est,

274 1838 498 1894 dextera
524 1845 617 1891 tua
647 1833 818 1906 (Psat.
851 1833 1135 1904 cxxxvm).
1169 1853 1188 1884 ι
1225 1831 1392 1886 Amos
1421 1844 1632 1900 quoque
1655 1829 1707 1883 in
1736 1830 1852 1886 haec
1878 1837 1926 1899 Β
1953 1842 2009 1890 et
2036 1849 2140 1889 non
2181 1835 2518 1889 mendacium
2559 1834 2973 1889 fraudulentum.
3024 1837 3162 1902 Quid
3198 1837 3301 1891 sibi
3346 1836 3534 1892 volunt

275 1929 438 1984 verba
467 1928 754 1992 consentit,
778 1926 963 1981 dicens
990 1941 1004 1979 :
1041 1943 1058 1974 ι
1098 1922 1155 1978 Si
1184 1921 1561 1978 descenderint
1586 1935 1758 1990 usque
1784 1920 1851 1974 ad

275 2018 570 2084 infernum,
595 2017 722 2072 inde
756 2015 949 2070 manus
982 2019 1074 2068 tua
1100 2013 1294 2068 educet
1317 2026 1439 2078 eos;
1485 2019 1539 2067 et
1567 2011 1614 2067 si
1659 2023 1850 2066 ascen-

275 2109 454 2164 derint
494 2107 739 2178 usquein
773 2105 990 2170 ctelum,
1043 2105 1166 2159 inde
1213 2104 1496 2160 detraham
1547 2118 1672 2168 eos;
1712 2111 1766 2156 et
1805 2101 1853 2156 si

276 2199 575 2255 absconditi
606 2197 806 2253 fuerint
836 2198 891 2251 in
918 2196 1121 2251 vertice
1148 2193 1404 2259 Carmeli,
1433 2194 1560 2248 inde
1604 2200 1853 2247 scrutans

274 2289 516 2364 auferam
545 2304 660 2354 eos,
685 2296 740 2344 et
773 2289 818 2343 si
843 2286 1142 2343 celaverint
1186 2300 1244 2339 se
1292 2283 1360 2338 ab
1403 2283 1576 2340 oculis
1614 2282 1750 2338 meis
1795 2281 1852 2336 in

272 2378 540 2449 profundo
567 2378 753 2443 maris,
785 2377 860 2432 ibi
908 2375 1176 2430 mandabo
1219 2374 1455 2444 serpenti
1500 2382 1555 2428 et
1586 2372 1854 2428 mordebit

274 2484 366 2525 eos
394 2470 596 2539 (Amos.
624 2469 722 2541 rx).
762 2488 782 2521 ι
819 2468 1162 2536 Rursumque
1208 2467 1261 2521 in
1302 2467 1579 2537 superiore
1603 2466 1849 2536 psalmo:

279 2577 298 2611 ι
335 2559 470 2626 Quia
499 2560 753 2625 tenebrae,
785 2559 882 2624 ait,
910 2574 1018 2614 non
1050 2557 1484 2614 obscurabuntur
1505 2573 1536 2612 a
1564 2565 1637 2624 te,
1665 2567 1719 2612 et
1744 2572 1852 2612 nox

274 2653 414 2708 sicut
433 2653 547 2708 dies
569 2652 976 2719 illuminabitur,
1010 2652 1150 2706 sicut
1169 2652 1405 2706 tenebrae
1427 2649 1565 2718 ejus,
1596 2651 1671 2705 ita
1693 2658 1747 2706 et
1769 2650 1852 2703 lu-

275 2761 394 2801 men
417 2746 534 2816 ejus
557 2743 730 2817 (Psal.
754 2744 1038 2815 cxxxvm).
1072 2764 1088 2795 ι
1119 2743 1273 2811 Quod
1295 2752 1476 2798 autem
1503 2744 1556 2798 in
1578 2743 1854 2814 prophetis

274 2838 464 2894 crebro
488 2838 706 2904 dicitur,
735 2854 756 2890 ι
775 2838 891 2892 haec
910 2836 1040 2892 dicit
1066 2835 1340 2902 Dominus,
1363 2857 1382 2889 ι
1401 2844 1685 2908 propterea
1713 2850 1852 2892 sem-

276 2943 371 2999 per
401 2927 647 2995 infertur,
680 2943 750 2983 ne
775 2935 1191 3003 contemnantur
1220 2928 1375 2997 quasi
1408 2929 1572 2982 verba
1615 2928 1848 2998 prophe-

277 3031 474 3087 tarum,
503 3021 598 3076 sed
644 3021 1038 3077 admoneantur
1054 3019 1256 3091 jugiter
1299 3018 1396 3077 Dei
1428 3033 1708 3076 sermones
1731 3031 1852 3074 esse

275 3127 411 3183 quos
441 3113 752 3182 loquuntur.

1956 1925 2333 1980 haereticorum
2376 1925 2543 1995 palea:
2591 1925 2659 1980 ad
2695 1925 2932 1980 triticum
2973 1925 3270 1981 Ecclesiae?
3304 1927 3378 1982 De
3424 1942 3534 1996 quo

1953 2011 2188 2069 Joannes
2219 2012 2454 2084 Baptista
2485 2014 2696 2084 plenius
2722 2015 2959 2084 loquitur
2984 2015 3201 2087 (Matth.
3239 2015 3321 2089 Ill)
3347 2058 3361 2082 ,
3391 2019 3535 2086 quod

1953 2113 2145 2174 purget
2187 2103 2446 2160 Dominus
2493 2119 2674 2159 aream
2719 2120 2892 2172 suam,
2933 2113 2988 2162 et
3017 2107 3318 2162 ventilabro
3341 2107 3526 2177 paleas

1953 2203 2238 2249 ventorum
2261 2193 2476 2249 ﬂatibus
2505 2195 2909 2266 dispergendas,
2937 2198 3277 2267 urendasque
3320 2197 3533 2269 ignibus

1953 2285 2308 2356 derelinquat,
2343 2287 2579 2342 triticum
2606 2295 2785 2342 autem
2808 2289 3005 2344 condat
3032 2290 3089 2344 in
3115 2291 3332 2355 horrea,
3355 2300 3414 2344 ut
3439 2289 3535 2345 fiat

1953 2377 2191 2433 caelestis
2216 2378 2390 2448 panis.
2409 2378 2742 2449 Etloquatur
2764 2379 3135 2449 unusquisque
3159 2379 3529 2435 credentium:

1960 2485 1979 2519 ι
2019 2467 2244 2524 Gustate
2281 2477 2334 2524 et
2379 2470 2578 2536 videte,
2620 2471 2875 2541 quoniam
2918 2472 3099 2527 suavis
3155 2481 3239 2527 est
3278 2471 3534 2526 Dominus

1955 2555 2128 2629 (Psal.
2162 2559 2380 2631 xxxni).
2422 2580 2441 2613 ι
2468 2561 2537 2616 Ει
2565 2561 2787 2632 pulchre
2813 2563 3060 2618 doctrina
3085 2577 3342 2635 perversa
3351 2561 3536 2634 paleis

1955 2659 2318 2720 comparatur,
2363 2666 2482 2720 quae
2514 2652 2804 2708 medullam
2846 2668 2955 2709 non
3004 2655 3223 2720 habent,
3261 2668 3364 2709 nec
3408 2666 3536 2725 pos-

1954 2748 2078 2794 sunt
2118 2742 2328 2798 nutrire
2369 2743 2705 2799 credentium
2749 2747 2996 2816 populos,
3043 2748 3138 2802 sed
3180 2746 3248 2800 de
3285 2747 3535 2804 inanibus

1953 2829 2164 2900 stipulis
2211 2840 2584 2889 conteruntur.
2635 2834 2704 2888 Et
2749 2837 2876 2907 quia
2922 2837 3096 2893 solent
3138 2838 3377 2893 haeretici
3402 2853 3530 2908 pro-

1953 2936 2109 2991 spera
2139 2922 2403 2990 polliceri,
2430 2931 2485 2979 et
2511 2925 2772 2981 caelorum
2799 2943 2960 3000 regna
3002 2929 3375 2998 peccatoribus
3401 2943 3534 2998 pan-

1953 3010 2099 3077 dere,
2116 3012 2393 3067 utdicant:
2423 3013 2616 3069 Parata
2643 3017 2880 3072 sunttibi
2901 3032 3066 3088 regna
3085 3017 3532 3089 cmlorum,potes

1954 3100 2154 3156 imitari
2186 3102 2522 3171 maiestatem
2548 3105 2664 3173 Dei,
2692 3115 2752 3162 ut
2776 3108 2980 3179 absque
3015 3118 3237 3179 peccato
3270 3110 3345 3164 sis
3380 3129 3392 3163 :
3437 3125 3530 3164 ac-

348 3223 370 3257 .
402 3205 596 3260 Audivi
624 3219 744 3274 qua;
771 3204 1022 3260 dixerunt
1043 3204 1324 3274 prophetae
1342 3242 1358 3268 ,
1385 3202 1770 3273 prophetam“
1796 3201 1851 3257 in
1879 3196 1924 3260 ο
1955 3193 2142 3262 cepisti
2169 3194 2312 3248 enim
2341 3195 2495 3250 liberi
2531 3197 2738 3252 arbitrii
2767 3207 3108 3268 potestatem,
3138 3208 3193 3254 et
3208 3199 3340 3270 legis
3361 3200 3535 3255 scien-

280 3314 302 3350 ι
337 3298 553 3353 nomine
593 3311 715 3353 meo
756 3297 1114 3363 mendacium,
1159 3304 1322 3367 atque
1363 3297 1603 3351 dicentes
1643 3315 1655 3349 :
1701 3295 1853 3350 Som-

281 3405 302 3442 ‹
329 3389 474 3445 niavi
495 3389 622 3462 (sive
654 3390 766 3444 vidi
792 3388 1104 3460 somnium).
1131 3388 1424 3458 Usquequo
1446 3387 1587 3442 istud
1609 3387 1662 3442 in
1691 3385 1854 3442 corde

283 3503 302 3535 ι
332 3494 416 3539 est
457 3484 841 3552 prophetarum
898 3482 1308 3538 vaticinantinm
1358 3480 1698 3536 mendacium
1725 3520 1739 3545 ,
1799 3487 1856 3534 et

284 3595 306 3627 ‹
333 3575 767 3645 prephetantium
791 3573 1132 3630 seductiones
1170 3572 1296 3645 (sive
1319 3571 1645 3644 voluntates)
1677 3570 1856 3626 cordis

284 3685 302 3717 ι
337 3665 454 3720 sui?
475 3663 579 3730 Qui
599 3663 784 3718 volunt
808 3663 936 3733 (sive
959 3647 1242 3731 cogitant),
1266 3661 1467 3726 facere,
1491 3669 1550 3714 ut
1571 3659 1856 3714 oblivisca-

285 3775 304 3808 ι
336 3765 423 3811 tur
441 3755 671 3827 populus
691 3769 844 3811 meus
863 3754 1098 3809 nominis
1133 3753 1260 3818 mei,
1284 3761 1504 3823 propter
1530 3752 1736 3806 somnia
1764 3765 1856 3807 eo-

286 3866 305 3901 ι
340 3863 458 3903 rum
485 3887 501 3913 ,
558 3861 678 3917 quae
729 3854 916 3901 narrat
982 3845 1352 3915 unusquisque
1417 3843 1485 3898 ad
1551 3842 1856 3912 proximum

286 3956 305 3990 ι
339 3952 517 4003 suum,
562 3937 702 3992 sicut
724 3935 872 3991 obliti
901 3943 1029 3993 sunt
1058 3943 1242 4006 patres
1265 3948 1456 3990 eorum
1486 3933 1720 3989 nominis
1749 3931 1855 3987 mei

286 4046 305 4080 c
336 4034 558 4098 propter
594 4025 722 4080 Baal
746 4023 873 4096 (sive
893 4026 949 4080 in
969 4025 1144 4096 Baal).
1181 4043 1203 4078 ι
1233 4024 1370 4091 Quia
1402 4024 1650 4093 superior
1671 4021 1856 4077 titulus

281 4125 467 4173 contra
520 4117 814 4188 prophetas
855 4124 960 4182 est,
994 4116 1106 4172 sive
1144 4116 1211 4171 ad
1235 4115 1529 4186 prophetas
1573 4128 1708 4183 quos
1735 4128 1858 4182 per-

281 4207 463 4277 spicue
506 4206 998 4278 pseudoprophetas
1045 4205 1412 4276 intelligimus.
1473 4204 1611 4259 Sunt
1675 4211 1857 4258 autem

282 4300 450 4354 multa
477 4313 674 4370 genera
717 4299 1071 4370 prophetandi
1092 4339 1107 4364 ,
1135 4314 1364 4370 quorum
1396 4313 1562 4354 unum
1597 4305 1682 4352 est
1715 4311 1859 4353 som-

283 4389 521 4460 niorum,
539 4389 700 4458 quale
723 4388 825 4444 fuit
845 4389 901 4443 in
927 4388 1170 4454 Daniele,
1195 4388 1400 4444 idcirco
1425 4396 1482 4443 et
1508 4388 1576 4443 ad
1609 4401 1703 4443 eos
1733 4401 1858 4456 pro-

285 4480 514 4551 phetalis
565 4495 744 4537 sermo
791 4481 1044 4550 dirigitur
1069 4465 1182 4550 ἰιιιί
1236 4478 1464 4534 credunt
1509 4479 1756 4545 somniis,
1804 4486 1860 4533 et

1955 3283 2083 3336 tiam
2121 3298 2218 3352 per
2252 3300 2416 3354 quam
2463 3287 2853 3356 consequaris,
2896 3289 3038 3358 quod
3083 3288 3347 3354 volueris,
3389 3288 3534 3344 deci-

1951 3371 2210 3442 piuntque
2243 3373 2522 3430 blanditiis
2547 3375 2794 3438 miseros,
2826 3385 2882 3432 et
2922 3377 3156 3432 maxime
3191 3377 3533 3434 mulierculas

1953 3474 2207 3520 oneratas
2243 3468 2510 3537 peccatis,
2550 3483 2671 3538 quae
2713 3469 3170 3526 circumferuntur
3197 3471 3343 3526 omni
3370 3479 3533 3526 vento

1932 3557 2232 3624 'doctrinte,
2259 3575 2469 3628 semper
2495 3561 2767 3617 discentes
2793 3570 2847 3617 et
2871 3577 3145 3633 nunquam
3159 3563 3228 3618 ad
3252 3563 3534 3619 scientiam

1953 3649 2199 3703 veritatis
2225 3650 2633 3718 pervenientes;
2665 3661 2720 3708 et
2741 3657 2930 3708 omnes
2951 3654 3225 3709 auditores
3252 3668 3379 3708 suos
3404 3653 3536 3708 adu-

1955 3739 2154 3796 latione
2175 3741 2449 3811 decipiunt
2478 3742 2692 3814 (Epltes.
2729 3745 2802 3815 iv)
2832 3763 2844 3798 :
2874 3740 3076 3800 idcirco
3101 3744 3534 3800 Dominusverba

1957 3851 2052 3890 sua
2074 3835 2450 3890 haereticorum
2476 3837 2644 3905 paleis
2672 3853 2993 3907 comparans
3017 3838 3148 3893 dicit
3177 3855 3191 3891 :
3228 3855 3248 3889 ι
3284 3835 3536 3906 Nunquid

1956 3943 2065 3982 non
2091 3928 2256 3982 verba
2284 3943 2404 3984 mea
2431 3938 2556 3984 sunt
2583 3932 2740 4000 quasi
2784 3932 2946 4002 ignis,
2987 3931 3118 3986 dicit
3156 3931 3435 3995 Dominus,
3482 3935 3540 3985 et

1957 4022 2112 4092 quasi
2147 4021 2376 4078 malleus
2417 4029 2703 4078 conterens
2741 4024 2994 4094 petram?
3031 4043 3048 4075 ι
3103 4023 3274 4090 Meus,
3321 4021 3535 4092 inquit,

1959 4128 2136 4169 sermo
2160 4114 2372 4168 nuntiat
2392 4112 2570 4169 futura
2592 4113 2872 4186 supplicia,
2910 4122 2971 4169 ut
2991 4115 3258 4170 deterreat
3291 4112 3540 4169 homines

1957 4220 1990 4260 a
2027 4203 2319 4274 peccando,
2362 4212 2416 4259 et
2461 4205 2630 4276 paleis
2675 4213 3021 4275 peccatorum
3075 4204 3310 4258 minatur
3355 4203 3540 4257 incen-

1958 4293 2123 4359 dium,
2158 4301 2218 4348 ut
2261 4295 2640 4350 haereticorum
2679 4295 2841 4350 corda
2890 4296 3046 4360 dura,
3072 4302 3129 4348 et
3163 4293 3338 4348 instar
3373 4291 3540 4349 silicis

1959 4384 2326 4451 indomabilia,
2365 4384 2632 4442 sermonis
2677 4385 2762 4440 sui
2805 4383 2999 4440 malleo
3043 4390 3414 4450 conterantur,
3445 4397 3538 4438 au-

1960 4476 2140 4534 ferens
2169 4493 2265 4535 cor
2287 4478 2557 4548 lapideum
2574 4519 2588 4544 ,
2622 4485 2682 4533 ut
2714 4486 2993 4548 ponatpro
3019 4492 3086 4534 eo
3113 4493 3209 4534 cor
3237 4491 3494 4533 carneum
3520 4515 3536 4542 ,

284 4550 465 4626 omnia
489 4585 610 4640 quae
638 4577 884 4633 cernunt,
913 4577 1107 4639 putant
1150 4568 1532 4623 revelationem
1557 4581 1678 4622 esse
1720 4567 1858 4640 divi-
1887 4550 1936 4611 Β
1962 4569 2125 4625 molle
2153 4569 2420 4634 videlicet,
2450 4576 2507 4623 et
2532 4568 2678 4638 quod
2706 4568 2878 4638 possit
2911 4567 3008 4624 Dei
3036 4569 3312 4637 suscipere
3331 4573 3387 4621 et
3412 4580 3538 4620 sen-

285 4675 430 4726 nam,
471 4675 591 4730 qua:
642 4659 862 4729 preprie
913 4657 1116 4714 sanctis
1141 4666 1196 4713 et
1237 4656 1408 4713 servis
1452 4656 1545 4711 Dei
1596 4655 1856 4725 aperitur.

286 4749 439 4817 Quod
480 4749 527 4804 si
559 4748 788 4820 legimus
823 4746 1036 4802 Pharao
1065 4744 1217 4817 (Gen.
1251 4746 1365 4816 xu)
1401 4755 1458 4800 et
1501 4743 1857 4800 Nabuchodo-

286 4854 448 4895 nosor
475 4838 635 4912 (Dan.
669 4837 732 4908 ιι)
776 4837 970 4908 impios
1023 4852 1178 4909 reges
1226 4835 1426 4892 vidisse
1454 4835 1693 4897 somnia,
1741 4849 1862 4904 quae

284 4947 414 4988 vera
439 4930 658 4998 fuerint,
688 4945 794 4985 non
817 4944 1006 4984 eorum
1032 4927 1134 4984 fuit
1165 4927 1368 4993 meriti,
1417 4926 1512 4997 qui
1563 4927 1859 4992 viderunt,

285 5022 380 5080 sed
430 5031 491 5078 ut
542 5036 641 5094 per
679 5018 1016 5076 occasionem
1059 5032 1248 5073 eorum
1284 5017 1456 5072 sancti
1513 5016 1616 5072 viri
1641 5014 1860 5086 Ioseph,

288 5115 581 5186 Danielque
607 5113 992 5176 clarescerent,
1017 5118 1072 5165 et
1094 5112 1228 5165 dura
1251 5110 1414 5165 corda
1443 5116 1605 5178 atque
1628 5109 1866 5164 indoma-

287 5206 414 5262 bilis
448 5215 803 5277 tyrannorum
847 5202 1067 5274 propria
1115 5201 1444 5257 conscientia
1471 5199 1734 5255 sentirent
1759 5199 1866 5254 Do-

289 5299 422 5354 mini
441 5297 799 5368 maiestatem.
830 5294 968 5351 Sunt
995 5295 1260 5365 hodieque
1289 5294 1649 5350 somniatores
1676 5291 1732 5347 in
1759 5292 1862 5348 Ec-

290 5392 478 5456 clesia,
505 5400 562 5447 et
581 5392 816 5447 maxime
843 5391 899 5446 in
938 5399 1126 5446 nostro
1147 5403 1330 5460 grege,
1363 5388 1456 5459 qui
1483 5401 1700 5443 errores
1739 5401 1868 5442 suos

292 5481 501 5537 Domini
515 5481 1085 5551 jactantprophetiam,
1100 5488 1157 5536 et
1178 5481 1370 5537 crebro
1384 5479 1656 5550 ingerunt,
1683 5495 1703 5531 ι
1724 5493 1869 5534 som-

293 5575 456 5640 niavi,
473 5575 756 5640 somniavi,
779 5593 798 5626 ι
817 5588 952 5644 quos
963 5574 1472 5644 corripitDominus,
1489 5573 1674 5629 dicens
1691 5591 1705 5628 :
1727 5590 1746 5624 ι
1768 5571 1871 5628 Us-

294 5682 506 5739 quequo
517 5666 658 5722 istud
680 5667 737 5723 in
755 5667 917 5723 corde
934 5676 1018 5722 est
1034 5669 1420 5739 prephetarum
1434 5666 1868 5732 vaticinantium,

295 5759 631 5817 mendacium
648 5798 665 5821 .
719 5765 775 5815 et
817 5758 1252 5821 nroohetantium
1299 5757 1640 5816 seductiones
1691 5757 1872 5814 cordis

1958 4662 2058 4716 tire
2081 4669 2366 4730 praecepta.
2395 4659 2524 4713 Tale
2548 4655 2679 4728 quid
2697 4673 2795 4726 per
2815 4658 3152 4713 Ezechielem
3175 4656 3433 4711 Dominus
3463 4655 3540 4709 lo-

1957 4753 2140 4821 quitur
2177 4751 2395 4823 (Ezech.
2427 4752 2573 4820 xm),
2597 4750 2740 4819 quod
2762 4743 3240 4833 pseudoprophette
3265 4745 3540 4802 blanditiis

1957 4843 2072 4898 suis
2112 4841 2304 4896 liniant
2349 4841 2641 4912 parietem,
2696 4841 2900 4910 absque
2952 4844 3396 4909 temperamento,
3446 4833 3539 4905 qui

1956 4941 2144 5006 postea
2181 4931 2353 4988 imbre
2377 4931 2681 4988 vehementi
2724 4938 2781 4986 et
2805 4931 3037 4986 veritate
3073 4927 3264 5000 judicii
3313 4927 3543 4983 subrua-

1965 5035 2055 5081 tur
2098 5043 2112 5080 :
2155 5033 2210 5080 et
2261 5024 2740 5095 pseudoprophetze
2805 5030 3068 5078 consuant
3113 5018 3394 5076 cervicalia
3439 5017 3540 5072 sub

1966 5119 2114 5175 omni
2152 5116 2332 5174 cubito
2375 5132 2590 5182 manus,
2634 5123 2695 5171 ut
2731 5114 2935 5170 faciant
2970 5121 3286 5185 peccatores
3331 5111 3540 5180 requie‘

1966 5224 2140 5274 scere,
2182 5216 2236 5264 et
2274 5222 2614 5278 nequaquam
2656 5205 2795 5261 iram
2825 5204 2919 5260 Dei
2967 5201 3219 5275 lacrymis
3270 5201 3518 5270 mitigare

1934 5357 1936 5359 ,
1967 5301 2073 5356 Pro
2105 5299 2295 5355 malleo
2331 5298 2681 5370 Septuaginta
2725 5297 2950 5352 securim
2996 5291 3338 5366 interpretati
3373 5293 3536 5350 sunt»

1967 5391 2112 5447 illam
2159 5391 2431 5456 videlicet,
2477 5391 2543 5446 de
2577 5404 2684 5460 qua
2741 5387 2981 5457 Baptista
3032 5385 3267 5441 Joannes
3307 5382 3549 5456 loquitur

1971 5480 2184 5553 (Matth.
2210 5479 2294 5551 ιιι)
2329 5495 2344 5533 :
2376 5477 2535 5533 «Jam
2571 5479 2776 5535 securis
2802 5478 2869 5533 ad
2898 5476 3106 5533 radices
3155 5475 3408 5530 arborum
3450 5484 3546 5540 po-

1971 5571 2073 5627 sita
2105 5578 2240 5627 est.»
2271 5569 2396 5626 Haec
2415 5571 2618 5626 securis
2655 5569 3014 5626 infructuosas
3049 5567 3278 5632 succidit
3301 5565 3547 5628 arbores,

1970 5671 2026 5720 et
2049 5661 2140 5718 hic
2168 5661 2394 5717 malleus
2422 5663 2653 5719 conterit
2680 5663 2998 5719 durissimos
3041 5662 3261 5732 lapides.
3313 5656 3464 5714 Unde
3491 5661 3548 5712 et

1972 5753 2183 5830 Nahum
2208 5753 2470 5825 propheta
2498 5755 2738 5819 loquitur
2768 5773 2782 5812 :
2819 5774 2839 5810 ι
2861 5754 3040 5812 Furor
3059 5753 3198 5816 eius,
3231 5771 3251 5804 ι
3281 5745 3423 5805 haud
3445 5744 3546 5799 du-
