4008 6340
202 366 317 446 ess

1142 382 1507 444 EXPOSITIO
1538 383 1771 442 BﬂPER
1803 382 2174 442 lEREMIAﬂ.
2214 398 2285 428 -ιε
2316 382 2447 443 LIB.
2489 384 2557 442 Χ.
2590 392 2595 399 ’

3361 380 3466 438 990

202 504 418 576 plenius
455 511 619 573 atque
659 502 953 575 perfectius
990 509 1114 573 post
1147 501 1440 558 Salvatoris
1475 502 1779 571 passionem
1808 506 1861 566 Α
1883 502 2063 557 verbis
2093 509 2273 558 autem
2306 508 2363 556 et
2397 500 2841 572 interpretatione
2882 500 3161 555 nominum
3198 511 3341 569 sape
3377 511 3467 554 res

205 594 771 663 resurrectionemque
812 593 1132 663 completur,
1179 592 1397 663 quando
1441 590 1654 646 locutus
1699 599 1787 646 est

206 687 505 742 Dominus:
537 704 557 738 ι
588 684 942 754 Relinquetur
961 683 1118 739 vobis
1150 682 1346 738 domus
1366 690 1541 737 vestra
1570 681 1785 737 deserta

208 775 365 846 (Luc.
395 776 541 850 xm),
571 795 593 829 ι
633 783 689 830 et
719 789 891 844 usque
925 774 995 828 ad
1030 774 1192 828 linem
1230 772 1347 842 ejus
1373 773 1640 827 sententia
1663 787 1787 841 pcr-

207 870 469 925 manebit.
510 869 769 924 Dieamus
804 875 861 921 et
892 866 1052 922 aliter
1080 867 1344 921 duntaxat
1376 862 1527 934 juxta
1557 863 1785 934 Septua-

207 960 380 1029 ginta,
400 959 571 1031 lippi
595 974 704 1012 non
725 957 901 1013 solum
921 940 1352 1026 assumptionem,
1382 956 1476 1010 sed
1504 962 1559 1008 et
1587 954 1783 1007 donum

208 1065 506 1119 munusque
545 1048 831 1117 signiﬁcat.
875 1047 1014 1115 Quia
1056 1048 1222 1117 igitur
1253 1046 1355 1101 sibi
1392 1044 1620 1114 populus
1649 1058 1786 1098 sem-

205 1155 304 1209 per
348 1155 607 1209 prospera
653 1140 1041 1209 promittebat,
1104 1139 1235 1194 dicit
1291 1152 1385 1194 eos
1442 1151 1783 1206 nequaquam

205 1230 347 1284 ultra
390 1232 493 1286 hoc
531 1231 727 1287 debere
770 1232 994 1287 dicere:
1046 1231 1295 1301 indignos
1341 1230 1484 1285 enim
1529 1244 1623 1283 eos
1665 1241 1786 1283 esse

205 1322 362 1377 donis
401 1325 518 1391 Dei,
560 1334 724 1397 atque
763 1325 1100 1393 muneribus,
1143 1324 1271 1393 quin
1310 1323 1489 1394 potius
1530 1320 1783 1390 abjicien-

206 1412 306 1470 dos
333 1454 350 1482 ,
409 1426 465 1475 et
516 1432 548 1472 a
598 1418 697 1474 Dei
746 1417 950 1475 auxilio
1001 1415 1218 1488 penitus
1258 1413 1657 1483 relinquendos.
1704 1412 1784 1466 Ex

1891 594 2267 661 ostenduntur,
2306 603 2368 649 ut
2406 593 2702 658 Abraham,
2728 591 2898 657 Sam,
2940 601 2997 647 et
3034 591 3204 657 Petri,
3232 597 3290 645 et
3330 589 3467 644 illio-

1890 702 2009 741 rum
2041 676 2284 742 Zebedtei
2308 684 2567 741 vocabula
2597 692 2927 741 commutata
2961 683 3267 753 significant
3285 695 3464 735 rerum

1890 780 2295 833 mutationem.
2332 779 2399 832 Et
2437 778 2489 832 in
2536 778 2639 832 hoc
2682 778 2872 832 eodem
2918 778 3182 849 pr0pheta
3224 770 3491 831 Phascor'

1891 869 2088 925 dicitur
2119 884 2281 939 pavor
2318 869 2432 923 sive
2474 868 2783 934 translatio,
2829 877 2885 923 et
2923 868 3172 932 colonus,
3219 867 3336 921 sive
3376 882 3465 936 ps-

1891 959 2146 1028 regrt'nus.
2192 957 2495 1013 Notandum
2525 958 2664 1028 quod
2696 961 2859 1014 verba
2886 976 2899 1013 :
2933 977 2951 1008 ι
2985 957 3078 1011 Dei
3108 956 3339 1011 viventis
3365 953 3470 1009 Do—

1890 1049 2023 1104 mini
2062 1050 2394 1104 exercituum
2452 1050 2547 1104 Dei
2602 1050 2812 1115 nostri,
2866 1070 2884 1102 ι
2948 1049 3121 1103 Latini
3184 1056 3239 1102 et
3293 1044 3465 1101 ϐιωρί

1890 1140 2121 1196 Codices
2162 1156 2270 1195 non
2314 1142 2588 1206 habeant,
2639 1148 2709 1195 et
2740 1141 2952 1195 Hebraei
2993 1141 3049 1194 in
3089 1139 3201 1195 suis
3240 1135 3471 1192 volumi-

1890 1234 2050 1288 nibus
2088 1241 2275 1287 contra
2316 1247 2375 1287 se
2421 1232 2638 1304 legant,
2701 1233 2845 1305 quod
2894 1230 3111 1304 proprie
3151 1214 3491 1302 mysterium'

1890 1324 2159 1396 signiﬁcat
2199 1323 2502 1381 Trinitatis.

220 1569 3462 1601 Mm

1427 1677 1727 1772 LIBER
1802 1674 2282 1756 DECIMUS.

282 1969 535 2028 Decimus
576 1968 1100 2026 Commentariorum
1141 1968 1198 2023 in
1244 1967 1537 2024 Jeremiam
1577 1967 1719 2029 liber
1760 1982 1790 2023 a
1817 1971 1868 2032 B
1899 1985 1920 2020 ι
1952 1965 2186 2038 sionem)
2226 1966 2477 2022 omnibus
2520 1965 2702 2038 regnis
2739 1973 2901 2023 terra;
2925 2006 2941 2034 ,
2986 1967 3043 2023 in
3087 1966 3433 2041 opprobrium
3456 2009 3476 2041 ,

215 2063 424 2118 duobus
443 2061 671 2117 calathis
692 2063 855 2117 habet
879 2060 1159 2117 exordium
1184 2077 1198 2114 :
1226 2075 1457 2130 quorum
1488 2059 1624 2114 alter
1649 2067 1796 2115 recte

215 2153 340 2208 fidei
380 2152 740 2220 dulcedinem,
782 2152 921 2207 alter
954 2151 1330 2208 haereticorum
1371 2149 1608 2222 perﬁdia:
1650 2166 1799 2204 ama-

216 2244 503 2307 ritudinem
529 2244 882 2300 demonstrat.
929 2243 1186 2310 Quamvis
1220 2242 1458 2296 Ananias
1486 2241 1628 2298 filius
1653 2242 1800 2295 Azur

190 2344 477 2404 repugnet
514 2333 782 2401 Jeremitc,
819 2340 877 2390 et
907 2333 1152 2389 Semeias
1186 2331 1530 2389 Neellamites
1565 2334 1802 2403 prophe-

218 2431 328 2478 tam
369 2425 510 2479 mitti
555 2425 738 2495 cupiat
781 2425 837 2480 in
878 2436 1156 2481 carcerem
1184 2463 1200 2489 ,
1261 2432 1317 2478 et
1363 2422 1670 2493 Sophonias
1713 2437 1801 2477 sa-

219 2515 409 2570 cerdos
432 2516 485 2569 in
507 2516 1099 2586 pseudoprophetarum
1124 2515 1287 2569 verba
1312 2514 1589 2584 coniuret,
1620 2521 1802 2566 tamen

219 2607 423 2661 veritas
446 2605 624 2675 claudi
645 2614 701 2661 et
724 2606 880 2678 ligari
904 2614 1106 2676 potest,
1132 2604 1275 2661 vinci
1301 2618 1408 2660 non
1435 2610 1612 2674 potest
1637 2621 1650 2657 :
1681 2618 1803 2672 qum

220 2707 274 2754 et
320 2712 544 2754 suorum
582 2699 858 2767 paucitate
897 2706 1152 2755 contenta
1195 2705 1280 2752 est
1305 2735 1320 2762 ,
1363 2703 1419 2751 et
1458 2693 1803 2750 multitudine

222 2787 458 2843 hostium
498 2802 607 2843 non
652 2795 913 2843 terretur.

784 2892 1015 2954 CAPUT
1050 2892 1242 2951 XXIV.

226 2986 307 3043 De
337 2988 512 3071 ﬁgura
542 2986 997 3071 ﬂcuumnduorum
1032 2984 1395 3071 calamorum;
1438 2984 1503 3040 de
1530 2985 1804 3056 afflictione

724 3058 990 3113 Sedechia:
1028 3066 1078 3112 et
1106 3056 1305 3129 populi.

302 3168 321 3205 ι
352 3148 602 3207 Ostendit
652 3150 785 3205 mihi
827 3150 1087 3205 Dominus
1112 3188 1128 3215 ,
1185 3157 1242 3204 et
1292 3163 1419 3205 ecce
1457 3150 1565 3204 duo
1603 3150 1803 3204 calathi

234 3259 256 3295 ι
286 3242 411 3314 (sive
442 3243 604 3312 juxta
646 3241 1039 3312 Symmachum,
1084 3242 1323 3312 cophini)
1367 3241 1513 3311 pleni
1554 3240 1671 3295 ficis
1710 3256 1805 3311 ρος

235 3352 255 3391 ι
287 3334 375 3389 siti
417 3342 543 3388 ante
582 3333 843 3403 templum
886 3333 1100 3390 Domini
1134 3352 1147 3388 :
1195 3341 1480 3404 postquam
1527 3333 1806 3388 transtulit
1831 3321 1878 3385 C

234 3443 255 3479 ι
285 3425 781 3481 Nabuchodonosor
815 3439 913 3477 rex
956 3423 1245 3490 Babylonis
1281 3422 1597 3478 Jechoniam
1638 3422 1806 3477 filium

236 3536 257 3573 ι
287 3514 533 3577 Jaachim
557 3531 737 3586 regem
761 3514 919 3581 inde,
945 3525 1000 3571 et
1023 3510 1305 3585 principes,
1325 3516 1461 3585 ejus,
1487 3522 1544 3568 et
1574 3513 1804 3579 fabrum,

237 3627 261 3662 ι
289 3617 344 3664 et
380 3608 706 3664 inclusorum
747 3608 813 3663 de
851 3608 1220 3673 Hierusalem,
1263 3615 1320 3661 et
1361 3607 1585 3661 adduxit
1622 3619 1717 3660 eos
1757 3606 1813 3661 in

239 3721 260 3754 ι
290 3700 641 3773 Babylonem.
683 3700 944 3756 Calathus
997 3715 1138 3754 unus
1179 3700 1312 3755 ficus
1362 3701 1533 3755 bonas
1577 3699 1813 3754 habebat

238 3808 259 3845 ι
291 3792 491 3859 nimis,
532 3798 596 3849 ut
636 3791 812 3847 solent
855 3790 993 3846 ficus
1038 3805 1161 3846 esse
1198 3791 1358 3861 primi
1404 3791 1704 3859 temporis:
1757 3798 1814 3844 et

240 3902 260 3935 ε
293 3883 539 3940 calathus
583 3896 723 3939 unus
771 3883 907 3938 ficus
948 3884 1182 3939 habebat
1225 3884 1396 3939 malas
1442 3883 1640 3946 nimis,
1694 3896 1815 3953 quae

241 3991 263 4025 ι
295 3973 503 4030 comedi
543 3990 648 4030 non
688 3982 983 4051 poterant,
1007 3990 1074 4030 eo
1113 3976 1259 4045 quod
1301 3983 1483 4030 essent
1523 3973 1696 4029 malae.
1746 3974 1814 4028 Et

242 4088 260 4120 ‹
292 4068 428 4123 dixit
469 4066 729 4122 Dominus
769 4067 839 4122 ad
881 4082 1006 4121 me:
1048 4066 1189 4135 Quid
1232 4075 1287 4121 tu
1326 4064 1496 4132 vides,
1539 4064 1815 4121 Jeremia?

243 4177 264 4210 ι
296 4160 364 4215 Et
404 4160 556 4214 dixi:
603 4158 764 4214 Ficus
806 4158 1012 4225 bonas,
1058 4159 1228 4215 bonas
1269 4158 1460 4224 valde;
1508 4165 1562 4214 et
1604 4159 1810 4226 maias,

243 4271 263 4305 ι
295 4253 465 4309 maias
500 4253 675 4319 valde,
714 4262 835 4323 qua:
870 4252 1078 4308 comedi
1123 4266 1229 4307 non
1276 4260 1526 4322 possunt,
1570 4266 1635 4307 eo
1673 4250 1815 4321 quod

243 4365 264 4397 ι
295 4347 402 4401 sint
432 4346 604 4400 malae.
649 4346 718 4400 Et
748 4345 951 4401 factum
984 4354 1071 4400 est
1102 4347 1325 4401 verbum
1365 4344 1577 4399 Domini
1621 4342 1687 4399 ad
1726 4358 1814 4399 me

244 4452 263 4489 ι
297 4438 523 4492 dicens:
552 4436 679 4491 Bac
719 4432 851 4491 dicit
890 4436 1181 4501 Dominus,
1227 4437 1372 4491 Deus
1410 4435 1614 4491 Israel:
1662 4436 1845 4491 Sicut'

246 4548 266 4581 ι
299 4530 434 4583 ficus
476 4530 560 4582 ha:
597 4528 772 4592 boum,
814 4529 892 4583 sic
926 4544 1245 4599 cognoscam
1286 4531 1815 4598 transmigrationem

245 4636 265 4672 ι
298 4620 456 4682 Juda,
498 4624 661 4689 quam
706 4620 860 4673 emisi
907 4619 974 4675 de
1016 4620 1135 4674 loco
1181 4621 1287 4675 isto
1325 4621 1379 4676 in
1418 4627 1618 4677 lcrram
1657 4622 1818 4676 Chal-

246 4725 267 4760 ι
302 4708 563 4771 datorum,
587 4706 642 4760 in
666 4707 906 4760 bonum:
946 4714 999 4761 et
1041 4690 1237 4778 ponam
1275 4706 1461 4763 oculos
1484 4723 1634 4763 meos
1659 4725 1821 4778 super

246 4815 265 4850 ι
298 4813 407 4855 eos.
432 4796 501 4852 ad
535 4796 861 4866 placandum
901 4796 1034 4869 [Al.,
1077 4799 1132 4852 in
1173 4797 1431 4870 bonum],
1471 4806 1526 4853 et
1567 4800 1819 4853 reducam

248 4905 267 4939 ι
301 4901 397 4940 eos
440 4886 493 4940 in
534 4894 736 4940 terram
775 4886 953 4952 hanc,
1009 4892 1063 4942 et
1106 4887 1383 4943 aedificabo
1430 4903 1562 4951 eos,
1611 4898 1665 4943 et
1710 4902 1817 4941 non

248 4994 267 5027 ι
302 4977 614 5041 destruam;
660 4984 719 5032 et
754 4976 1010 5047 plantabo
1049 4990 1167 5041 eos,
1211 4985 1264 5032 et
1309 4990 1417 5031 non
1456 4976 1703 5031 evellam.
1755 4976 1822 5031 Et

247 5084 268 5118 ι
302 5066 441 5121 dabo
466 5066 548 5123 eis
577 5081 674 5122 cor
702 5076 763 5123 ut
784 5062 957 5122 sciant
981 5082 1089 5134 me,
1115 5067 1240 5138 quia
1267 5078 1369 5138 ego
1394 5081 1513 5122 sum
1538 5064 1818 5122 Dominus.

247 5174 267 5208 ι
302 5157 367 5211 Ει
406 5166 567 5214 erunt
598 5159 731 5214 mihi
770 5154 829 5214 in
868 5160 1146 5230 populum,
1184 5166 1241 5214 et
1275 5173 1375 5231 ego
1412 5159 1492 5215 eis
1531 5160 1586 5214 in
1626 5160 1820 5227 Deum,

249 5267 269 5300 ί
302 5248 427 5316 quia
452 5258 792 5305 revertentur
812 5251 879 5304 ad
904 5264 990 5306 me
1012 5252 1064 5305 iu
1086 5258 1201 5306 toto
1222 5250 1385 5307 corde
1419 5264 1537 5306 suo.
1585 5249 1654 5306 Et
1680 5251 1824 5307 sicut

247 5358 270 5392 ι
302 5340 436 5396 ficus
468 5344 715 5410 pessima:
753 5358 876 5414 qua:
913 5344 1123 5400 comedi
1164 5358 1272 5401 non
1312 5351 1538 5414 possunt
1575 5359 1642 5400 eo
1677 5345 1821 5416 quod

251 5449 271 5482 ι
303 5432 411 5485 sint
444 5433 615 5497 malai,
657 5433 791 5491 dicit
830 5436 1110 5501 Dominus,
1149 5436 1229 5491 sic
1267 5435 1405 5491 dabo
1434 5434 1561 5507 (sive
1587 5435 1821 5509 tradam)

252 5541 273 5575 ε
306 5522 625 5578 Sedechiam
661 5540 843 5595 regem
884 5526 1053 5592 ludat,
1092 5534 1150 5583 et
1186 5528 1457 5599 principes
1490 5529 1628 5599 ejus,
1657 5538 1713 5585 et
1738 5542 1825 5584 re-

253 5631 273 5666 c
307 5615 481 5685 liquos
518 5620 584 5672 de
624 5617 991 5687 Hierusalem,
1033 5623 1129 5691 qui
1170 5633 1555 5693 remanserunt~
1592 5625 1647 5680 in
1691 5624 1825 5682 urbe

252 5718 279 5759 ι
310 5704 451 5773 hac,
494 5716 552 5765 et
584 5710 675 5781 qui
716 5708 963 5765 habitant
1000 5711 1055 5766 in
1098 5716 1243 5768 terra
1286 5714 1528 5787 Egypli.
1577 5714 1644 5771 Et
1685 5714 1825 5771 dabo

253 5813 281 5855 ι
308 5811 406 5861 eos
426 5798 484 5857 ia
503 5800 841 5861 vexationem
882 5800 1340 5881 amictionotnque
1380 5806 1590 5881 (sivetu
1616 5807 1827 5887 disper-

1901 2078 1922 2113 ι
1954 2067 2011 2115 et
2053 2060 2108 2115 in
2150 2056 2480 2130 psraboiam,
2524 2065 2579 2111 et
2621 2058 2675 2112 in
2715 2056 3085 2128 proverbium,
3124 2065 3180 2111 et
3215 2058 3269 2112 in
3310 2058 3477 2114 male-

1903 2169 1921 2201 ι
1955 2149 2246 2205 dictionem
2294 2149 2347 2203 in
2388 2148 2656 2203 universis
2695 2148 2863 2212 locis,
2908 2148 2975 2202 ad
3016 2162 3136 2217 qua:
3173 2147 3309 2218 ejeci
3348 2162 3475 2215 eos,

1905 2252 1925 2290 α
1958 2248 2014 2293 et
2054 2238 2264 2293 mittam
2311 2236 2366 2291 in
2407 2250 2502 2292 eos
2542 2236 2807 2308 gladium,
2853 2244 2909 2291 et
2934 2237 3130 2290 famem
3158 2247 3212 2291 et
3235 2245 3473 2307 pestem,

1907 2349 1925 2382 ι
1959 2331 2130 2387 donec
2174 2337 2561 2385 consumantur
2597 2329 2664 2384 de
2709 2337 2882 2394 terra,
2930 2342 3092 2398 quam
3140 2327 3260 2382 dedi
3302 2328 3382 2383 eis
3421 2330 3479 2383 et

1906 2437 1924 2472 ι
1956 2421 2202 2491 patribus
2243 2432 2449 2476 eorum.
2485 2440 2505 2473 ι
2552 2419 2820 2492 (Ηίενοη.)
2857 2420 3002 2474 Duos
3046 2420 3324 2489 cophinos,
3362 2420 3479 2476 sive

1900 2511 2143 2567 calathos
2175 2511 2435 2565 bonarum
2475 2519 2530 2564 et
2567 2510 2828 2564 malarum
2864 2509 3365 2581 ficorum,quidam
3394 2509 3479 2564 in-

1902 2609 2271 2671 terpretantur
2328 2603 2381 2655 in
2433 2601 2577 2671 Lege
2622 2608 2676 2656 et
2717 2600 3009 2671 Evangelia
3032 2639 3046 2664 ,
3095 2598 3377 2670 Synagoga
3422 2606 3480 2654 et

1900 2694 2165 2760 Ecclesia,
2207 2693 2514 2749 Iudaeorum
2554 2696 2751 2766 populo
2792 2703 2846 2749 ct
2884 2693 3342 2759 Christianorum,
3389 2707 3478 2764 ge—

1903 2786 2080 2842 henna
2122 2792 2179 2841 et
2217 2800 2384 2856 regno
2420 2785 2701 2855 etelorum,
2739 2803 2967 2858 quorum
3008 2788 3237 2844 alterum
3266 2787 3332 2843 ad
3359 2803 3479 2857 sup-

1901 2879 2121 2951 plicium
2152 2879 2388 2949 pertinet
2406 2887 2772 2949 peccatorum,
2801 2880 3029 2935 alterum
3066 2878 3133 2936 ad
3166 2888 3476 2936 sanctorum

1903 2968 2294 3023 habitaculum.
2364 2967 2471 3023 Sed
2529 2983 2627 3023 nos
2681 2970 2918 3024 scientes
2972 2967 3125 3039 juxta
3176 2968 3476 3040 apostolum

1904 3058 2128 3113 Paulum
2171 3056 2347 3128 (Rom.
2383 3057 2482 3128 vn)
2531 3056 2706 3127 legem
2751 3058 2948 3112 bonam
2993 3064 3050 3111 et
3092 3063 3374 3121 sanctam,
3424 3061 3481 3109 et

1906 3150 2218 3204 mandatum
2242 3149 2441 3203 bonum
2477 3157 2531 3204 et
2554 3156 2817 3211 sanctum,
2847 3155 2903 3202 et
2935 3162 3100 3203 unum
3133 3160 3251 3203 esse
3281 3144 3480 3200 utrius-

1905 3261 2013 3317 que
2035 3244 2369 3300 Testamenti
2395 3243 2561 3298 Deum
2586 3257 2601 3297 :
2644 3242 2729 3297 vel
2757 3243 2823 3297 ad
2848 3256 2942 3296 eos
2965 3241 3138 3311 magis
3165 3238 3481 3303 referamus,

1908 3337 2000 3407 qui
2040 3337 2097 3391 in
2137 3337 2371 3391 adventu
2414 3334 2624 3389 Domini
2668 3331 2967 3387 Salvatoris
3003 3326 3383 3392 crediderunt,
3429 3333 3484 3381 et

1906 3440 2016 3484 non
2059 3429 2407 3485 crediderunt
2437 3445 2450 3481 :
2478 3434 2539 3481 ut
2580 3427 2730 3495 quia
2775 3416 2970 3479 scribis
3015 3428 3071 3478 ct
3116 3419 3486 3477 sacerdotibus

1910 3521 2163 3577 concitati
2204 3520 2591 3580 ciamaveruut,
2628 3516 2907 3571 dicentes:
2944 3534 2963 3565 ι
2996 3512 3285 3582 Cruciilge,
3313 3509 3488 3565 cruci—

1910 3613 2014 3682 ﬂge
2042 3613 2202 3666 talem
2226 3610 2378 3683 (Luc.
2403 3610 2587 3680 χχιιι),
2620 3624 2638 3661 ι
2686 3608 2793 3662 sint
2834 3606 3080 3661 calathus
3121 3602 3342 3656 ficorum
3374 3613 3489 3653 ma-

1911 3704 2116 3769 larum;
2155 3688 2247 3773 qui
2285 3716 2417 3756 vero
2452 3708 2575 3772 post
2615 3696 2988 3754 ascensionem
3033 3693 3148 3762 ejus
3185 3691 3253 3746 de
3293 3687 3490 3759 populo

1912 3794 2280 3857 crediderunt,
2322 3791 2389 3846 ad
2426 3792 2599 3845 bonas
2643 3789 2776 3844 licus
2816 3794 2872 3842 et
2909 3785 2976 3840 ad
3008 3781 3279 3838 calathum
3304 3776 3493 3848 cophi-

1912 3899 2152 3953 numque
2191 3881 2454 3951 optimum
2492 3879 2820 3934 referantur.
2870 3874 3183 3943 Simplicem
3222 3879 3402 3925 autem
3433 3872 3491 3922 et

1912 3989 2096 4035 veram
2123 3984 2418 4043 sequamur
2438 3970 2739 4031 historiam,
2770 3967 2914 4038 quod
2960 3965 3222 4019 bonarum
3264 3960 3491 4014 ficorum

1912 4065 2185 4122 calathum
2226 4063 2422 4119 dixerit
2460 4060 2777 4116 Jechoniam
2803 4100 2818 4125 ,
2864 4058 2957 4128 qui
3000 4071 3060 4111 se
3100 4070 3198 4127 per
3239 4052 3490 4109 Jeremia:

1913 4157 2198 4216 consilium
2239 4164 2294 4210 et
2334 4154 2621 4225 imperium
2666 4153 2786 4217 Dei,
2829 4149 3125 4206 tradiderat
3166 4148 3276 4217 regi
3316 4144 3493 4215 Baby-

1915 4248 2082 4312 lonio,
2107 4246 2193 4302 cui
2220 4253 2275 4299 et
2305 4257 2564 4315 prospera
2590 4242 2852 4297 Dominus
2883 4239 3187 4311 pollicetur.
3227 4233 3491 4289 Maiarum

1916 4349 2096 4396 autem
2112 4337 2455 4399 Sedechiam,
2472 4335 2565 4406 qui
2584 4332 2963 4390 contradicens
2980 4330 3260 4387 sententia:
3271 4326 3389 4391 Dei,
3407 4340 3495 4379 ca—

1914 4442 2039 4503 ptus
2064 4432 2154 4495 sit,
2169 4437 2512 4498 calcatasque
2530 4425 2723 4490 oculis,
2740 4426 2935 4480 ductus
2958 4424 3012 4477 in
3032 4429 3121 4477 est
3146 4418 3492 4490 Babylonem,

1916 4526 2100 4595 ibique
2125 4531 2370 4577 mortuus
2394 4525 2480 4575 est
2500 4516 2621 4590 (IV
2654 4516 2782 4589 Reg.
2815 4515 2978 4587 xxv).
3003 4513 3060 4568 In
3086 4520 3290 4566 tantum
3318 4516 3497 4561 autem

1919 4617 2063 4671 Deus
2089 4613 2267 4684 posuit
2292 4611 2479 4667 oculos
2516 4624 2644 4664 suos
2681 4609 2734 4661 in
2773 4609 2976 4663 bonum
3013 4604 3101 4659 his
3142 4603 3233 4670 qui
3272 4599 3498 4667 imperio

1923 4706 2039 4774 ejus
2079 4704 2486 4773 acquieverunt,
2533 4706 2588 4753 et
2634 4698 2848 4751 reduxit
2872 4696 2991 4750 illos
3016 4696 3069 4748 in
3096 4702 3296 4747 terram
3324 4703 3494 4751 suam,

1922 4806 1977 4854 et
2016 4796 2320 4859 aediﬁcavit,
2362 4801 2418 4847 et
2460 4806 2566 4846 non
2608 4789 2893 4854 destruxit,
2922 4795 2979 4843 et
2998 4782 3284 4857 plantavit,
3311 4783 3365 4836 et
3390 4796 3495 4834 non

1921 4888 2100 4944 evellit
2126 4905 2139 4940 :
2181 4885 2436 4954 deditque
2460 4883 2541 4937 eis
2564 4890 2679 4945 cor,
2720 4888 2778 4934 ut
2812 4879 3011 4934 scirent
3043 4888 3188 4939 cum,
3217 4872 3357 4942 quod
3384 4871 3499 4941 ipse

1924 4985 2069 5034 esset
2110 4977 2388 5040 Dominus,
2431 4982 2489 5029 et
2510 4973 2705 5028 fierent
2746 4970 2821 5025 illi
2868 4970 2920 5024 in
2961 4964 3245 5039 populum,
3291 4970 3345 5017 et
3388 4962 3500 5032 ipse

1923 5074 2003 5128 eis
2043 5077 2188 5126 esset
2229 5070 2282 5124 in
2320 5069 2521 5134 Deum,
2568 5065 2813 5121 utetiam
2841 5062 2894 5116 in
2921 5059 3233 5130 captivitate
3260 5054 3498 5126 posuerit

1928 5350 2265 5422 permiserit;
2304 5343 2490 5400 Daniel
2532 5343 2807 5412 signorum
2848 5337 3143 5401 miraculis,
3186 5335 3252 5389 de
3291 5332 3502 5404 captivo

1928 5440 2105 5497 subito
2148 5439 2401 5508 princeps
2447 5433 2620 5487 factus
2663 5431 2737 5486 sit
2777 5427 2941 5498 (Dan.
2968 5427 3056 5498 v);
3102 5434 3158 5482 et
3197 5432 3307 5480 tres
3349 5422 3500 5494 pueri

1928 5529 2161 5600 gloriose
2203 5527 2270 5581 de
2295 5523 2528 5580 fornacis
2551 5520 2799 5575 incendio
2836 5518 3048 5575 liberati
3075 5517 3183 5573 sint
3208 5514 3367 5589 (Dan.
3392 5512 3498 5583 ιιι).

1927 5623 1996 5678 Et
2017 5619 2243 5691 expletis
2268 5618 2424 5672 annis
2461 5613 2801 5685 septuaginta
2826 5613 2927 5667 sub
2947 5607 3265 5672 Zorobabel,
3295 5613 3352 5660 et
3374 5603 3501 5660 Iesu

1926 5712 2211 5770 sacerdote
2243 5722 2457 5779 magno,
2485 5714 2543 5761 et
2570 5704 2709 5763 Ezra
2743 5719 2806 5760 ac
2841 5700 3082 5766 Neemia,
3116 5700 3345 5772 plurima
3375 5708 3504 5767 pars

1927 5818 2146 5870 reversa
2166 5803 2255 5862 sit
2284 5798 2662 5860 Hierusalem:
2698 5808 2932 5872 quorum
2972 5806 3231 5852 uenturus
3265 5791 3319 5845 in
3354 5786 3498 5865 eluso
