4008 6340
432 369 529 425 991

1079 369 1142 426 Β.
1177 368 1431 426 BABANI
1463 368 1683 428 MAURI
1719 369 2035 428 ARCHIEP.
2075 369 2384 434 uocum.
2424 372 2706 434 OPERUM
2741 362 2919 433 mas
2951 378 3039 435 ιιι.

3575 387 3684 444 992

431 481 552 538 dem
575 483 727 538 Ezrae
765 485 1036 540 volumine
1074 485 1380 541 continetur
1420 484 1476 555 (1
1501 485 1634 540 Esd.
1665 486 1746 558 ιι).
1799 484 2004 540 Notan-
2027 486 2084 549 Α
2105 483 2308 542 Delirat
2350 488 2407 544 in
2449 488 2554 544 hoc
2597 487 2714 543 loco
2772 487 3091 561 allegoricus
3135 506 3348 563 semper
3389 495 3678 569 interpres,

430 572 557 628 dum
595 573 787 644 quippe
829 574 973 645 quod
1011 574 1126 630 haec
1165 575 1302 633 visio
1346 573 1623 632 Sedechiae
1667 577 2002 647 temporibus

428 661 569 718 facta
603 662 674 717 sit
710 663 777 717 ad
809 663 1150 732 prophetam,
1174 673 1458 735 postquam
1490 664 1781 721 Jechonias
1803 667 2001 723 ductus

427 760 510 808 est
552 769 608 808 ιιι
647 752 1179 823 transmigrationem
1211 773 1222 808 :
1272 771 1380 810 non
1415 755 1562 811 enim
1601 756 1736 810 dixit
1775 757 2002 827 captivi-

429 852 613 910 tatem,
653 846 780 914 quia
821 859 880 899 se
921 845 1064 900 ultro
1113 847 1424 902 tradiderat.
1479 848 1682 904 Fabros
1728 857 1909 904 autem
1947 857 2002 906 et

427 934 724 990 inclusores
748 973 763 1000 ,
813 933 900 989 vel
953 935 1086 1006 legis
1135 936 1493 1007 interpretes,
1546 945 1708 1007 atque
1749 939 2000 996 doctores

427 1023 682 1079 debemus
723 1025 985 1094 accipere,
1031 1026 1114 1079 vel
1153 1027 1389 1082 artiﬁces
1431 1026 1837 1098 inclusoresquc
1882 1029 1999 1085 auri

424 1123 586 1184 atque
620 1129 971 1185 gemmarum,
999 1132 1119 1187 quae
1153 1131 1243 1173 ars
1275 1118 1416 1187 apud
1453 1119 1716 1174 barbaras
1754 1121 2000 1176 nationes

423 1207 812 1278 pretiosissima
836 1216 941 1283 est.
989 1209 1096 1264 Pro
1122 1208 1481 1266 inclusoribus
1507 1210 1858 1284 Septuaginta
1883 1215 1996 1270 vin-

421 1306 531 1352 ctos
572 1297 912 1368 interpretati
953 1307 1110 1364 sunt,
1159 1308 1217 1354 ut
1260 1301 1589 1370 captivitatis
1631 1304 2000 1373 signiﬁcarent

421 1389 657 1456 malum,
705 1399 759 1445 et
802 1391 869 1446 de
911 1407 1009 1448 suo
1047 1393 1302 1449 addidere
1346 1395 1559 1462 divites,
1605 1399 1747 1467 quod
1794 1400 1847 1453 in
1893 1399 1999 1456 lle-

419 1478 604 1534 braico
631 1494 738 1534 non
767 1481 1012 1536 habetur.
1064 1482 1355 1554 Comparat
1379 1496 1557 1542 autem
1585 1489 1878 1557 calathum,
1903 1492 1996 1561 qui

418 1570 588 1626 bonas
630 1571 764 1628 ﬁcus
807 1573 1077 1642 habebat,
1123 1584 1176 1631 et
1220 1578 1389 1634 bonas
1431 1581 1593 1636 nimis
1619 1623 1632 1646 ,
1678 1582 1794 1637 ﬁcis
1835 1585 1995 1654 primi

418 1663 700 1732 temporis,
743 1679 862 1734 quae
907 1664 1094 1722 Graece
1141 1669 1474 1738 appellantur
1513 1674 1724 1748 πρωιξαα
1765 1674 1995 1731 Abrahze

415 1751 663 1808 videlicet
695 1762 750 1810 et
779 1755 950 1823 Isaac,
983 1755 1167 1825 Jacob,
1194 1767 1248 1814 et
1273 1761 1462 1831 Moysi,
1491 1771 1546 1816 et
1565 1765 1764 1830 Aaron,
1792 1776 1847 1820 et
1869 1766 1989 1834 Job,

2100 583 2156 630 et
2188 576 2297 630 vim
2340 577 2563 648 cupiens
2601 578 2873 635 historica:
2913 578 3094 637 facere
3147 584 3394 650 veritati,
3443 586 3510 643 de
3569 604 3680 649 cm-

2099 665 2222 722 lesti
2261 667 2592 724 Hierusalem
2634 678 2818 741 captos
2857 669 3043 738 refert,
3087 680 3249 744 atque
3288 677 3582 736 translatos
3623 681 3679 738 in

2101 766 2302 814 terram
2341 758 2715 817 Chaldaeorum
2745 781 2757 816 :
2806 778 3130 834 rursumque
3172 767 3240 822 ad
3279 765 3458 823 locum
3493 771 3682 841 pristi-

2098 863 2228 902 num
2271 863 2608 915 reversuros,
2648 860 2708 905 ut
2750 849 3041 908 Jeremiam
3087 862 3143 910 et
3187 866 3413 913 caeteros
3463 868 3680 918 sanctos

2097 940 2424 1009 prophetas:
2470 940 2606 996 alios
2647 957 2808 1009 vero,
2855 944 2949 1014 qui
2992 955 3306 1016 peccatores
3351 948 3571 1006 fuerunt
3620 953 3677 1008 in

2101 1036 2242 1084 terra
2283 1030 2406 1096 hac,
2432 1039 2486 1086 et
2525 1031 2581 1086 in
2613 1032 2752 1088 valle
2787 1034 3150 1106 lacrymarum
3195 1052 3316 1094 esse
3361 1042 3676 1098 morituros.

2099 1116 2289 1173 Totam
2331 1120 2552 1176 visionis
2592 1122 2751 1194 hujus
2793 1124 2953 1179 simul
2997 1129 3250 1197 proposui
3287 1139 3565 1208 περικοπὴν
3609 1151 3680 1191 ne

2097 1221 2314 1263 sensum
2357 1208 2411 1263 in
2456 1213 2787 1281 expositione
2825 1214 3142 1273 dividerem.

2677 1325 2903 1384 CAPUT
2939 1329 3104 1384 XXV.

2096 1411 2173 1467 De
2201 1415 2497 1492 captivitate
2524 1421 2849 1490 septuaginta
2883 1439 3144 1478 annorum
3188 1423 3379 1492 Judte;
3419 1428 3482 1483 de
3515 1431 3680 1486 calice

2165 1499 2267 1554 quo
2295 1487 2631 1569 potionantuf
2665 1487 2839 1569 omnes
2883 1503 3056 1562 gentes
3087 1507 3107 1546 .'
3150 1487 3403 1550 vocantar
3442 1509 3679 1569 pastores

2167 1563 2216 1608 et
2241 1557 2513 1623 optimates
2543 1559 2611 1611 ad
2639 1557 2927 1628 planctum.

2172 1681 2190 1713 ι
2239 1664 2471 1721 Verbum
2501 1671 2644 1738 quod
2670 1669 2871 1726 factum
2899 1681 2982 1728 est
3013 1677 3080 1729 ad
3109 1673 3402 1734 Jeremiam
3437 1681 3501 1735 de
3526 1683 3677 1738 omni

2103 1773 2120 1805 ι
2165 1756 2359 1826 populo
2383 1741 2519 1814 Juda
2543 1759 2680 1832 (sive
2709 1778 2868 1834 super
2894 1781 3110 1822 omnem
3132 1769 3390 1839 populum
3417 1770 3597 1842 Juda),
3621 1775 3678 1830 in

417 1847 472 1894 et
511 1841 720 1896 caeteris
761 1845 959 1900 sanctis
1004 1845 1134 1901 viris
1159 1888 1174 1912 ,
1220 1848 1287 1902 de
1329 1849 1522 1918 quibus
1564 1867 1702 1908 unus
1745 1855 1811 1910 de
1855 1858 1983 1912 duo-

2100 1864 2118 1897 ‹
2163 1863 2304 1903 anno
2330 1858 2523 1919 quarto
2572 1851 2776 1909 Joacim
2817 1855 2912 1910 ﬁlii
2939 1855 3099 1914 Josite
3122 1835 3266 1928 regis
3287 1861 3444 1918 Juda.
3476 1885 3494 1918 ι
3521 1835 3677 1933 (ffie-

417 1932 590 1986 decim
611 1934 847 2004 loquitur
865 1939 1276 2008 prophetarum:
1305 1960 1324 1993 ‹
1347 1941 1498 1998 Sicut
1522 1961 1678 2000 uvam
1701 1947 1756 2001 in
1777 1951 1993 2009 deserto

415 2022 594 2079 inveni
625 2025 814 2089 lsrael,
855 2036 911 2083 et
944 2029 1085 2086 sicut
1109 2031 1243 2087 ﬁcus
1265 2033 1321 2087 in
1347 2033 1573 2090 ﬁculnea
1602 2038 1781 2092 inveni
1809 2049 1992 2109 patres

415 2128 600 2169 eorum
619 2114 763 2187 (Ose.
780 2117 879 2189 rx).
903 2137 922 2169 ι
968 2119 1118 2176 Unde
1139 2130 1194 2176 et
1220 2137 1318 2179 nos
1343 2125 1677 2194 appellamur
1699 2128 1794 2184 ﬁlii
1817 2130 1990 2188 Abra-

412 2199 559 2256 ham.
584 2203 702 2259 Ete
741 2207 1018 2263 contrario
1059 2208 1260 2266 dicitur
1299 2211 1369 2267 ad
1408 2211 1662 2271 Judaeos:
1699 2235 1716 2268 ‹
1753 2217 1810 2273 Si
1836 2230 1990 2290 pater

409 2301 588 2348 vester
630 2302 774 2350 esset
810 2294 1102 2366 Abraham,
1145 2299 1399 2359 faceretis
1442 2319 1602 2375 opera
1645 2309 1759 2378 ejus
1803 2309 1986 2382 (Joan.

408 2381 548 2453 vm).
579 2402 598 2435 ι
649 2383 716 2439 Hi
758 2395 936 2442 autem
982 2389 1204 2458 calathi,
1251 2395 1344 2464 qui
1388 2396 1556 2451 bonas
1601 2381 1887 2469 habebant,
1935 2412 1991 2460 et

407 2473 579 2530 malas
618 2475 788 2544 ﬁcus,
845 2494 954 2534 non
995 2493 1152 2538 erant
1195 2483 1328 2541 foris
1370 2494 1426 2542 et
1463 2496 1617 2544 extra
1657 2492 1943 2552 ecclesiam
1970 2535 1986 2562 ,

404 2565 503 2620 sed
545 2573 672 2622 ante
710 2570 968 2640 templum
1014 2573 1260 2643 Domini,
1307 2591 1372 2632 eo
1417 2580 1560 2648 quod
1605 2591 1801 2638 cuncta
1843 2584 1988 2641 illius

405 2654 647 2711 scientiae
671 2666 907 2726 pateant.
958 2660 1068 2719 Nec
1108 2672 1315 2720 tantam
1344 2667 1542 2724 habent
1570 2673 1988 2731 amaritudinem

407 2746 490 2801 hae
529 2747 662 2804 ﬁcus
709 2766 828 2820 qua:
863 2751 996 2810 foris
1033 2766 1190 2825 sunt,
1241 2769 1500 2830 quantam
1543 2764 1646 2819 illae
1699 2781 1819 2836 quae
1864 2779 1989 2838 post

403 2835 798 2897 confessionem
823 2843 948 2900 ﬁdei
970 2849 1418 2916 praevaricatione
1449 2862 1668 2910 mutatae
1694 2835 1820 2914 sunt
1843 2835 1988 2916 {nec

403 2935 613 2984 tantam
653 2933 974 2991 suavitatem
1044 2939 1198 2994 bonae
1261 2940 1394 2998 ﬁcus
1441 2959 1560 3012 qum
1605 2961 1713 3001 non
1760 2957 1886 3004 sunt
1930 2951 1986 3006 in

405 3029 695 3090 conspectu
737 3025 921 3095 templi
962 3027 1078 3094 Dei,
1115 3030 1303 3100 quales
1337 3031 1554 3088 fuerunt
1592 3037 1777 3092 mundi
1813 3039 1987 3108 philo-

407 3110 600 3179 sophi,
659 3115 750 3182 qui
813 3119 1046 3173 naturali
1085 3121 1226 3177 bono
1271 3133 1326 3178 et
1375 3127 1730 3200 intelligentia
1773 3142 1986 3190 creato-

404 3201 500 3270 ris,
528 3219 638 3259 non
667 3214 774 3262 tam
799 3209 951 3279 sequi
978 3211 1078 3267 visi
1104 3222 1252 3280 sunt,
1280 3233 1442 3286 quam
1484 3219 1705 3277 laudare
1731 3225 1981 3283 virtutes.

403 3288 670 3358 Quantam
708 3295 909 3353 habent
942 3302 1262 3359 suavitatem
1288 3305 1444 3374 ﬁcus,
1473 3323 1592 3378 quae
1614 3319 1742 3365 sunt
1767 3313 1820 3368 in
1851 3322 1983 3368 tem-

403 3381 494 3450 plo
535 3383 650 3450 Dei,
683 3401 913 3456 quarum
955 3388 1174 3446 fuerunt
1199 3395 1477 3466 propheta:
1514 3406 1570 3453 et
1612 3401 1859 3470 apostoli.
1907 3403 1984 3459 De

403 3472 598 3542 quibus
631 3490 737 3530 una
768 3477 904 3534 ﬁcus
943 3479 1299 3551 loquebatur:
1335 3505 1354 3538 ι
1386 3486 1497 3544 Lac
1520 3490 1674 3545 vobis
1714 3492 1835 3548 dedi
1873 3509 1982 3548 non

401 3563 632 3656 solidum
656 3569 834 3624 cibum
860 3570 914 3643 (Ι
940 3571 1062 3628 Cor.
1093 3576 1208 3646 ιιι);
1257 3596 1274 3629 ι
1306 3587 1362 3634 et
1393 3598 1407 3634 :
1440 3598 1460 3632 ι
1493 3581 1666 3638 Filioli
1694 3586 1821 3652 mei,
1846 3601 1982 3656 quos

401 3655 595 3713 iterum
620 3663 886 3730 parturio,
929 3665 1102 3723 donec
1141 3667 1385 3728 Christus
1429 3672 1694 3730 formetur
1735 3678 1789 3732 in
1826 3655 1982 3736 vobis

402 3745 544 3841 (Gal.
575 3751 671 3824 IV).
701 3773 722 3806 ι
776 3754 932 3812 Unde
973 3759 1189 3827 dicitur,
1216 3764 1360 3832 quod
1384 3764 1439 3819 in
1465 3776 1756 3837 conspectu
1796 3771 1977 3841 templi

398 3839 495 3896 Dei
535 3841 669 3898 ﬁcus
711 3844 866 3901 bonae
889 3846 1114 3916 fuerint,
1144 3851 1298 3909 bonae
1340 3855 1518 3921 valde,
1561 3865 1616 3912 et
1655 3859 1787 3914 ﬁcus
1825 3839 1981 3916 malae

397 3931 618 4000 fuerint,
647 3936 800 3993 malae
825 3940 999 3998 valde.
1025 3957 1091 3998 ac
1115 3959 1184 4000 ne
1215 3955 1468 4016 putemur
1493 3959 1735 4007 nostrum
1759 3968 1978 4009 sensum

394 4037 617 4094 ponere,
664 4026 780 4097 ipsa
823 4028 1104 4103 Scriptura
1143 4050 1202 4090 se
1241 4039 1468 4107 pandit:
1503 4059 1523 4091 ‹
1557 4040 1742 4108 Sicut,
1769 4043 1976 4113 inquit,

395 4115 530 4172 ﬁcus
575 4120 658 4174 htn
700 4121 892 4189 bonae,
943 4126 1023 4180 sic
1069 4143 1392 4200 cognoscam
1438 4136 1978 4206 transmigrationem

393 4205 551 4274 Juda,
580 4226 740 4278 quam
780 4213 937 4269 emisi
970 4217 1036 4271 de
1070 4217 1189 4273 loco
1230 4221 1336 4276 isto
1375 4223 1432 4278 in
1470 4205 1977 4283 terramJChaldazo-

395 4314 534 4364 rum,
563 4301 618 4355 in
652 4304 890 4359 bonum:
927 4299 946 4359 ὁ
995 4307 1313 4367 Jechoniam
1343 4323 1399 4369 et
1431 4315 1703 4388 principes
1729 4321 1822 4390 qui
1850 4335 1976 4378 cum

392 4403 458 4444 co
495 4392 636 4459 capti
675 4404 801 4448 sunt
839 4397 1167 4468 signiﬁcans.
1196 4402 1265 4458 Et
1293 4419 1324 4460 e
1347 4407 1624 4463 contrario
1648 4409 1714 4465 de
1739 4410 1973 4479 calatho,

393 4479 484 4548 quj
528 4481 698 4537 malas
743 4483 974 4541 habebat
1011 4488 1182 4546 ﬁcus:
1219 4510 1238 4545 ι
1271 4502 1326 4550 et
1364 4495 1524 4562 sicut,
1551 4497 1648 4565 ait,
1678 4498 1814 4574 ﬁcus
1847 4517 1974 4572 pes-

2096 1936 2235 2008 ron.)
2263 1936 2388 1994 Haac
2427 1940 2608 2010 priora
2651 1953 2775 1998 sunt
2805 1948 3077 2015 praeterita
3113 1951 3322 2006 visione
3355 1971 3369 2007 :
3405 1953 3493 2009 illa
3530 1957 3676 2013 enim

2093 2030 2192 2084 sub
2223 2029 2484 2086 Sedechia
2527 2032 2666 2090 facta
2699 2046 2784 2092 est
2811 2047 3096 2108 postquam
3130 2041 3422 2101 Jochonias
3450 2047 3679 2103 transla-

2096 2124 2291 2175 tus'est
2322 2120 2678 2194 Babylonem;
2713 2127 2829 2184 haec
2853 2138 3034 2185 autem
3058 2133 3158 2187 sub
3207 2131 3414 2190 Joacim
3442 2137 3552 2193 ﬁlio
3591 2137 3680 2195 Jo-

2092 2210 2186 2266 siaa
2208 2221 2262 2265 et
2293 2221 2444 2281 patre
2470 2213 2762 2271 Jechoniae.
2805 2217 2923 2273 Non
2954 2221 3098 2276 enim
3127 2238 3269 2278 curae
3296 2233 3435 2292 erat,
3466 2236 3525 2282 ut
3549 2238 3678 2284 ante

2084 2304 2196 2375 jam
2223 2306 2335 2361 dixi
2352 2347 2367 2372 ,
2399 2310 2690 2378 prophetia:
2715 2319 2958 2383 tempora
2984 2328 3327 2383 conservare,
3359 2333 3478 2388 quae
3504 2322 3677 2378 histo-

2091 2399 2186 2454 ria:
2213 2399 2358 2471 leges
2384 2403 2712 2470 desiderant,
2744 2405 2838 2460 sed
2861 2407 3103 2464 scribere
3141 2417 3414 2481 utcunque
3451 2415 3674 2470 audieno

2092 2488 2234 2545 tibus
2256 2499 2417 2560 atque
2433 2492 2726 2551 lectoribus
2740 2495 2872 2552 utile
2887 2507 3152 2554 noverant
3172 2519 3184 2553 :
3209 2501 3351 2556 unde
3371 2510 3426 2557 et
3446 2503 3502 2557 in
3524 2503 3676 2559 Psal-

2091 2583 2228 2638 terio
2276 2583 2416 2640 mal‘e
2451 2585 2671 2655 quidam
2707 2588 2864 2658 juxta
2904 2597 3114 2646 textum
3156 2593 3394 2650 historia:
3433 2594 3673 2664 psalmo-

2089 2688 2208 2728 rum
2241 2676 2522 2745 rcquirunt
2548 2678 2816 2746 ordinem,
2841 2682 2985 2750 quod
3010 2682 3065 2738 in
3097 2683 3267 2754 lyrico
3295 2686 3534 2762 carmine
3563 2700 3676 2743 non

2087 2762 2428 2821 observatur.

2163 2874 2181 2908 ι
2211 2855 2330 2925 ipse
2375 2866 2460 2915 est
2482 2875 2654 2916 annus
2679 2877 2886 2932 primus
2911 2861 3407 2922 Nabuchodonosor
3425 2865 3679 2938 regisBa-

2093 2963 2112 2998 ι
2146 2946 2211 3017 by
2221 2946 2356 3003 Ionis
2377 2948 2535 3020 (quod
2563 2952 2619 3005 in
2644 2951 3001 3024 Septuagintaj
3019 2970 3122 3008 non
3143 2955 3382 3010 habetur.
3407 2955 3476 3011 Et
3499 2959 3674 3028 sequi-

2093 3055 2110 3088 ι
2145 3038 2253 3109 tur)
2287 3056 2300 3092 :
2332 3038 2485 3107 Quod
2513 3041 2722 3098 locutus
2748 3052 2831 3098 est
2860 3043 3120 3101 Jeremias
3157 3048 3420 3116 propheta
3449 3050 3517 3105 ad
3552 3064 3674 3105 om-

2093 3146 2112 3180 ‹
2143 3143 2268 3184 nem
2299 3131 2552 3202 populum
2573 3129 2731 3199 Juda,
2756 3142 2811 3188 et
2841 3137 2909 3190 ad
2930 3137 3214 3192 universos
3230 3139 3564 3197 habitatores
3585 3140 3680 3199 Je-

2093 3239 2113 3271 ‹
2149 3221 2382 3277 rusalem
2407 3263 2423 3288 ,
2453 3223 2657 3278 dicens.
2697 3245 2715 3276 ι
2756 3225 2959 3292 Quarto
2989 3242 3130 3283 anno
3169 3231 3311 3299 regis
3335 3231 3541 3287 Joacim
3579 3233 3678 3290 ﬁlii

2084 3311 2242 3366 Josia:
2268 3313 2438 3382 patris
2463 3311 2760 3380 Jecboniae,
2780 3315 3281 3374 Nabuchodonosor
3297 3320 3351 3373 in
3374 3320 3675 3394 Babylone,

2084 3404 2321 3475 suscepit
2362 3405 2692 3474 imperium:
2742 3413 2904 3478 atque
2947 3409 3022 3462 ita
3047 3406 3254 3464 factum
3283 3419 3367 3466 est
3410 3419 3472 3466 ut
3498 3427 3677 3469 annus

2083 3495 2175 3566 qui
2224 3496 2432 3566 primus
2486 3506 2606 3552 erat
2660 3497 3161 3570 Nabuchodonosor
3223 3501 3278 3555 in
3334 3501 3612 3574 Babylone
3654 3544 3670 3572 ,

2083 3594 2308 3656 quartus
2348 3597 2495 3644 esset
2537 3589 2592 3644 in
2622 3588 2922 3646 Jerusalem
2973 3592 3116 3662 regis
3169 3591 3394 3649 Joacim.
3430 3594 3674 3667 Denique

2081 3681 2275 3728 octavo
2302 3688 2446 3729 anno
2460 3674 2611 3745 regni
2639 3675 2743 3738 sui,
2764 3674 3080 3731 Jeehoniam
3100 3692 3223 3732 cum
3253 3686 3428 3734 matre
3452 3688 3507 3735 et
3524 3682 3674 3750 prin-

2080 3765 2290 3834 cipibus
2339 3767 2491 3821 duxit
2540 3768 2595 3821 in
2629 3767 2994 3839 captivitatem
3036 3783 3052 3822 :
3101 3769 3194 3840 qui
3239 3770 3414 3826 tribus
3461 3779 3672 3830 tantum

2080 3867 2202 3926 post
2228 3859 2662 3915 interfectionem
2688 3862 2860 3931 patris
2900 3859 3146 3916 Joachim
3195 3864 3443 3933 regnavit
3470 3865 3671 3920 mensi-

2080 3948 2556 4015 bus.,lnterfectus
2603 3960 2686 4006 est
2719 3960 2899 4006 autem
2938 3950 3144 4008 Joacim
3195 3954 3480 4008 undecimo
3527 3969 3669 4010 anno

2081 4039 2233 4108 regni
2264 4040 2348 4094 sui
2393 4039 2446 4093 in
2480 4038 2800 4096 Jerusalem.
2919 4031 2927 4038 ”

2158 4145 2176 4177 t
2208 4127 2254 4181 Α
2280 4128 2444 4182 tertio
2467 4129 2678 4183 decimo
2704 4144 2847 4184 anno
2879 4128 3040 4186 Josiae
3074 4129 3172 4187 ﬁlii
3211 4131 3494 4188 Ammonis
3528 4135 3669 4205 regis

2085 4238 2104 4272 ι
2146 4217 2282 4274 Juda
2331 4235 2501 4289 usque
2556 4222 2624 4274 ad
2661 4222 2805 4281 diem
2850 4223 3034 4280 hanc:
3092 4224 3195 4280 iste
3238 4233 3322 4279 est
3379 4225 3572 4280 tertius
3613 4237 3670 4281 et

2085 4329 2104 4362 ι
2147 4311 2436 4367 vicesimus
2500 4327 2715 4378 annus,
2769 4313 2974 4369 factum
3042 4324 3128 4371 est
3178 4314 3404 4370 verbum
3452 4316 3668 4371 Domini

2083 4420 2117 4470 ¢_
2146 4401 2214 4455 ad
2244 4417 2350 4468 me,
2394 4409 2449 4457 et
2487 4401 2698 4459 locutus
2737 4419 2857 4460 sum
2901 4405 2971 4460 ad
2995 4419 3092 4461 vos
3126 4405 3195 4462 de
3241 4415 3401 4462 nocte
3438 4420 3666 4463 consur-

2083 4509 2104 4544 ί
2145 4506 2298 4564 gens,
2332 4502 2388 4548 et
2410 4492 2656 4563 loquens,
2688 4502 2744 4550 et
2772 4510 2880 4550 non
2905 4496 3157 4553 audistis.
3192 4515 3212 4548 ι
3240 4495 3426 4552 Tertio
3448 4497 3663 4554 decimo

288 4617 304 4630 .
392 4570 581 4637 simas,
601 4589 722 4643 quae
744 4578 953 4634 comedi
978 4595 1085 4636 non
1112 4593 1353 4652 possunt,
1376 4601 1461 4652 eo,
1481 4555 1758 4659 quod'sint
1780 4555 1968 4648 έηξιωε
1997 4555 2053 4617 D
2078 4600 2220 4640 anno
2251 4585 2400 4656 regni
2428 4584 2610 4652 Josiae,
2643 4588 2736 4656 qui
2784 4590 3032 4660 regnavit
3059 4590 3114 4646 in
3162 4588 3462 4647 Jerusalem
3507 4593 3665 4649 annis

389 4659 467 4714 sic
494 4661 632 4718 dabo
659 4662 978 4724 Sedechiam
1013 4685 1191 4742 regem
1216 4673 1387 4742 Juda,
1431 4685 1485 4733 et
1521 4679 1793 4750 principes
1833 4681 1970 4751 ejus,

389 4759 443 4805 et
487 4767 580 4808 eos
619 4755 810 4825 quiin
835 4756 1130 4831 Egyptum
1172 4765 1597 4840 transfugerunt,
1647 4781 1703 4829 et
1745 4773 1836 4843 qui
1882 4790 1970 4830 re.

389 4855 706 4902 manserunt
751 4848 806 4904 in
851 4852 986 4908 urbe
1012 4855 1152 4921 hac,
1198 4857 1252 4912 in
1296 4861 1674 4928 vexationem,
1719 4863 1969 4922 alllictio-

387 4950 637 5005 nemque,
660 4941 912 4998 omnibus
937 4946 1114 5017 regnis
1141 4949 1488 5020 terraeanfra
1513 4952 1665 5024 xw).
1693 4973 1712 5005 ι
1745 4954 1970 5022 Quando

388 5028 442 5084 in
471 5028 707 5102 Egypto
751 5051 965 5106 quoque
1006 5040 1149 5110 capti
1199 5050 1352 5107 sunt,
1399 5052 1453 5099 et
1476 5044 1974 5105 Nabuchodonosor

387 5121 564 5210 posuit
603 5123 658 5178 in
701 5125 941 5196 Taphnis
982 5130 1176 5188 solium
1203 5150 1380 5202 suum,
1411 5139 1664 5208 misitque
1693 5155 1855 5210 super
1879 5157 1974 5200 eos

388 5208 647 5267 Dominus
683 5215 943 5286 gladium,
987 5219 1208 5291 famem,
1255 5233 1310 5280 et
1349 5235 1578 5297 pestem,
1628 5208 1800 5288 donec
1844 5248 1972 5289 con-

387 5315 727 5386 sumerentur
770 5309 837 5365 de
884 5319 1029 5368 terra
1077 5330 1240 5385 quam
1283 5317 1431 5373 dedit
1472 5320 1718 5389 patribus
1757 5338 1966 5381 eorum.

385 5394 537 5462 Quod
579 5405 760 5454 autem
807 5403 944 5458 dixit
984 5405 1050 5461 de
1093 5406 1209 5463 ﬁcis
1251 5409 1446 5465 bonis:
1481 5429 1500 5462 ι
1533 5413 1684 5468 Dabo
1725 5413 1806 5471 eis
1850 5431 1966 5483 cor,

385 5495 444 5541 ut
488 5489 813 5560 scianttme,
843 5496 968 5566 quia
1014 5513 1114 5568 ego
1155 5514 1277 5556 sum
1303 5501 1585 5568 Dominus,
1619 5524 1638 5557 ι
1681 5505 1757 5560 illi
1793 5507 1970 5564 simile

383 5586 468 5636 est
505 5583 843 5652 apostolico:
877 5606 895 5639 ι
928 5589 1071 5645 Deus
1111 5600 1215 5660 est,
1260 5594 1354 5663 qui
1392 5604 1650 5664 operatur
1677 5597 1744 5652 in
1790 5599 1966 5666 vobis,

379 5682 438 5729 et
469 5675 616 5733 velle
647 5687 704 5734 et
742 5679 1003 5749 perﬁcere
1029 5681 1252 5755 (Philip.
1279 5687 1363 5759 ιι).
1393 5709 1417 5740 υ
1464 5689 1618 5756 Quod
1651 5705 1759 5748 non
1795 5692 1966 5748 solum

381 5777 568 5836 opera,
609 5773 1088 5833 seductavoluntas
1129 5779 1458 5838 nostra-Dei
1494 5780 1704 5840 nitatur
1741 5784 1965 5842 auxilio.

2075 4677 2296 4747 triginta
2321 4685 2376 4732 et
2402 4693 2531 4742 uno,
2562 4676 2826 4736 Jeremias
2867 4682 3196 4753 pr0phetare
3223 4698 3452 4740 exorsus
3492 4693 3577 4740 est
3608 4693 3665 4740 et

2071 4767 2416 4836 prophetavit
2445 4768 2546 4823 sub
2571 4783 2636 4824 eo
2677 4771 2834 4826 annis
2856 4775 3041 4828 decem
3079 4781 3133 4828 et
3155 4789 3368 4828 novem.
3402 4773 3499 4830 Cui
3545 4790 3665 4830 suc-

2072 4859 2237 4914 cessit
2266 4859 2320 4912 in
2361 4873 2588 4929 regnum
2623 4859 2765 4915 ﬁlius
2791 4859 2908 4930 ejus
2936 4860 3193 4930 Joachaz,
3223 4878 3332 4933 quo
3357 4865 3543 4920 statim
3565 4865 3662 4920 du-

2070 4957 2160 5006 cto
2184 4951 2240 5005 in
2267 4951 2635 5020 captivitatem
2673 4968 2706 5007 a
2726 4951 2941 5010 Nechao
2972 4971 3097 5027 rege
3122 4955 3404 5028 Egyptio,
3434 4972 3661 5028 regnum

2075 5043 2310 5098 obtinuit
2336 5041 2580 5099 Joachim
2605 5042 2778 5101 frater
2805 5045 2922 5115 ejus
2948 5046 3054 5118 (IV
3081 5047 3210 5119 Reg.
3242 5049 3425 5120 χχιιι).
3458 5049 3518 5104 in
3561 5066 3660 5104 cu-

2068 5135 2161 5206 jus
2197 5137 2348 5208 regni
2394 5146 2588 5207 quarto
2633 5154 2776 5194 anno
2805 5139 2908 5196 iste
2949 5141 3017 5196 ad
3053 5140 3344 5198 Jeremiam
3391 5156 3572 5198 sermo
3601 5143 3663 5196 ﬁt

2073 5227 2307 5293 Domini,
2339 5244 2404 5284 ac
2427 5245 2525 5300 per
2551 5231 2655 5287 hoc
2687 5231 2978 5287 vicesimus
3007 5232 3197 5288 tertius
3219 5248 3394 5288 annus
3422 5239 3542 5287 erat
3566 5229 3658 5286 Je-

2071 5315 2256 5376 remias
2287 5322 2582 5391 pr0pbetae,
2613 5338 2681 5378 ex
2709 5338 2817 5393 quo
2844 5322 2989 5393 loqui
3018 5323 3182 5394 cepit
3201 5325 3272 5379 ad
3299 5322 3580 5394 populum,
3603 5328 3660 5376 et

2074 5427 2348 5482 nunquam
2376 5413 2675 5482 praadicare
2697 5413 2933 5470 cessavit
2963 5432 2976 5468 :
3005 5415 3097 5470 sed
3125 5414 3350 5484 singulis
3373 5414 3564 5470 diebus
3582 5411 3658 5470 di-

2071 5501 2273 5568 luculo,
2310 5510 2366 5557 et
2392 5504 2457 5558 de
2483 5513 2640 5558 nocte
2683 5519 3014 5576 consurgens
3044 5505 3365 5576 loquebatur
3387 5507 3454 5561 ad
3484 5517 3658 5576 popu-

2071 5594 2182 5650 lum
2210 5613 2222 5649 :
2259 5613 2278 5648 ‹
2307 5603 2363 5650 et
2391 5611 2498 5651 non
2527 5597 2721 5666 inquit,
2748 5598 2997 5658 audistis.
3026 5619 3046 5651 ι
3083 5597 3179 5656 Sin
3208 5610 3410 5663 autem,
3440 5606 3502 5652 ut
3529 5595 3655 5656 novi

2071 5701 2139 5742 ex
2163 5687 2433 5746 veteribus
2454 5688 2695 5744 haeretici
2716 5688 2923 5757 volunt,
2947 5691 3032 5746 lex
3054 5691 3222 5747 semel
3247 5691 3302 5745 in
3327 5689 3659 5762 adjutorium

2069 5780 2195 5839 data
2229 5789 2335 5852 est,
2375 5791 2431 5841 et
2463 5784 2761 5842 constituta
2793 5794 3084 5858 pracepta,
3127 5801 3252 5857 quae
3278 5786 3480 5859 _nostri
3513 5781 3663 5841 arbi-
