4008 6340
221 435 326 489 993

1137 431 1495 490 exposmo
1533 427 1758 487 SUPER
1795 425 2159 484 JEREMIAM.
2200 459 2269 474 —
2310 411 2436 485 ue.
2478 429 2543 487 x.

3347 437 3452 496 994

221 550 312 604 trii
340 547 634 614 voluntate,
662 548 748 604 vel
787 548 1030 615 facimus,
1069 547 1156 604 vel
1188 565 1294 604 non
1342 547 1598 612 facimus;
1645 558 1778 614 Quo-
1809 543 1862 604 A
1884 550 1970 596 cal
1993 558 2208 598 servum
2239 559 2396 599 suum
2441 542 2968 614 NabuChOdODOSOI‘,
3006 565 3111 606 non
3146 550 3224 608 Sic
3267 567 3456 611 sema

223 639 378 693 modo
406 639 666 708 propheta
696 652 754 693 se
781 653 994 708 semper
1019 637 1238 707 ingerit,
1268 645 1324 690 et
1363 635 1600 706 quotidie
1625 634 1784 704 repli-

223 736 310 781 cat
344 726 593 780 mandata
627 726 744 793 Dei,
769 725 903 796 'quze
928 726 1110 795 utique
1155 726 1319 782 semel
1365 733 1585 794 accepta
1627 724 1785 779 sull'e-

223 822 412 869 ccrant
437 817 536 881 eis,
563 815 756 884 quibus
779 815 904 870 data
947 813 1161 869 fuerant
1190 831 1204 869 :
1235 814 1340 869 nisi
1367 821 1426 869 ut
1467 814 1567 869 hoc
1604 821 1786 868 osten-

225 907 309 960 dat
345 905 437 961 Dei
482 921 580 962 nos
610 906 850 979 indigere
891 919 1103 978 semper
1129 905 1370 960 auxilio:
1418 911 1472 960 et
1514 918 1786 973 nunquam

223 1010 379 1064 posse
404 994 664 1061 sulIicere,
694 994 837 1066 quod
857 995 1023 1052 semei
1050 995 1234 1051 datum
1263 1003 1347 1050 est
1373 1013 1385 1049 :
1418 994 1522 1049 nisi
1548 993 1787 1065 quotidie

225 1086 432 1141 Domini
461 1085 823 1141 admonitione
849 1085 1176 1140 renovetur?
1659 1085 1682 1165 ς

302 1197 318 1230 ι
358 1178 424 1232 Et
465 1176 612 1233 misit
655 1177 914 1232 Dominus
942 1176 1011 1232 ad
1056 1191 1152 1232 vos
1207 1191 1395 1232 omnes
1438 1190 1624 1232 servos
1662 1187 1788 1231 suos

228 1287 245 1318 ι
283 1267 588 1339 prophetas,
611 1281 940 1338 consurgens
959 1265 1211 1331 diluculo,
1240 1253 1585 1336 mittensque,
1607 1273 1662 1321 et
1681 1279 1788 1320 non

224 1359 470 1414 audistis.
506 1377 525 1411 ι
550 1357 665 1414 Non
692 1373 790 1430 per
813 1373 976 1413 unum
997 1359 1337 1428 prophetam,
1362 1356 1454 1412 sed
1485 1372 1581 1427 per
1601 1369 1791 1412 omnes

221 1449 473 1520 populum
493 1464 650 1504 suum
677 1448 819 1504 Deus
847 1462 1060 1518 semper
1085 1447 1385 1512 admonuit,
1414 1454 1468 1500 et
1493 1445 1644 1515 quasi
1673 1445 1790 1514 ipse

223 1544 275 1597 in
301 1542 496 1614 vigiliis
525 1551 686 1613 atque
711 1542 952 1599 excubiis
1001 1542 1344 1607 constitutus,
1377 1541 1611 1596 surrexit
1646 1541 1785 1595 dilu-

220 1637 361 1701 culo,
392 1644 452 1690 ut
495 1651 652 1691 suum
679 1635 930 1707 populum
969 1644 1352 1693 commoneret.
1393 1654 1411 1687 ‹
1442 1635 1507 1690 Et
1529 1651 1656 1701 non,
1703 1636 1790 1689 in-

222 1726 358 1794 quit,
387 1727 635 1792 audistis,
668 1746 686 1777 »
712 1737 771 1781 ut
793 1734 996 1796 quanto
1024 1727 1264 1782 crebrior
1291 1725 1602 1791 admonitio,
1640 1733 1792 1780 tanto

221 1817 677 1871 contemnentium
705 1815 902 1871 fuerint
926 1823 1145 1886 peccata
1182 1815 1406 1886 majora.

1884 643 2126 702 vocatur,
2155 645 2213 690 ut
2238 637 2509 706 prophetae
2542 644 2598 692 et
2621 651 2810 692 omnes
2835 640 3030 706 sancti,
3059 643 3152 713 qui
3178 657 3303 698 vere
3340 659 3453 700 ser-

1884 724 2037 779 viunt
2061 725 2307 792 Domino,
2343 727 2437 782 sed
2465 743 2572 797 quo
2615 728 2668 782 in
2702 730 2983 785 eversione
3029 730 3320 790 Jerusalem
3346 735 3453 790 Do-

1886 814 2016 869 mini
2043 816 2241 871 serviat
2269 816 2548 882 voluntati,
2573 819 2862 873 secundum
2896 821 3038 890 quod
3074 831 3128 877 et
3167 824 3454 893 Apostolus

1885 902 2168 974 loquitur:
2223 923 2242 958 t
2276 907 2421 975 Quos
2466 908 2664 963 tradidi
2717 908 2950 975 Satanm,
2994 919 3055 964 ut
3095 911 3302 966 discant
3350 929 3456 967 non

1885 994 2256 1064 blasphemarc
2281 995 2334 1069 (1
2379 996 2512 1051 Tim.
2547 997 2607 1069 ι).
2644 1017 2662 1048 ι
2695 998 2752 1053 In
2789 999 3069 1068 Aquilonis
3099 1009 3276 1055 autem
3303 1010 3458 1073 parte

1886 1101 2006 1142 esse
2047 1087 2326 1144 Chaldzeos
2363 1089 2517 1161 juxta
2547 1091 2710 1146 situm
2745 1090 3043 1148 Jerusalem
3078 1092 3208 1148 nulli
3237 1093 3456 1148 dubium

1887 1184 1992 1232 est.
2841 1183 2858 1197 ’

1962 1283 1982 1316 ι
2018 1264 2086 1320 Ει
2116 1265 2376 1323 adducam
2415 1283 2509 1324 eos
2550 1283 2710 1340 super
2745 1278 2945 1326 terram
2977 1281 3157 1338 .stam,
3193 1281 3248 1328 et
3295 1269 3479 1342 super

1893 1373 1915 1409 ο
1957 1353 2288 1412 habitatores
2313 1357 2450 1427 ejus,
2477 1368 2531 1415 et
2557 1376 2718 1431 super
2755 1378 2942 1418 omnes
2971 1365 3214 1420 nationes
3254 1381 3372 1434 quae
3405 1366 3456 1419 in

1893 1463 1914 1498 ε
1957 1444 2186 1500 circuitu
2222 1445 2364 1502 illius
2395 1456 2521 1502 sunt
2553 1467 2565 1502 :
2599 1458 2651 1504 et
2679 1450 2999 1506 interﬁciam
3026 1467 3139 1518 eos,
3168 1462 3224 1508 et
3264 1469 3455 1523 ponam

1894 1554 1914 1587 ι
1957 1550 2052 1591 eos
2087 1537 2140 1590 in
2171 1544 2466 1607 stuporem,
2516 1548 2570 1595 et
2604 1540 2656 1594 in
2685 1542 2918 1607 sibilum,
2951 1552 3007 1598 et
3053 1545 3106 1598 in
3145 1545 3460 1600 solitudines

1896 1643 1915 1675 ι
1960 1625 2335 1694 sempiternas.
2374 1648 2392 1679 ι
2432 1629 2536 1684 ista
2581 1640 2706 1686 sunt
2737 1635 2959 1701 praemia
3006 1644 3454 1706 contemptorum,

1890 1720 1946 1768 et
1984 1714 2078 1771 Dei
2112 1719 2276 1772 verba
2309 1719 2495 1773 audire
2522 1719 2836 1776 nolentium.
2869 1722 3138 1794 Quidquid
3178 1726 3342 1796 igitur
3367 1741 3457 1780 su-

1889 1819 1986 1874 per
2032 1821 2130 1861 nos
2160 1808 2286 1862 mali
2341 1809 2644 1876 adducitur,
2673 1820 2856 1867 nostra
2914 1824 3134 1884 peccata
3191 1816 3453 1872 fecerunt.

298 1923 314 1954 ι
354 1905 537 1974 Neque
563 1904 857 1961 inclinastis
884 1884 1040 1961 aures
1070 1884 1278 1963 vestras
1309 1914 1368 1960 ut
1391 1906 1646 1962 audiretis
1665 1921 1787 1961 cum
1815 1884 1866 1945 Β
1892 1895 2197 1968 Omnesque
2222 1909 2427 1970 gentes,
2473 1910 2530 1955 ut
2555 1911 2682 1956 tunc
2719 1903 2960 1959 adductae
2998 1914 3121 1960 sunt
3147 1917 3333 1962 contra
3370 1906 3460 1961 Je-

230 2012 247 2042 ι
287 1993 521 2048 dicerem
548 2011 561 2047 :
592 1993 939 2049 Revertimini
959 1995 1327 2065 unusquisque
1346 2011 1376 2050 a
1397 1997 1480 2050 via
1508 2011 1603 2051 sua
1626 1994 1785 2060 mala,

230 2100 248 2131 ε
283 2090 337 2136 et
361 2097 390 2135 a
420 2082 668 2152 pessimis
691 2084 1104 2154 cogitationibus
1129 2084 1358 2150 vestris,
1385 2093 1440 2139 et
1479 2084 1791 2140 habitabitis

231 2190 248 2221 ι
286 2172 338 2225 in
367 2180 508 2226 terra
534 2187 693 2242 quam
719 2172 865 2228 dedit
885 2171 1144 2228 Dominus
1166 2174 1318 2229 vobis
1343 2181 1398 2228 et
1423 2174 1666 2244 patrihus
1698 2187 1788 2227 ve-

232 2283 249 2316 t
287 2267 416 2321 stris
442 2281 472 2322 a
503 2266 697 2322 saeculo
721 2275 776 2322 et
801 2281 970 2339 usque
1009 2267 1065 2322 in
1107 2266 1384 2323 saeculum.
1415 2282 1436 2318 ι
1481 2265 1652 2318 Tanta
1692 2263 1790 2318 fuit

224 2356 423 2411 duritia
451 2357 632 2428 populi
670 2366 730 2412 ut
765 2372 834 2414 ne
868 2357 1109 2414 habitum
1135 2358 1351 2429 quidem
1397 2356 1666 2412 audientis
1707 2370 1792 2410 as-

224 2454 478 2512 sumeret,
508 2455 564 2502 et
585 2447 869 2504 inclinaret
891 2455 1070 2503 autem
1095 2462 1250 2502 suam
1272 2447 1540 2518 praecipue
1565 2446 1790 2501 Domino

225 2545 621 2603 commonente,
650 2546 710 2592 ut
736 2545 1097 2594 reverteretur
1124 2537 1488 2607 unusquisque
1519 2551 1549 2590 a
1587 2536 1673 2590 via
1695 2550 1791 2591 sua

226 2625 387 2691 mala,
419 2635 476 2682 et
496 2641 527 2681 a
547 2627 799 2698 pessimis
818 2627 1234 2700 cogitationibus
1257 2627 1389 2682 suis.
1414 2627 1502 2692 Et,
1523 2641 1557 2682 o
1583 2625 1792 2681 inﬁnita

226 2715 528 2783 clementia,
559 2732 666 2773 non
692 2717 1009 2790 supplicium
1035 2717 1234 2774 inferre
1263 2733 1361 2790 pro
1403 2717 1609 2774 scelere
1639 2736 1651 2771 :
1698 2718 1794 2774 sed

227 2806 290 2860 ad
314 2809 682 2877 paenitentiam
731 2825 1026 2881 provocare
1064 2826 1080 2866 :
1109 2821 1218 2867 tam
1248 2812 1512 2868 malorum
1546 2827 1790 2883 operum,

227 2912 346 2966 quae
380 2898 644 2970 signiﬁcat
668 2900 757 2956 via
786 2900 950 2968 mala,
997 2916 1159 2972 quam
1196 2904 1553 2974 pessimarum
1593 2903 1794 2974 cogita-

231 2987 456 3054 tionum,
483 3004 602 3060 qua:
620 2997 675 3046 et
697 2990 832 3062 ipse,
855 2991 1058 3061 absque
1072 3006 1236 3063 opere
1260 3000 1577 3063 reputentur
1594 2992 1648 3047 in
1669 3007 1796 3063 pec-

229 3085 409 3136 catum
435 3095 449 3134 :
475 3088 530 3136 et
546 3081 809 3152 promittit
831 3083 1132 3153 prtemium,
1163 3083 1210 3140 si
1237 3083 1464 3141 fecerint
1490 3086 1632 3155 quod
1661 3099 1795 3155 prte-

228 3178 441 3238 ceptum
465 3179 551 3228 est
595 3181 655 3227 ut
687 3173 930 3229 habitent
973 3175 1026 3230 in
1057 3183 1198 3231 terra
1227 3191 1346 3246 quae
1375 3177 1498 3232 data
1529 3176 1600 3231 sit
1625 3176 1794 3247 patri-

1891 1989 2141 2055 rusalem,
2170 1992 2248 2046 sic
2273 1993 2431 2048 hodie
2457 1995 2798 2050 adducuntur
2827 2005 3014 2052 contra
3043 1999 3335 2054 Ecclesiam
3369 2015 3462 2054 ne-

1890 2073 2206 2151 gligentem,
2239 2093 2296 2138 ut
2323 2085 2610 2140 interﬁciat
2633 2103 2746 2152 eos,
2789 2097 2842 2143 et
2873 2099 3038 2160 ponat
3081 2091 3135 2145 in
3187 2100 3462 2160 stuporem

1891 2179 1946 2226 et
1985 2172 2040 2226 in
2073 2172 2305 2237 sibilum,
2339 2183 2394 2229 et
2438 2175 2492 2228 in
2543 2176 2858 2233 solitudines
2899 2181 3274 2250 sempiternas,
3309 2192 3368 2236 ut
3408 2183 3462 2237 in

1891 2262 2136 2331 exemplo
2156 2263 2264 2318 sint
2287 2265 2527 2318 omnium
2557 2274 2716 2337 atque
2738 2269 3017 2324 miraculo.
3037 2270 3238 2326 Sibilus
3256 2282 3460 2338 autem,

1891 2350 2160 2414 miraculi,
2193 2360 2248 2406 et
2276 2354 2512 2423 stuporis
2542 2356 2799 2411 indicium
2830 2367 2914 2414 est
2939 2377 2951 2412 :
2983 2368 3037 2415 et
3063 2361 3294 2417 solitudo
3315 2377 3462 2417 sem-

1891 2441 2100 2510 piterna
2137 2443 2190 2496 in
2211 2443 2296 2498 his
2323 2445 2762 2515 deprehenditur,
2794 2449 2884 2519 qui
2911 2451 3197 2520 przesidem
3225 2467 3331 2506 non
3360 2453 3458 2508 ha-

1891 2530 2023 2586 bent
2051 2533 2243 2588 Deum.
2333 2545 2338 2550 '

1968 2641 1988 2674 ‹
2030 2621 2366 2695 Perdamque
2391 2641 2454 2682 ex
2483 2641 2562 2684 eis
2586 2642 2776 2685 vocem
2803 2631 3001 2702 gaudii,
3034 2640 3088 2688 et
3111 2647 3296 2689 vocem
3329 2633 3465 2690 laeti-

1899 2729 1920 2764 ‹
1965 2711 2071 2777 tiae,
2096 2727 2283 2769 vocem
2312 2717 2518 2785 sponsi,
2540 2725 2594 2773 et
2613 2734 2800 2774 vocem
2828 2736 3059 2791 Sponsze,
3083 2740 3268 2779 vocem
3291 2725 3466 2789 molat,

1900 2819 1919 2853 ο
1963 2809 2020 2857 et
2061 2802 2242 2859 lumen
2273 2805 2509 2863 lucerna
2538 2827 2551 2861 :
2585 2818 2641 2864 ct
2667 2811 2772 2866 erit
2796 2814 3044 2869 universa
3094 2824 3237 2871 terra
3265 2817 3380 2887 ejus
3409 2817 3462 2870 in

1901 2909 1920 2945 ι
1964 2893 2307 2952 solitudinem
2355 2906 2410 2953 et
2459 2899 2515 2954 in
2552 2910 2848 2971 stuporem.
2891 2923 2912 2956 ι
2953 2904 3067 2961 Hoc
3115 2907 3171 2962 in
3213 2908 3465 2962 concilia-

1894 2980 2023 3039 bqu
2055 2985 2483 3058 malignantium,
2512 2998 2566 3045 et
2590 2991 2752 3048 hodie
2779 2997 3182 3066 comprobatur,
3213 3007 3269 3052 ut
3294 2999 3466 3069 magi-

1895 3075 1996 3130 stri
2018 3088 2208 3132 eorum
2251 3092 2357 3133 nou
2388 3079 2619 3136 doceant
2644 3083 2869 3140 verbum
2901 3084 3018 3152 Dei,
3044 3087 3138 3141 sed
3166 3087 3338 3142 instar
3377 3102 3468 3141 co-

1895 3163 2036 3221 lubri
2082 3165 2338 3222 sibilent:
2368 3170 2616 3241 peritque
2662 3171 2718 3225 in
2754 3173 2835 3228 eis
2875 3189 2976 3230 vox
3020 3177 3220 3247 gaudii,
3257 3191 3467 3246 voxque

228 3230 347 3326 bus,
379 3270 435 3317 et
472 3270 692 3334 propter
711 3264 942 3320 ﬁliorum
970 3230 1100 3320 vitia
1127 3230 1358 3322 sublata.
1384 3230 1651 3337 Quodque
1693 3266 1786 3332 ait,

1900 3256 2115 3324 laetitias,
2136 3267 2196 3314 ut
2224 3230 2497 3330 nunquam
2525 3230 2747 3345 audiant
2788 3263 2916 3319 illud
2945 3230 3185 3336 Ap‘ostoli
3207 3230 3228 3320 ἐ
3267 3230 3468 3322 «iGdu;

234 3368 252 3400 ε
285 3366 314 3404 a
345 3350 541 3407 saeculo
562 3362 611 3406 et
635 3368 804 3424 usque
831 3356 887 3410 in
909 3355 1184 3421 saeculum,
1222 3375 1242 3408 ›
1275 3357 1409 3422 sive,
1443 3373 1463 3408 ‹
1493 3355 1560 3411 ab
1588 3365 1794 3412 aeterno

228 3449 284 3495 et
313 3456 482 3511 usque
508 3442 564 3496 in
589 3451 869 3510 aeternum,
903 3461 924 3497 ι
957 3446 1193 3501 ostendit
1217 3446 1311 3502 Dei
1338 3446 1479 3502 dona
1512 3456 1794 3518 perpetua,

230 3533 274 3587 si
302 3531 445 3602 digni
475 3532 778 3589 exstiterint
803 3534 858 3589 hi
887 3535 1082 3604 quibus
1105 3535 1228 3590 data
1253 3545 1396 3591 sunt.

306 3642 324 3673 ι
357 3621 436 3676 ιΕι
473 3621 638 3679 nolite
679 3622 760 3679 ire
782 3632 904 3694 post
929 3625 1056 3680 deos
1095 3625 1326 3690 alienos,
1358 3635 1418 3682 ut
1445 3627 1694 3683 serviatis
1723 3627 1802 3684 eis

238 3737 255 3769 ε
301 3718 640 3788 adoretisque
669 3733 800 3775 eos:
835 3733 1010 3788 neque
1034 3734 1120 3774 me
1144 3719 1210 3774 ad
1243 3719 1573 3775 iracundiam
1610 3735 1802 3790 provo-

238 3825 256 3860 ι
301 3808 436 3864 cetis
456 3809 510 3863 in
535 3807 787 3880 operibus
805 3823 1060 3864 manuum
1083 3817 1384 3865 vestrarum
1408 3825 1423 3863 :
1457 3818 1510 3865 et
1534 3825 1639 3864 non
1665 3808 1800 3863 ami-

237 3916 257 3950 ι
301 3913 424 3969 gain
455 3911 554 3955 vos
579 3913 595 3953 :
619 3905 676 3956 et
703 3913 811 3956 non
833 3899 1059 3954 audistis
1090 3914 1197 3956 me.
1234 3917 1254 3951 ι
1285 3899 1351 3955 Et
1421 3900 1567 3966 haec,
1596 3901 1799 3970 inquit,

229 3989 514 4044 monebam
533 4004 657 4046 cum
680 3989 1064 4061 superioribus,
1079 4005 1148 4046 ne
1169 3989 1358 4046 alienis
1380 3990 1483 4046 diis
1506 3991 1800 4056 serviretis,

231 4089 284 4135 ct
309 4080 606 4138 adoraretis
625 4095 739 4148 eos,
763 4089 819 4136 et
839 4096 906 4136 ne
931 4081 1035 4145 ista
1057 4080 1304 4138 faciendo
1328 4095 1416 4137 me
1431 4080 1804 4152 provocaretis

234 4173 296 4227 ad
324 4173 656 4229 iracundiam
695 4181 915 4246 propter
958 4186 1120 4244 Opera
1162 4188 1417 4227 manuum
1465 4179 1801 4236 vestrarum,

230 4272 291 4318 ut
317 4264 548 4320 facerem
582 4265 727 4336 quod
754 4264 1033 4330 nolebam,
1060 4273 1115 4320 et
1147 4263 1438 4335 afﬂigerem
1471 4279 1587 4330 vos,
1616 4271 1671 4320 et
1696 4279 1802 4319 non

233 4354 457 4409 audistis
486 4370 590 4410 me.
628 4355 888 4425 Quodque
915 4355 1180 4424 sequitur,
1213 4373 1233 4406 ι
1267 4356 1400 4412 dicit
1427 4355 1707 4420 Dominus,
1743 4362 1806 4410 ut

236 4461 320 4500 me
356 4447 424 4500 ad
455 4447 787 4501 iracundiam
807 4448 1174 4516 provocaretis
1196 4446 1253 4501 in
1272 4447 1525 4517 operibus
1545 4463 1801 4502 manuum

233 4543 538 4588 vestrarum
565 4535 619 4588 in
643 4534 841 4590 malum
863 4545 1126 4601 vestrum,
1163 4553 1184 4589 ι
1219 4536 1274 4590 in
1303 4535 1652 4608 Septuaginta
1691 4553 1798 4592 non

236 4623 480 4678 habetur.

312 4733 330 4764 ι
371 4711 663 4784 Propterea
709 4715 825 4771 haec
854 4715 986 4772 dicit
1009 4718 1268 4772 dominus
1295 4726 1630 4774 exercituum
1655 4734 1671 4772 :
1697 4716 1806 4774 Pro

157 4865 162 4872 ο
243 4824 261 4854 ε
305 4820 368 4860 eo
399 4805 540 4874 quod
568 4821 674 4861 non
704 4806 929 4861 audistis
958 4808 1122 4862 verba
1152 4821 1296 4873 mea,
1317 4823 1445 4864 ecce
1467 4823 1568 4878 ego
1594 4809 1805 4864 mittam

243 4914 261 4944 ι
307 4903 362 4949 ct
388 4910 657 4950 assumam
681 4897 960 4952 universas
984 4898 1332 4968 cognationes
1350 4899 1652 4969 Aquilonis,
1677 4899 1810 4956 dicit

243 5006 260 5036 ‹
304 4985 584 5054 Dominus,
636 4995 693 5043 et
744 4986 1237 5046 Nabuchodonosor
1285 5006 1466 5062 regem
1517 4991 1807 5063 Babylonis

245 5097 262 5130 ι
309 5093 521 5134 servum
553 5094 752 5134 meum.
793 5099 813 5131 ›
844 5079 1114 5152 (Ηὶετοη.)
1152 5081 1290 5149 Quia
1337 5098 1425 5138 me
1471 5084 1538 5138 ad
1586 5083 1804 5139 iracun-

239 5169 380 5223 diam
408 5170 760 5239 provocastis,
788 5178 845 5226 et
872 5169 1078 5227 fecistis
1103 5171 1303 5226 malum
1328 5172 1383 5226 in
1413 5172 1691 5228 interitum
1715 5187 1804 5228 ve-

241 5265 430 5324 strum,
463 5269 518 5314 et
543 5268 926 5331 provocantem
948 5261 1016 5315 ad
1041 5261 1414 5331 pmnitentiam
1440 5265 1670 5333 superbo
1693 5263 1807 5318 cal-

242 5348 408 5402 castis
433 5350 567 5418 pede
592 5369 605 5404 :
637 5351 866 5416 mittam,
911 5351 1106 5421 inquit,
1135 5352 1202 5407 ad
1225 5353 1507 5407 universas
1533 5353 1810 5423 cognatio-

242 5449 362 5500 nes,
394 5437 506 5492 sive
531 5441 772 5494 nationes
795 5440 1102 5509 Aquilonis,
1129 5450 1185 5496 et
1212 5442 1474 5496 adducam
1508 5442 1808 5514 principem

244 5535 429 5580 earum
489 5517 976 5590 Nabuchodonosor
1032 5539 1211 5603 regem
1259 5530 1545 5603 Babylonis
1593 5547 1809 5588 servum

246 5629 446 5672 meum.
480 5617 643 5672 Mittit
670 5627 848 5676 autem
888 5621 1176 5689 Dominus,
1197 5621 1284 5678 vel
1311 5622 1553 5692 angelos,
1585 5632 1644 5678 ut
1683 5613 1812 5679 con-

246 5706 414 5762 citent
447 5715 653 5780 gentes,
693 5708 774 5762 vel
821 5718 968 5765 certe
1009 5712 1376 5781 hujuscemodi
1405 5721 1590 5768 monet
1617 5722 1814 5785 cogna-

251 5801 448 5866 tiones,
476 5808 534 5855 ut
569 5797 770 5868 faciant
800 5801 1011 5858 Domini
1035 5802 1390 5862 voluntatem.
1420 5802 1683 5876 Quodque
1721 5817 1814 5863 vo-

1896 3348 2034 3412 dete,
2066 3348 2260 3404 iterum
2281 3350 2403 3405 dico
2425 3351 2651 3421 gaudete
2678 3350 2896 3425 (Pmlip.
2925 3355 3000 3426 iv)
3024 3373 3036 3420 ;
3077 3376 3096 3410 ι
3128 3373 3232 3413 vox
3259 3373 3471 3428 quoque

1897 3453 2127 3511 Sponsae,
2153 3440 2531 3498 ecclesiasticae
2587 3443 2738 3510 fidei;
2778 3455 2832 3501 et
2862 3461 2967 3501 non
3015 3450 3219 3518 sponsi,
3257 3450 3469 3506 Domini

1899 3528 2236 3585 Salvatoris:
2273 3549 2292 3583 ι
2329 3529 2432 3597 Qui
2453 3532 2785 3588 enimbabet
2828 3550 3100 3605 sponsam,
3134 3553 3362 3608 sponsus
3388 3549 3472 3595 est

1899 3619 2082 3691 (Joan.
2113 3622 2230 3691 nt);
2261 3636 2367 3677 vox
2395 3623 2568 3688 molae,
2603 3617 2664 3678 ut'
2685 3640 2793 3679 non
2819 3634 3168 3682 conterantur
3190 3630 3243 3682 in
3272 3645 3336 3684 ea
3360 3629 3473 3684 fru~

1899 3720 2102 3778 menta,
2132 3723 2187 3768 et
2215 3713 2425 3784 populis
2446 3715 2710 3770 vescenda
2742 3715 3078 3783 tribuantur;
3105 3727 3160 3774 et
3185 3720 3364 3774 lumen
3386 3720 3468 3775 lu-

1901 3815 2102 3867 cernae,
2131 3803 2428 3857 doctrinam
2460 3804 2713 3861 videlicet
2752 3813 2806 3861 et
2851 3807 3131 3862 scientiam
3180 3811 3474 3878 propheta-

1903 3908 2042 3947 rum.
2085 3893 2326 3966 Denique
2353 3902 2408 3948 et
2433 3895 2498 3950 de
2525 3894 2732 3953 Joanne
2774 3898 3015 3967 Baptista
3062 3899 3295 3954 dicitur:
3331 3919 3350 3952 t
3382 3902 3474 3961 ille

1901 3991 2020 4038 erat
2059 3983 2276 4039 lucerna
2305 3984 2488 4040 lucens
2511 3984 2691 4057 (Joan.
2743 3986 2829 4058 v);
2865 4007 2884 4040 ι
2916 3996 2973 4042 et
3003 3987 3140 4043 alius
3167 3989 3428 4060 propheta
3461 4008 3472 4044 :

1907 4094 1927 4126 ι
1963 4073 2229 4138 Lucerna,
2259 4074 2452 4144 inquit,
2496 4074 2722 4145 pedibus
2750 4076 2886 4131 meis
2913 4078 3139 4132 verbum
3167 4085 3342 4143 tuum,
3369 4078 3473 4134 Do-

1862 4160 1864 4162 ’
1903 4165 2068 4231 mine,
2094 4174 2150 4220 et
2169 4166 2261 4222 lux
2289 4166 2499 4222 semitis
2525 4166 2662 4222 meis
2687 4165 2862 4238 (Paul.
2890 4168 3098 4240 cxvm).
3125 4189 3144 4220 ι
3181 4169 3441 4226 Universa
3461 4212 3474 4235 ,

1903 4255 2099 4324 inquit,
2133 4264 2276 4310 terra
2305 4255 2680 4310 haereticorum
2709 4255 2815 4311 erit
2849 4256 2902 4311 in
2929 4256 3294 4324 solitudinem,
3333 4268 3387 4313 et
3416 4261 3469 4313 in

1900 4352 2198 4414 stuporem,
2220 4361 2346 4400 cum
2377 4345 2727 4400 novissimum
2751 4344 2868 4414 ejus
2904 4347 3166 4417 insipiens
3188 4346 3350 4404 luerit
3380 4349 3475 4404 de-

1901 4441 2283 4488 monstratum.
2573 4479 2576 4481 λ
3500 4508 3503 4510 _

1978 4545 1997 4578 ι
2042 4527 2110 4581 Et
2149 4528 2390 4583 servient
2426 4541 2614 4582 omnes
2657 4535 2845 4597 gentes
2883 4527 3001 4584 ista;
3029 4528 3146 4599 regi
3189 4527 3478 4600 Babylonis

1916 4635 1936 4670 ι
1979 4619 2315 4688 septuaginta
2357 4618 2532 4672 annis.
2564 4617 2808 4686 Cumque
2855 4618 3058 4688 impleti
3105 4617 3308 4674 fuerint
3351 4620 3476 4672 anni

1914 4723 1936 4761 ι
1975 4708 2334 4778 septuaginta,
2381 4707 2614 4762 visitabo
2659 4721 2820 4776 super
2862 4723 3043 4779 regem
3092 4708 3400 4779 Babylonis,
3427 4718 3482 4762 et

1913 4811 1938 4851 ι
1981 4812 2144 4866 super
2176 4805 2389 4869 gentem
2434 4797 2602 4864 illam,
2652 4798 2783 4852 dicit
2809 4799 3090 4863 Dominus,
3140 4799 3479 4867 iniquitatem

1915 4905 1938 4942 ι
1983 4902 2200 4956 eorum;
2232 4899 2286 4944 et
2331 4903 2493 4959 super
2533 4898 2734 4946 terram
2775 4890 3174 4970 Chaldaeorum,
3204 4901 3260 4945 et
3284 4906 3479 4962 ponam

1916 4997 1938 5032 ι
1981 4979 2125 5034 illam
2154 4979 2209 5035 in
2235 4980 2551 5036 solitudines
2576 4981 2951 5049 sempiternas.
2978 4981 3046 5036 Et
3091 4981 3348 5037 adducam
3391 4996 3483 5037 su-

1915 5086 1937 5124 c
1976 5083 2075 5141 per
2103 5079 2303 5125 terram
2337 5070 2480 5125 illam
2523 5071 2702 5128 omnia
2749 5072 2913 5128 verba
2950 5084 3089 5139 mea,
3116 5086 3235 5142 qua:
3271 5071 3481 5130 locutus

1916 5179 1936 5213 ι
1979 5175 2098 5217 sum
2126 5171 2315 5217 contra
2341 5177 2464 5217 eam
2482 5201 2498 5228 ,
2523 5175 2686 5217 omne
2703 5161 2846 5232 quod
2872 5162 3132 5232 scripwm
3159 5173 3242 5218 est
3267 5162 3323 5216 in
3345 5161 3484 5218 libro

1916 5267 1938 5303 ι
1983 5250 2090 5306 isto
2137 5265 2470 5322 quaecunque
2513 5251 2857 5322 prophetavit
2898 5249 3162 5306 Jeremias
3198 5251 3482 5306 adversum

1919 5361 1938 5394 ι
1981 5357 2170 5400 omnes
2193 5352 2400 5411 gentes.
2423 5361 2444 5395 ι
2478 5341 2631 5398 Sicut
2648 5341 2985 5398 Hierusalem
3003 5350 3126 5413 post
3147 5342 3494 5414 septuaginta

1915 5446 2088 5488 annos
2115 5432 2308 5502 recipit
2331 5432 2590 5503 pristinos
2617 5432 2968 5498 habitatores,
3001 5439 3058 5488 et
3082 5432 3309 5504 expletis
3353 5426 3482 5501 sup-

1917 5521 2109 5593 pliciis,
2155 5523 2282 5592 quia
2325 5523 2562 5578 obedivit
2605 5523 2884 5578 sententia:
2913 5523 3030 5589 Dei,
3066 5523 3322 5578 felicitate
3369 5522 3483 5592 pri-

1916 5615 2057 5670 stina
2086 5614 2308 5679 fruitur,
2336 5614 2415 5669 sic
2444 5628 2538 5670 rex
2563 5613 2872 5686 Babylonis,
2893 5615 2985 5686 qui
3010 5615 3183 5671 elatus
3208 5623 3294 5671 est
3317 5613 3486 5683 in;su-

1917 5705 2184 5777 perbiam,
2213 5713 2270 5760 et
2295 5720 2514 5761 suarum
2537 5704 2831 5761 arbitratus
2858 5713 2942 5762 est
2969 5705 3194 5772 virium,
3222 5710 3366 5776 quod
3399 5717 3486 5758 re-

1920 5799 2102 5871 gnavit
2121 5797 2178 5855 in
2199 5797 2470 5870 gentibus,
2498 5806 2553 5856 et
2579 5811 2689 5857 non
2705 5798 2923 5856 Domini
2943 5798 3268 5859 voluntati»:
3294 5793 3479 5856 Medis.
