4008 6340
306 446 317 451 _
416 362 523 429 99s

1054 352 1135 415 ΒΪ
1158 356 1414 415 BABANI
1451 352 1669 412 MAURI
1705 350 2025 410 ABClHEP.
2062 347 2376 408 MOGUNT.
2417 342 2703 406 OPEBUM
2742 344 2922 403 PARS
2954 340 3043 400 lli.

3585 340 3700 400 996

412 470 704 555 Persisque
726 436 1070 536 venientibus
1089 476 1416 531 destruetur.
1441 471 1685 541 Denique
1712 484 1883 541 usque
1902 468 2002 523 ho-
2027 467 2248 533 Aliter.
2284 485 2302 518 ι
2337 464 2470 521 Post
2498 461 2834 521 Hierusalem
2860 461 3001 517 bibit
3028 475 3127 518 rex
3150 457 3364 514 Pharao
3392 454 3616 555 Egypti
3643 465 3704 513 et

417 580 504 636 die
529 578 681 633 urbis
705 570 990 649 Babylonis
1020 571 1258 643 reliquiae
1285 578 1491 624 tantum
1529 575 1769 623 manent.
1802 566 1870 621 Et
1897 580 1996 635 po-

417 672 527 728 suit
550 669 696 724 illam
726 666 985 722 Dominus
1015 663 1069 718 in
1111 661 1455 717 solitudinem
1499 656 1882 726 sempiternam
1901 695 1916 720 ,
1945 661 2001 708 et

418 758 661 833 implevit
679 758 860 815 omnia
886 753 1071 818 verba,
1097 769 1219 823 quae
1246 752 1300 808 in
1332 750 1487 806 istius
1523 750 1693 819 ipsius
1718 746 2003 816 Prophetas

408 850 693 906 volumine
719 846 1082 904 continentur.
1110 842 1246 901 Nam
1275 842 1330 897 in
1356 839 1836 911 consequentibus,
1880 850 2004 908 quin

421 940 560 996 mala
589 953 813 1011 passura
838 939 911 997 sit
948 934 1211 1009 Babylon,
1240 933 1490 991 Jeremize
1519 946 1774 988 sermone
1795 928 2005 987 descri-

422 1029 567 1085 bitur
592 1044 605 1083 :

499 1140 519 1174 ‹
560 1120 696 1189 Quia
723 1118 1028 1176 servierunt
1051 1119 1133 1173 eis
1163 1132 1286 1172 cum
1309 1124 1487 1172 essent
1516 1123 1706 1186 gentes
1733 1113 2009 1181 multanet

429 1233 449 1268 ε
495 1229 649 1286 reges
675 1212 858 1283 magni
888 1226 903 1266 :
939 1219 996 1266 et
1027 1209 1249 1267 reddam
1281 1210 1364 1265 eis
1391 1209 1688 1264 secundum
1714 1221 1880 1277 opera
1911 1221 2006 1261 eo-

429 1325 449 1358 ι
495 1321 636 1370 rum,
660 1310 713 1359 et
739 1302 1033 1359 secundum
1064 1300 1206 1356 facta
1228 1315 1481 1356 manuum
1505 1313 1744 1355 suarum.
1768 1316 1787 1347 ι
1814 1295 1930 1351 Hoc
1954 1295 2013 1351 in

424 1394 776 1467 Septuaginta
801 1409 907 1450 non
937 1393 1187 1449 habetur.
1221 1390 1502 1462 Signiﬁcat
1528 1398 1707 1444 autem
1734 1388 1877 1457 quod
1900 1402 2011 1443 non

421 1487 596 1544 solum
644 1494 835 1543 contra
881 1484 1211 1555 Babylonem
1259 1481 1666 1554 prophetaverit
1698 1478 2010 1545 'Jeremias,

420 1581 517 1636 sed
539 1588 594 1637 et
621 1588 811 1639 contra
833 1588 1059 1635 caeteras
1077 1583 1288 1648 gentes,
1317 1590 1438 1644 quae
1458 1575 1511 1628 in
1538 1572 1835 1644 Babylonio
1862 1571 2015 1628 fuere

422 1670 687 1736 exercitu,
723 1678 779 1725 et
806 1676 996 1723 contra
1025 1664 1237 1723 Domini
1270 1664 1526 1734 populum
1553 1663 1899 1719 dimicarunt.
1917 1662 2015 1718 De-

423 1760 587 1831 nique
614 1759 667 1813 in
693 1756 1150 1826 consequentibus
1198 1754 1427 1818 dicitur,
1457 1760 1647 1807 contra
1693 1750 2009 1822 Egyptum,

2103 556 2234 615 socii
2265 557 2410 628 ejus,
2445 555 2700 610 biberunt
2720 552 2992 623 principes
3019 561 3073 606 et
3107 550 3395 607 universus
3419 547 3653 619 populus
3685 564 3699 578 ·

2103 658 2436 721 cunctusque
2457 646 2548 717 qui
2574 661 2682 701 non
2704 644 2918 716 quidem
2943 651 3028 698 est
3049 641 3358 713 Egyptius,
3380 640 3476 698 sed
3506 641 3564 696 in
3583 640 3706 710 eius

2105 740 2416 813 regionibus
2444 744 2813 795 commoratur
2843 754 2857 790 :
2885 750 3022 805 quos
3047 731 3192 788 LXX
3232 739 3450 787 vertere
3475 731 3706 806 συμμιρ

2104 853 2246 899 τους,
2280 832 2334 887 id
2375 840 2479 897 est,
2507 829 2781 893 mixtitios,
2810 825 3002 898 vulgus
3044 840 3155 880 non
3208 822 3483 896 Egyptia:
3521 823 3707 896 regio-

2107 924 2217 991 nis,
2244 923 2340 979 sed
2369 922 2714 992 peregrinum
2742 916 3201 975 et'adventitium.

2082 1018 2087 1021 ’
2186 1033 2205 1067 ι
2231 1014 2318 1068 Ἐι
2349 1014 2559 1069 cunctis
2589 1011 2839 1082 gentibus
2862 1001 3026 1065 term
3047 1008 3329 1067 Ausitidis.
3374 1026 3394 1060 ι
3426 1007 3561 1076 Qu
3590 1005 3704 1063 He—

2109 1104 2292 1164 braice
2337 1103 2639 1184 appellatur
2664 1109 2802 1189 V937,
2855 1101 2923 1157 de
2950 1116 3055 1170 qua
3081 1107 3137 1155 et
3180 1098 3284 1156 Job
3321 1098 3492 1156 fuisse
3517 1107 3708 1154 narrat

2112 1198 2377 1255 historia:
2418 1218 2435 1250 ι
2482 1197 2657 1257 Homo
2684 1196 2903 1268 quidam
2945 1202 3067 1251 erat
3114 1195 3169 1251 in
3210 1194 3431 1264 regione
3471 1191 3707 1247 Ausitidi

2112 1293 2331 1348 nomine
2352 1290 2474 1346 Job.
2507 1310 2526 1343 ι
2555 1290 2626 1345 Ει
2651 1298 2830 1346 tamen
2873 1288 3156 1345 sciendum
3199 1287 3348 1343 hunc
3378 1286 3706 1342 versiculum

2114 1385 2169 1441 in
2192 1383 2336 1439 LXX
2378 1398 2486 1438 non
2536 1384 2746 1448 haberi,
2777 1379 3311 1452 ledotionemque
3356 1395 3458 1451 pro
3484 1386 3596 1468 γη
3620 1380 3710 1436 in-

2117 1483 2469 1546 terpretatum
2493 1489 2615 1530 esse
2639 1472 2890 1529 insulam.

2191 1588 2211 1621 ι
2258 1568 2326 1623 Ει
2353 1568 2562 1624 cunctis
2600 1566 2817 1638 regibus
2845 1574 3008 1622 terrae
3036 1563 3327 1621 Philisuim
3344 1602 3360 1629 ,
3387 1572 3445 1617 et
3486 1560 3714 1617 Ascalo-

2116 1659 2221 1726 uis,
2254 1657 2435 1724 Gazte,
2462 1657 2726 1714 Aearonis
2753 1665 2809 1712 et
2833 1656 3076 1726 reliquiis
3099 1653 3279 1710 Azoti.
3315 1672 3335 1706 ι
3368 1651 3716 1709 Generaliter

2116 1750 2299 1822 posuit
2324 1748 2637 1813 Philistiim,
2664 1748 2772 1804 hoc
2799 1756 2883 1805 est
2912 1756 3117 1803 terram
3160 1745 3610 1808 Palaestinam,
3656 1749 3717 1796 et

424 1861 479 1908 et
503 1851 814 1916 Philistiim,
842 1857 899 1905 et
925 1847 1097 1912 Moab,
1127 1856 1183 1902 et
1224 1848 1477 1916 Ammon,
1520 1853 1575 1901 et
1601 1842 1890 1903 ldumzeatu
1913 1881 1930 1909 ,
1959 1848 2016 1899 et
2045 1855 2093 1915 Β
2118 1842 2426 1912 Specialiter
2444 1841 2610 1897 urbes
2636 1852 2847 1904 eorum,
2878 1837 3223 1903 Ascalonem,
3249 1835 3479 1902 Gazam,
3500 1832 3708 1900 Aaron,

426 1944 774 2007 Damascum,
801 1915 857 1995 et
883 1939 1080 2004 Cedar,
1111 1947 1166 1993 et
1193 1951 1355 2009 regna
1382 1915 1555 1992 Assur
1580 1944 1635 1990 et
1669 1935 1840 1999 Elam,
1868 1942 1926 1990 et
1946 1933 2014 1989 ad

427 2040 730 2089 extremum
761 2037 951 2084 contra
982 2026 1308 2099 Babylonem
1352 2036 1661 2096 terramque
1683 2025 2012 2081 Chaldteam.

503 2140 522 2172 ι
567 2118 700 2185 Quia
732 2117 812 2172 sic
840 2116 916 2172 ait
944 2116 1206 2173 Dominus
1233 2115 1374 2171 Deus
1395 2113 1564 2169 Israel
1588 2113 1655 2169 ad
1685 2128 1774 2169 me
1803 2129 1817 2165 :
1849 2110 2017 2177 Sume

434 2230 452 2263 ι
498 2208 722 2265 calicem
750 2206 859 2261 vini
909 2205 1110 2285 luroris
1156 2204 1303 2276 (sive
1350 2203 1520 2273 meri)
1571 2201 1730 2272 hujus
1757 2200 1824 2256 de
1854 2197 2018 2256 manu

434 2321 453 2354 ι
500 2316 636 2363 mea,
669 2310 725 2355 et
748 2297 1060 2371 propinabis
1083 2298 1149 2353 de
1173 2296 1263 2352 illo
1292 2295 1503 2351 cunctis
1519 2294 1772 2366 gentibus
1789 2293 1855 2348 ad
1883 2308 2018 2363 quas

436 2410 454 2443 σ
499 2404 599 2462 ego
630 2388 843 2447 mittam
872 2396 923 2443 te
953 2405 967 2442 :
1014 2395 1071 2441 et
1100 2385 1308 2451 bibent,
1341 2394 1397 2440 et
1443 2383 1855 2443 inebriabuntur
1881 2385 2021 2455 (sive

436 2502 455 2535 ‹
499 2481 770 2553 voment);
818 2488 872 2536 et
915 2479 1187 2535 insanient
1235 2494 1268 2532 a
1326 2476 1463 2532 facie
1505 2476 1664 2545 gladii
1714 2491 1874 2545 quem
1922 2490 2023 2547 ego

437 2594 456 2627 ‹
499 2574 713 2628 mittam
748 2572 888 2627 inter
916 2585 1028 2626 eos.
1063 2569 1133 2624 Et
1152 2568 1349 2639 accepi
1380 2567 1606 2627 calicem
1634 2565 1704 2621 de
1733 2581 1896 2622 manu
1918 2566 2026 2619 Do-

436 2682 454 2713 ι
498 2661 652 2728 mini,
681 2668 734 2716 et
770 2660 1053 2732 propinavi
1084 2659 1299 2714 cunctis
1322 2658 1575 2729 gentibus
1612 2655 1682 2711 ad
1712 2671 1850 2726 quas
1878 2655 2035 2715 misit.

438 2772 457 2806 ι
500 2769 586 2810 me
612 2754 891 2809 Dominus.
930 2772 949 2806 ι
981 2752 1295 2824 Propinatio
1323 2750 1529 2822 calicis,
1567 2758 1622 2804 et
1650 2749 1838 2807 colicis
1864 2749 2037 2813 meris

431 2846 546 2901 sive
585 2856 690 2900 non
722 2844 899 2910 mixti,
930 2843 1074 2913 quod
1104 2841 1292 2898 Griece
1332 2842 1530 2897 dicitur
1561 2842 1814 2918 ἀκράτου,
1844 2840 2037 2899 Βοωίη

433 2936 543 2992 uici
573 2935 773 2990 furoris
795 2935 1053 2991 indicium
1082 2942 1194 2998 est;
1228 2934 1295 2988 de
1316 2949 1424 3004 quo
1452 2933 1507 2987 in
1533 2933 1742 3003 psalmo
1768 2933 2043 3002 scriptum.

433 3034 560 3082 est:
598 3046 617 3078 ι
650 3025 804 3081 Calix
833 3026 885 3080 in
932 3041 1097 3081 manu
1144 3018 1360 3081 Domini
1406 3024 1517 3081 vini
1561 3025 1693 3081 meri
1722 3024 1917 3095 plenus
1945 3030 2029 3081 est

444 3116 626 3181 misto,
647 3135 665 3167 ι
685 3124 745 3169 ut
771 3130 961 3172 omnes
977 3126 1170 3187 gentes
1180 3130 1301 3184 qua:
1322 3123 1511 3170 contra
1528 3115 1623 3177 Dei
1648 3116 1907 3185 populum
1927 3116 2028 3170 mi-

2119 1924 2379 1997 A'zotum;
2408 1932 2580 1989 solam
2608 1931 2781 1987 tacuit
2804 1930 2965 1996 Geth,
2994 1945 3117 2000 qua:
3142 1930 3456 1984 continuatur
3484 1926 3539 1981 in
3580 1924 3710 1979 reli-

2120 2027 2279 2098 quiis.
2314 2024 2429 2081 Hoc
2454 2033 2539 2080 est
2563 2024 2709 2081 enim
2728 2024 2873 2094 quod
2900 2023 3163 2095 scriptum
3180 2030 3299 2087 est,
3332 2039 3353 2072 ι
3388 2027 3447 2077 et
3466 2017 3715 2089 reliquiis

2119 2117 2317 2181 Asoti;
2382 2136 2400 2167 ι
2452 2115 2630 2170 vicina
2679 2114 2824 2169 enim
2882 2120 3044 2183 atque
3094 2112 3326 2168 conﬁnis
3376 2119 3461 2167 est
3516 2109 3712 2172 Azoto.

2121 2222 2241 2279 qua:
2270 2204 2535 2262 Hebrsiee
2561 2204 2761 2259 dicitur
2794 2212 2981 2264 111nm
3010 2202 3160 2274 regio
3188 2200 3354 2256 'urbis
3376 2198 3517 2257 Geth
3545 2196 3718 2252 Palae-

2122 2299 2295 2355 stinos
2324 2306 2505 2354 autem
2528 2312 2561 2351 a
2585 2295 2899 2368 Babyloniis
2921 2303 3112 2367 captos
3133 2302 3297 2365 atque
3318 2299 3559 2360 vastatos
3579 2289 3720 2346 scri~

2123 2389 2205 2446 bit
2230 2397 2286 2445 et
2314 2389 2502 2445 Isaias.

2201 2498 2221 2533 ι
2264 2480 2531 2545 Idumam,
2561 2487 2618 2535 et
2655 2476 2835 2545 Moab,
2889 2485 2946 2534 et
2971 2476 3097 2533 ﬁliis
3122 2477 3378 2542 Ammon,
3405 2480 3464 2530 et
3504 2471 3720 2528 uinctis

2126 2572 2344 2643 regibus
2373 2571 2524 2642 Tyri,
2553 2578 2610 2625 et
2656 2569 2927 2625 universis
2976 2570 3199 2640 regibus
3248 2566 3486 2623 Sidonis.
3527 2584 3548 2617 ι
3593 2561 3720 2618 ldu-

2126 2680 2283 2731 mzna,
2314 2664 2369 2719 in
2396 2679 2504 2734 qua
2532 2672 2659 2719 sunt
2688 2668 2901 2719 montes
2926 2661 3069 2727 Seir,
3094 2670 3150 2719 et
3176 2676 3302 2732 quas
3328 2658 3594 2715 Hebraice
3618 2670 3722 2728 ap-

2125 2757 2357 2829 pellatur
2382 2766 2526 2816 DTtit
2556 2774 2569 2810 :
2603 2754 2762 2811 Moab
2796 2762 2853 2810 et
2885 2754 3118 2809 Ammon
3150 2753 3255 2824 ipsi
3305 2757 3433 2807 sunt
3460 2748 3555 2804 ﬁlii
3590 2747 3719 2814 Lot,

2129 2846 2363 2917 proximi
2392 2846 2562 2902 maris
2606 2844 2823 2905 Mortui.
2853 2843 3031 2915 Tyrus
3061 2850 3118 2898 et
3160 2842 3329 2898 Sidon
3356 2842 3411 2896 in
3445 2835 3721 2895 Pbmnicis

2129 2935 2310 2999 littore
2346 2936 2621 3006 principes
2650 2976 2666 3001 ,
2709 2935 2961 2999 civitates
2986 2972 3002 3000 ,
3043 2947 3167 3004 qua
3189 2940 3245 2989 et
3271 2932 3388 3003 ipse
3424 2926 3722 2999 Babylonio

2129 3027 2387 3083 veniente
2414 3027 2658 3083 exercitu
2686 3034 2956 3096 superata
2981 3031 3108 3080 sunt
3132 3040 3149 3078 ι
3186 3034 3416 3095 quarum
3450 3019 3722 3089 Carthage

2130 3118 2339 3174 colonia
2392 3136 2406 3173 :
2447 3119 2590 3175 unde
2636 3126 2693 3173 et
2738 3117 2892 3172 Ptnni
2940 3129 3193 3172 sermone
3236 3120 3516 3185 corrupto,
3563 3108 3723 3180 quasi

436 3205 664 3261 litarunt
682 3198 870 3287 bibant
897 3204 963 3260 de
991 3205 1161 3262 calice
1193 3205 1392 3261 furoris
1412 3206 1648 3263 Domini.
1666 3207 1745 3262 De
1765 3222 1871 3276 quo
1898 3207 2025 3263 scris-
2051 3219 2097 3283 ρ
2125 3208 2320 3266 ΡΙ)ωηί
2368 3210 2727 3280 appellantur,
2760 3224 2995 3279 quorum
3024 3207 3207 3280 lingua
3253 3205 3493 3263 Hebraea:
3519 3202 3721 3271 lingua

436 3298 516 3354 bit
541 3305 597 3355 et
620 3297 790 3355 Isaias
814 3305 1004 3369 contra
1027 3297 1366 3354 Hierusalem
1396 3312 1412 3351 :
1446 3318 1465 3351 ε
1497 3298 1773 3371 Scyphum
1797 3297 2024 3365 furoris,

438 3389 664 3449 calicem
690 3374 863 3444 ruina:
891 3388 1109 3446 ebibisti
1139 3398 1195 3445 et
1225 3390 1520 3456 evacuasti,
1552 3400 1838 3462 propterea
1866 3404 2025 3462 surge

441 3479 578 3552 (lsa.
607 3481 704 3553 LI).
737 3501 756 3535 ι
792 3481 897 3537 Iste
926 3488 1108 3538 autem
1136 3481 1279 3538 calix
1302 3482 1505 3541 idcirco
1532 3482 1738 3540 bibitur
1757 3498 1790 3538 a
1816 3484 2030 3540 cunctis

440 3571 712 3642 gentibus,
744 3577 803 3627 ut
828 3578 1052 3627 vomant
1075 3579 1132 3627 et
1155 3571 1447 3627 inSaniaut.
1479 3571 1635 3639 Quod
1658 3573 1877 3643 quidem
1898 3586 2030 3643 .pra-

440 3679 541 3735 vus
570 3664 840 3736 interpres
868 3664 924 3719 in
948 3663 1148 3723 bonam
1175 3672 1386 3735 partem
1414 3666 1636 3736 accipit,
1663 3674 1725 3721 ut
1751 3666 1922 3721 instar
1940 3680 2034 3721 ea-

444 3754 693 3813 tbarticze
721 3756 983 3825 potionis,
1014 3755 1277 3827 quidquid
1322 3757 1575 3823 cholerae,
1621 3765 1677 3812 et
1717 3756 1947 3828 pituitae,
1975 3767 2033 3813 et
2062 3758 2069 3769 '

441 3846 589 3902 noxii
632 3838 877 3903 humoris
910 3848 964 3903 in
994 3858 1215 3919 pectore
1263 3858 1370 3914 est,
1399 3848 1546 3904 foras
1569 3850 1718 3905 exire
1744 3850 2036 3920 compellat

443 3944 499 3995 et
528 3937 778 3993 restituat
806 3938 859 3997 in
879 3939 1165 4009 pristinam
1186 3940 1497 4003 sanitatem.
1518 3940 1626 3996 Pro
1643 3940 1880 3995 Jeremia
1900 3956 2037 4010 quo-

444 4043 549 4098 que
576 4028 917 4085 Salvatorem
959 4030 1178 4101 accipit,
1210 4031 1353 4099 quod
1386 4032 1502 4100 ipse
1547 4031 1760 4087 cunctis
1784 4031 2047 4102 gentibus

442 4118 768 4186 propinarit,
795 4120 862 4175 ad
889 4135 1030 4194 quas
1054 4129 1111 4177 et
1133 4121 1335 4199 missus
1358 4129 1468 4186 est,
1494 4130 1554 4178 ut
1579 4121 1790 4190 abiecta
1818 4122 2038 4179 idolola-

447 4207 551 4263 tria
576 4207 673 4279 Dei
698 4223 760 4264 se
788 4209 955 4264 cultui
999 4210 1336 4269 dedicarent.
1371 4210 1524 4277 Quod
1557 4212 1890 4266 contrarium
1908 4227 2039 4271 esse

448 4298 747 4367 Scriptum
772 4308 975 4355 sanctae
1006 4302 1385 4359 monstrabunt
1408 4305 1709 4371 sequentia.
1749 4305 1866 4360 Non
1892 4307 2041 4363 enim

447 4402 547 4457 pro
568 4389 830 4453 remedio,
862 4398 920 4443 ut
947 4390 1039 4445 ille
1066 4391 1201 4456 vult,
1235 4392 1328 4447 sed
1359 4407 1458 4464 pro
1482 4410 1642 4464 paena
1683 4412 1909 4455 meraco
1950 4414 2042 4455 ca-

452 4477 554 4534 lice
575 4480 950 4551 propinentur.

2127 3318 2322 3374 magna
2345 3319 2411 3358 ex
2439 3311 2594 3374 parte
2616 3302 2849 3359 conﬁnis
2877 3312 2983 3359 est.

2205 3416 2225 3450 ι
2268 3398 2338 3455 Et
2372 3397 2592 3469 regibus
2641 3405 2803 3451 terrae
2853 3394 3177 3459 insularum,
3231 3404 3353 3462 quae
3394 3397 3523 3445 sunt
3569 3396 3724 3444 trans

2132 3504 2306 3544 mare.
2362 3485 2822 3558 Trans-Cyprum
2855 3495 2911 3542 et
2958 3484 3231 3550 Rhodum,
3264 3490 3319 3538 et
3366 3480 3573 3537 insulas
3604 3493 3730 3551 quae

2133 3578 2472 3651 appellantur
2502 3578 2773 3645 sum“,
2804 3585 2860 3633 et
2887 3579 2973 3633 ba:
2999 3576 3144 3631 enim
3171 3589 3201 3629 a
3228 3571 3542 3644 Babyloniis
3565 3582 3728 3626 oecu-

2132 3672 2274 3742 pataa
2308 3678 2454 3725 sunt.

2212 3780 2231 3814 ι
2274 3761 2342 3816 Ει
2366 3761 2573 3826 Dedan,
2610 3771 2666 3815 et
2693 3760 2957 3825 Theman,
3000 3766 3059 3814 et
3083 3756 3218 3822 an,
3251 3763 3307 3811 et
3334 3751 3608 3810 universis
3634 3747 3727 3820 qui

2142 3873 2165 3909 ι
2196 3854 2395 3909 attonsi
2440 3860 2568 3908 sunt
2596 3852 2652 3906 in
2682 3866 2919 3907 comam.
2957 3868 2977 3902 ι
3018 3849 3117 3904 Hae
3140 3854 3330 3919 gentes
3355 3846 3413 3900 in
3438 3841 3729 3899 solitudine

2138 3954 2265 4000 sunt
2318 3963 2332 3998 :
2377 3943 2573 3998 vicinae
2618 3950 2677 3996 et
2727 3942 2912 3995 mixtae
2952 3938 3267 4009 regionibus
3309 3932 3728 3997 Ismaelitarnm,

2138 4052 2275 4109 quos
2299 4052 2446 4092 nunc
2476 4035 2782 4091 Saracenos
2806 4034 3006 4095 vocant
3036 4049 3050 4085 :
3083 4039 3138 4086 et
3166 4032 3233 4087 de
3263 4030 3462 4100 quibus
3489 4025 3727 4082 dicitur:

2145 4147 2170 4181 ι
2194 4128 2290 4198 qui
2319 4127 2523 4182 attonsi
2550 4134 2679 4182 sunt
2711 4126 2767 4180 in
2794 4138 3027 4181 comam.
3065 4142 3085 4175 ι

2217 4237 2236 4269 ι
2270 4218 2338 4273 Et
2368 4220 2581 4275 cunctis
2632 4216 2850 4288 regibus
2886 4215 3133 4280 Arabiae,
3162 4220 3219 4268 et
3259 4211 3472 4268 cunctis
3512 4207 3731 4277 regibus

2141 4308 2457 4374 occidentis,
2483 4309 2577 4378 qui
2606 4308 2852 4362 habitant
2879 4301 2935 4361 in
2960 4308 3197 4361 deserto.
3230 4324 3248 4356 ι
3276 4303 3393 4358 Hoc
3415 4302 3472 4356 in
3502 4300 3735 4371 Septuao

2142 4401 2289 4473 ginta
2315 4415 2423 4455 non
2446 4399 2675 4456 habetur
2706 4419 2720 4454 π
2751 4406 2975 4471 propter
3001 4399 3185 4454 Dedan
3213 4397 3378 4467 igitur
3405 4384 3470 4449 et'
3487 4392 3737 4448 Theman

2146 4499 2202 4546 et
2222 4488 2356 4555 Buz,
2387 4497 2444 4544 et
2470 4489 2793 4553 lsmaelitas,
2819 4490 3096 4557 regionum
3127 4486 3373 4543 ordinem
3405 4484 3669 4553 sequitur.

528 4587 547 4621 ι
586 4569 923 4663 Hierusalem
952 4581 1010 4629 et
1035 4573 1345 4645 civitatibus
1372 4575 1513 4635 luds
1540 4587 1597 4635 et
1633 4583 1852 4652 regibus
1878 4582 2001 4653 eius
2023 4610 2043 4649 ί
2068 4570 2121 4630 Β
2222 4599 2242 4632 ι
2273 4581 2340 4635 Ει
2368 4581 2581 4637 cunctis
2610 4581 2831 4652 regibus
2854 4579 3058 4634 Zamri.
3091 4599 3109 4631 ι
3143 4577 3258 4663 Hoc
3289 4590 3505 4648 quoque
3536 4576 3591 4629 in
3639 4572 3740 4628 Se-

451 4678 469 4710 ι
490 4730 495 4733 _
519 4668 573 4714 et
598 4661 935 4733 principibus
956 4663 1099 4734 eius,
1122 4675 1185 4721 ut
1229 4668 1416 4724 darem
1449 4684 1546 4727 eos
1568 4672 1643 4726 in
1670 4672 2037 4741 solitudinem,

450 4774 468 4805 ‹
517 4763 572 4810 et
599 4755 654 4812 in
681 4766 979 4827 stuporem,
1010 4769 1065 4816 et
1090 4762 1149 4817 in
1171 4763 1411 4828 sibilum,
1434 4774 1491 4821 et
1509 4766 1562 4820 in
1583 4768 2038 4837 maledictlonem,

450 4867 469 4900 ι
494 4853 660 4921 sicut
686 4861 773 4908 est
797 4854 915 4915 dies
942 4856 1069 4912 ista.
1102 4876 1123 4909 ι
1162 4856 1445 4923 Putabam,
1479 4860 1686 4929 inquit,
1723 4864 1867 4933 quod
1911 4863 2043 4918 solis

452 4944 706 5012 gentibus
734 4946 1102 5015 propinatein,
1128 4956 1185 5002 et
1213 4949 1334 5013 ideo
1358 4965 1445 5005 me
1477 4951 1602 5007 huic
1622 4948 1926 5009 ministerio
1953 4954 2043 5008 lte—

456 5039 544 5097 tus
572 5034 872 5093 obtulerant
918 5037 1060 5093 :sed
1107 5038 1251 5093 inter
1276 5050 1501 5097 caeteras
1545 5053 1733 5113 gentes
1783 5046 1889 5099 imo
1918 5054 2042 5099 ante
2091 5059 2094 5063 ‘

457 5131 683 5181 caeteras
702 5126 984 5194 propinavi
1008 5127 1371 5199 Hierusalem,
1399 5140 1453 5188 et
1474 5134 1785 5189 civitatibus
1806 5132 1965 5199 Iuda,
1990 5143 2045 5189 et

457 5216 677 5286 regibus
709 5216 848 5286 eius,
876 5228 932 5275 et
961 5223 1313 5293 principibus,
1344 5234 1405 5282 ut
1438 5227 1627 5282 darem
1655 5242 1750 5282 eos
1776 5227 1830 5281 in
1864 5234 2049 5297 stupes

460 5320 576 5361 rem
596 5347 614 5374 ,
655 5309 790 5367 etin
819 5310 1196 5382 solitudinem,
1242 5325 1300 5371 et
1346 5318 1401 5371 in
1436 5315 1684 5384 sibilum,
1715 5325 1770 5373 et
1799 5318 1855 5373 in
1883 5320 2048 5376 male—

462 5395 801 5455 dictionem:
853 5401 996 5457 sicut
1026 5412 1081 5460 et
1137 5405 1397 5475 praesenti
1449 5406 1712 5475 probatur
1774 5409 2042 5483 exemplo.

464 5485 619 5549 Unde
655 5492 787 5550 dicit
810 5503 868 5550 et
894 5511 1057 5567 supra
1085 5517 1099 5553 :
1125 5498 1403 5554 Seduxisti
1431 5513 1518 5553 me
1546 5505 1603 5554 et
1626 5500 1883 5558 seductus
1903 5512 2044 5571 sum,

464 5576 740 5641 invalidi-ui
768 5595 825 5641 et
866 5588 1114 5658 potuisti.

539 5690 561 5723 ι
606 5672 873 5733 Pharaoni
902 5677 1012 5746 regi
1043 5675 1286 5747 Egypti,
1310 5686 1368 5734 et
1389 5681 1563 5737 servis
1584 5696 1722 5752 ejus,
1754 5692 1807 5740 et
1839 5684 2048 5758 prmci-

473 5777 495 5817 ι
514 5775 672 5836 pinus
692 5767 831 5835 ejus,-
845 5778 901 5823 et
922 5769 1071 5823 omni
1087 5769 1285 5839 populo
1307 5772 1445 5843 eius,
1463 5782 1523 5829 et
1541 5776 1806 5833 universis
1824 5794 2051 5849 genera-

2146 4673 2428 4743 ptuaginta
2458 4687 2566 4728 non
2592 4672 2845 4727 habetur.

2223 4784 2244 4817 ε
2280 4766 2346 4819 Ει
2402 4765 2613 4821 cunctis
2669 4766 2889 4834 regibus
2936 4763 3113 4829 Elam,
3152 4762 3473 4831 cunctisque
3521 4758 3741 4830 regibus

2153 4877 2173 4911 ‹
2206 4858 2503 4914 Medorum.
2538 4880 2556 4913 ι
2585 4859 2662 4913 Ex
2702 4875 2768 4915 eo
2805 4857 2949 4928 quod
2976 4858 3157 4911 Zamri
3184 4856 3431 4925 sequitur
3453 4852 3627 4916 Elam,
3652 4865 3742 4903 re-

2146 4968 2347 5023 gesque
2377 4952 2652 5007 Medorum
2703 4971 2715 5007 :
2766 4953 3096 5007 arbitramur
3129 4959 3185 5004 et
3230 4948 3407 5003 Zamri
3461 4946 3737 5015 regionem

2145 5058 2268 5099 esse
2298 5044 2535 5098 Persidis
2562 5062 2574 5097 :
2615 5044 2715 5099 nisi
2744 5043 2882 5099 forte
2910 5058 2974 5097 ex
3010 5057 3098 5108 eo,
3126 5040 3269 5111 quod
3299 5037 3580 5110 pnerzessit
3604 5034 3742 5088 Arno

2145 5138 2253 5199 bis,
2286 5145 2340 5193 et
2368 5138 2423 5192 hi
2452 5152 2605 5209 reges
2628 5138 2936 5193 solitudinis
2965 5135 3264 5207 accipiendi
3295 5140 3439 5189 sunt.
3472 5130 3623 5185 Elam
3649 5143 3744 5181 au-

2147 5238 2257 5286 tem
2286 5230 2437 5301 regio
2476 5229 2715 5285 Persidis
2748 5238 2899 5285 trans
2942 5228 3290 5299 Babylonem,
3337 5224 3481 5279 unde
3528 5222 3591 5276 Et
3618 5219 3745 5274 Ela-

2149 5323 2316 5378 mitm.
2352 5321 2489 5377 Medi
2520 5336 2737 5392 quoque
2772 5330 2931 5391 atque
2959 5321 3173 5386 Persm,
3205 5334 3235 5373 a
3273 5318 3468 5387 quibus
3497 5320 3653 5384 capta
3683 5315 3745 5364 et

2151 5413 2424 5467 destructa
2446 5421 2530 5468 est
2548 5413 2806 5484 Babylon.
2829 5412 2897 5466 Et
2918 5412 3019 5483 ipsi
3043 5411 3187 5466 enim
3211 5422 3487 5463 meracum
3514 5404 3745 5459 calicem

2150 5505 2457 5561 Alexandro
2487 5521 2610 5578 rege
2642 5505 2995 5562 Macedonum
3025 5504 3347 5576 propinante
3382 5504 3658 5574 poterunt.

2208 5614 2247 5648 -ι
2282 5595 2350 5652 Et
2371 5597 2580 5653 cunctis
2623 5596 2839 5668 regibus
2864 5594 3153 5667 Babylonis
3180 5591 3291 5668 [ΑΙ.
3316 5585 3625 5668 Aquilonis]
3673 5584 3752 5643 de

2144 5698 2189 5740 't’
2210 5701 2379 5760 prope
2404 5695 2459 5745 et
2483 5689 2549 5744 de
2567 5666 2746 5762 longe.
2760 5708 2778 5741 ι
2804 5687 2941 5757 Quia
2954 5666 3195 5744 Persidis
3213 5695 3268 5743 et
3282 5681 3573 5754 Babylonis
3590 5666 3753 5738 Elatia

2154 5787 2321 5850 atque
2344 5778 2621 5837 Medorum
2648 5790 3063 5839 enumeraverat
3095 5779 3365 5850 regiones,
3404 5788 3554 5833 nunc
3578 5783 3753 5842 gene-
