4008 6340
318 401 422 459 997

1238 374 1615 450 'Exrosmo
1655 380 1883 447 surae
1918 384 2290 447 manuum.
2325 419 2399 432 -
2435 388 2566 446 LIB.
2604 382 2674 445 x.

3491 392 3601 454 998

317 511 504 569 raliter
527 508 681 580 ponit
709 518 900 563 onmes
924 518 1082 576 reges
1104 503 1410 574 Aquilonis,
1444 504 1538 572 qui
1579 517 1754 574 prope
1779 511 1909 558 sunt
1935 508 1984 570 Α
2014 502 2169 567 titur,
2193 502 2260 558 de
2298 501 2404 559 hoc
2424 503 2661 573 capitulo
2685 503 2943 570 diximus,
2983 506 3127 574 quod
3157 502 3335 562 (ξι-ωθί
3366 492 3605 567 ἴοι-δηθά

318 612 375 661 et
401 602 576 673 longe.
609 599 715 655 Pro
743 597 1028 667 Aquilone,
1072 598 1164 666 qui
1205 596 1469 652 ilebraice
1507 595 1707 650 dicitur
1760 602 1907 683 per,

320 689 671 762 Septuaginta
704 697 915 744 vertere
939 687 1220 761 ἀφηλὶωτην
1248 700 1415 757 quem
1444 700 1544 743 nos
1566 683 1908 741 subsolanum

318 798 608 856 possumus
631 781 833 838 dicere.

395 896 414 929 ι
462 874 762 945 Unicuique
789 877 977 927 contra
1002 869 1231 924 fratrem
1258 883 1437 935 suum,
1464 874 1521 923 et
1553 865 1803 921 omnibus
1826 880 1909 921 re-

325 986 345 1020 c
381 968 500 1041 gnis
526 975 705 1033 terrm,
729 979 850 1035 qua:
875 977 1039 1032 super
1064 960 1260 1017 faciem
1286 958 1403 1028 ejus
1428 966 1573 1015 sunt.
1600 958 1667 1014 Et
1696 973 1791 1013 rex
1813 957 1912 1013 Se-

324 1077 342 1110 ‹
382 1056 513 1114 sach
557 1055 708 1115 bibet
734 1062 855 1125 post
883 1068 997 1110 eos.
1034 1072 1052 1105 ι
1110 1051 1189 1107 Ne
1226 1058 1449 1107 cunctas
1484 1047 1764 1105 orientalis
1786 1062 1911 1117 pro-

318 1148 510 1203 vincia:
535 1146 784 1216 regiones
808 1158 1127 1200 enumerare
1154 1156 1253 1212 per
1291 1150 1477 1212 partes
1504 1139 1724 1210 longum
1759 1136 1914 1193 tieret

319 1238 647 1309 generaliter
674 1237 855 1308 posuit
881 1235 1063 1291 omnia
1090 1248 1259 1306 regna
1288 1242 1442 1287 terrae
1469 1245 1590 1301 quae
1630 1236 1913 1285 morantur

320 1334 373 1389 in
403 1343 571 1387 terra;
601 1331 758 1399 Quod
785 1338 968 1386 autem
1014 1328 1172 1394 dixit,
1199 1335 1391 1383 contra
1441 1324 1670 1389 fratrem
1717 1338 1910 1389 suum,

320 1426 658 1489 subauditur,
692 1423 813 1479 dedi
849 1439 1110 1479 meracam
1149 1422 1435 1492 potionem,
1464 1427 1524 1474 ut
1546 1432 1738 1475 omnes
1769 1416 1912 1471 fure-

320 1526 460 1582 rent,
492 1524 796 1582 vomerent,
838 1513 1165 1579 insanirent,
1194 1520 1255 1568 et.
1297 1511 1501 1567 mutuis
1525 1510 1667 1565 inter
1692 1523 1751 1563 se
1776 1521 1914 1577 prae-

320 1608 405 1662 liis
433 1608 780 1665 dimicarent.
814 1604 1077 1674 Quodque
1105 1602 1312 1669 intulit,
1344 1621 1362 1654 ‹
1410 1614 1507 1655 rex
1529 1597 1731 1655 Sesach
1765 1596 1913 1655 bibet

319 1707 439 1770 post
478 1714 593 1763 eos,
645 1717 664 1750 ι
717 1705 774 1752 et
816 1697 870 1751 iu
910 1695 1265 1767 Septuaginta
1315 1707 1421 1747 non
1462 1691 1715 1754 habetur,
1765 1687 1910 1741 hunc

321 1788 487 1843 habet
510 1803 769 1843 sensum:
806 1785 1026 1848 Omnes,
1058 1785 1252 1854 inquit,
1296 1783 1349 1838 in
1388 1781 1618 1839 circuitu
1664 1779 1908 1835 nationes

2009 593 2301 665 Latinique
2330 595 2628 661 fastidient,
2659 597 2787 666 quia
2822 596 2877 654 in
2904 600 3017 653 suis
3040 601 3320 656 codicibus
3366 615 3471 654 non
3503 602 3603 661 ha-

2009 687 2170 742 betur
2213 688 2349 743 :sed
2383 688 2512 758 quid
2541 689 2815 758 proderit,
2844 704 2967 744 cum
3010 690 3065 745 in
3114 692 3465 762 sequentibus
3507 691 3597 747 hic

2010 781 2126 850 ipse
2154 782 2421 852 propheta
2455 782 2637 836 dicat:
2677 802 2695 833 ι
2729 782 3011 848 Quomodo
3040 792 3197 854 capta
3239 797 3317 840 est
3364 783 3592 850 Sesacb,

2011 875 2500 944 etcomprehensa
2537 882 2623 929 est
2667 874 2869 946 inclyta
2898 875 3167 935 universae
3214 877 3407 931 terrm?
3452 875 3598 943 Quo-

2011 968 2172 1024 modo
2215 968 2356 1023 facta
2407 976 2494 1023 est
2529 969 2585 1022 in
2616 976 2893 1037 stuporem
2922 964 3159 1040 Babylon
3205 969 3346 1025 inter
3372 965 3602 1038 gentes?

2010 1058 2299 1129 Allegorici
2330 1058 2657 1127 interpretes
2701 1058 2863 1112 istum
2894 1072 3108 1115 omnem
3150 1057 3327 1112 locum
3357 1058 3425 1111 ad
3469 1072 3599 1111 cun-

2012 1155 2130 1202 ctas
2175 1146 2418 1202 referunt
2467 1147 2733 1211 nationes,
2781 1148 3313 1216 quas-inebriaverit
3359 1147 3604 1202 diabolus

2011 1240 2183 1296 calice
2211 1247 2561 1310 peccatorum
2609 1240 3004 1304 meracissimo,
3058 1240 3410 1293 novissimum
3456 1240 3602 1293 enim

2012 1332 2177 1393 etiam
2205 1332 2379 1402 ipsum
2406 1331 2703 1386 bibiturum
2727 1332 2987 1402 supplicia
3013 1340 3177 1401 atque
3205 1331 3498 1385 cruciatus.
3529 1332 3606 1385 De

2012 1440 2121 1494 quo
2137 1424 2325 1480 scribit
2350 1424 2678 1494 Apostolus:
2718 1425 2943 1495 «.Quem
2967 1423 3406 1479 DominusJesus
3440 1423 3607 1477 inter-

2012 1515 2365 1584 ﬁcietspiritu
2387 1514 2500 1570 oris
2513 1514 2594 1568 sui
2611 1513 2696 1584 (II
2713 1513 2892 1569 Thess.
2913 1512 3027 1582 11).»
3050 1512 3204 1568 Unde
3222 1512 3345 1567 etin
3362 1511 3468 1565 alio
3489 1511 3607 1567 loco

2012 1607 2145 1663 dicit
2175 1624 2188 1660 :
2219 1626 2237 1657 ι
2259 1606 2601 1661 Novissimus
2627 1616 2809 1661 autem
2835 1605 3089 1661 inimicus
3115 1607 3429 1661 destruetur
3463 1620 3609 1660 mors

2014 1694 2068 1766 (Ι
2102 1694 2224 1749 Cor.
2253 1693 2369 1765 xv).
2409 1714 2428 1747 ι
2464 1695 2606 1763 Quid
2650 1710 2971 1767 magnarum
3017 1695 3213 1750 virium
3239 1704 3323 1749 est
3347 1708 3506 1764 posse
3529 1693 3607 1749 di-

2014 1800 2297 1841 versarum
2325 1786 2590 1841 vocabula
2624 1789 2904 1842 nationum
2939 1787 3236 1842 transferre
3270 1785 3374 1841 sub
3402 1796 3609 1857 etymo-

320 1877 616 1949 Babylonio
644 1878 870 1950 imperio
894 1876 1268 1946 subjacebuut,
1300 1882 1356 1928 et
1379 1882 1572 1929 cuncta
1611 1886 1725 1926 suae
1749 1868 1914 1938 subji-
1941 1867 1990 1929 B
2016 1878 2174 1951 logiis
2205 1879 2319 1934 suis
2350 1886 2408 1933 ει
2454 1878 2666 1953 singula
2705 1878 2934 1950 singulis
2958 1878 3290 1943 numinibus,
3329 1885 3603 1946 emptam.

322 1968 429 2022 ciet
453 1968 711 2036 potestati
744 1984 757 2022 :
790 1967 863 2022 ita
896 1974 954 2023 ut
983 1965 1267 2023 universae.
1296 1978 1435 2032 quas
1466 1961 1776 2032 praeteritus
1798 1976 1912 2017 scr—

322 2075 413 2113 mo
450 2059 695 2114 narravit
746 2067 954 2130 gentes,
994 2056 1094 2127 ipsi
1125 2055 1392 2121 serviant,
1424 2062 1482 2125 et
1516 2054 1706 2109 bibant
1732 2054 1797 2109 de
1822 2066 1912 2108 ca-

322 2150 427 2206 lice
452 2153 586 2223 ejus.
620 2148 769 2207 Unde
795 2156 851 2204 et
876 2148 930 2202 in
962 2148 1167 2205 visione
1198 2158 1389 2201 contra
1419 2144 1747 2215 Babylonem
1780 2143 1915 2199 scri-

323 2242 510 2297 bitur:
563 2260 583 2295 ι
626 2240 780 2297 Calix
833 2255 1032 2297 aureus
1080 2236 1318 2309 Babylon
1372 2237 1645 2297 inebrians
1698 2249 1915 2290 onmem

327 2343 549 2389 terram.
589 2354 609 2387 ι
665 2332 1003 2389 Novissimus
1046 2340 1230 2385 autem
1295 2345 1391 2385 rex
1435 2328 1722 2400 Babylonis
1770 2327 1917 2383 bibet

328 2424 468 2478 hanc
498 2425 771 2492 potionem
793 2463 807 2488 ,
838 2421 1161 2492 propinante
1188 2420 1292 2477 sibi
1332 2434 1619 2474 ascensore
1646 2419 1801 2493 bigae,
1828 2433 1917 2473 ca-

328 2514 473 2580 meli,
507 2524 564 2570 et
590 2515 752 2579 asini,
782 2513 921 2584 Cyro
951 2528 1076 2583 rege
1110 2511 1388 2566 Medorum
1413 2518 1575 2578 atque
1599 2509 1912 2584 Persarum.

330 2605 609 2672 Quomodo
633 2582 1103 2674 autemVBabylon,
1136 2617 1256 2671 quae
1284 2600 1549 2655 Hebraice
1588 2599 1787 2665 dicitur
1808 2582 1918 2658 533

296 2712 303 2721 ·
332 2695 664 2786 intelligauir
690 2705 835 2786 πω
862 2712 967 2750 nou
999 2708 1327 2766 magnopere
1376 2692 1662 2758 laborabit,
1692 2691 1783 2762 qui
1815 2690 1919 2746 He-

331 2785 489 2840 braea:
515 2783 921 2863 lingum'saltem
944 2802 1169 2856 parvam
1200 2785 1451 2841 habuerit
1474 2784 1778 2840 scientiam.
1799 2783 1917 2838 Sic-

334 2883 394 2929 ut
439 2876 582 2945 apud
626 2891 725 2931 nos
755 2890 993 2948 graecum
1019 2875 1363 2945 alphabetum
1392 2890 1563 2945 usque
1587 2876 1656 2929 ad
1690 2874 1921 2930 novissi-

332 2982 477 3021 mam
499 2968 735 3023 litteram
783 2983 880 3039 per
904 2968 1151 3024 ordinem
1181 2968 1399 3039 legitur,
1441 2968 1544 3023 hoc
1570 2976 1655 3023 est
1675 2990 1724 3031 α,
1770 2967 1825 3039 β,
1867 2974 1922 3021 et

333 3067 528 3115 caetera
572 3074 743 3130 usque
789 3060 859 3115 ad
885 3076 957 3125 ω;
988 3074 1312 3129 rursumque
1344 3068 1566 3131 propter
1604 3057 1922 3113 memoriam

2010 2008 2015 2015 .
2091 1986 2111 2020 ι
2146 1968 2213 2023 Et
2242 1969 2392 2024 dices
2408 1969 2484 2042 .ad
2508 1984 2635 2023 eos:
2658 1968 2789 2029 Haec
2808 1968 2939 2023 dicit
2961 1966 3223 2037 Dominus
3247 1967 3605 2033 exercituum,

2021 2081 2040 2114 ε
2079 2064 2220 2118 Deus
2246 2060 2413 2117 lsrael
2431 2074 2445 2113 :
2462 2061 2635 2116 Bibite
2663 2069 2719 2116 et
2754 2060 3124 2125 inebriamini,
3143 2069 3199 2115 et
3218 2059 3417 2113 vomite
3447 2068 3502 2114 et
3520 2071 3610 2112 ca-

2012 2172 2043 2203 1
2077 2153 2209 2218 dite,
2235 2160 2290 2206 et
2314 2151 2484 2206 nolite
2507 2166 2837 2221 consurgere
2873 2165 2905 2204 a
2935 2149 3077 2204 facie
3096 2204 3099 2207 λ
3119 2149 3282 2221 gladii
3320 2163 3482 2218 quem
3508 2162 3609 2217 ego

2016 2263 2043 2296 ί
2086 2244 2295 2298 mittam
2346 2244 2490 2298 inter
2517 2257 2635 2297 vos.
2688 2263 2708 2294 r
2746 2242 3038 2311 Postquam
3064 2278 3081 2306 ,
3126 2240 3344 2309 inquit,
3393 2237 3606 2293 cunctis

2017 2335 2270 2407 gentibus
2291 2333 2666 2405 propinaveris
2699 2343 2757 2387 et
2788 2332 3096 2403 impleveris
3124 2339 3453 2401 praeceptum
3491 2329 3599 2383 Do-

2018 2428 2152 2482 mini
2195 2444 2209 2481 :
2268 2441 2488 2481 rursum
2540 2427 2658 2481 haec
2688 2425 2871 2483 verbis
2925 2423 3137 2478 Domini
3181 2421 3507 2491 imperabis,
3552 2428 3608 2475 ct

2018 2517 2165 2572 dices
2203 2535 2216 2571 :
2264 2536 2282 2569 ι
2330 2517 2505 2572 Bibite
2527 2524 2583 2572 et
2604 2513 2968 2580 inebriamini,
2997 2522 3053 2568 et
3082 2513 3284 2567 vomite
3308 2521 3365 2566 et
3406 2511 3605 2576 cadite,

2019 2617 2075 2663 et
2101 2600 2267 2664 n'olite
2292 2624 2641 2679 consurgere.
2673 2628 2694 2659 ι
2726 2608 2785 2663 Si
2827 2608 3010 2662 bibere
3042 2606 3333 2669 inebriari,
3364 2590 3604 2669 vomere,

2018 2706 2074 2754 et
2106 2700 2298 2755 cadere
2336 2701 2527 2759 salutis
2560 2699 2819 2754 indicium
2858 2708 2963 2764 est,
2996 2706 3054 2752 ut
3090 2698 3264 2752 instar
3289 2696 3604 2750 cathartica:

2018 2791 2256 2859 potionis
2284 2792 2445 2845 noxia
2468 2805 2695 2860 quaeque
2720 2789 3017 2858 pellantur;
3043 2785 3315 2855 quomodo
3338 2782 3605 2853 sequitur,

2026 2901 2046 2934 ι
2082 2892 2137 2937 et
2157 2883 2323 2937 nolite
2340 2881 2704 2952 consurgere?
2724 2901 2741 2932 ι
2760 2880 2891 2947 Qua:
2910 2880 2983 2934 sit
3004 2888 3183 2933 autem
3205 2876 3356 2946 potio
3377 2884 3499 2943 qum
3518 2887 3611 2927 eos

2022 2974 2217 3029 cadere
2251 2974 2419 3029 faciat
2448 2974 2502 3026 in
2525 2958 2819 3037 aiternum‘,
2852 2970 3005 3040 ponit
3030 2966 3389 3029 manifestius,
3420 2963 3472 3018 id
3507 2974 3610 3029 est,
3710 3018 3719 3023 ,

2026 3085 2049 3117 ε
2077 3082 2105 3120 a
2131 3064 2271 3121 faeie
2286 3064 2470 3136 gladii,
2497 3078 2772 3135 quemego
2792 3062 3005 3117 mittam
3029 3062 3303 3115 intervos.
3336 3076 3355 3110 ι
3385 3053 3612 3125 (ΜΑυιι.)

334 3153 682 3224 parvulorum
715 3153 951 3209 solemus
1000 3152 1250 3209 lectionis
1289 3151 1537 3208 ordinem
1576 3159 1822 3217 vertere,
1870 3159 1925 3207 et
2024 3155 2125 3214 Hie
2149 3157 2377 3227 quaestio
2412 3156 2656 3211 nascitur
2689 3155 2960 3224 quomodo
3001 3162 3123 3224 post
3144 3160 3351 3223 potum,
3376 3150 3616 3204 ειπῑθια-

337 3243 525 3312 primis
548 3253 792 3300 extrema
822 3243 1051 3301 miscere
1069 3285 1085 3309 ,
1104 3253 1182 3311 _ut
1210 3244 1453 3299 dicamus
1479 3265 1535 3308 α,
1562 3266 1622 3308 ω,
1651 3243 1710 3313 β,
1734 3241 1775 3314 ψ
1804 3258 1816 3295 :
1844 3241 1923 3299 sic

2028 3258 2156 3314 tem,
2186 3250 2560 3320 vomitumque
2590 3257 2644 3302 et
2664 3248 2878 3303 ruinam
2902 3247 2955 3300 iu
2982 3244 3215 3301 Jeremia
3248 3244 3461 3298 dicatur
3486 3239 3613 3295 Hie-

338 3345 392 3390 οι
416 3337 560 3406 aimd
606 3336 858 3393 Ηθδῖωοδ
886 3338 1123 3407 Primum
1164 3345 1249 3394 εει
1276 3348 1340 3404 Ν»
1371 3335 1667 3395 secundum
1704 3346 1766 3400 :t,
1813 3343 1925 3419 ter;-
2028 3342 2265 3398 rusalem
2293 3356 2401 3397 non
2429 3328 2590 3412 posse
2623 3353 2974 3408 consurgere,
3004 3346 3058 3392 et
3084 3336 3253 3391 isaias
3283 3334 3522 3403 loquitur
3545 3331 3613 3385 ad

338 3426 472 3481 tium
506 3436 556 3491 λ,
589 3441 760 3496 usque
785 3425 852 3481 ad
880 3426 1196 3481 Vicesimam
1217 3426 1508 3481 secundam
1539 3432 1595 3479 ει
1626 3433 1928 3480 extremam
2028 3448 2150 3488 eam
2180 3452 2193 3486 :
2228 3450 2248 3484 α
2276 3433 2522 3497 Elevare,
2542 3432 2778 3497 elevare,
2801 3443 3089 3499 consurge,
3109 3425 3468 3487 Hierusalem,
3497 3434 3617 3493 qum

341 3516 665 3582 litteramn,
713 3516 800 3571 cui
848 3515 1144 3584 penultima
1192 3524 1279 3571 cst
1324 3526 1397 3579 ur.
1453 3516 1709 3586 Legimus
1747 3515 1930 3582 itaque

342 3616 390 3667 tv
411 3619 450 3664 :t
471 3616 514 3666 n
535 3622 593 3665 κ.
645 3606 890 3675 Cumque
935 3606 1243 3661 venerimus
1271 3607 1341 3661 ad
1388 3606 1625 3663 medium
1660 3590 1713 3669 5,
1738 3605 1931 3659 littera:

342 3695 579 3750 occurrit
601 3707 652 3758 3,
684 3705 738 3750 et
762 3704 821 3753 ut
848 3695 893 3753 si
926 3701 1072 3749 recte
1106 3693 1316 3767 legatur
1344 3693 1572 3764 legimus
1612 3692 1773 3748 Babel
1796 3732 1812 3758 ,
1854 3692 1931 3746 ita

343 3784 531 3845 ordine
569 3791 900 3861 commutato
944 3782 1173 3853 legimus
1211 3781 1428 3837 Sesacli.
1480 3780 1708 3838 Vocales
1751 3788 1931 3835 autem

346 3876 536 3931 litterae
583 3876 724 3933 inter
751 3888 776 3914 ιι
803 3886 841 3935 Π
864 3883 913 3929 et
962 3885 1022 3938 ει,
1042 3872 1198 3943 juxta
1228 3873 1427 3927 idioma
1474 3872 1671 3943 linguae
1696 3871 1933 3925 Hebraeae

346 3987 416 4025 ιιι·
442 3971 542 4025 |ioc
570 3967 787 4025 nomine
813 3984 918 4027 non
946 3976 1239 4039 ponuntur,
1288 3966 1630 4035 arbitror-que
1672 3980 1702 4019 a
1744 3972 1934 4018 sancto

347 4062 606 4132 prepheta
629 4060 925 4133 prudenter
956 4058 1122 4113 fuisse
1149 4059 1402 4122 celatum,
1429 4074 1500 4112 ne
1531 4064 1717 4127 aperte
1744 4070 1934 4110 eorum

347 4161 534 4207 contra
562 4166 620 4206 se
650 4148 912 4209 insaniam
942 4147 1445 4219 conunoveret,qui
1469 4147 1791 4202 obsidebant
1811 4144 1937 4199 llic-

348 4240 603 4307 rusalctn,
632 4249 689 4299 et
702 4240 1035 4311 iamiamque
1060 4237 1178 4308 ejus
1202 4237 1425 4308 petituri
1458 4246 1616 4293 erant
1658 4254 1676 4290 ς
1714 4234 1857 4305 quod
1883 4243 1939 4290 et

350 4336 660 4406 Apostolqu
689 4344 879 4391 contra
908 4333 1195 4403 imperium
1235 4333 1540 4386 Romanum
1585 4330 1781 4387 fecisse
1806 4328 1939 4399 legi-
1968 4330 1971 4332 ’

353 4442 474 4481 mus
530 4425 610 4495 (Il
671 4424 854 4481 Thess.
907 4425 992 4493 ιι),
1041 4422 1371 4479 scribentem
1422 4422 1488 4478 de
1535 4422 1873 4478 Antichristo
1919 4437 1936 4476 :

361 4536 380 4569 ε
416 4516 533 4571 Non
559 4515 906 4579 meministis,
935 4515 1077 4582 quod
1099 4529 1222 4569 cum
1252 4513 1395 4583 apud
1419 4528 1515 4567 vos
1534 4528 1711 4568 essem
1740 4514 1936 4579 adhuc,

2033 3523 2214 3577 bibisti
2246 3523 2319 3576 ‘de
2354 3537 2519 3575 manu
2548 3520 2764 3576 Domini
2791 3519 3015 3575 calicem
3060 3519 3154 3572 ira;
3188 3518 3305 3588 ejus
3350 3528 3518 3583 usque
3548 3513 3619 3568 ad

2031 3612 2277 3677 fundum,
2297 3611 2524 3666 calicem
2554 3611 2763 3680 soporis
2785 3609 2985 3672 bibisti,
3020 3616 3074 3662 et
3099 3605 3327 3677 cpotasti
3356 3618 3527 3674 usque
3553 3603 3621 3658 ad

2033 3702 2198 3758 feces.
2243 3702 2361 3758 Non
2387 3711 2471 3757 est
2500 3701 2593 3771 qui
2637 3708 2905 3755 sustentet
2932 3714 3051 3755 eam
3090 3710 3153 3751 ex
3197 3696 3449 3751 omnibus
3496 3693 3623 3748 ﬁliis

2034 3812 2172 3866 quos
2213 3796 2431 3866 genuit,
2462 3801 2518 3846 et
2559 3810 2664 3847 non
2717 3801 2820 3858 est,
2853 3792 2944 3861 qui
2993 3789 3361 3862 apprehendat
3403 3801 3623 3841 manum

2035 3885 2152 3955 ejus
2177 3900 2243 3956 ex
2271 3885 2526 3939 omnibus
2555 3868 2678 3937 [iiiis
2702 3899 2839 3951 quos
2864 3883 3143 3936 enutrivit.
3178 3881 3296 3933 Duo
3343 3886 3470 3933 sunt
3502 3892 3623 3947 qua:

2035 3982 2396 4031 occurrerunt
2424 3974 2675 4043 tibi,quis
2703 3972 3118 4027 contristabitur
3149 3976 3315 4039 super
3335 3968 3423 4023 te?
3453 3962 3627 4020 Vasti-

2037 4074 2122 4121 tas
2148 4075 2203 4121 et
2226 4065 2502 4130 contritio,
2538 4073 2593 4119 et
2614 4062 2783 4117 fames
2812 4070 2865 4116 et
2903 4061 3131 4132 gladius,
3176 4059 3297 4128 quis
3327 4055 3628 4113 consolabi-

2038 4169 2128 4215 tur
2152 4158 2565 4232 te?t(lsa.‘1.t.)
2598 4173 2718 4228 quae
2744 4157 2816 4212 ita
2846 4156 3090 4213 solvitur.
3120 4152 3368 4221 Quandiu
3391 4151 3514 4222 quis
3542 4150 3627 4204 bi-

2037 4253 2118 4307 bit
2140 4231 2389 4319 calicem,
2418 4262 2473 4306 et
2496 4249 2816 4315 inebriatur,
2852 4247 3075 4313 insanit,
3115 4244 3389 4314 vomitque
3422 4250 3475 4298 et
3510 4231 3630 4297 cor-

2038 4346 2169 4410 ruit,
2195 4358 2301 4397 non
2323 4357 2445 4398 eum
2469 4357 2630 4412 posse
2664 4355 3010 4410 consurgere.
3063 4337 3304 4393 Necdum
3332 4335 3476 4390 enim
3504 4327 3630 4405 θρό-

2040 4433 2174 4490 tavit
2197 4432 2424 4488 calicem
2454 4431 2668 4487 Domini
2703 4444 2717 4485 :
2741 4446 2841 4486 nec
2864 4430 3111 4500 pervenit
3140 4428 3207 4483 ad
3230 4429 3393 4490 feces,
3429 4432 3486 4479 ut
3507 4416 3630 4479 eum

2040 4540 2213 4595 usque
2238 4525 2304 4578 ad
2330 4521 2560 4593 fundum
2588 4523 2799 4578 biberet
2826 4539 2840 4576 :
2875 4536 3019 4576 nunc
3055 4530 3238 4575 autem
3263 4518 3337 4573 ad
3369 4506 3629 4571 Hierusa-

353 4615 469 4665 hmc
498 4608 743 4664 dicebam
772 4606 967 4660 vobis?
995 4613 1050 4660 et
1082 4620 1227 4659 nunc
1250 4603 1381 4673 quid
1407 4604 1646 4661 detineat
1672 4605 1852 4669 scitis,
1881 4613 1939 4659 ut
1965 4585 2018 4647 Ῑ)
2043 4585 2148 4671 καὶ
2192 4616 2261 4670 de
2289 4589 2571 4683 ρὶεειθιεὶιο
2598 4611 2798 4666 dicitur
2839 4619 3087 4681 tempore
3112 4629 3124 4664 :
3148 4608 3279 4677 Qua:
3322 4608 3508 4663 bibisti
3546 4595 3634 4658 «fc

353 4701 625 4756 reveletur
666 4699 721 4753 in
761 4714 860 4754 suo
890 4706 1131 4767 tempore
1158 4698 1501 4771 (subauditur
1523 4697 1937 4769 Antichristus).

353 4792 473 4848 lam
515 4792 659 4847 enim
687 4790 1003 4861 mysterium
1037 4789 1335 4858 iniquitatis
1355 4798 1631 4858 operatur,
1652 4796 1858 4843 tantum
1883 4794 1943 4842 ut

354 4885 448 4954 qui
477 4892 622 4939 tenet
650 4885 830 4948 modo,
861 4889 1061 4947 teneat,
1084 4880 1255 4936 donec
1283 4882 1350 4936 de
1380 4881 1556 4935 medio
1580 4882 1701 4945 tiat;
1727 4888 1783 4933 et
1816 4889 1940 4934 tune

356 4973 686 5031 revelabitur
727 4972 812 5027 ille
843 4973 1079 5042 iniquus,
1114 4988 1273 5040 quem
1304 4972 1565 5027 Dominus
1587 4970 1745 5027 Jcsus
1776 4970 1943 5025 inter-

358 5067 502 5123 iiciet
523 5067 712 5139 spiritu
736 5067 847 5123 oris
866 5066 971 5131 sui,
996 5074 1051 5120 et
1071 5066 1310 5120 destruet
1332 5064 1722 5119 illuminatione
1742 5063 1940 5118 adven.

358 5164 445 5213 tus
468 5159 550 5213 sui
569 5156 651 5230 (Η
673 5156 851 5212 Thess.
869 5156 963 5227 ιι);
989 5176 1007 5209 ι
1033 5170 1182 5221 cum,
1206 5155 1446 5225 inquam,
1464 5156 1555 5225 qui
1580 5163 1726 5210 tenet
1745 5155 1941 5208 Romae

356 5262 489 5304 num
529 5248 815 5319 imperium
850 5247 1105 5305 ostendit.
1137 5245 1252 5302 Nisi
1282 5248 1427 5301 enim
1469 5248 1573 5303 hoc
1608 5248 1942 5301 destructum

356 5336 545 5405 fuerit,
560 5340 711 5396 subla
719 5324 938 5410 tumque
954 5340 1019 5397 de
1042 5339 1219 5396 medio
1232 5338 1385 5409 juxta
1401 5337 1736 5408 prophetiam
1751 5336 1945 5391 Danieo

354 5427 448 5498 iis,
475 5430 842 5487 Antichristus
866 5439 993 5489 ante
1016 5446 1120 5487 non
1159 5430 1353 5486 veniet.
1386 5429 1540 5495 Quod
1564 5429 1609 5483 si
1644 5436 1830 5497 aperte
1857 5427 1941 5481 di-

359 5537 488 5583 cere
517 5521 801 5587 voluisset,
836 5522 998 5579 stulte
1023 5512 1416 5591 persecutibnis
1454 5521 1743 5576 adversum
1786 5519 1945 5575 Chri-

360 5613 588 5677 stianos,
621 5619 678 5667 et
700 5620 827 5667 tunc
857 5621 1170 5670 nascentem
1196 5611 1497 5667 Ecclesiam
1523 5611 1733 5666 rabiem
1757 5610 1943 5667 conci-

361 5710 551 5769 tasset.
579 5700 821 5775 Longius
844 5717 1009 5773 quam
1039 5702 1557 5760 commentariorum
1582 5703 1823 5760 brevitas
1846 5716 1944 5771 pa-

378 5866 389 5875 .
438 5829 466 5861 ι
487 5815 581 5873 Sic
605 5814 1067 5889 legendumJnter
1089 5799 1129 5878 ⁸5
1150 5826 1200 5873 σι
1224 5826 1328 5877 :tet
1353 5828 1425 5885 3;
1448 5818 1847 5904 internatch
1869 5824 1943 5879 nr.

2038 4721 2206 4761 manu
2245 4704 2456 4757 Domini
2506 4701 2729 4757 calicem
2773 4700 2972 4755 furoris
3002 4702 3136 4771 ejus,
3167 4708 3357 4754 etnon
3394 4712 3514 4767 qum
3556 4689 3634 4747 bl-

2042 4799 2146 4854 bis.
2194 4795 2475 4865 Simulque
2506 4791 2984 4857 considerandum,
3013 4791 3158 4860 quod
3184 4804 3291 4843 non
3338 4776 3632 4865 prophetat,

2044 4906 2155 4945 non
2180 4888 2455 4959 apostolus
2490 4887 2685 4943 exinde
2716 4886 2881 4940 lberit
2905 4885 2960 4939 in
2995 4882 3201 4948 Judaea,
3236 4880 3325 4950 qui
3349 4892 3467 4934 eam
3510 4860 3637 4959 coii-

2046 4954 2253 5037 solatus
2283 4982 2375 5047 sit,
2399 4989 2454 5034 et
2486 4977 2908 5050 apprehenderit
2946 4988 3166 5030 manum
3198 4973 3334 5044 ejus,
3368 4979 3422 5025 et
3440 4954 3633 5050 jacet];

2039 5085 2149 5133 tem
2169 5076 2483 5132 elevaverit.
2605 5090 2715 5145 quo
2735 5069 3087 5127 manifestum
3116 5068 3221 5135 est,
3253 5062 3394 5138 quoii
3416 5048 3637 5145 postul-

2043 5172 2231 5226 timam
2265 5134 2639 5240 captivitatem
2667 5166 2770 5221 ista
2796 5165 3086 5220 dicantur:
3121 5134 3358 5230 alioquin
3387 5134 3437 5212 iii
3466 5134 3637 5241 Babi-

2043 5263 2190 5330 lone,
2220 5270 2423 5334 etpost
2456 5260 2811 5331 Babylonem,
2853 5255 3105 5312 Ezechiel
3137 5262 3191 5310 et
3234 5242 3461 5331 caeteros
3504 5248 3634 5334 pro}

2044 5326 2238 5428 phetas
2260 5326 2516 5411 habuisse
2538 5326 2658 5408 eam
2686 5358 2873 5406 narrat
2898 5347 3145 5424 historia.
3174 5344 3326 5415 Quod
3353 5326 3533 5411 autem
3557 5326 3638 5428 di:-

2046 5448 2153 5514 cit,
2176 5449 2283 5503 duo
2309 5451 2454 5513 sunt,
2479 5460 2601 5516 qua:
2620 5448 2916 5499 occurrunt
2943 5439 3062 5506 tibi,
3096 5420 3211 5494 Sive
3237 5432 3343 5492 duo
3368 5450 3399 5490 e
3418 5418 3633 5516 contra-

2046 5512 2285 5608 rio'tibi,
2314 5540 2436 5610 quis
2475 5512 2887 5594 contristabitur
2929 5547 3092 5606 super
3145 5530 3236 5587 le?
3283 5539 3337 5585 et
3376 5545 3474 5603 pro
3506 5512 3637 5613 duo;-

2046 5635 2153 5692 bus
2176 5633 2339 5691 infert
2371 5642 2626 5705 quatuor,
2666 5631 2893 5687 vastitas
2931 5638 2987 5703 et
3038 5626 3328 5703 contritio,
3368 5616 3540 5680 fames
3574 5627 3637 5687 et

2048 5730 2296 5803 gladius:
2328 5728 2405 5785 illi
2455 5722 2633 5786 Simile
2677 5734 2789 5795 est,
2836 5716 2981 5800 quod
3030 5720 3087 5797 in
3129 5718 3340 5799 psalmo
3382 5715 3645 5803 canitur}.
