4008 6340
447 387 556 446 999

1053 383 1112 438 Β.
1153 378 1404 436 RABANI
1443 377 1662 439 MAURI
1695 375 2012 434 ARCHIEP.
2053 375 2360 433 MOGUNT.
2401 373 2684 432 OPERUM
2721 373 2900 430 PARS
2933 373 3012 429 ΙΙΙ.

3558 375 3700 432 ίυυυ

452 520 477 557 ο
509 496 688 560 Semel
711 498 921 555 locutus
952 504 1037 552 est
1057 497 1216 560 Deus,
1246 484 1370 550 duo.
1390 496 1505 549 haec
1540 493 1739 558 audivi,
1777 492 1900 562 quia
1927 506 2021 560 po-
2047 497 2101 556 Α
2124 497 2300 544 vocat.
2341 487 2505 557 Cujus
2553 486 2863 543 celeumatis
2897 493 2952 540 et
2990 483 3246 540 carminis
3275 483 3484 538 sonitus
3522 497 3696 553 usque

449 603 620 652 testas
636 592 731 646 Dei
756 599 863 655 est,
883 597 938 644 et
965 589 1082 653 tibi,
1114 586 1358 650 Domine,
1381 583 1776 648 misericordia,
1799 581 1922 651 quia
1959 589 2018 634 tu

451 684 641 740 reddes
667 681 955 750 unicuique
979 677 1132 748 juxta
1171 693 1333 748 opera
1379 691 1476 731 sua
1523 673 1697 746 (Psal.
1722 673 1854 744 LXI).
1891 693 1912 727 ι
1952 672 2018 727 Et

450 774 525 830 ibi
548 773 690 828 enim
715 770 883 828 semel
908 769 1144 840 loquitur
1182 769 1343 832 Deus,
1377 767 1518 836 quod
1551 767 1889 834 omnipotens
1907 765 2013 818 sit:

449 863 630 920 etduo
656 862 861 919 audivit
891 861 1170 932 propheta,
1207 859 1350 928 quod
1375 856 1763 926 omnipotentia
1794 853 1938 910 illius
1962 854 2016 908 in

449 963 679 1022 utraque
707 961 862 1023 parte
887 949 1194 1021 praevaleat,
1224 955 1283 1003 ut
1307 957 1362 1003 et
1387 946 1779 1017 ptenitentibus
1819 944 2018 999 tribuat

419 1088 422 1090 η
449 1039 980 1110 ιιιίεθτίοοι-ιιίειω,ἐι
1013 1041 1455 1112 permanentibus
1480 1040 1535 1095 in
1574 1047 1799 1110 peccato
1828 1038 2019 1092 reddat

449 1136 707 1207 supplicia
733 1150 853 1205 quae
879 1141 1174 1198 merentur,
1213 1130 1368 1199 juxta
1391 1131 1535 1201 quod
1558 1131 1611 1184 in
1641 1132 1743 1185 hoc
1771 1130 1890 1184 loco
1912 1129 2016 1184 duo

447 1234 732 1282 occurrunt
764 1223 1116 1288 Hierusalem,
1143 1225 1264 1292 quae
1287 1222 1494 1294 singula
1537 1220 1660 1275 bina
1685 1221 1884 1275 habent
1909 1219 2016 1274 rui-

447 1333 572 1371 nam
607 1316 721 1370 sive
747 1314 1052 1369 vastitatem
1083 1312 1364 1381 :sequitur
1411 1310 1670 1366 contritio
1714 1310 1933 1375 famem,
1963 1317 2018 1364 et

449 1409 681 1480 gladium
714 1407 984 1474 interitus.

520 1520 536 1552 ι
568 1498 810 1568 Cumque
835 1497 1106 1553 noluerint
1124 1495 1367 1565 accipere
1387 1493 1611 1550 calicem
1631 1494 1698 1550 de
1720 1509 1878 1548 manu
1905 1503 2014 1559 tua,

450 1608 468 1641 ι
507 1598 565 1643 ut
584 1590 794 1655 bibant,
814 1589 964 1644 dices
985 1588 1051 1642 ad
1065 1602 1158 1642 eos
1186 1605 1197 1639 :
1228 1585 1354 1641 Haec
1373 1585 1506 1640 dicit
1527 1584 1784 1639 Dominus
1809 1573 2017 1639 exercié

415 1727 418 1730 .
451 1698 469 1731 ε
509 1689 659 1736 tuum
693 1698 706 1734 :
739 1679 993 1736 Bibentes
1023 1677 1254 1733 bibetis:
1289 1677 1414 1745 quia
1447 1690 1575 1730 ecce
1611 1676 1663 1728 in
1695 1675 1931 1738 civitate,
1963 1675 2015 1728 in

455 1792 473 1824 ί
512 1789 615 1842 qua
644 1773 950 1828 invocatum
976 1778 1060 1826 est
1084 1784 1278 1824 nomen
1301 1783 1500 1833 meum,
1531 1782 1630 1836 ego
1659 1767 1856 1836 incipio
1883 1765 2015 1819 allii-

2121 582 2190 637 ad
2220 591 2378 636 terrae
2423 587 2664 634 extrema
2695 577 2985 648 perveniet,
3023 575 3148 645 quia
3185 572 3447 643 judicium
3476 571 3694 628 Domini

2117 689 2241 728 cum
2276 672 2542 742 gentibus.
2575 671 2636 726 Si
2664 680 2843 726 autem
2876 669 3137 740 judicium
3167 667 3378 724 Domini
3413 683 3537 722 cum
3567 682 3694 740 gen-

2118 764 2262 819 tibus
2288 771 2391 827 est,
2417 771 2543 818 sunt
2581 771 2635 817 et
2664 762 2901 832 gentium
2932 760 3123 815 merita
3166 759 3378 815 diversa
3407 759 3552 831 (Ose.
3592 756 3690 831 iv).

2115 854 2195 910 Ad
2243 854 2613 924 eXponendum
2643 852 2788 907 illum
2839 852 3033 917 locum,
3085 860 3146 906 ut
3191 850 3410 919 quidam
3460 849 3690 904 volunt:

2124 963 2142 998 ‹
2177 945 2277 1012 Qui
2306 961 2409 1000 non
2446 947 2635 1011 credit,
2653 945 2762 1015 jam
2791 944 3064 1012 judicatus
3087 953 3172 999 est
3205 943 3388 1015 (Joan.
3413 943 3517 1014 ιιι).
3552 963 3569 994 ι
3600 942 3696 997 Ju-

2119 1039 2326 1094 dicatus
2363 1038 2578 1108 quidem
2603 1043 2688 1093 est
2707 1037 2760 1092 in
2792 1053 2857 1093 eo
2881 1039 3022 1107 quod
3047 1053 3150 1092 non
3174 1036 3423 1101 credidit,
3450 1035 3543 1091 sed
3569 1036 3689 1106 ipsi,

2117 1129 2208 1199 qui
2235 1144 2339 1183 non
2376 1129 2603 1184 credunt
2630 1128 2770 1182 inter
2811 1143 2870 1183 se
2899 1127 3126 1182 diversis
3147 1127 3450 1182 afﬁciuntur
3491 1125 3696 1197 suppli-

2118 1223 2237 1277 ciis.
2271 1221 2552 1277 Iudicatur
2581 1223 2694 1291 ipse
2736 1236 2858 1276 cum
2900 1221 3044 1274 omni
3081 1236 3243 1275 carne
3270 1230 3329 1273 ut
3361 1219 3536 1274 nullus
3563 1219 3698 1287 inju-

2118 1314 2325 1369 dicatus
2372 1313 2651 1368 habeatur.
2697 1311 2893 1382 lmpios
2937 1321 3140 1377 autem,
3195 1311 3299 1366 hoc
3357 1319 3442 1365 est
3494 1309 3585 1380 qui
3640 1311 3696 1364 in

2120 1403 2285 1458 Deum
2310 1419 2416 1458 non
2445 1405 2693 1469 credunt,
2727 1405 2895 1459 tradit
2935 1403 3111 1474 gladio
3155 1403 3502 1472 sempiterno.
3552 1402 3699 1456 Alle-

2118 1493 2283 1564 gorici
2311 1495 2630 1564 interpretes
2649 1493 2804 1564 juxta
2841 1493 3197 1564 Septuaginta
3228 1493 3372 1547 hunc
3418 1492 3592 1547 locum
3617 1492 3701 1546 sic

2117 1588 2438 1653 edisserunt,
2453 1597 2512 1642 ut
2532 1589 2598 1643 ad
2629 1589 2824 1643 bonam
2850 1597 3058 1642 partem
3081 1586 3316 1642 referant
3331 1595 3568 1657 apertam
3591 1586 3701 1638 Do-

2118 1677 2249 1731 mini
2271 1679 2766 1734 comminationem.
2789 1680 3068 1743 Dominus,
3099 1678 3368 1747 inquiunt,
3393 1679 3459 1731 de
3484 1676 3698 1731 excelso

2120 1782 2435 1838 responsum
2487 1769 2670 1834 dabit,
2720 1769 2803 1823 his
2875 1769 3125 1824 videlicet
3186 1784 3322 1837 quos
3392 1768 3700 1822 salvaturus

451 1880 470 1912 α
511 1878 658 1934 gere,
687 1872 741 1917 et
769 1877 865 1916 vos
895 1862 1048 1932 quasi
1071 1861 1386 1916 innocentes
1423 1859 1691 1914 immunes
1717 1858 1869 1913 eritis
1895 1856 2018 1929 (sive
2046 1851 2094 1910 B
2123 1867 2228 1922 est,
2259 1866 2312 1912 et
2350 1860 2415 1914 de
2444 1859 2560 1914 loco
2595 1869 2786 1914 sancto
2831 1875 2928 1913 suo
2969 1859 3118 1914 dabit
3167 1875 3357 1914 vocem
3397 1874 3581 1923 suam,
3613 1872 3702 1912 re-
3749 1885 3756 1891 ’

451 1969 472 2002 ε
510 1960 566 2005 et
584 1966 682 2006 vos
705 1950 967 2031 munditia
996 1950 1181 2005 mundi
1206 1948 1413 2020 eritis)?
1432 1948 1550 2003 Non
1583 1949 1735 2004 eritis
1755 1949 2020 2003 immunes

454 2058 474 2092 ι
517 2041 642 2111 (sive
691 2057 798 2097 non
840 2041 992 2096 eritis
1035 2040 1283 2111 mundi).
1342 2060 1360 2092 ι
1417 2039 1712 2110 (Hiei-on.)
1767 2038 2022 2092 Latenter

445 2133 703 2200 ostendit,
745 2141 1074 2203 praeceptum
1100 2131 1219 2196 Dei,
1251 2130 1343 2200 qui
1383 2130 1657 2184 voluntate
1704 2129 1882 2184 facere
1926 2143 2021 2183 no-

443 2222 666 2288 luerint,
715 2230 1058 2291 suseepturos
1092 2221 1419 2277 necessitate
1443 2229 1500 2276 et
1523 2219 1802 2273 audituros
1833 2218 2021 2273 biben-

445 2322 528 2370 tes
580 2313 794 2379 bibetis,
834 2313 1033 2380 velitis,
1071 2313 1277 2383 inquit,
1328 2311 1511 2366 nolitis
1558 2311 1652 2364 Dei
1704 2309 2020 2379 complenda

448 2402 715 2458 sententia
761 2411 863 2456 est.
913 2400 971 2456 Si
1003 2401 1148 2456 enim
1197 2401 1389 2457 civitas
1434 2399 1802 2463 Hierusalem,
1833 2398 1887 2452 in
1913 2413 2018 2466 qua

444 2501 634 2547 notum
657 2491 758 2546 fuit
782 2506 978 2548 nomen
1005 2491 1120 2558 Dei,
1151 2491 1361 2546 dicente
1385 2489 1651 2560 Propheta
1677 2507 1690 2542 :
1723 2509 1739 2540 ι
1774 2489 1945 2543 Notus
1965 2487 2020 2541 in

441 2581 627 2638 Judaea
670 2581 831 2648 Deus,
877 2583 932 2637 in
958 2582 1124 2638 Israel
1149 2597 1406 2654 magnum
1452 2597 1648 2637 nomen
1689 2581 1807 2650 ejus
1844 2578 2018 2651 (Psal.

447 2672 634 2744 Lxxv),
661 2672 799 2728 bibit
845 2688 1118 2728 meracum
1172 2673 1396 2728 calicem
1435 2670 1768 2740 furorisque,
1819 2678 2020 2740 quanto

442 2763 615 2833 magis
660 2779 758 2819 vos
810 2779 919 2818 non
963 2763 1118 2820 eritis
1150 2762 1355 2828 mundi,
1389 2762 1480 2832 qui
1518 2776 1620 2832 pro
1661 2762 1757 2816 Dei
1804 2760 2021 2815 nomine

441 2852 584 2909 idola
631 2854 844 2910 colitis?

519 2965 537 2996 ε
576 2944 828 3002 Gladium
869 2945 1017 3001 enim
1061 2960 1162 3016 ego
1205 2960 1338 3001 voco
1366 2959 1528 3016 super
1570 2959 1760 3001 omnes
1806 2943 2020 2998 habita-

448 3055 466 3087 ι
511 3046 656 3090 tores
687 3045 879 3101 terra},
910 3036 1042 3090 dicit
1083 3037 1341 3091 Dominus
1379 3037 1737 3092 exercituum.
1769 3054 1788 3086 ι
1812 3035 1916 3089 Ista
1938 3040 2021 3088 est

442 3127 591 3196 potio
639 3126 1032 3191 meracissima,
1081 3126 1182 3181 iste
1227 3125 1369 3181 calix
1415 3126 1613 3180 furoris
1658 3124 1890 3188 Domini,
1927 3122 2019 3193 qui

2123 1949 2507 2018 spondebitque
2555 1964 2857 2005 sermonem
2902 1949 2956 2004 in
3017 1948 3135 2004 loco
3186 1965 3320 2013 suo,
3386 1949 3458 2003 illi
3515 1959 3701 2003 autem

2123 2039 2273 2108 quasi
2315 2039 2705 2094 vindemiantes
2752 2038 2895 2107 pleni
2954 2038 3216 2094 fructibus
3247 2038 3388 2093 illius
3415 2036 3701 2092 sententia:

2120 2130 2523 2199 respondebunt
2562 2147 2574 2182 :
2606 2128 2781 2198 Super
2823 2145 3009 2184 omnes
3045 2131 3380 2185 habitatores
3407 2138 3565 2184 teme
3608 2145 3703 2196 ve-

2121 2221 2235 2275 niet
2263 2220 2531 2274 interitus.
2583 2221 2699 2275 Non
2752 2236 2916 2289 super
2960 2219 3270 2275 universam
3319 2231 3556 2284 terram;
3605 2219 3701 2274 sed

2122 2325 2283 2379 super
2307 2318 2514 2380 partem
2544 2317 2722 2376 teme,
2748 2324 2937 2365 eorum
2979 2310 3257 2375 videlicet,
3302 2312 3392 2381 qui
3423 2327 3528 2366 non
3575 2327 3700 2365 cre-

2121 2404 2282 2466 dunt;
2310 2401 2572 2470 judicium
2611 2401 2755 2456 enim
2804 2401 2908 2456 erit
2960 2401 3013 2456 in
3059 2401 3327 2472 gentibus,
3355 2411 3410 2456 et
3455 2403 3566 2472 ipse
3609 2399 3704 2468 ju-

2122 2492 2388 2548 dicabitur
2429 2509 2551 2548 cum
2581 2493 2724 2549 omni
2755 2508 2920 2549 carne
2943 2533 2959 2559 ,
3006 2495 3155 2564 impii
3191 2504 3372 2550 autem
3421 2495 3703 2550 tradentur

2123 2586 2321 2657 gladio.
3076 2628 3077 2631 η

2198 2693 2216 2726 ‹
2255 2675 2378 2731 Ηωο
2417 2676 2548 2730 dicit
2593 2676 2851 2732 Dominus
2900 2677 3232 2732 exercituum
3267 2695 3279 2732 :
3310 2679 3452 2734 Ecce
3483 2677 3702 2733 afflictio

2126 2785 2146 2817 ι
2187 2767 2311 2839 (sive
2338 2766 2559 2838 malum)
2605 2767 2913 2837 egredietur
2942 2767 3006 2821 de
3049 2775 3206 2837 gente
3253 2768 3306 2821 in
3336 2775 3546 2838 gentem
3593 2785 3606 2819 :
3641 2775 3699 2822 et

2127 2875 2145 2908 ι
2185 2859 2344 2913 turbo
2377 2873 2606 2928 magnus
2645 2857 2773 2929 (sive
2804 2857 3129 2928 tempestas)
3161 2859 3464 2928 egredietur
3490 2872 3521 2910 a
3546 2871 3697 2912 sum-

2125 2965 2145 3000 ι
2180 2948 2462 3004 initatibus
2508 2947 2632 3019 (sive
2670 2948 2927 3003 extremis
2972 2947 3164 3017 terrai)
3199 2961 3213 3000 :
3245 2956 3300 3001 et
3325 2955 3482 3002 erunt
3526 2946 3693 3000 inter-

2125 3059 2144 3092 ‹
2182 3039 2306 3095 fecti
2333 3040 2544 3094 Domini
2573 3039 2699 3111 (sive
2717 3041 3031 3094 vulneratia
3052 3039 3395 3108 Domino),in
3425 3039 3510 3093 die
3545 3037 3632 3092 illa
3665 3054 3698 3092 a

2125 3153 2146 3186 α
2185 3149 2394 3189 summo
2424 3143 2580 3189 terra:
2610 3149 2778 3203 usque
2810 3147 3079 3188 summum
3115 3132 3246 3202 ejus.
3291 3131 3404 3186 Non
3435 3131 3698 3201 plangen-

443 3232 551 3271 non
581 3231 744 3286 super
767 3216 937 3271 solam
978 3216 1332 3282 Hierusalem,
1362 3217 1458 3272 sed
1482 3232 1644 3287 super
1685 3232 1898 3271 omnem
1928 3231 2021 3270 vo—
2046 3205 2092 3268 C
2129 3244 2147 3275 ι
2192 3233 2300 3288 tur,
2343 3233 2396 3277 et
2445 3238 2554 3277 non
2599 3223 2946 3294 colligentur,
3006 3237 3181 3292 neque
3227 3222 3600 3292 sepelientur:
3643 3220 3700 3274 in

444 3315 596 3361 catur
621 3315 852 3372 terram,
899 3314 954 3361 et
1001 3315 1225 3362 cunctas
1272 3308 1329 3362 in
1379 3307 1609 3362 circuitu
1641 3307 1923 3371 nationes,
1953 3307 2020 3361 de

445 3411 552 3465 quo
589 3411 748 3466 supra
803 3395 1014 3450 dixerat
1062 3414 1074 3449 :
1109 3397 1176 3450 Et
1215 3397 1429 3452 mittam
1468 3397 1538 3452 ad
1589 3395 2018 3451 Nabuchodono-

443 3501 536 3543 sor
578 3502 756 3558 regem
800 3485 1094 3558 Babylonis
1137 3501 1354 3543 servum
1401 3501 1604 3552 meum,
1650 3493 1705 3541 ct
1757 3486 2021 3541 adducam

442 3591 567 3634 eum
595 3590 755 3646 super
779 3583 980 3631 terram
1022 3576 1180 3630 istam
1198 3615 1213 3642 ,
1249 3584 1305 3631 et
1346 3589 1505 3644 super
1530 3575 1863 3629 habitatores
1883 3573 2018 3642 ejus,

442 3674 497 3721 et
543 3681 705 3736 super
753 3680 942 3722 omnes
992 3666 1241 3722 nationes
1263 3705 1280 3733 ,
1326 3680 1448 3736 quae
1498 3666 1553 3720 in
1598 3666 1829 3722 circuitu
1880 3665 2023 3720 illius

444 3767 590 3813 sunt.

519 3868 537 3900 ι
570 3849 638 3903 Ει
654 3856 710 3904 ιιι
735 3850 1084 3920 prophetabis
1109 3849 1178 3904 ad
1199 3863 1294 3906 eos
1318 3851 1502 3904 omnia
1520 3849 1684 3904 verba
1711 3850 1916 3915 haec,et
1939 3850 2024 3904 di-

449 3957 467 3990 ι
505 3953 595 3993 ces
617 3938 685 3993 ad
712 3938 833 3994 illos
865 3957 879 3993 :
913 3930 1173 3995 Dominus
1214 3940 1280 3994 de
1327 3939 1542 3994 excelso
1569 3941 1746 4012 rugiet
1781 3941 1909 4012 (sive
1937 3955 2024 3996 re-

387 4033 392 4038 '
450 4045 470 4079 σ
506 4042 763 4097 sponsum
793 4027 984 4099 dabit),
1019 4037 1075 4084 et
1111 4029 1177 4084 de
1203 4028 1508 4085 habitacula
1538 4038 1725 4084 sancto
1751 4044 1849 4084 suo
1874 4029 2024 4084 dabit

451 4137 471 4172 (
507 4135 693 4175 vocem
718 4135 892 4176 suam.
922 4119 1162 4190 Rugiens
1189 4121 1366 4192 rugiet
1403 4135 1564 4190 super
1585 4121 1836 4176 decorem
1866 4136 2024 4176 suum

453 4227 472 4261 ι
512 4210 649 4280 (sive
695 4210 1045 4281 respondebit
1091 4225 1251 4278 super
1299 4211 1477 4265 locum
1515 4226 1672 4267 suum
1717 4229 1732 4264 :
1779 4212 2020 4278 celeuma

451 4320 469 4354 σ
505 4304 660 4369 quasi
686 4303 1013 4358 calcantium
1042 4301 1378 4367 concinetur,
1403 4302 1689 4358 adversum
1721 4319 1908 4360 omnes
1931 4305 2026 4358 ha-

457 4409 476 4442 (
513 4391 778 4446 bitatores
820 4401 999 4446 terrae.
1043 4390 1298 4446 Pervenit
1339 4392 1548 4447 sonitus
1584 4392 1710 4464 (sive
1751 4395 2022 4466 interitus)

460 4498 478 4530 ι
515 4494 690 4548 usque
714 4479 782 4534 ad
794 4487 1052 4553 extrema
1075 4480 1204 4554 (sive
1227 4497 1392 4553 super
1411 4485 1643 4556 partem)
1673 4494 1829 4540 terra:
1855 4505 1866 4539 :
1899 4487 2025 4557 quia

2129 3333 2147 3364 ε
2185 3313 2579 3382 sterquilinium
2600 3328 2764 3384 super
2788 3314 2981 3368 faciem
3009 3321 3166 3368 teme
3203 3313 3474 3383 iacebunt.
3515 3333 3533 3364 ι
3564 3312 3701 3367 Eru-

2122 3405 2344 3458 bcseant
2388 3403 2479 3474 qui
2501 3404 2611 3457 vim
2643 3404 2935 3473 Scriptura:
2960 3413 3158 3459 sanctae
3205 3403 3382 3458 facere
3408 3414 3699 3469 conantur,

2123 3496 2178 3550 in
2232 3497 2429 3551 bonam
2481 3505 2694 3566 partem
2763 3510 2825 3550 ea
2881 3511 3000 3567 quae
3054 3497 3486 3552 comminationis
3542 3497 3698 3567 plena

2121 3595 2248 3641 sunt
2299 3588 2645 3656 disserentes.
2674 3586 2750 3642 De
2771 3588 2874 3642 hoc
2904 3595 3084 3642 autem
3117 3596 3246 3658 puto
3273 3587 3391 3642 loco
3417 3587 3620 3643 dixisse
3647 3596 3702 3641 et

2123 3679 2446 3733 Dominum:
2484 3697 2502 3729 ι
2535 3678 2836 3749 Consurget
2871 3694 3002 3749 gens
3023 3677 3309 3734 adversum
3345 3687 3559 3749 gentem
3584 3718 3600 3744 ,
3646 3686 3704 3733 et

2123 3787 2350 3840 regnum
2375 3779 2564 3828 contra
2586 3786 2809 3842 regnum
2834 3769 2985 3841 (Luc.
3020 3770 3170 3842 xxi),
3206 3790 3225 3824 ι
3267 3779 3321 3827 et
3355 3779 3547 3826 caetera
3581 3785 3703 3838 qua:

2124 3865 2177 3918 in
2207 3865 2320 3932 ipsa
2347 3862 2621 3931 Evangelii
2649 3862 2914 3916 sententia
2941 3862 3303 3916 continentur.
3336 3861 3702 3930 lntelligamus

2123 3961 2302 4008 autem
2335 3954 2449 4007 hate
2474 3951 2616 4007 facta
2631 3952 2786 4022 juxta
2813 3951 3109 4014 historiam,
3139 3949 3354 4018 quando
3376 3963 3406 4003 a
3440 3965 3566 4020 rege
3596 3949 3701 4004 Ba-

2123 4042 2339 4113 bylonio
2361 4049 2566 4096 cunctae
2601 4041 2848 4095 nationes
2879 4039 2934 4093 in
2963 4039 3191 4095 circuitu
3229 4039 3527 4110 subjugata:
3552 4049 3699 4104 sunt,

2123 4141 2179 4188 et
2206 4133 2488 4203 imperium
2515 4132 2629 4201 ejus
2655 4147 2875 4188 sensere
2897 4130 3132 4186 crudele.
3165 4130 3260 4187 Vel
3288 4132 3444 4202 juxta
3471 4132 3702 4202 prophe-

2127 4222 2256 4278 tiam
2299 4222 2458 4294 longo
2487 4232 2609 4294 post
2658 4232 2897 4293 tempore
2936 4224 2989 4277 in
3023 4224 3486 4280 consummatione
3517 4227 3702 4280 mundi

2125 4314 2322 4370 futura.
2366 4314 2733 4386 Dicunturque
2775 4316 3040 4371 interfecti
3084 4334 3110 4371 a
3151 4318 3400 4383 Domino,
3427 4334 3531 4373 non
3560 4319 3705 4387 quod

2127 4406 2384 4461 Dominus
2414 4407 2528 4476 ipse
2577 4409 2862 4476 percutiat,
2915 4409 3009 4463 sed
3053 4410 3194 4479 quod
3222 4409 3273 4462 in
3324 4410 3544 4466 interitu
3575 4427 3702 4480 pes-

2130 4496 2388 4552 simorum
2415 4496 2662 4554 voluntas
2706 4507 2762 4552 et
2792 4499 3082 4568 imperium
3106 4501 3316 4556 Domini
3346 4503 3699 4572 compleatur.

453 4587 472 4622 ι
503 4569 768 4639 judicium
813 4572 1042 4631 Domino
1085 4590 1208 4630 cum
1252 4577 1503 4646 gentibus
1545 4595 1559 4631 :
1598 4578 1870 4650 judicatur
1913 4548 2105 4650 ipseD
2207 4604 2225 4635 ‹
2267 4583 2475 4640 Ululate
2515 4585 2656 4657 (sive
2693 4548 2982 4659 juhilatre),
3024 4548 3300 4658 pastores,
3345 4600 3402 4646 et
3440 4548 3700 4656 clramate;

451 4682 468 4714 ι
508 4677 632 4718 cum
674 4665 817 4720 omni
844 4681 1026 4734 carne,
1058 4667 1251 4739 impios
1285 4669 1480 4725 tradidi
1525 4671 1720 4742 gladio,
1751 4671 1880 4727 dicit
1922 4672 2028 4726 Do-

450 4771 469 4803 ‹
505 4753 706 4810 minus.
755 4773 774 4806 ι
807 4754 1048 4811 Primum
1079 4758 1324 4814 dicamus
1353 4769 1412 4814 ut
1457 4775 1517 4815 se
1565 4761 2024 4832 interpretationis

443 4841 647 4897 veritas
668 4843 848 4900 habet.
876 4845 1118 4912 Cunctis,
1162 4848 1355 4918 inquit,
1383 4850 1633 4918 gentibus
1675 4852 2025 4922 prophetabis

446 4939 502 4988 et
530 4931 698 4998 dices,
730 4936 876 5004 quod
903 4937 1162 4993 Dominus
1201 4937 1268 4993 de
1298 4939 1513 4995 excelso
1559 4942 1758 5012 rugiat,
1784 4942 1889 4996 hoc
1915 4951 2021 5008 est,

448 5022 541 5076 det
567 5023 650 5076 sui
688 5021 889 5080 furoris
919 5027 1198 5094 indicium,
1217 5027 1373 5096 juxta
1403 5030 1555 5098 illud,
1591 5033 1734 5102 quod
1763 5034 2023 5102 scriptum

447 5119 533 5166 est
568 5127 582 5165 :
635 5130 654 5164 ι
695 5113 806 5170 Leo
846 5117 1038 5187 rugiet,
1076 5127 1135 5174 et
1161 5121 1284 5189 quis
1324 5137 1431 5178 non
1476 5124 1686 5178 timebit
1718 5143 1733 5179 :
1765 5125 2026 5181 Dominus

449 5201 662 5258 locutus
682 5213 787 5270 est,
827 5208 947 5276 quis
975 5225 1082 5264 non
1107 5213 1488 5282 proplictabit?
1511 5213 1690 5285 (Amos
1723 5214 1835 5288 ιιι)›
1862 5224 1919 5270 et
1962 5216 2028 5272 de

451 5291 761 5349 habitacula
778 5304 969 5353 sancto
991 5313 1089 5355 suo
1122 5301 1273 5358 dabit
1297 5319 1485 5358 vocem
1516 5319 1695 5370 suam,
1721 5312 1780 5359 ut
1804 5314 2029 5363 cunctos

453 5386 655 5438 terreat
674 5385 951 5445 audientes
967 5406 980 5444 :
997 5392 1173 5464 rugiet
1197 5401 1380 5450 autem
1396 5408 1558 5464 super
1571 5395 1822 5452 decorem
1845 5413 2027 5465 suum,

452 5471 558 5530 hoc
583 5483 698 5543 est,
723 5493 887 5549 super
913 5483 1189 5552 templum.
1216 5485 1460 5554 Cumque
1481 5485 1571 5542 ille
1610 5488 1836 5558 rugierit
1856 5490 2029 5545 instar

453 5563 778 5624 calcantium
827 5571 883 5626 in
921 5574 1280 5629 torcularibus
1311 5574 1554 5633 celeuma
1599 5581 1930 5646 cantabitur,
1976 5588 2032 5636 et

453 5656 509 5715 in
533 5658 791 5720 effusione
833 5666 1112 5737 sanguinis
1147 5665 1320 5723 mutui
1345 5685 1565 5726 carmen
1598 5669 1825 5744 lugubre
1850 5672 2032 5729 conci-

457 5757 638 5817 netur,
664 5755 806 5822 quod
845 5755 1204 5829 Symmachus
1233 5762 1562 5839 ιωιτὰληγμα,
1601 5763 1794 5835 Aquila
1845 5768 2032 5840 ἰασμόν

2134 4693 2154 4728 ‹
2189 4676 2455 4746 aspergite
2482 4691 2579 4731 vos
2621 4676 2818 4740 cinere,
2851 4679 3137 4748 optimates
3167 4679 3344 4751 gregis
3389 4681 3516 4752 (sive
3543 4682 3699 4752 plan-

2133 4765 2301 4836 i'gite
2330 4767 2527 4822 arietes
2556 4767 2795 4840 ovium),
2827 4771 2950 4838 quia
2980 4770 3180 4839 impleti
3216 4781 3343 4826 sunt
3371 4772 3486 4828 dies
3512 4774 3698 4834 vestri,

2135 4877 2152 4908 ι
2190 4867 2250 4912 ut
2276 4859 2669 4933 interticiamini
2689 4900 2704 4926 ,
2732 4871 2786 4915 et
2813 4862 3194 4931 dissipationes
3219 4875 3432 4930 vestrae,
3461 4873 3514 4920 et
3543 4866 3703 4920 cade-

2134 4968 2152 5000 ι
2189 4949 2260 5004 tis
2287 4951 2442 5019 quasi
2472 4967 2594 5006 vasa
2643 4954 2878 5022 pretiosa
2909 4956 3034 5022 (sive
3059 4955 3212 5023 quasi
3241 4938 3466 5010 'arietes
3495 4956 3698 5025 electi).

2133 5058 2153 5091 ‹
2191 5039 2258 5094 Et
2286 5042 2482 5110 peribit
2513 5042 2639 5112 fuga
2682 5059 2711 5096 a
2756 5044 3082 5113 pastorib’us,
3113 5056 3168 5100 et
3211 5046 3437 5102 salvatio
3467 5046 3536 5101 ab
3565 5047 3705 5115 epti—

2135 5148 2154 5181 σ
2190 5131 2425 5186 matibus
2465 5131 2592 5203 (sive
2641 5134 2899 5189 arietibus
2926 5136 3144 5207 gregis).
3180 5156 3200 5189 ι
3232 5135 3532 5192 Notandum
3562 5135 3705 5207 quod

2129 5220 2184 5274 in
2242 5220 2346 5275 hoc
2391 5228 2598 5276 tantum
2647 5221 2766 5278 loco
2816 5221 3168 5295 Septuaginta
3201 5225 3433 5296 jubilum
3480 5227 3534 5280 in
3591 5241 3710 5279 ma-

2129 5309 2237 5364 lam
2282 5320 2491 5378 partem
2537 5313 2818 5380 posuerint
2861 5331 2874 5366 :
2935 5329 3033 5384 pro
3083 5330 3190 5385 quo
3243 5315 3334 5371 alii
3383 5317 3712 5385 interpretes

2131 5399 2428 5466 ululatum,
2487 5410 2545 5456 ut
2603 5405 2657 5456 in
2706 5402 2933 5460 Hebraeo
2978 5407 3236 5476 scriptum
3286 5416 3410 5473 est,
3470 5416 3713 5462 transtu-

2130 5495 2262 5550 lere.
2292 5495 2440 5550 Inter
2485 5506 2732 5567 pastores
2768 5508 2824 5554 et
2870 5501 3087 5568 arietes,
3119 5491 3231 5558 sive
3276 5504 3564 5573 optimates
3587 5518 3714 5574 gro-

2134 5587 2214 5655 gis
2262 5586 2364 5641 ista
2417 5587 2668 5644 distantia
2719 5599 2800 5646 est
2841 5594 3026 5660 :quod
3063 5602 3310 5663 pastores
3363 5595 3714 5652 rationalium

2135 5687 2279 5745 sunt,
2308 5679 2506 5736 arietes
2534 5690 2712 5737 autem
2734 5692 2790 5739 et
2809 5686 3098 5757 optimates
3136 5688 3444 5745 referuntur
3479 5689 3546 5745 ad
3572 5689 3715 5743 divi-

2135 5769 2334 5840 tes,qui
2349 5780 2404 5825 et
2418 5770 2520 5841 ipsi
2537 5787 2664 5844 pars
2675 5776 2854 5846 gregis
2868 5778 3220 5844 appellantur.
3237 5780 3498 5838 Ouodaue
3514 5779 3676 5835 infert
3692 5792 3710 5834 :
