4008 6340
246 388 393 448 ,1001

1179 383 1549 444 EXPOSITIO
1585 383 1814 444 SUPER
1859 379 2231 442 JEREMIAM.
2268 413 2332 437 -.
2374 381 2503 439 LIB.
2545 382 2614 439 Χ.

3391 385 3531 442 1002

259 522 278 555 ι
311 499 574 573 Completi
601 506 729 556 sunt
755 498 868 556 dies
887 498 1074 565 vestri,
1096 508 1156 554 ιιι
1178 499 1603 557 interﬁciamini.
1639 521 1660 555 ι
1691 501 1843 558 Tunc
1867 506 1922 566 Α
1945 497 2355 558 subversionem
2391 496 2683 570 Babylonis
2711 512 2744 553 a
2791 497 3023 554 Domino
3064 497 3222 554 electi
3273 505 3420 565 sunt,
3448 498 3531 556 sic

251 595 669 674 complebuntur
694 595 811 652 dies
859 611 1082 663 eorum,
1116 597 1331 674 quando
1376 597 1580 653 fuerint
1618 607 1844 668 peccata

251 671 524 759 completa
542 704 557 754 ;
576 696 632 743 et
652 687 1029 759 dispergentur
1048 696 1103 743 et
1125 671 1321 744 cadent
1342 689 1483 745 sicut
1496 704 1627 744 vasa
1645 690 1845 760 pretio-

252 795 312 836 sa
327 820 342 845 ,
359 788 420 835 ut
433 778 710 838 confracta
729 794 837 835 non
849 779 1067 835 valeant
1091 780 1406 846 instaurari,
1422 788 1478 835 et
1501 787 1706 850 quanto
1719 787 1845 835 ante

253 872 408 928 fuere
434 859 782 942 pretiosiora,
811 879 964 927 tanto
990 871 1166 942 majus
1187 886 1378 927 eorum
1408 872 1464 927 in
1489 871 1754 927 fraetione
1776 871 1848 926 sit

256 969 536 1032 damnum,
568 964 683 1022 sive
707 964 865 1035 quasi
895 964 1096 1020 arietes
1123 963 1302 1030 electi,
1338 974 1400 1020 ut
1423 964 1639 1035 pinguis
1666 962 1846 1018 hostia

254 1059 327 1114 sit
355 1060 616 1113 devorare
661 1054 1015 1128 cupientium.
1040 1042 1075 1107 ἰ
1111 1055 1367 1121 Peribit,‘
1410 1055 1620 1125 inquit,
1650 1053 1773 1125 fuga
1815 1067 1847 1107 a

252 1149 561 1220 pastoribus
580 1190 595 1216 ,
628 1168 647 1200 ι
681 1148 900 1220 quando
931 1163 1038 1202 non
1069 1147 1282 1218 egerint
1320 1145 1718 1217 paenitentiam.
1745 1143 1850 1199 De-

253 1241 418 1310 nique
448 1239 649 1295 dicitur
666 1239 733 1295 ad
759 1238 1065 1294 Pharisteos
1097 1256 1110 1292 :
1157 1258 1176 1289 ‹
1207 1236 1492 1293 Genimina
1516 1235 1844 1307 viperarum,

255 1331 376 1401 quis
391 1330 631 1388 ostendit
650 1331 804 1387 vobis
824 1328 1012 1400 fugere
1037 1329 1106 1384 ab
1123 1329 1204 1384 ira
1223 1328 1488 1384 ventura?
1519 1347 1539 1380 ι
1561 1327 1713 1399 (Luc.
1741 1326 1848 1398 ut.)

254 1421 324 1477 Et
351 1425 405 1476 in
431 1422 660 1478 Psalmis
704 1421 982 1493 legimus:
1029 1439 1048 1471 ‹
1095 1419 1270 1488 Periit
1314 1419 1440 1491 fuga
1483 1435 1515 1474 a
1553 1433 1643 1474 me
1673 1416 1846 1491 (Psal.

255 1513 422 1585 cxu).
464 1534 482 1566 ›
520 1533 537 1566 ‹
573 1514 640 1568 Et
665 1512 914 1578 salvatio,
942 1511 1136 1582 inquit,
1178 1510 1255 1567 ab'
1275 1511 1626 1582 optimatibus
1669 1509 1851 1583 gregis

257 1602 386 1675 (sive
412 1602 723 1674 arietibus).
759 1623 778 1655 ι
808 1601 934 1660 ’Δπὸ
955 1608 1122 1658 κοινοῦ
1157 1601 1494 1669 subauditur,
1532 1601 1743 1672 peribit.

336 1713 356 1746 ι
388 1696 502 1751 Vox
535 1695 788 1750 clamOris
821 1702 1098 1764 pastorum
1151 1702 1208 1748 et
1247 1693 1482 1748 ululatus
1529 1678 1850 1763 optimatum

265 1807 293 1839 ε.
321 1790 504 1860 gregis
528 1789 654 1860 (sive
671 1788 901 1860 jubilum
925 1787 1204 1858 arietum),
1241 1788 1368 1858 quia
1394 1786 1628 1843 vastavit
1663 1785 1851 1841 Domi-

1943 602 2000 648 et
2027 608 2173 648 nunc
2222 590 2740 656 Nabuchodonosor,
2771 590 2863 659 qui
2892 589 3105 645 Domini
3151 589 3381 660 imperio
3409 603 3526 646 ser-

1944 684 2435 742 viebatdestruens
2472 682 2969 756 praevaricationem
3003 682 3376 750 Hierusalem,
3415 697 3532 740 ser-

1944 793 2044 832 vus
2065 776 2279 833 Domini
2310 785 2366 833 et
2408 775 2658 833 columba
2695 782 2939 830 vocatur.
2992 771 3261 846 (Ηὶενοη.)
3301 772 3408 831 Pro
3447 788 3536 830 co-

1946 868 2123 923 lumba
2149 867 2504 940 Septuaginta
2555 867 2947 923 transtulerunt
2973 864 3208 936 gladium
3238 879 3489 936 magnum
3511 878 3535 918 :

1946 961 2076 1017 licet
2100 960 2408 1018 columbam
2431 969 2486 1018 et
2527 961 2580 1016 in
2620 974 2851 1032 persona
2894 956 3228 1013 Hierusalem
3265 956 3538 1026 possimus

1947 1059 2210 1130 accipere,
2243 1056 2386 1130 quod
2426 1061 2696 1116 irascatur
2724 1071 2778 1114 et
2813 1059 2988 1114 tristis
3029 1059 3099 1113 sit
3141 1072 3199 1112 se
3237 1055 3409 1111 leonis
3451 1054 3536 1111 sui

1908 1179 1912 1182 η
1945 1150 2248 1220 perdidisse
2269 1152 2589 1217 custodiam,
2603 1159 2658 1206 et
2679 1159 2881 1206 terram
2897 1165 3050 1206 suam
3070 1148 3286 1204 venisse
3311 1147 3365 1201 in
3385 1147 3541 1202 deso-

1949 1240 2225 1297 lationem.
2277 1260 2295 1294 ‹
2333 1244 2559 1300 Deserta
2589 1241 2732 1299 facta
2765 1251 2849 1298 est
2887 1251 3033 1296 terra
3068 1257 3099 1296 a
3143 1239 3283 1296 facie
3324 1239 3419 1294 irae
3445 1251 3538 1293 eo-

1950 1331 2168 1400 lumbaa,
2191 1350 2220 1388 a
2245 1333 2381 1391 facie
2402 1335 2600 1391 furoris
2627 1335 2861 1392 Domini.
2886 1354 2903 1387 ι
2933 1332 3194 1405 (Gregor.)
3217 1333 3372 1400 Quod
3393 1330 3539 1388 enim

1950 1423 2033 1478 ira
2071 1424 2334 1480 columbae
2353 1427 2701 1497 praedixerat,
2742 1427 2846 1482 hoc
2883 1425 3124 1481 furorem
3163 1423 3373 1479 Domini
3411 1422 3541 1478 sub-

1944 1513 2128 1585 junxit
2170 1516 2497 1572 columbam.
2530 1515 2791 1573 Columba
2823 1531 3058 1585 namque
3108 1515 3267 1570 valde
3313 1513 3544 1584 simplex

1951 1615 2036 1662 est
2058 1607 2282 1674 animal,
2315 1605 2378 1663 et’
2391 1608 2520 1678 quia
2551 1607 2606 1662 in
2631 1607 2743 1663 Deo
2771 1607 2918 1662 nulla
2958 1606 3159 1662 furoris
3200 1604 3545 1676 inaequalitas

1954 1699 2155 1770 serpit,
2195 1698 2431 1754 furorem
2478 1698 2692 1755 Domini
2722 1699 2859 1754 iram
2902 1698 3168 1756 columbae
3220 1697 3543 1754 nominavit.

1959 1789 2029 1846 Ut
2075 1790 2221 1856 enim
2264 1790 2460 1846 divina:
2506 1790 2861 1846 districtionis
2905 1791 3014 1846 vim
3047 1789 3549 1861 imperturbabilem

265 1899 283 1931 ‹
323 1898 423 1936 nus
447 1897 648 1952 pascua
675 1896 882 1937 eorum.
907 1881 976 1936 Et
1005 1881 1387 1936 conticuerunt
1424 1897 1556 1937 arva
1579 1879 1704 1952 (sive
1729 1895 1851 1950 spe-
1877 1875 1926 1936 B
1954 1881 2370 1948 demonstraret,
2413 1890 2469 1938 et
2507 1881 2646 1937 iram
2689 1882 2825 1937 dixit
2853 1881 3135 1938 columbae.
3181 1881 3259 1937 Ac
3288 1881 3335 1936 si
3365 1890 3552 1951 aperte

268 1990 287 2022 ‹
324 1972 496 2042 eiosa)
521 1973 671 2042 pacis
698 1989 728 2028 a
753 1971 890 2028 faeie
915 1975 1011 2028 ira:
1031 1973 1232 2030 furoris
1256 1975 1494 2030 Domini.
1519 1995 1537 2026 ι
1566 1975 1636 2029 Et
1654 1974 1742 2029 hic
1763 1988 1853 2029 no-

263 2063 508 2128 tandum,
537 2065 680 2134 quod
706 2065 847 2136 apud
881 2063 1232 2137 Septuaginta
1256 2066 1489 2136 jubilum
1515 2083 1615 2138 pro
1644 2065 1854 2120 ululatu

263 2154 500 2222 positum
526 2155 616 2210 sit.
642 2155 788 2211 inter
817 2166 1064 2227 pastores
1104 2167 1286 2213 autem
1317 2167 1372 2213 et
1397 2159 1594 2215 arietes
1635 2159 1739 2214 ista
1768 2157 1854 2213 di-

262 2245 498 2298 versitas
548 2254 648 2309 est,
699 2248 845 2317 quod
893 2258 1147 2318 pastores
1170 2258 1434 2320 putentur
1485 2250 1539 2305 in
1588 2249 1853 2316 Ecclesia,

263 2335 356 2403 qui
390 2346 630 2404 praesunt
658 2338 809 2408 gregi
842 2350 965 2394 cum
992 2339 1256 2410 sapientia
1281 2349 1337 2395 et
1357 2340 1667 2396 eruditione
1692 2349 1855 2410 atque

265 2428 529 2482 doctrina.
554 2428 767 2485 Arietes
802 2445 955 2498 vero,
986 2430 1080 2501 qui
1106 2431 1380 2501 principes
1419 2432 1638 2501 quidem
1667 2432 1856 2486 viden-

269 2516 356 2574 tur
391 2522 446 2575 in
471 2522 689 2593 populo,
715 2525 809 2583 sed
838 2524 974 2580 nihil
1002 2524 1204 2580 habent
1234 2525 1289 2579 in
1313 2541 1371 2580 se
1392 2525 1653 2582 doctrina:
1691 2531 1856 2594 atque

267 2614 564 2683 sapientiae,
601 2625 656 2672 et
693 2632 792 2687 per
838 2619 1062 2673 nimiam
1118 2619 1525 2689 simplicitatem
1572 2635 1858 2691 propemo-

268 2704 395 2759 dum
452 2707 692 2764 stultitiae
720 2709 886 2765 vicini
928 2718 1074 2766 sunt.
1120 2711 1346 2779 Quando
1377 2716 1567 2768 autem'
1601 2713 1858 2768 habueri-

269 2811 391 2851 mus
415 2813 604 2867 pacem
631 2807 816 2856 etnon
848 2801 1297 2869 intellexerimus,
1335 2804 1424 2860 vel
1449 2807 1592 2860 bona
1618 2804 1704 2860 vel
1737 2820 1859 2874 spe-

269 2889 414 2946 ciosa
443 2893 614 2962 pacis,
654 2895 750 2949 sed
775 2895 1000 2951 luxurize
1029 2913 1150 2963 nos,
1175 2907 1230 2952 et
1257 2899 1388 2965 otio,
1417 2906 1472 2954 et
1493 2897 1860 2968 voluptatibus

269 2983 611 3052 dederimus,
653 2996 782 3043 tunc
819 2991 1238 3061 conquiescent,
1291 2993 1406 3048 sive
1455 2992 1859 3058 conticescent,

268 3075 407 3130 bona
434 3079 603 3146 pacis,
636 3088 690 3135 et
733 3080 1048 3138 auferentur
1096 3100 1126 3139 a
1168 3085 1324 3142 nobis
1349 3095 1572 3156 propter
1613 3087 1750 3142 iram
1778 3086 1863 3141 fu-

269 3167 410 3221 roris
460 3168 700 3238 Domini,
757 3181 812 3226 et
865 3172 1179 3244 implebitur
1236 3174 1366 3230 illud
1409 3176 1550 3247 quod
1600 3178 1860 3246 scriptum

1957 1970 2163 2028 diceret
2189 1990 2201 2026 :
2229 1971 2546 2030 Districtum
2562 1973 2826 2044 judicium
2851 1973 3206 2030 inconcussus
3228 1972 3429 2037 exerit,
3455 1970 3550 2041 qui

1952 2076 2278 2131 permanens
2295 2073 2612 2120 mansuetus
2631 2065 2804 2136 punit.
2824 2062 2980 2121 Unde
2995 2075 3049 2121 et
3072 2066 3126 2120 in
3147 2074 3391 2120 extremo
3406 2064 3552 2134 judi-

1955 2154 2041 2209 cio
2084 2155 2140 2210 in
2172 2163 2344 2210 semet
2370 2155 2488 2226 ipso
2517 2155 2978 2214 incommutabilis
3008 2171 3266 2221 manens,
3297 2155 3444 2210 nulla
3465 2155 3549 2210 vi-

1956 2243 2274 2303 cissitudine
2301 2264 2367 2304 ac
2397 2249 2758 2305 mutabilitate
2802 2249 3065 2303 variatur.
3093 2246 3199 2303 Sed
3230 2255 3410 2301 tamen
3444 2245 3553 2300 ele-

1957 2342 2062 2396 ctis
2088 2351 2145 2396 et
2187 2343 2431 2412 reprobis
2476 2357 2818 2413 nequaquam
2846 2343 2946 2398 sub
2975 2342 3155 2413 specie
3183 2340 3421 2411 ejusdem
3463 2339 3549 2392 in-

1957 2432 2460 2489 eommutabilitatis
2519 2434 2865 2501 ostenditur,
2931 2434 3055 2505 quia
3117 2441 3172 2487 et
3228 2429 3555 2500 tranquillus

1951 2523 2136 2595 justis,
2161 2535 2216 2580 et
2255 2527 2425 2583 iratus
2460 2528 2744 2598 apparebit
2771 2526 3007 2596 injustis.
3059 2525 3219 2582 Teste
3247 2524 3393 2579 enim
3419 2539 3552 2579 con-

1960 2617 2189 2672 scientia
2235 2617 2380 2672 intra
2453 2617 2775 2688 semetipsos
2833 2616 3114 2683 deferunt,
3174 2616 3316 2671 unde
3366 2630 3554 2670 eorum

1960 2716 2171 2763 mentes
2195 2723 2349 2779 aeque
2391 2724 2560 2764 unum
2604 2709 2900 2779 respiciant
2937 2709 3070 2764 :scd
3115 2723 3221 2764 non
3273 2707 3557 2778 aequaliter

1962 2799 2360 2866 modiﬁcentur,
2387 2802 2512 2872 quia
2551 2811 2608 2857 et
2636 2802 2754 2857 istis
2782 2817 2908 2857 eum
2948 2801 3238 2873 benignum
3268 2807 3393 2855 ante
3437 2807 3559 2854 acta

1955 2894 2190 2964 justitia,
2220 2907 2275 2953 et
2323 2898 2427 2953 illis
2463 2896 2760 2953 terribilem
2789 2896 2944 2966 culpa
2982 2895 3131 2951 facit.
3177 2896 3417 2962 Quorum
3459 2907 3558 2962 ρει-

1963 3005 2152 3045 vorem
2175 2989 2296 3058 quis
2316 2988 2573 3060 explicet,
2613 3003 2734 3044 cum
2763 2987 3028 3057 contingit
3068 2986 3302 3052 miseris,
3331 2994 3386 3041 et
3414 2985 3560 3040 intra

1965 3096 2024 3136 se
2049 3080 2234 3149 culpas
2257 3095 2502 3145 cernere,
2531 3088 2585 3135 et
2607 3088 2735 3135 ante
2765 3093 2824 3133 se
2844 3078 3082 3149 judicem
3107 3076 3314 3146 justum
3339 3075 3560 3130 videre?
3626 3076 3633 3085 '

1976 3173 2090 3230 Hoc
2118 3174 2376 3228 nimirum
2402 3172 2643 3243 quotidie
2675 3173 2730 3227 in
2758 3189 2858 3228 usu
2887 3171 3012 3226 vita:
3053 3169 3335 3241 praesentis
3361 3169 3560 3241 agitur,

267 3264 353 3312 cst
391 3277 403 3311 :
444 3277 461 3308 ‹
498 3258 630 3314 Cum
687 3241 1076 3335 dixerim—pax
1107 3275 1163 3320 et
1191 3241 1474 3335 securitas,
1516 3277 1644 3324 tunc
1670 3241 1863 3339 repen-
1890 3241 1936 3303 ί)
1968 3272 2028 3318 ιιι
2063 3263 2130 3319 de
2159 3241 2657 3334 qualitateﬁventuri
2697 3261 2910 3332 judicii,
2938 3262 3248 3317 mortalium
3272 3261 3437 3316 corda
3469 3261 3564 3315 do-

266 3349 415 3406 tinus
442 3353 522 3407 eis
543 3357 883 3424 superveniet
905 3357 1157 3413 interitus
1172 3358 1224 3430 (ι
1253 3359 1432 3415 Thess.
1465 3361 1540 3432 v).
1578 3381 1596 3414 ι
1628 3361 1747 3429 Quo
1772 3378 1864 3418 ve-

267 3441 484 3509 niente,
518 3446 700 3500 omnia
739 3448 1133 3504 conticescent.

346 3553 366 3582 (
399 3537 694 3606 Dereliquit
742 3541 896 3609 quasi
926 3541 1010 3596 leo
1059 3543 1435 3599 umbraeulum
1488 3546 1620 3617 (sive
1663 3547 1864 3618 cubile)

275 3639 299 3675 ι
334 3637 492 3679 suum
511 3622 579 3694 (et
611 3639 665 3676 ut
693 3632 860 3685 verius
887 3643 961 3686 est
989 3636 1421 3702 tabernaculum,
1466 3637 1562 3692 hoc
1600 3639 1735 3692 enim
1771 3649 1866 3698 'D-‘J

276 3730 298 3763 ι
333 3711 652 3767 Hebraicum
674 3715 872 3785 sonat),
889 3716 1014 3785 quia
1047 3725 1186 3772 taeta
1209 3736 1292 3774 est
1315 3735 1458 3775 terra
1486 3743 1676 3784 eorum
1699 3729 1752 3784 in
1779 3732 1869 3786 de-

281 3822 299 3854 ι
334 3803 652 3858 solationem
697 3803 797 3877 (vel
844 3807 1012 3876 invia)
1038 3824 1069 3862 a
1125 3809 1260 3865 facie
1294 3812 1388 3866 ira:
1435 3812 1697 3868 columine
1727 3815 1868 3884 (sive

280 3911 298 3943 σ
337 3909 368 3948 a
396 3894 533 3949 facie
563 3895 725 3965 gladii
752 3898 977 3968 magni),
1015 3907 1069 3953 et
1103 3913 1134 3954 a
1161 3899 1302 3956 facie
1339 3904 1432 3958 irae
1460 3902 1660 3960 furoris
1688 3905 1869 3960 Domi-

281 4005 299 4036 ‹
339 3986 416 4040 ni.
449 4005 470 4054 gi
512 3987 792 4055 Dominus,
820 3991 886 4044 de
912 3994 1204 4064 quoi’supra
1234 3992 1468 4063 dixerat,
1489 3997 1524 4066 ί(
1559 3997 1625 4052 de
1655 3998 1868 4054 excelso

279 4076 475 4146 rugiet,
515 4086 571 4132 et
613 4078 680 4134 de
740 4081 1048 4138 habitaculo
1098 4093 1289 4140 sancto
1339 4103 1438 4142 suo
1483 4088 1634 4144 dabit
1678 4104 1867 4145 vocem

276 4184 459 4224 suam:
486 4171 704 4242 rugiens
732 4173 927 4244 rugiet,
958 4189 1124 4244 super
1144 4176 1396 4234 decorem
1419 4194 1576 4234 suum
1602 4198 1614 4234 :
1640 4180 1754 4250 ipse
1776 4180 1868 4236 de-

276 4261 544 4333 relinquet
565 4264 971 4322 taMrnaculum
999 4284 1180 4335 suum,
1209 4290 1226 4320 ι
1248 4271 1316 4326 de
1336 4287 1443 4341 quo
1465 4274 1723 4343 scriptum
1749 4283 1865 4330 est:

282 4373 299 4404 ς
340 4353 537 4414 Factus
569 4363 655 4410 est
690 4356 744 4410 in
775 4372 928 4426 pace,
961 4359 1074 4416 sive
1114 4361 1166 4414 in
1211 4360 1423 4429 Salem,
1463 4364 1612 4421 locus
1648 4365 1786 4435 ejus,
1814 4376 1869 4422 et

277 4445 538 4502 habitatio
578 4447 695 4517 ejus
724 4448 779 4502 in
827 4449 960 4504 Sion
999 4449 1172 4521 (Psat.
1212 4453 1406 4524 utxv);
1448 4475 1468 4508 ι
1498 4456 1612 4526 ipse
1653 4459 1871 4514 deseret

279 4536 463 4589 sedem
508 4553 683 4602 suam,
723 4547 780 4592 et
819 4540 1111 4610 complebit
1149 4546 1293 4612 quod
1319 4560 1417 4614 per
1450 4546 1595 4602 hunc
1621 4551 1870 4605 eumdem

281 4625 602 4694 prophetam
631 4626 842 4684 locutus
871 4639 992 4685 est:
1025 4650 1042 4682 ι
1078 4631 1269 4688 Dimisi
1297 4635 1516 4692 domum
1547 4618 1748 4705 meam,
1781 4641 1874 4696 de-

282 4718 863 4788 reliquilnercditatem
885 4739 1062 4779 meam
1085 4725 1302 4794 (Jerem.
1322 4727 1442 4799 xu).
1475 4748 1493 4781 ι
1522 4728 1761 4800 Reliquit
1780 4747 1876 4787 au-

282 4815 390 4862 tem
419 4810 573 4879 quasi
594 4810 678 4866 leo
700 4812 877 4869 cubile
906 4830 1086 4883 suum,
1104 4826 1162 4872 ut
1191 4833 1382 4874 omnes
1409 4820 1597 4876 bestize
1621 4823 1873 4879 vastandi

283 4911 484 4956 terram
533 4903 648 4973 ejus
689 4904 925 4961 habeant
975 4912 1546 4979 potestatem.‘Leone
1583 4915 1728 4970 enim
1780 4932 1875 4972 cu-

280 4993 434 5048 stode
462 4997 774 5064 etrpmside
822 4998 1002 5055 nullus
1033 5002 1101 5056 ad
1139 5003 1388 5058 eamdem
1442 5005 1606 5062 audet
1653 5009 1876 5064 accede-

281 5099 361 5140 re.
400 5103 418 5136 ‹
448 5085 614 5142 Facta
637 5096 742 5154 est,
782 5108 800 5140 ι
830 5089 1026 5160 inquit,
1064 5111 1082 5144 ‹
1113 5099 1258 5148 terra
1298 5109 1508 5162 eorum,
1548 5116 1566 5148 ι
1599 5097 1742 5152 haud
1770 5099 1871 5154 du-

281 5185 451 5251 bium,
487 5187 616 5256 quin
652 5185 737 5242 vel
779 5189 963 5259 populi
996 5187 1330 5259 Iudaeorum,
1356 5193 1442 5248 vel
1478 5203 1626 5250 certe
1657 5195 1874 5252 univer-

283 5291 465 5334 sarum
487 5282 724 5351 gentium
747 5303 764 5333 ς
786 5283 840 5337 in
862 5283 1275 5351 desolationem,
1300 5294 1354 5341 et
1383 5287 1436 5340 in
1460 5287 1664 5342 invium
1685 5303 1716 5342 a
1735 5287 1876 5345 facie

284 5369 380 5425 iraa
405 5371 685 5427 columbze.
722 5393 740 5424 ι
769 5372 886 5429 Non
909 5375 1200 5432 mirabitur
1222 5376 1526 5433 columbam
1550 5379 1764 5434 Domini
1797 5379 1876 5434 in-

283 5459 454 5532 telligi
484 5459 1011 5533 Nabuchodonosor,
1043 5469 1136 5538 qui
1183 5483 1348 5541 supra
1382 5485 1507 5526 eum
1545 5471 1729 5527 vocari
1760 5487 1874 5527 ser-

285 5559 411 5605 Vum
454 5550 667 5608 Domini
689 5553 906 5624 legerit.
962 5558 1256 5632 (ΜΑωιυε.)
1287 5561 1512 5632 Legitur
1546 5571 1601 5619 et
1639 5564 1693 5618 in
1735 5563 1873 5619 Isaia

286 5638 575 5696 Dominum
604 5641 808 5698 dixisse
833 5665 846 5698 :
882 5666 900 5694 ‹
934 5647 1046 5717 Ego
1073 5651 1325 5708 mandavi
1345 5655 1698 5711 sanctiﬁcatis
1719 5655 1874 5720 meis,

287 5738 346 5785 et
367 5731 557 5786 vocavi
576 5727 752 5787 fortes
776 5748 928 5789 meos
959 5734 1012 5788 in
1037 5735 1117 5790 ira
1148 5754 1288 5803 mea,
1320 5745 1655 5801 exsultantes
1679 5744 1734 5799 in
1765 5743 1878 5814 glo-

290 5819 377 5883 ria
405 5825 546 5881 mea.
577 5841 594 5876 ι
635 5823 736 5881 Ubi
778 5823 960 5882 Medos
1001 5825 1304 5903 Persasque
1346 5834 1628 5905 signiﬁcat,
1679 5835 1773 5905 qui
1810 5834 1879 5892 ad

645 5907 922 5982 Pnaon.
971 5913 1136 5982 CXI.

1900 4594 1952 4655 D

1969 3365 2213 3412 ceantur.
2243 3356 2379 3411 Nam
2418 3371 2540 3411 cum
2583 3356 2688 3410 duo
2733 3356 2801 3411 ad
2838 3355 3103 3423 judicium
3140 3360 3392 3426 pergunt,
3424 3350 3562 3407 alius

1971 3448 2291 3505 innocentia:
2311 3446 2413 3502 sibi
2436 3446 2707 3513 conscius,
2738 3455 2794 3501 et
2815 3446 2956 3501 alius
2995 3446 3187 3516 culpae,
3211 3452 3337 3499 ante
3363 3445 3563 3514 proba-

1973 3550 2082 3596 tam
2107 3539 2430 3595 sententiam
2463 3539 2640 3592 adhuc
2670 3538 3082 3608 tacentejudice
3103 3537 3318 3606 utrique
3350 3535 3565 3606 conspi-

1973 3633 2141 3699 ciunt,
2193 3640 2248 3688 et
2299 3639 2482 3686 tamen
2521 3631 2692 3700 culpa:
2741 3631 2954 3685 debitor
2997 3645 3214 3701 gravem
3269 3637 3456 3683 contra
3508 3640 3566 3680 se

1973 3724 2133 3791 iram,
2161 3723 2264 3777 hoc
2306 3722 2479 3787 ipsum
2505 3719 2702 3783 iudicis
2745 3720 3016 3772 silentium
3048 3715 3373 3784 suspicatur,
3402 3731 3565 3786 quam

1975 3807 2109 3860 iram
2135 3807 2236 3862 sibi
2264 3821 2370 3860 non
2410 3806 2691 3861 denuntiat
2717 3806 3056 3877 perturbatio
3081 3801 3308 3876 ‘judicis,
3360 3807 3453 3862 sed
3483 3823 3567 3862 rc-

1975 3896 2216 3952 cordatio
2238 3897 2544 3966 pravitatis,
2569 3897 2694 3967 quia
2729 3898 2832 3953 etsi
2862 3898 3039 3954 adhuc
3065 3897 3212 3954 foras
3255 3911 3407 3952 reum
3445 3915 3566 3955 sen-

1976 3988 2146 4042 tentia
2179 4005 2286 4043 non
2314 3988 2533 4055 clamat,
2569 3989 2712 4044 intus
2732 3989 2846 4058 jam
2871 3991 3109 4062 graviter
3130 3990 3461 4046 conscientia
3485 4007 3551 4045 ac

1974 4085 2148 4131 cusat.
2196 4077 2266 4132 At
2307 4087 2496 4133 contra
2554 4079 2760 4134 amicus
2800 4080 3025 4150 justitia:
3077 4081 3423 4136 decernentis
3453 4082 3550 4136 vul-

1974 4177 2089 4224 tum
2115 4169 2395 4241 conspicit,
2419 4171 2512 4226 sed
2542 4170 2688 4226 intus
2709 4172 2775 4226 de
2799 4171 3109 4226 testimonio
3136 4172 3292 4228 bona:
3319 4175 3560 4229 recorda-

1977 4261 2140 4317 tionis
2169 4262 2465 4329 hilarescit,
2499 4270 2554 4318 et
2582 4263 2726 4333 quod
2754 4263 2896 4333 apud
2923 4278 3002 4329 se,
3040 4265 3186 4336 quod
3215 4273 3424 4322 metuat
3460 4281 3566 4320 non

1977 4353 2172 4421 habet,
2215 4370 2376 4413 omne
2423 4353 2568 4426 quod
2608 4370 2736 4427 erga
2778 4356 3130 4428 semetipsum
3168 4365 3266 4431 est
3311 4357 3568 4414 blandum

1975 4444 2142 4501 videt.

2547 4538 2780 4597 CAPUT
2814 4539 3008 4598 XXVI.

2004 4653 2082 4709 De
2129 4670 2286 4726 regno
2330 4653 2575 4726 Jpachim
2615 4670 2635 4709 :
2659 4654 2888 4726 qualiter
2927 4657 3223 4710 sacerdotes
3269 4655 3544 4726 voluerunt

2072 4725 2308 4780 occidere
2345 4725 2632 4780 Jeremiam
2657 4725 2679 4792 ,’
2716 4726 2806 4796 qui
2853 4742 2944 4796 per
2982 4726 3242 4797 principes
3295 4725 3544 4780 liberatus

2074 4804 2172 4850 est.

2057 4926 2075 4960 ι
2111 4907 2169 4962 ln
2199 4907 2465 4978 principio
2491 4908 2634 4979 regis
2655 4906 2900 4964 Joacliim
2931 4907 3026 4962 lilii
3052 4905 3214 4963 Josise
3235 4909 3380 4980 regis
3408 4908 3565 4974 Juda,

1986 5019 2004 5052 ι
2043 5000 2243 5057 factum
2258 5011 2341 5058 est
2355 5003 2580 5059 verbum
2599 5002 2740 5058 istud
2756 5019 2785 5056 a
2803 5002 3030 5058 Domino
3056 5002 3270 5059 dicens:
3291 5002 3416 5060 Htec
3441 5003 3571 5060 dicit

1983 5113 2002 5147 ι
2042 5095 2302 5150 Dominus
2322 5111 2335 5150 :
2353 5095 2447 5150 Sta
2463 5096 2515 5151 in
2541 5095 2683 5152 atrio
2712 5096 2904 5150 domus
2928 5095 3230 5160 Domini,ct
3249 5095 3486 5166 loqueris
3502 5097 3570 5151 ad

1985 5207 2003 5240 ι
2040 5204 2229 5244 omnes
2253 5189 2499 5244 civitates
2519 5188 2678 5253 Juda,
2711 5189 2778 5244 de
2798 5187 2992 5258 quibus
3019 5188 3242 5242 veniunt
3262 5195 3321 5241 ut
3345 5188 3572 5244 adorent

1985 5297 2004 5331 ι
2042 5280 2096 5334 in
2138 5280 2299 5334 domo
2351 5279 2578 5340 Domini,
2621 5280 2904 5333 universos
2948 5294 3230 5336 sermones
3276 5293 3413 5350 quos
3473 5297 3572 5352 ego

1987 5389 2006 5423 ι
2043 5372 2293 5426 mandavi
2338 5372 2432 5427 tibi
2462 5380 2520 5426 ut
2553 5372 2795 5444 loquaris
2830 5374 2898 5428 ad
2946 5389 3058 5430 eos.
3098 5373 3216 5430 Noli
3250 5375 3573 5431 subtrahere

1989 5480 2007 5510 ι
2043 5464 2293 5529 verbum,
2321 5463 2366 5518 si
2414 5463 2554 5519 forte
2598 5463 2839 5531 audiant,
2877 5473 2934 5520 et
2980 5474 3363 5522 convertantur
3406 5481 3574 5524 unus-

1990 5574 2008 5606 ι
2044 5555 2273 5624 quisque
2300 5570 2331 5607 a
2351 5553 2439 5608 via
2474 5569 2570 5608 sua
2599 5553 2760 5621 mala,
2791 5562 2847 5610 et
2866 5557 3130 5626 pteniteat
3158 5568 3244 5609 me
3284 5553 3409 5608 mali
3447 5555 3575 5621 (sive

1990 5664 2008 5696 ι
2048 5645 2322 5716 quiescam
2357 5661 2386 5699 a
2415 5645 2581 5718 malo)
2611 5647 2752 5716 quod
2780 5648 2959 5719 cogito
3005 5648 3186 5704 facere
3210 5647 3312 5711 eis,
3353 5652 3576 5716 propter

1991 5757 2010 5790 ‹
2045 5737 2281 5793 malitias
2322 5737 2623 5793 studiorum
2667 5753 2875 5794 eorum.
2927 5760 2946 5792 ι
2986 5738 3256 5812 (Hieran)
3287 5737 3415 5792 Haec
3449 5751 3578 5807 pro-

1986 5829 2174 5903 phetia
2197 5831 2478 5903 superiore
2504 5839 2589 5889 est
2621 5830 2793 5904 prior,
2825 5831 2952 5892 licet
2977 5831 3076 5890 sub
3117 5830 3309 5890 eodem
3339 5839 3469 5902 rege
3504 5827 3578 5886 sit

2473 5997 2522 6014 κὶ-
