4008 6340
436 394 577 455 1003

1115 388 1176 449 Β.
1217 391 1473 449 ΒΑΒΑΝΙ
1509 390 1729 449 MAURI
1761 388 2031 447 ARCHI

2134 387 2430 447 IOGUNT.
2468 382 2756 446 OPERUM
2791 384 2972 446 PARS
3007 382 3095 446 ῙΗ.

3560 376 3706 448 1004

432 512 597 571 facta.
632 511 726 569 llla
770 510 918 566 enim
957 508 1099 565 facta
1143 517 1228 562 est
1274 508 1329 563 in
1375 522 1518 562 anno
1560 516 1753 577 quarto
1805 503 2015 561 Joacim
2043 507 2096 567 Α
2120 505 2398 560 sermones
2444 502 2723 560 servorum
2768 506 3013 559 nieorum
3069 489 3478 575 prophetarum.
3508 522 3528 557 ο
3600 500 3707 576 mi

431 604 529 661 lilii
565 598 727 659 Iasiae
768 601 912 671 regis
942 599 1102 665 ‘Juda,
1126 599 1243 655 haec
1274 609 1456 655 autem
1484 599 1541 654 in
1578 598 1843 669 principio
1879 594 2023 663 eius-

434 699 557 754 dem
598 695 739 765 regis
789 692 1070 763 Scriptura
1123 691 1356 757 dicente,
1393 710 1411 744 ε
1448 690 1503 745 in
1557 690 1823 761 principio
1879 688 2024 759 regis

394 787 679 844 Joachlm
728 785 826 847 lilii
863 783 1026 840 Josiai
1062 784 1207 855 regis
1249 782 1407 849 Juda,
1445 781 1650 838 factum
1686 792 1771 837 est
1796 782 2024 835 verbum

435 879 580 936 istud
626 894 658 931 a
707 876 938 932 Domino
968 876 1173 931 dicens.
1223 895 1243 928 ι
1276 873 1392 930 Non
1439 875 1625 945 igitur,
1658 882 1722 928 ut
1745 888 1887 942 saepe
1908 871 2024 942 jam

438 970 693 1033 diximus,
722 967 778 1022 in
826 966 1105 1037 prophetis
1142 965 1383 1020 historiae
1431 965 1565 1020 ordo
1613 963 1876 1020 texendus
1915 971 2022 1029 est,

436 1077 562 1118 cum
583 1061 640 1115 in
667 1060 1078 1131 praesentiarum
1105 1059 1205 1114 sub
1231 1058 1421 1115 eodem
1452 1072 1577 1128 rege
1599 1057 1779 1127 priora
1810 1064 2023 1125 postea,

434 1161 489 1208 ει
509 1152 814 1223 posteriora
834 1158 962 1205 ante
982 1150 1255 1204 dicantur.
1275 1146 1377 1215 Qui
1403 1154 1585 1203 autem
1608 1147 1832 1202 verbum
1857 1146 2028 1200 dictu-

400 1288 405 1293 .
434 1261 531 1301 rus
556 1253 639 1303 est
669 1243 905 1307 Domini,
936 1242 1098 1297 debet
1121 1248 1268 1295 stare
1295 1255 1420 1297 eum
1443 1239 1625 1311 Moyse
1646 1238 1827 1310 (Deut.
1861 1238 1915 1309 v)
1936 1279 1949 1303 ,
1972 1244 2028 1292 et

433 1338 622 1394 auuire
649 1351 771 1392 cum
798 1334 1084 1391 Psalmista
1111 1350 1124 1387 :
1159 1351 1179 1383 ι
1217 1332 1318 1400 Qui
1359 1332 1517 1389 statis
1551 1331 1606 1386 in
1630 1330 1792 1387 domo
1813 1329 2027 1385 Domini

434 1431 486 1485 in
514 1429 671 1485 atriis
704 1428 897 1485 domus
935 1425 1036 1481 Dei
1062 1424 1235 1480 nostri
1269 1423 1443 1495 (Psal.
1468 1422 1709 1493 cxxxrv).
1747 1442 1766 1476 ι
1803 1423 1868 1477 Et
1887 1437 2025 1492 pra:-

434 1520 634 1590 cipitur
659 1518 733 1574 illi
772 1527 831 1572 ut
860 1517 1113 1586 loquatur
1133 1516 1199 1570 ad
1225 1529 1414 1572 omnes
1444 1516 1691 1571 civitates
1717 1512 1879 1580 Iuda,
1898 1514 2029 1581 licet

433 1610 665 1665 civitates
708 1608 1066 1679 Septuaginta
1102 1622 1215 1662 non
1264 1606 1666 1683 transtulerint,
1711 1621 1779 1661 ne
1808 1606 2029 1661 indeco-

437 1716 555 1754 rum
583 1699 723 1756 forte
750 1700 1026 1755 videretur
1055 1699 1111 1754 in
1134 1698 1275 1753 atrio
1295 1698 1485 1755 domus
1512 1696 1728 1753 Domini
1770 1697 1918 1766 loqui
1960 1698 2030 1753 ad

2124 594 2309 664 utique
2334 601 2458 665 post
2480 593 2653 664 legem
2676 594 2829 648 missi
2855 602 3005 667 sunt,
3030 603 3085 648 et
3112 606 3219 648 non
3248 594 3441 659 semel,
3472 594 3570 649 sed
3589 593 3709 671 fre-

2124 694 2377 756 quenter,
2414 699 2515 740 nec
2549 685 2726 740 otiose
2752 693 2809 738 et
2854 699 2885 738 a
2921 698 3138 751 secum,
3184 680 3280 741 sed
3328 690 3545 755 semper
3580 688 3637 740 et
3677 701 3709 740 a

2123 776 2373 833 sollicito.
2408 795 2428 830 ι
2460 776 2606 844 Misi,
2637 777 2835 847 inquit;
2883 778 2952 832 ad
2990 789 3090 832 vos
3135 788 3324 832 servos
3354 770 3504 832 lbeo's
3532 777 3713 847 quoti-

2090 918 2093 921 ,
2124 869 2236 935 die,
2269 876 2326 923 et
2363 870 2432 925 de
2476 876 2634 925 nocte
2663 883 2997 941 consurgens
3025 870 3242 941 (Je‘rem.
3272 868 3463 941 nvi);
3497 890 3516 923 ι
3573 884 3712 941 quos

2124 963 2170 1017 si
2213 962 2402 1017 audire
2448 962 2751 1029 nolueritis,
2798 963 2938 1018 dabo
2970 963 3188 1018 domum
3238 963 3417 1029 istam,
3459 964 3564 1019 hoc
3603 970 3711 1030 est,

2127 1054 2385 1123 templum
2408 1053 2505 1109 Dei
2529 1055 2669 1110 sicut
2695 1052 2829 1120 Silo,
2853 1055 2944 1108 ubi
2964 1052 3069 1109 fuit
3090 1054 3521 1111 tabernaculum.
3549 1053 3714 1109 Cum—

2125 1148 2231 1215 que
2260 1145 2519 1217 templum
2548 1142 2887 1202 destructum
2916 1146 3100 1213 fuerit,
3131 1138 3533 1215 consequenter
3557 1154 3611 1200 et
3634 1145 3715 1201 ci-

2125 1239 2266 1295 vitas
2290 1239 2398 1295 erit
2427 1239 2480 1294 in
2522 1236 2957 1295 maledictionein
3005 1239 3216 1295 cunctis
3246 1238 3496 1311 gentibus
3526 1242 3711 1295 terra.

2128 1330 2280 1385 Sicut
2309 1341 2490 1388 autem
2530 1340 2812 1388 exstructo
2852 1332 3052 1403 templo
3082 1319 3138 1387 in
3182 1347 3311 1387 area
3352 1331 3533 1396 Ornae,
3574 1337 3625 1388 et
3658 1331 3716 1385 in

2127 1433 2312 1480 monte
2356 1424 2547 1491 Mor-ia,
2602 1422 2705 1480 hoc
2742 1432 2845 1491 est,
2889 1424 3136 1491 visionis,
3186 1422 3239 1479 in
3281 1414 3392 1494 quo
3436 1408 3716 1479 A'b’rahain

2126 1515 2279 1573 Isaac
2312 1512 2483 1571 tilium
2511 1514 2773 1572 obtulisse
2801 1524 3076 1581 narratur,
3128 1514 3363 1571 cessavit
3390 1514 3580 1585 religio
3627 1514 3718 1569 Si-

2129 1606 2181 1662 lo
2199 1644 2215 1671 ,
2246 1621 2348 1662 nec
2377 1616 2565 1677 postea
2611 1606 2683 1661 ibi
2722 1598 2848 1662 sunt
2874 1606 3141 1661 celebrata
3172 1604 3441 1661 sacriﬁcia
3470 1622 3484 1659 :
3513 1604 3593 1660 sic
3618 1620 3719 1661 ex-

2129 1705 2334 1754 structa
2357 1698 2597 1753 Ecclesia
2624 1705 2680 1753 et
2709 1698 3044 1768 spiritalibus
3072 1697 3127 1752 in
3152 1707 3215 1752 ea
3255 1696 3492 1752 victimis
3518 1695 3718 1750 immo—

373 1836 381 1850 .
436 1793 598 1848 urbes
620 1808 740 1862 quae
765 1807 951 1855 coram
979 1807 1088 1847 non
1109 1801 1288 1858 erant,
1312 1791 1408 1847 sed
1438 1791 1655 1860 quando
1679 1790 1750 1845 ad
1772 1789 2029 1860 populum
2092 1822 2095 1825 -
2129 1788 2273 1853 latis,
2304 1790 2675 1851 cessaverunt,
2694 1787 2830 1859 legis
2855 1784 3192 1843 caeremoniae
3222 1776 3304 1858 (II
3350 1783 3481 1840 Par.
3509 1788 3627 1857 Ill);
3659 1796 3719 1842 ει

435 1894 493 1939 ει
511 1885 579 1939 ad
612 1884 761 1939 cives
789 1883 1053 1952 loquitur,
1097 1882 1230 1951 ipsis
1268 1881 1581 1937 civitatibus
1610 1881 1864 1951 loquitur.
1911 1879 2032 1955 Pul-
2059 1865 2104 1926 Β
2132 1881 2258 1937 data
2297 1888 2382 1937 est
2408 1882 2538 1936 urbs
2574 1879 2883 1935 Iudaeorum
2931 1881 2985 1935 in
3022 1880 3457 1936 maledictionem
3502 1881 3716 1935 cunctis

437 1974 571 2029 chre
597 1982 778 2028 autem
806 1981 915 2028 stat
952 1973 1008 2027 in
1037 1972 1178 2028 atrio
1215 1980 1378 2047 atque
1397 1971 1665 2027 vestibulo
1697 1971 1879 2040 templi
1923 1970 2029 2026 Do-
2129 1975 2379 2046 gentibus
2414 1983 2592 2041 terrae,
2635 1974 2701 2029 de
2736 1988 2843 2044 qua
2894 1988 2992 2029 nos
3040 1972 3301 2029 Dominus
3327 1972 3597 2036 liberavit,
3629 1972 3715 2026 di-

439 2064 595 2129 mini,
621 2072 681 2118 ut
696 2079 796 2134 per
813 2064 1151 2133 occasionem
1172 2064 1439 2119 orationis
1455 2063 1689 2129 Domini,
1718 2072 1772 2118 et
1791 2062 2024 2118 adoran-

439 2158 494 2213 di
515 2172 661 2221 eum,
690 2171 973 2212 sermones
994 2156 1271 2226 prophetae
1301 2155 1489 2210 audire
1511 2162 1791 2224 cogantur.
1826 2173 1845 2204 ι
1882 2151 2027 2218 Noli,

438 2248 637 2318 inquit,
695 2248 1018 2304 subtrahere
1063 2248 1312 2313 verbum,
1366 2266 1386 2300 ι
1417 2246 1545 2303 licet
1584 2246 1738 2300 triste
1779 2245 1872 2309 sit,
1904 2243 2031 2298 licet

438 2337 729 2395 adversum
779 2346 833 2393 te
882 2338 1216 2393 audientium
1263 2338 1443 2393 rabies
1488 2337 1815 2401 concitetur,
1846 2344 2028 2390 tamen

438 2412 626 2491 dicito,
658 2427 801 2497 quod
834 2426 933 2481 tibi
961 2427 1285 2496 imperatum
1313 2435 1418 2492 est,
1445 2442 1551 2483 non
1583 2425 1883 2480 formidans
1907 2440 2031 2495 per-

353 2511 369 2528 ’
438 2520 745 2576 secutiones
768 2534 981 2592 eorum,
1004 2520 1100 2590 qui
1135 2521 1425 2574 adversum
1464 2528 1517 2573 te
1548 2518 1855 2575 concitandi
1880 2526 2029 2585 sunt,

439 2612 535 2667 sed
560 2611 774 2668 Domini
795 2612 1035 2682 iubentis
1056 2614 1343 2683 imperium
1371 2632 1383 2667 :
1424 2632 1443 2664 ι
1469 2611 1527 2668 Si
1556 2612 1806 2679 forsitan,
1834 2612 2029 2682 inquit,

439 2702 666 2758 audiant
689 2711 747 2760 et
773 2712 1182 2759 convertantur.
1214 2722 1232 2755 ι
1262 2704 1494 2759 Verbum
1526 2704 1835 2775 ambiguum
1885 2703 2036 2773 {orsi-

438 2803 554 2861 tan,
585 2792 857 2865 majestati
886 2795 1101 2851 Domini
1142 2811 1249 2852 non
1275 2805 1456 2867 potest
1477 2798 1791 2862 convenire,
1817 2797 1910 2853 sed
1935 2812 2034 2852 no-

439 2892 554 2940 stro
576 2884 817 2959 loquitur
840 2885 1061 2951 allectu,
1088 2895 1150 2942 ut
1186 2887 1417 2943 liberum
1440 2888 1647 2943 homini
1670 2896 1918 2943 servetur
1943 2903 2035 2941 ar-

424 2976 683 3045 bitrium,
706 3048 709 3051 _
734 2993 805 3033 ne
839 2995 907 3035 ex
936 2979 1281 3049 praescientia
1314 2980 1463 3049 ejus,
1495 2980 1652 3049 quasi
1707 2980 2036 3049 necessitate

441 3065 529 3120 vel
550 3065 731 3148 facere
757 3068 909 3138 quid,
934 3069 1020 3124 vel
1046 3084 1155 3124 non
1182 3069 1363 3125 facere
1382 3080 1626 3141 cogatur.
1652 3070 1768 3128 Non
1797 3072 1940 3127 enim
1965 3087 2034 3129 ex

440 3159 700 3231 eo,.quod
727 3159 871 3215 Deus
897 3161 1001 3215 scit
1030 3159 1277 3233 futurum.
1298 3161 1519 3232 aliquid,
1552 3163 1759 3219 idcirco
1788 3162 2030 3227 futurum

441 3258 541 3312 εει,
569 3250 662 3306 sed
690 3251 818 3322 quia
844 3249 1085 3307 futurum
1108 3261 1212 3319 est,
1237 3254 1380 3309 Deus
1402 3254 1575 3318 novit,
1590 3254 1745 3324 quasi
1769 3256 2032 3324 praescius

443 3342 771 3399 futurorum.
796 3343 865 3398 Et
901 3351 1082 3411 tamen
1109 3344 1387 3400 sciendum
1410 3344 1568 3415 juxta
1598 3347 1743 3401 hunc
1782 3346 2035 3404 eumdem
2066 3388 2069 3389 ν

441 3430 755 3497 Jeremiam,
773 3434 877 3489 etsi
891 3435 1028 3489 mala
1043 3436 1357 3505 praedixerit
1377 3436 1658 3503 Dominus,
1672 3445 1726 3494 et
1748 3438 1923 3506 egerit
1944 3452 2036 3508 po-

441 3513 600 3596 pulus
624 3526 1023 3596 paenitentiam,
1043 3527 1185 3598 quod
1215 3537 1270 3583 et
1300 3529 1412 3599 ipse
1436 3537 1656 3584 acturus
1675 3530 1748 3585 sit
1765 3530 2035 3601 paeniten-

444 3617 574 3670 tiam
599 3632 760 3687 super
780 3618 885 3684 his,
902 3634 1023 3689 quae
1044 3616 1222 3675 facere
1244 3621 1604 3677 comminatus
1624 3629 1724 3677 est.
1739 3620 1807 3676 Et
1833 3621 1880 3677 si
1902 3636 2036 3693 pro-

445 3719 602 3776 spera
632 3710 904 3775 pollicitus
931 3708 1095 3766 fuerit
1127 3721 1181 3766 et
1208 3713 1377 3783 egerit
1400 3713 1630 3783 populus
1674 3712 2031 3785 negligenter,

446 3805 617 3853 mutet
642 3797 785 3853 Deus
816 3799 1163 3863 sententiam,
1208 3806 1262 3852 et
1295 3813 1394 3869 pro
1442 3797 1605 3853 bonis
1641 3799 1783 3854 mala
1813 3800 2031 3855 inferat.

445 3889 600 3957 Quod
649 3889 838 3965 utique
873 3905 940 3945 ex
968 3905 1199 3961 persona
1250 3891 1345 3946 Dei
1376 3892 1761 3962 omnipotentis
1816 3892 2031 3948 dicitur.

448 3982 689 4053 Denique
722 3990 777 4038 et
819 3983 874 4038 in
911 3984 1184 4056 praesenti,
1209 3984 1327 4037 ait:
1378 4001 1396 4034 ι
1435 3982 1493 4039 Si
1519 3982 1658 4040 forte
1707 3983 1929 4038 audiant
1978 3991 2036 4039 et

448 4080 833 4128 convertantur
859 4075 1230 4144 unusquisque
1253 4091 1282 4128 a
1314 4074 1398 4129 via
1428 4092 1526 4129 sua
1555 4076 1727 4144 mala;
1762 4094 1784 4130 ι
1811 4083 1871 4130 ιιι
1911 4091 2035 4131 cum

448 4163 525 4218 illi
578 4166 825 4237 conversi
859 4166 1081 4232 fuerint,
1121 4176 1290 4222 etme
1341 4169 1622 4222 sententiae
1668 4168 1951 4238 poeniteat,
1981 4179 2037 4223 et

452 4270 560 4309 non
580 4254 797 4320 faciam,
827 4257 970 4327 quod
998 4257 1078 4310 eis
1104 4254 1282 4310 facere
1308 4256 1506 4326 cogito.
1534 4256 1725 4326 Cogito
1746 4265 1925 4313 autem
1948 4257 2035 4313 fa-

451 4360 577 4398 cere
610 4355 847 4421 propter,
884 4346 1117 4417 malitias
1152 4347 1451 4401 studiorum
1509 4348 1723 4403 illorum
1765 4364 1779 4402 :
1812 4365 1932 4419 quae
1989 4350 2036 4407 si

386 4461 401 4473 -
452 4433 654 4489 fuerint
683 4435 985 4501 immutata,
1017 4446 1071 4491 et
1113 4450 1233 4491 mea
1283 4440 1551 4494 sententia
1595 4444 2032 4500 commutabitur.

452 4527 720 4599 Legamus
749 4529 1033 4585 historiam
1066 4528 1216 4586 Iona:
1236 4539 1292 4586 et
1318 4532 1543 4589 Ninivze.

2129 2078 2285 2125 cente
2313 2067 2612 2139 Apostolo:
2645 2068 2663 2117 ἀ
2692 2065 2943 2120 Christus
2976 2060 3207 2121 redemit
3250 2078 3349 2119 nos
3374 2064 3440 2118 de
3484 2060 3716 2117 maledi-

2129 2159 2306 2214 ctione
2332 2159 2483 2229 legis,
2520 2158 2697 2213 factus
2720 2171 2820 2227 pro
2850 2157 3005 2211 nobis
3032 2154 3341 2211 maledictio
3375 2153 3518 2226 (Gal.
3550 2155 3653 2225 ut).
3688 2173 3709 2205 ι

2206 2271 2224 2303 ι
2258 2251 2324 2305 Ει
2358 2251 2647 2306 audierunt
2669 2250 2977 2305 sacerdotes
2998 2257 3054 2304 et
3080 2249 3356 2320 propheta:
3399 2247 3524 2318 (sive
3554 2261 3719 2317 pseu-

2136 2359 2156 2394 ι
2192 2342 2584 2415 doprophetae),
2612 2351 2667 2397 et
2700 2342 2878 2397 omnis
2912 2341 3143 2411 populus
3175 2338 3468 2395 Ieremiam
3492 2338 3719 2408 loquen-

2137 2451 2155 2484 ‹
2190 2440 2299 2486 tem
2318 2434 2485 2489 verba
2512 2435 2627 2488 haec
2640 2433 2712 2486 «in
2739 2431 2900 2487 domo
2927 2432 3158 2487 Domini.
3185 2431 3429 2501 Cumque
3452 2429 3720 2500 COIIIpleS-

2139 2541 2158 2575 ι
2195 2533 2279 2580 εει
2327 2523 2592 2580 Jeremias
2636 2524 2862 2593 loquens
2900 2520 3081 2581 omnia
3126 2536 3247 2593 quae
3291 2526 3622 2593 praeceperat
3661 2521 3719 2576 ei

2138 2637 2157 2670 ι
2192 2618 2452 2673 Dominus
2496 2625 2556 2672 ut
2598 2616 2911 2687 loqueretur
2963 2616 3032 2671 ad
3081 2614 3396 2671 universum
3435 2612 3716 2683 populum,

2139 2727 2159 2761 ι
2196 2710 2667 2781 apprehenderunt
2704 2723 2831 2764 eum
2856 2709 3168 2764 sacerdotes
3196 2717 3250 2763 et
3280 2707 3560 2779 prephette
3589 2706 3720 2776 (sive

2139 2821 2160 2854 ι
2194 2801 2717 2874 pseudoprophetis),
2746 2812 2803 2858 et
2825 2802 3003 2857 omnis
3033 2802 3262 2874 populus
3287 2801 3512 2857 dicens:
3545 2797 3722 2857 Morte

2139 2914 2159 2948 ι
2196 2897 2485 2965 moriatur,
2512 2897 2637 2967 quia
2664 2896 3008 2968 prophetavit
3037 2896 3092 2951 in
3132 2895 3353 2951 nomine
3394 2893 3604 2949 Domini
3636 2893 3722 2949 di-

2140 3006 2159 3040 ι
2192 3002 2321 3044 cens
2348 3005 2363 3043 :
2386 2986 2540 3043 Sicut
2579 2987 2691 3043 Silo
2711 2989 2814 3043 erit
2846 2988 3036 3043 domus
3078 2988 3214 3053 haec,
3245 2992 3302 3043 et
3328 2986 3460 3041 urbs
3491 2986 3594 3040 ista
3625 2985 3722 3041 de-

2141 3098 2161 3132 c
2194 3080 2472 3147 solabitur,
2501 3096 2568 3137 eo
2597 3081 2741 3153 quod
2771 3097 2877 3137 non
2906 3083 2978 3137 sit
3005 3081 3297 3136 habitator.
3338 3099 3359 3132 ι
3392 3076 3723 3133 Sacerdotes

2100 3198 2105 3243 ί
2136 3177 2193 3225 ει
2218 3171 2512 3241 propheta},
2536 3187 2672 3241 quos
2704 3171 3201 3243 pseudoprophetas
3223 3168 3571 3239 Septuaginta
3604 3182 3724 3222 ma-

2137 3261 2387 3317 nifestius
2432 3262 2845 3330 transtulerunt,
2900 3263 3213 3318 irascuntur
3255 3259 3524 3339 Jere'miaz,
3573 3258 3727 3329 quod

2137 3369 2267 3409 vera
2316 3353 2608 3425 praedicat:
2635 3358 2692 3408 et
2730 3353 2988 3413 subverso
3022 3352 3222 3423 templo
3261 3359 3317 3407 et
3353 3351 3595 3416 civitate,
3628 3350 3728 3404 de-

2138 3455 2284 3503 serta
2332 3449 2403 3501 sit
2432 3447 2674 3518 peritura
2706 3446 2915 3517 religio,
2957 3454 3012 3501 et
3048 3446 3199 3500 lucra
3247 3458 3310 3503 ex
3341 3443 3603 3514 religione
3628 3454 3727 3495 ve-

2136 3537 2363 3593 nientia.
2389 3536 2597 3592 Idcirco
2638 3536 3049 3608 apprehendunt
3073 3550 3219 3601 eum,
3266 3542 3321 3590 et
3348 3533 3725 3590 consentiente

2137 3630 2239 3687 sibi
2265 3630 2462 3700 populo
2488 3629 2651 3685 morti
2674 3630 2946 3685 destinant
2969 3648 2981 3682 :
3006 3644 3178 3699 quare
3201 3626 3396 3679 dixerit
3422 3621 3477 3676 in
3500 3623 3723 3678 nomine

2137 3720 2350 3777 Domini
2384 3721 2527 3776 sicut
2555 3716 2667 3771 Silo
2691 3720 2799 3768 erit
2816 3744 2821 3747 -
2836 3720 3031 3768 dmuus
3053 3713 3188 3779 haec,
3212 3721 3269 3769 et
3292 3712 3424 3767 urbs
3453 3711 3725 3767 desolabi-

2139 3812 2247 3871 tur,
2294 3818 2361 3860 eo
2398 3805 2541 3875 quod
2591 3820 2699 3859 non
2735 3804 2806 3859 sit
2851 3803 3143 3859 habitator.
3190 3804 3247 3859 Si
3292 3804 3510 3875 quando
3556 3803 3724 3874 igitur

2135 3904 2358 3967 propter
2385 3897 2636 3952 mandata
2666 3896 2901 3962 Domini,
2938 3905 2994 3952 et
3020 3896 3145 3952 fidei
3172 3898 3477 3963 veritatem,
3519 3898 3602 3953 vel
3635 3912 3724 3951 sa-

2137 3988 2388 4044 cerdotes
2441 3987 2617 4053 nobis,
2667 3988 2752 4043 vel
2797 3988 3294 4060 pseudoprophetis,
3333 3988 3420 4044 vel
3460 3989 3722 4058 deceptus

2135 4081 2365 4151 populus
2393 4081 2683 4147 irascatur,
2706 4098 2812 4138 non
2840 4098 3165 4154 magnopere
3180 4094 3452 4149 curemus,
3482 4083 3577 4137 sed
3618 4096 3718 4137 es-

2137 4190 2433 4243 sequamur
2455 4175 2777 4230 sententiam
2794 4176 3030 4242 Domini,
3059 4188 3401 4247 nequaquam
3426 4176 3721 4248 praesentia

2136 4265 2304 4331 mala,
2336 4267 2430 4320 sed
2461 4266 2643 4321 futura
2668 4268 2810 4322 bona
2840 4269 3022 4323 animo
3049 4270 3366 4339 cogitantes.

2178 4400 2181 4403 .
2213 4378 2233 4412 ι
2268 4360 2337 4415 Ει
2359 4367 2719 4431 congregatus
2747 4369 2828 4416 est
2850 4363 3027 4417 omnis
3064 4350 3292 4433 populus
3319 4362 3604 4416 adversum
3630 4358 3721 4415 Je—

2142 4470 2162 4505 ι
2196 4452 2423 4509 remiam
2451 4453 2507 4507 in
2538 4453 2754 4508 domum
2784 4450 3015 4508 Domini.
3044 4454 3112 4507 Et
3133 4452 3418 4509 audierunt
3448 4450 3721 4524 principes

2102 4578 2107 4614 ς
2141 4564 2162 4599 ι
2194 4543 2332 4603 Juda
2355 4548 2521 4602 verba
2552 4546 2686 4611 haec,
2714 4554 2771 4601 et
2794 4542 3155 4602 ascenderunt
3187 4546 3255 4601 de
3289 4547 3450 4600 domo
3488 4544 3631 4614 regis
3661 4546 3715 4598 in

534 4596 555 4673 ξ
592 4623 657 4678 Et
688 4623 836 4679 dices
878 4625 947 4679 ad
986 4640 1117 4680 eos;
1147 4625 1271 4683 Haec
1318 4629 1449 4685 dicit
1496 4630 1795 4687 Dominus:
1820 4631 1880 4688 Si
1922 4649 2033 4690 non
2056 4596 2111 4659 Β
2719 4596 3151 4692 tet-sederunt
3177 4596 3717 4704 εἷ

459 4736 477 4766 ι
514 4713 795 4770 audieritis
810 4730 916 4781 me,
940 4724 997 4770 ut
1017 4718 1302 4775 ambuletis
1332 4720 1385 4774 in
1414 4721 1531 4793 lege
1555 4736 1698 4789 mea,
1725 4738 1889 4793 quam
1912 4726 2034 4783 dedi

461 4828 480 4861 ι
518 4808 691 4875 vobis,
735 4816 796 4862 ut
843 4808 1073 4863 audiatis
1130 4826 1406 4868 sermones
1455 4830 1735 4870 servorum
1786 4832 2033 4875 meorum

461 4923 479 4956 ι
510 4903 918 4974 prophetarum,
948 4919 1083 4974 quos
1112 4920 1213 4976 ego
1240 4906 1365 4961 misi
1390 4908 1455 4962 ad
1496 4924 1592 4964 vos
1615 4910 1680 4964 de
1712 4919 1868 4966 nocte
1900 4927 2033 4967 con-

461 5010 481 5045 ι
515 5008 763 5069 surgens,
787 5002 842 5049 et
866 4995 1122 5068 dirigens,
1143 5005 1199 5052 et
1224 5013 1331 5053 non
1357 4999 1585 5056 audistis
1611 5018 1623 5053 :
1651 5000 1789 5058 dabo
1813 5004 2032 5059 domum

462 5100 485 5136 ι
522 5083 680 5140 istam
709 5084 847 5140 sicut
879 5084 1010 5153 Silo,
1055 5096 1110 5142 ct
1146 5088 1336 5143 urbem
1378 5089 1518 5143 hanc
1547 5090 1687 5144 dabo
1730 5092 1783 5145 in
1814 5093 2038 5150 maledi-

464 5192 483 5226 ι
516 5175 749 5231 ctionem
769 5178 977 5233 cunctis
997 5180 1246 5249 gentibus
1260 5188 1439 5236 terrae.
1464 5200 1483 5234 ι
1510 5180 1569 5236 In
1593 5192 1778 5238 nostra
1804 5201 1933 5257 ergo
1953 5197 2036 5243 est

458 5267 689 5338 positum
727 5276 1010 5337 potestate,
1038 5270 1121 5324 vel
1168 5268 1347 5323 facere
1376 5272 1527 5340 quid,
1557 5272 1641 5329 vel
1672 5290 1779 5330 non
1810 5276 2029 5334 facere:

457 5356 531 5415 ita
557 5358 815 5415 duntaxat
844 5370 900 5415 ut
923 5358 1181 5439 quidquid
1212 5359 1337 5415 boni
1365 5362 1545 5432 operis
1566 5363 1835 5431 volumus,
1872 5382 2035 5439 appe-

454 5450 641 5517 timus,
690 5449 987 5522 cxplemus,
1043 5450 1107 5505 ad
1156 5449 1247 5523 Dei
1288 5451 1517 5522 gratiam
1567 5453 1907 5513 referamus:
1939 5460 2032 5529 qui

448 5540 604 5612 juxta
648 5543 960 5614 Apostolhm
991 5541 1138 5596 dedit
1181 5544 1357 5611 nobis,
1400 5552 1457 5599 et
1502 5546 1639 5601 velle
1675 5556 1731 5602 et
1765 5550 2030 5619 perficere

456 5631 622 5704 (Phil.
667 5634 751 5715 ir).
804 5633 901 5687 Sin
948 5640 1148 5699 autem,
1197 5632 1390 5689 sufﬁcit
1438 5636 1604 5691 semel
1652 5640 1930 5696 ambulare
1975 5642 2031 5698 in

453 5726 590 5798 lege,
613 5741 735 5796 quae
758 5725 918 5803 nobis
947 5726 1068 5783 data
1095 5736 1181 5782 est
1207 5743 1306 5797 per
1347 5727 1594 5800 Moysen,
1628 5741 1687 5786 ut
1727 5734 1890 5791 stulta
1921 5736 2031 5791 ha:-

452 5818 591 5875 resis
640 5817 967 5890 suspicatur.
1020 5817 1300 5888 Quomodo
1341 5823 1546 5879 addidit
1588 5842 1650 5879 :c
1688 5823 1759 5882 Ut
1797 5825 2031 5886 audiatis

2144 4744 2166 4780 α
2200 4725 2415 4782 Domini
2441 4740 2613 4781 novae.
2650 4746 2668 4778 ι
2700 4724 2966 4781 Jeremias
2994 4726 3048 4780 in
3075 4726 3276 4797 templo
3307 4726 3474 4781 verba
3504 4726 3715 4781 Domini

2138 4821 2515 4890 prophetabat,
2537 4828 2594 4875 et
2621 4821 2835 4875 dixerat
2860 4837 2872 4868 ε
2908 4838 2927 4872 ι
2963 4821 3110 4876 Dabo
3128 4818 3345 4876 domum
3374 4820 3555 4886 istam,
3576 4819 3717 4875 sicut

2139 4911 2275 4977 Silo,
2306 4919 2360 4965 et
2389 4910 2576 4965 urbem
2598 4910 2739 4965 hanc
2775 4911 2829 4964 in
2856 4911 3281 4967 maledictlonem
3312 4911 3524 4967 cunctis
3545 4912 3718 4983 genti-

2138 5004 2241 5059 bus
2268 5009 2443 5057 terrae.
2480 5021 2499 5052 ι
2534 5001 2835 5071 Statimque
2860 5014 2889 5056 a
2918 5002 3308 5068 sacerdotibus,
3336 5008 3393 5058 et
3414 5000 3715 5075 prepbetis,

2136 5106 2191 5153 et
2232 5097 2448 5167 populor,
2496 5096 2758 5151 seditione
2782 5106 3073 5163 commota,
3103 5110 3264 5153 omne
3301 5098 3492 5170 vulgus
3526 5100 3718 5155 adver-

2136 5205 2254 5245 sum
2300 5190 2617 5260 prophetam
2658 5198 3019 5261 congregatur
3064 5189 3121 5245 in
3163 5191 3438 5261 templum,
3466 5191 3557 5251 ubi
3597 5199 3717 5245 erat

2136 5283 2422 5351 propheta,
2469 5288 2525 5337 et
2559 5281 2919 5346 sacerdotum,
2969 5295 3034 5335 ac
3078 5282 3488 5351 prophetarum,
3541 5282 3719 5353 vulgi-

2135 5389 2263 5445 que,
2306 5372 2555 5431 manibus
2587 5373 2885 5429 tenebatur.
2915 5373 3070 5440 Quod
3112 5389 3234 5429 cum
3265 5370 3542 5429 audissent
3569 5375 3716 5443 prin.
3800 5405 3807 5408 -

2135 5470 2283 5537 cipes
2306 5467 2559 5533 civitatis,
2585 5466 2676 5536 qui
2704 5468 2757 5520 in
2783 5466 2942 5521 domo
2962 5466 3110 5537 regia
3130 5464 3505 5531 versabantur,
3537 5468 3715 5519 trabs-

2136 5562 2315 5617 ierunt
2338 5560 2452 5615 sive
2480 5578 2500 5609 ί
2531 5557 2891 5615 ascenderunt
2926 5556 2993 5612 de
3025 5559 3187 5614 domo
3221 5558 3364 5628 regis
3403 5557 3456 5609 in
3494 5552 3714 5609 domum

2136 5650 2369 5707 Domini.
2400 5670 2419 5702 ι
2446 5649 2883 5719 Notandumque,
2911 5649 3053 5716 quod
3072 5648 3151 5700 ire
3173 5649 3240 5700 ad
3256 5642 3478 5700 domum
3499 5636 3713 5700 Domitii

2133 5756 2392 5796 ascensus
2427 5740 2497 5794 sit
2529 5757 2542 5792 :
2576 5758 2594 5789 ι
2626 5737 2999 5807 Sederuntque
3042 5738 3097 5792 in
3136 5736 3366 5792 introitu
3410 5743 3582 5807 porto:
3608 5733 3714 5790 Do-

2134 5829 2267 5886 mini
2286 5843 2456 5895 novte,
2482 5846 2503 5881 ι
2524 5827 2837 5898 Principum
2861 5827 3008 5883 alim
3024 5822 3146 5885 erat
3163 5824 3421 5885 oﬁiciium
3436 5825 3639 5883 eodm
3650 5823 3712 5881 lt
