4008 6340
266 412 413 474 4008

1198 409 1561 469 EXPOSITIO
1598 408 1826 467 SUPER
1864 406 2228 465 JEREMIAM.
2266 436 2338 448 -
2373 406 2501 463 LIB.
2542 403 2612 463 Χ.

3345 416 3353 425 ’
3400 407 3535 463 {Ubii

263 535 429 600 porta
448 527 641 582 domus
666 522 909 591 Domini,
924 530 982 577 et
1008 521 1083 577 ibi
1107 522 1328 593 negotii,
1356 532 1408 577 et
1426 522 1707 578 seditionis
1733 536 1858 593 cog-
1882 522 1937 584 Α
1959 517 2202 579 stultitiae
2228 526 2330 585 est,
2360 517 2509 574 aliud
2547 516 2626 573 sic
2660 512 2979 587 impendens
3008 517 3181 575 vitare
3219 518 3534 589 discrimen,

269 634 501 683 noscere
547 618 854 674 veritatem.
886 614 1036 695 Nova
1064 624 1245 671 autem
1287 623 1451 695 porta,
1480 616 1703 695 dicitur,
1732 616 1861 693 quia

268 696 365 783 qui
395 702 657 767 sedebant
691 708 745 771 in
769 722 856 773 ea,
881 692 1159 775 etjudicio
1190 694 1482 777 praeerant,
1516 692 1859 765 sacerdotum
1888 738 1905 745 ε

270 813 329 860 et
352 800 941 874 pseudoprophetarum
969 797 1253 853 calumnia:
1274 799 1617 856 resistebant.

345 936 366 986 ἆ
404 917 473 989 Et
495 913 663 987 locuti
711 910 837 984 simi
865 908 1175 983 sacerddies
1205 922 1258 983 ei
1298 920 1578 1001 propheta!
1610 902 1677 984 dii
1702 929 1855 1000 prin-

270 1016 501 1096 rupes,
544 1028 599 1077 et
639 1020 707 1076 ad
748 1020 967 1075 omnem
997 1018 1254 1090 pop'uiun'i
1281 1016 1521 1096 dicentes
1548 1038 1562 1074 :
1587 1014 1857 1077 Iudicium

270 1122 292 1169 i
331 1088 524 1170 mortis
549 1119 636 1169 est
677 1096 798 1165 viro
840 1088 1153 1180 huiciquia
1199 1088 1542 1182 pi'opheiavit
1569 1108 1856 1167 adversum

269 1216 289 1261 ἀ
322 1194 604 1285 eivltatem
657 1188 837 1271 istam,
867 1204 1008 1260 s'icu‘t
1052 1202 1283 1260 audistis
1322 1202 1545 1261 auribus
1572 1204 1788 1261 vestris.
1830 1224 1849 1258 ι

264 1296 594 1354 sedentibus
634 1297 787 1352 urbis
828 1292 1163 1366 principibus
1191 1294 1246 1350 in
1289 1302 1444 1367 porta
1477 1286 1684 1367 templi,
1714 1300 1769 1351 et
1800 1285 1856 1351 in

262 1395 422 1460 porta
471 1388 633 1456 nova,
658 1387 752 1459 qili
780 1386 849 1444 de
899 1386 1042 1459 regis
1071 1372 1273 1458 palatio
1322 1380 1391 1442 ad
1428 1388 1686 1457 templum
1726 1378 1858 1443 eon-

265 1486 573 1546 curferalit,
591 1486 651 1537 ut
665 1481 859 1538 scditio
880 1478 1061 1552 populi
1083 1466 1387 1547 s'edareiur,
1410 1472 1464 1537 et
1481 1470 1743 1537 coiicioiie

265 1573 378 1643 Pu“
393 1560 724 1645 wngi‘egata
744 1570 1002 1629 accusant
1023 1566 1331 1653 sacerdotes
1351 1576 1409 1653 et
1420 1560 1858 1653 pseudOpi'Ophia-

269 1666 338 1720 tae
360 1656 673 1731 Jeremiam,
696 1660 1037 1736 perieramus
1065 1654 1349 1738 propheta,
1382 1652 1649 1736 Quantum
1673 1652 1773 1721 fiiit
1801 1652 1856 1721 in

268 1744 643 1811 sacerdotibus
669 1764 724 1811 et
742 1748 1019 1827 prophetis
1042 1752 1119 1813 :si
1142 1748 1333 1812 aec'usa
1343 1766 1487 1813 tores
1511 1756 1611 1828 ipsi
1636 1742 1858 1815 habilis-

266 1845 594 1944 sentjudieii
619 1848 962 1944 potestatem.
991 1838 1071 1904 Ex
1106 1830 1617 1944 quo‘inieuigimlis,‘
1661 1846 1855 1944 erade.
1880 1884 1931 1944 Β

266 1935 433 1994 liores
460 1928 629 1994 fuisse
658 1938 711 1994 in
749 1936 1065 2010 prophetam“
1090 1952 1189 2011 per
1217 1934 1473 1997 invidiam
1520 1930 1849 2009 sanctitatis,

268 2032 363 2103 qui
399 2020 644 2103 religioni
681 2030 1002 2089 videbantur
1028 2022 1218 2102 dediti,
1250 2050 1411 2106 quam
1439 2032 1531 2109 qui
1562 2024 1857 2094 necessita-

284 2123 415 2179 I'bus
435 2125 662 2195 publicis
688 2134 959 2197 praeerant

282 2336 285 2339 _
345 2275 363 2308 σ
398 2255 468 2312 Et
497 2240 857 2314 aitJeremias
890 2240 959 2337 ad
994 2274 1189 2331 omnes
1226 2261 1520 2332 principes,
1549 2270 1607 2318 et
1639 2262 1709 2320 ad
1733 2262 1857 2318 uni-

275 2368 295 2403 ι
327 2350 545 2406 versum
587 2350 865 2422 populum,
911 2352 1098 2409 dicens
1132 2354 1431 2419 :Dominus
1468 2354 1618 2411 misit
1662 2370 1750 2411 me
1795 2361 1857 2419 ut

196 2490 206 2498 .
273 2461 292 2495 ‹
325 2438 705 2512 prophetarem
727 2444 794 2498 ad
817 2444 1035 2499 domum
1065 2444 1190 2515 (sive
1217 2458 1377 2515 super
1397 2443 1639 2518 domum)
1668 2446 1853 2513 istam,

276 2551 294 2585 ι
328 2541 383 2589 et
406 2533 475 2587 ad
513 2534 790 2589 civitatem
819 2535 945 2607 (sive
972 2550 1137 2606 super
1170 2536 1467 2610 civitatem)
1500 2539 1640 2594 hanc
1674 2539 1858 2595 omnia

276 2641 296 2676 ι
331 2612 496 2701 verba
522 2641 644 2703 quae
681 2628 928 2701 audistis.
982 2628 1137 2686 Nunc
1173 2644 1304 2702 ergo
1341 2632 1513 2687 bonas
1548 2631 1713 2689 facite
1742 2633 1857 2689 vias

278 2730 299 2765 ι
332 2723 543 2770 vestras
565 2725 620 2771 et
648 2719 823 2773 studia
852 2728 1052 2786 vestra,
1080 2720 1263 2777 audite
1291 2736 1480 2787 vocem
1506 2723 1721 2779 Domini
1760 2722 1853 2779 Dei

277 2823 299 2860 ι
331 2802 524 2883 vestri,
554 2818 610 2864 et
632 2812 914 2879 pmnitebit
962 2812 1251 2869 Dominum
1292 2814 1422 2879 mali
1451 2815 1595 2885 quod
1642 2814 1855 2871 locutus

276 2917 298 2951 ι
334 2908 419 2957 est
448 2899 734 2958 adversum
764 2919 861 2959 vos
890 2903 1017 2976 (sive
1036 2915 1092 2962 et
1118 2907 1360 2977 quiescet
1384 2908 1645 2963 Dominus
1668 2925 1699 2964 a
1737 2923 1855 2962 ma-

279 3007 299 3042 ι
337 2991 405 3046 iis
427 3008 548 3073 qua:
568 2992 781 3050 locutus
806 3006 891 3052 est
908 3006 1103 3053 contra
1127 3002 1266 3069 vos).
1295 2999 1408 3070 Ego
1435 3009 1618 3057 autem
1644 3014 1773 3056 ecce
1802 3001 1859 3056 in

280 3101 298 3135 ι
330 3083 581 3165 manibus
605 3087 803 3143 vestris
841 3104 961 3157 sum
983 3108 996 3143 :
1018 3088 1184 3146 facile
1216 3091 1350 3147 mihi
1378 3100 1437 3147 ut
1464 3093 1665 3149 bonum
1693 3100 1749 3149 et
1773 3104 1859 3148 re-

279 3194 297 3227 ι
334 3184 481 3232 ctum
524 3186 608 3257 est
646 3179 704 3234 in
744 3181 914 3237 oculis
941 3183 1138 3240 vestris
1171 3183 1297 3254 (sive
1322 3194 1382 3240 ut
1411 3186 1630 3255 expedit
1656 3184 1854 3256 vobis).

1960 619 2021 666 ut
2041 611 2109 671 de
2138 611 2362 671 veritate
2388 610 2463 665 nil
2488 610 2793 666 subtrahas.

2035 720 2054 753 ι
2093 701 2160 756 Ει
2182 702 2433 758 dixerunt
2464 702 2760 772 principes,
2787 710 2844 755 et
2869 702 3049 757 omnis
3080 703 3309 773 populus
3342 706 3412 760 ad
3455 722 3538 761 sa-

1964 808 1984 843 ι
2019 791 2267 847 cerdotes
2291 800 2346 846 et
2369 791 2697 863 prophetas:
2724 790 2843 849 Non
2872 800 2956 848 est
2983 793 3100 849 viro
3125 794 3251 849 huic
3271 794 3532 862 judicium

1962 901 1983 935 ι
2017 883 2230 950 mortis,
2261 884 2387 954 quia
2418 884 2474 939 in
2511 885 2727 939 nomine
2756 883 2967 939 Domini
2997 885 3092 940 Dei
3121 888 3293 941 nostri
3324 887 3535 945 locutus

1964 994 1982 1027 ι
2016 984 2101 1032 est
2123 976 2191 1032 ad
2232 992 2349 1032 nos.
2381 996 2400 1030 ι
2433 975 2689 1046 Populus,
2714 976 2806 1046 qui
2850 977 3054 1047 priusa
3083 976 3454 1035 sacerdotibus
3477 988 3537 1035 et

1957 1069 2444 1140 pseudoprophetis
2478 1068 2657 1125 fuerat
2692 1067 3090 1139 supplantatus,
3109 1067 3358 1141 jungitur
3384 1073 3535 1143 prin-

1957 1159 2170 1230 ‘cipibus
2196 1161 2456 1228 civitatis,
2486 1164 2541 1217 "et
2573 1176 2673 1232 pro
2696 1161 2933 1217 Jeremia
2970 1161 3231 1233 loquitur,
3262 1165 3404 1234 quod
3443 1178 3539 1218 ne-

1959 1266 2234 1323 quaquam
2268 1268 2395 1310 reus
2426 1252 2621 1311 mortis
2649 1254 2741 1321 sit,
2778 1255 2873 1310 sed
2900 1254 2953 1309 in
2982 1256 3200 1311 nomine
3224 1257 3460 1325 Domini;
3486 1267 3544 1315 et

1946 1356 2027 1397 ex
2055 1356 2151 1397 ore
2196 1342 2342 1399 illius
2389 1342 2750 1415 prophetarit.
2796 1338 2917 1402 Cito
2962 1346 3109 1401 enim
3150 1338 3340 1417 vulgus
3390 1348 3543 1405 indo-

1947 1434 2105 1490 'ctum
2140 1442 2360 1507 accepta
2394 1437 2625 1503 ratione,
2658 1432 2828 1491 mutat
2865 1440 3214 1505 scntentiam,
3252 1439 3407 1495 dolor
3445 1456 3542 1495 au-

1956 1535 2068 1582 tem
2099 1530 2495 1595 accusantium,
2544 1524 2816 1600 praecipue
2860 1522 3204 1586 sacerdotum
3233 1538 3287 1586 et
3312 1533 3541 1603 pseudo-

1955 1620 2368 1689 prophetarum,
2417 1630 2525 1675 non
2582 1614 2763 1691 potest
2820 1614 3210 1678 immutarizet
3260 1623 3382 1678 ideo
3434 1622 3542 1679 illis

1959 1706 2362 1779 accusantibus,
2396 1719 2453 1767 et
2478 1712 2532 1767 in
2557 1713 2901 1767 accusatione
2926 1714 3418 1784 perseverantibus,
3440 1708 3542 1784 po-

1958 1802 2117 1873 pulus
2154 1796 2543 1869 commutatur,
2588 1803 2731 1872 quod
2786 1816 2937 1872 spem
2983 1802 3065 1857 eis
3090 1802 3318 1857 dederat
3361 1802 3541 1857 indul-

1957 1894 2153 1964 gentiae
2180 1892 2461 1959 Dominus,
2494 1893 2541 1949 si
2575 1893 2749 1948 bonas
2773 1890 3015 1955 facerent
3044 1884 3161 1947 vias
3185 1896 3332 1959 Suas,
3363 1898 3418 1948 et
3444 1906 3542 1947 au-

1956 1985 2138 2042 dirent
2163 1998 2350 2042 vocem
2382 1980 2595 2041 Domini
2633 1984 2730 2041 Det
2765 1984 2873 2052 sui;
2903 1994 2963 2039 ut
2989 1990 3046 2038 et
3087 1980 3348 2039 Dominus
3391 1992 3546 2040 suam

1930 2077 2282 2133 sententiam
2307 2075 2572 2131 ﬂecteret.

2031 2187 2051 2219 ι
2083 2167 2560 2237 Surrexoruntque
2578 2165 2683 2220 viri
2706 2167 2773 2221 de
2788 2164 3091 2221 senioribus
3115 2160 3295 2232 terrai,
3318 2174 3375 2221 et
3393 2166 3547 2222 dixe-

1964 2279 1986 2313 ι
2020 2269 2148 2316 runt
2176 2261 2244 2315 ad
2264 2272 2480 2317 omnem
2502 2267 2703 2315 emtum
2727 2254 2911 2329 populi
2941 2248 3263 2328 loquentes:
3290 2257 3541 2314 Michieas

1964 2370 1984 2403 r
2021 2352 2087 2407 de
2118 2351 2342 2407 Morasti
2367 2346 2471 2405 fuit
2508 2351 2773 2421 propheta
2807 2350 2861 2405 in
2892 2342 3084 2405 diebus
3109 2350 3357 2405 Eiechiaa
3399 2350 3545 2421 regis

1964 2462 1983 2496 c
2020 2442 2179 2511 Juda,
2216 2452 2273 2501 et
2316 2444 2397 2499 ait
2439 2445 2510 2500 ad
2560 2454 2777 2499 omnem
2821 2443 3076 2513 pupulum
3123 2441 3274 2498 Iuda!
3314 2443 3543 2499 dicens:

1965 2552 1986 2587 ‹
2018 2533 2146 2591 Haec
2173 2537 2305 2592 dicit
2349 2535 2611 2592 Dominus
2646 2536 2985 2592 exercituum
3016 2550 3029 2588 :
3067 2534 3199 2591 Siorl
3228 2524 3381 2605 quasti
3419 2548 3549 2608 ager

1964 2646 1985 2679 ι
2018 2629 2285 2695 arabitur;
2324 2626 2663 2684 Hierusalem
2692 2629 2746 2683 in
2776 2630 3030 2683 acervum
3066 2626 3304 2699 lapidum
3334 2628 3460 2694 erit,
3492 2638 3551 2682 et

1966 2730 1986 2770 ι
2019 2728 2177 2774 mons
2211 2718 2405 2775 donius
2448 2721 2503 2774 in
2531 2719 2747 2775 excelsa
2778 2718 3058 2775 silvarum.
3089 2716 3342 2790 Nunquid
3374 2726 3549 2774 morte

1966 2826 1986 2861 ι
2019 2804 2402 2867 conoemnavit
2432 2804 2557 2867 eum
2606 2811 2870 2867 Ezechias
2917 2814 3014 2866 rest
3065 2809 3228 2878 Juda,‘
3266 2814 3323 2867 et
3369 2810 3549 2869 omnis

1966 2920 1985 2955 σ
2018 2902 2188 2958 Ju’da?
2214 2904 2468 2975 Nunquid
2488 2908 2599 2960 non
2622 2905 2921 2960 timuerunt
2941 2897 3253 2970 Domitium;
3282 2906 3335 2961 et
3358 2902 3549 2975 depre-

1966 3012 1986 3045 ε
2022 2995 2129 3049 cati
2177 3004 2306 3050 sunt
2349 2984 2544 3051 faciem
2585 2994 2822 3061 Domini,
2864 3002 2918 3051 et
2962 2988 3219 3065 βαδιιίῐήῆὶ
3260 2994 3549 3051 Dominum

1966 3104 1986 3137 ι
2020 3085 2147 3140 mali
2177 3087 2321 3157 quod
2351 3086 2561 3143 locutus
2609 3092 2730 3142 erat
2762 3087 3052 3142 adversum
3081 3088 3214 3143 eos?
3235 3085 3423 3157 Itaque
3450 3102 3549 3142 nos

1967 3194 1988 3227 ι
2022 3175 2252 3234 facimus
2289 3179 2493 3234 malum
2529 3167 2735 3251 grande
2779 3172 2968 3234 contra
3015 3180 3228 3235 animas
3257 3185 3490 3234 nostras.
3527 3197 3545 3230 ι

280 3285 296 3317 ι
334 3252 729 3351 νει-ιιιηίαιιιθιι
750 3273 943 3329 scitote
975 3282 1039 3339 et
1054 3252 1366 3347 cognoscite
1391 3252 1536 3346 quod
1567 3276 1613 3337 si
1634 3252 1853 3333 occide—
1885 3254 1930 3318 C
1960 3269 2243 3343 Principes
2270 3260 2506 3328 civitatis
2545 3281 2602 3328 et
2638 3270 2869 3343 populus
2905 3270 3210 3341 intelligunt
3238 3252 3428 3340 judicii
3460 3268 3554 3325 ve-

280 3373 299 3407 ι
333 3357 454 3414 ritis
505 3375 609 3424 me,
656 3365 974 3439 sanguinem
1027 3365 1371 3422 innocentem
1411 3366 1624 3425 traditis
1667 3375 1859 3423 contra

280 3464 299 3496 ι
337 3451 712 3529 vosmetipsos,
740 3462 797 3508 et
829 3463 1019 3531 contra
1045 3455 1321 3511 civitatem
1366 3456 1526 3512 istam
1566 3465 1625 3511 et
1648 3457 1861 3514 habita-

283 3553 299 3585 ι
334 3545 480 3623 tores
500 3539 637 3627 eius.
669 3540 727 3595 in
753 3544 980 3627 veritate
1019 3534 1345 3627 enimmisit
1374 3562 1464 3605 me
1493 3548 1754 3627 Dominus
1791 3548 1859 3603 ad

282 3644 298 3676 ι
332 3620 449 3710 γοὲ»
494 3620 843 3710 ιὶῑοὶριιιιςιθι·
887 3620 943 3691 iri
970 3620 1194 3695 auribus
1228 3639 1428 3695 vestris
1466 3624 1648 3695 omnia
1692 3641 1860 3695 verba

280 3736 299 3768 ¹
508 3739 527 3770 ⁸
554 3698 701 3799 C‘im.
737 3700 1003 3798 ρἷδθβῑθ
1044 3731 1269 3792 γονυιοκ
1298 3734 1554 3793 sederent
1594 3732 1651 3787 in
1703 3738 1860 3803 porta

276 3809 545 3879 principes
576 3810 831 3877 civitatis,
866 3820 924 3867 et
950 3823 1272 3870 accusarent
1305 3816 1616 3873 sacerdotes
1640 3826 1698 3871 et
1727 3830 1857 3885 pro-

275 3902 449 3975 phetas
482 3899 774 3958 Jeremiam
818 3903 1163 3975 prophetam,
1210 3914 1266 3961 et
1302 3906 1496 3961 mortis
1524 3906 1733 3960 crimen
1777 3906 1860 3961 in-

279 3982 865 4077 tenderent,‘.ieremias
897 3997 967 4054 ad
988 3997 1264 4068 principes
1285 3997 1547 4069 loquitur,
1573 4008 1630 4055 et
1652 3999 1722 4055 ad
1741 4000 1861 4056 uni-

276 4100 489 4163 versum
507 4072 784 4158 populum,
808 4072 945 4159 quos
971 4090 1315 4145 sacerdotum
1337 4099 1393 4147 et
1421 4090 1861 4161 pseudoprbphe-

279 4186 457 4261 tarum
471 4177 636 4257 factio
657 4181 1047 4255 concitaverat,
1069 4183 1367 4253 prudenter
1386 4182 1591 4261 pariter
1614 4190 1670 4241 et
1690 4182 1863 4238 htimi-

277 4252 401 4325 iiter
416 4256 578 4340 atque
595 4252 927 4328 constanter.
947 4252 1253 4331 Prudenter
1269 4252 1413 4344 quod
1430 4287 1461 4328 a
1476 4273 1706 4330 Domino
1724 4272 1857 4343 mis-

276 4379 396 4420 sum
417 4379 540 4420 esse
567 4379 631 4451 se
651 4364 880 4432 diceret,
901 4373 964 4449 ut
989 4374 1182 4425 contra
1211 4367 1469 4437 templum
1495 4375 1553 4423 et
1581 4367 1859 4423 civitatem

276 4458 589 4529 loqueretur
617 4473 632 4513 :
657 4459 920 4531 daretque
937 4460 1243 4526 consilium,
1269 4462 1415 4529 quod
1448 4460 1495 4515 si
1520 4460 1724 4516 vellent
1741 4459 1858 4530 ejus

277 4548 467 4603 audire
508 4548 815 4616 consilium,
862 4558 920 4606 et
954 4564 1113 4620 agere
1145 4550 1546 4620 paenitentiam,
1592 4551 1856 4608 Dominus

277 4654 493 4713 quoque
538 4655 693 4700 suam
739 4641 1066 4699 sententiam
1127 4650 1486 4697 commutaret
1530 4659 1545 4711 ς
1582 4643 1860 4698 humiliter

276 4739 459 4788 autem
504 4732 559 4787 in
608 4746 695 4797 eo,
722 4732 867 4802 quod
908 4732 1019 4787 ait:
1045 4749 1067 4783 ς
1096 4731 1236 4787 Ecce
1277 4731 1333 4785 in
1377 4731 1628 4787 manibus
1663 4733 1861 4788 vestris

276 4838 417 4895 sum,
448 4821 611 4894 facitp
639 4821 774 4878 mibi
804 4829 866 4876 ut
906 4823 1108 4878 bonum
1130 4831 1190 4878 et
1226 4833 1435 4878 rectum
1458 4832 1546 4879 est
1589 4824 1645 4878 in
1689 4825 1860 4879 oeulis

275 4900 490 4995 vestris.
524 4934 544 4967 ι
572 4912 745 4987 Porro
771 4921 1119 4993 constanter:
1154 4934 1172 4966 ι
1205 4915 1260 4969 in
1306 4914 1537 4971 veritate
1578 4915 1731 4971 misit
1773 4931 1862 4972 me

274 5005 538 5063 Dominus
572 5004 642 5079 ad
661 5019 783 5072 vos,
816 5012 875 5083 ut
898 5004 1153 5074 loquerer
1173 5006 1242 5076 .in
1270 5006 1496 5063 auribus
1521 5007 1720 5063 vestris
1739 5022 1861 5063 om-

274 5098 366 5165 nia
407 5082 574 5171 verba
613 5098 748 5155 haec.
781 5117 801 5149 ι
831 5086 1076 5181 Aliisque
1119 5098 1462 5163 sermonibus
1494 5098 1776 5168 loquitur:
1802 5097 1861 5154 Si

276 5182 597 5265 irascimini,
635 5205 733 5246 cur
780 5197 972 5262 cpntra
1021 5189 1368 5260 templumet
1411 5190 1600 5246 urbem
1648 5190 1862 5246 Domini

186 5330 190 5334 .
277 5279 380 5336 sim
408 5280 639 5347 locutus,
676 5288 730 5336 et
755 5296 902 5337 cura:
926 5280 1083 5337 vobis
1100 5288 1197 5343 est
1219 5281 1365 5339 salus
1398 5281 1551 5338 urbis
1573 5290 1628 5337 et
1655 5281 1860 5353 templi,

277 5385 374 5426 cur
401 5371 610 5443 augetis
641 5380 865 5442 peccata
898 5371 1160 5442 peccatis,
1187 5379 1245 5427 et
1286 5373 1564 5443 sanguinis
1604 5371 1711 5432 mei
1751 5380 1862 5427 tam

279 5465 499 5533 urbem,
567 5481 730 5537 quam
780 5466 1121 5524 habitatores
1174 5468 1294 5538 ejus
1352 5472 1481 5523 reos
1529 5466 1745 5522 facitis?
1801 5467 1862 5524 Si

278 5555 495 5628 quando
534 5556 700 5625 igitur
743 5566 801 5613 et
841 5559 995 5619 nobis
1047 5573 1150 5628 pro
1191 5559 1534 5616 necessitatis
1575 5558 1859 5629 angtistiis,

279 5646 583 5705 humilitate
603 5660 739 5717 opus
767 5657 890 5702 est:
913 5650 993 5707 sic
1024 5665 1150 5707 eam
1172 5654 1531 5717 assumamus,
1563 5665 1635 5706 ne
1662 5650 1865 5707 verita-

279 5752 389 5797 tem
418 5748 476 5796 et
504 5738 868 5809 constantiam
895 5740 1225 5796 deseramus.
1262 5742 1424 5797 Aliud
1452 5748 1535 5797 est
1578 5741 1724 5797 enim
1767 5757 1859 5796 su-

278 5832 446 5909 perbe
483 5831 869 5891 contumeliam
909 5830 1087 5889 facere
1133 5831 1417 5903 iudicanti,
1463 5835 1607 5904 quod
1648 5835 1859 5907 signum

1963 3363 2199 3419 ritatem.
2237 3361 2407 3420 Senes
2438 3368 2639 3430 autem,
2683 3362 2915 3438 quorum
2961 3362 3179 3434 proprie
3229 3356 3346 3418 erat
3392 3354 3553 3417 nesse

1961 3461 2167 3518 vetera,
2209 3445 2474 3523 replicant
2515 3454 2820 3521 historiam,
2846 3461 2901 3509 et
2940 3452 3279 3525 prophetiam
3316 3446 3549 3509 Diiohm‘ae

1962 3545 2028 3599 de
2058 3544 2303 3611 Morastl,
2344 3546 2437 3615 qui
2462 3546 2804 3615 prepheta'vit
2830 3546 2931 3601 sub‘
2965 3552 3092 3617 rege
3114 3542 3364 3609 Ezechia,
3406 3544 3553 3601 com-

1961 3644 2159 3708 Parant
2178 3639 2476 3708 prophetiae
2500 3636 2773 3705 Iereinia‘a,
2806 3652 2904 3710 pro
2932 3650 3037 3708 qua
3064 3638 3112 3693 ei
3139 3622 3329 3693 moriis
3357 3630 3554 3690 discri-

1960 3741 2086 3781 men
2132 3728 2482 3799 impenditur,
2533 3730 2935 3799 OStmduntque'
2984 3724 3133 3782 illum
3177 3725 3382 3778 dixisse
3428 3736 3550 3793 gra-

1961 3814 2113 3866 viora‘
2161 3818 2218 3867 et
2246 3808 2425 3867 tameii
2449 3820 2479 3865 a
2510 3811 2660 3882 itile
2686 3822 2814 3885 rege
2852 3812 3083 3869 Etechia
3127 3812 3259 3868 nihil
3287 3826 3405 3869 esse
3429 3820 3553 3884 per-

1963 3910 2198 3973 pessum,
2250 3890 2346 3958 sed
2389 3912 2683 3957 cenversos
2717 3904 2785 3959 ad
2822 3886 3198 3973 ptenitentiam
3235 3902 3449 3981 Domini
3496 3904 3553 3959 in

1962 3996 2160 4051 bonam
2200 4002 2408 4065 partem
2462 3995 2689 4051 vertisse
2733 3994 3077 4051 Sententiam.
3119 3995 3371 4052 Micha'as
3405 3996 3553 4061 enim

1963 4084 2139 4140 dixit:
2171 4104 2189 4137 ι
2222 4085 2350 4141 Sion
2380 4082 2533 4155 quasi
2580 4092 2710 4158 ager
2734 4080 2998 4153 arabitur;
3043 4094 3098 4142 et
3128 4084 3464 4143 Hierusalem
3496 4088 3553 4142 in

1964 4184 2218 4231 acervum
2266 4177 2504 4246 lapidum
2543 4174 2666 4243 erit,
2718 4178 2772 4233 et
2813 4192 2968 4233 mons
3006 4177 3198 4233 domus
3244 4176 3299 4233 in'
3337 4179 3552 4235 excelsa

1964 4266 2221 4322 silvarum
2260 4266 2447 4339 (Mich.
2486 4266 2589 4340 ιιι).
2625 4287 2643 4320 ι
2675 4266 2845 4324 Porro
2874 4266 3175 4324 Jeremias:
3207 4285 3225 4320 ι
3255 4265 3425 4333 Dabo,
3463 4271 3547 4324 in-

1963 4356 2100 4425 quit,
2131 4357 2347 4411 domum
2382 4357 2541 4412 istam
2573 4357 2709 4413 sicut
2749 4358 2881 4423 Silo,
2922 4357 2977 4414 et
3003 4358 3192 4414 urbem
3241 4356 3381 4416 hanc
3412 4358 3551 4417 dabo

1962 4448 2017 4503 in
2042 4449 2470 4506 malediction‘em
2486 4450 2698 4508 cunctis
2717 4449 2968 4523 gentibus
2984 4442 3139 4508 lci-rm
3154 4451 3307 4525 (ευρ.
3323 4448 3493 4526 xiiv).
3524 4472 3546 4509 ι

1963 4542 2209 4613 Dantque
2265 4542 2549 4599 consilium
2592 4552 2846 4627 putantes
2897 4556 3236 4616 nequaquam
3286 4544 3549 4612 futurum,

1890 4604 1937 4664 θ
1963 4634 2106 4702 Quod
2142 4634 2392 4689 Michmas
2422 4604 2767 4705 praediiterat,
2799 4636 2923 4705 quia
2962 4604 3132 4691 multo
3162 4640 3404 4706 tempore
3441 4651 3551 4692 non

1962 4725 2034 4779 sit
2060 4725 2260 4779 factum
2287 4733 2511 4795 propter
2537 4726 2716 4796 populi
2742 4726 3141 4795 paenitentiam.
3178 4725 3243 4781 Et
3280 4727 3382 4781 hoc
3412 4743 3550 4796 quo-

1963 4828 2088 4884 que,
2124 4815 2267 4885 quod
2291 4812 2555 4870 Jeremias
2594 4812 2803 4899 locutus
2837 4824 2939 4882 cst,
2981 4832 3323 4888 nequaquam
3358 4818 3473 4874 fore
3502 4819 3549 4875 si

1956 4906 2111 4976 juxta
2144 4906 2426 4962 consilium
2453 4902 2569 4977 ejus
2590 4906 2763 4964 bonas
2789 4908 2987 4963 faciant
3020 4909 3134 4965 vias
3162 4926 3307 4976 suas,
3344 4902 3400 4965 et
3430 4919 3548 4967 stu-

1966 4997 2053 5054 dia
2081 5013 2176 5071 sua
2199 5007 2253 5054 et
2273 4997 2493 5055 audiant
2519 5008 2705 5056 vocem
2729 4998 2939 5055 Domini
2961 4998 3056 5057 Dei
3081 5000 3187 5069 sui,
3210 5009 3269 5056 ut
3292 4998 3551 5060 Dominus

1963 5105 2071 5145 non
2099 5088 2297 5146 inferat
2330 5084 2551 5159 malum,
2581 5092 2723 5162 quod
2750 5090 2829 5147 eis
2856 5091 3052 5159 fuerat,
3086 5086 3447 5149 comminatus
3479 5092 3552 5150 si—

1964 5183 2185 5256 mulque
2229 5172 2485 5258 frangunt
2529 5193 2903 5243 accusatorum
2956 5180 3185 5251 rabiem,
3236 5194 3291 5242 et
3334 5200 3393 5242 se
3447 5187 3549 5242 mi-

1965 5288 2117 5336 scent
2144 5296 2267 5335 cum
2293 5280 2372 5336 eis
2405 5280 2645 5337 dicentes
2678 5300 2690 5335 :
2724 5298 2741 5331 ι
2769 5279 2955 5349 Itaque
2977 5292 3075 5335 nos
3099 5278 3325 5336 facimus
3346 5279 3549 5335 malum

1966 5360 2169 5443 grande
2198 5380 2387 5428 contra
2418 5364 2627 5427 animas
2661 5382 2899 5438 nostras,
2933 5393 2951 5425 ι
2984 5388 3090 5428 non
3120 5389 3226 5444 quo
3249 5358 3429 5429 i‘acere
3458 5368 3550 5429 de-

1965 5451 2149 5530 beant,
2177 5464 2270 5519 sed
2302 5465 2426 5534 quia
2462 5460 2507 5519 si
2538 5464 2786 5530 fecerint,
2817 5468 3153 5534 nequaquam
3199 5474 3432 5521 noceant
3457 5481 3549 5521 ac-

1965 5566 2177 5621 cusato,
2206 5552 2301 5610 sed
2334 5546 2616 5611 animabus
2645 5556 2778 5623 suis,
2817 5571 2952 5626 quas
2994 5557 3289 5613 mutatione
3331 5562 3548 5613 senten-

1964 5644 2053 5701 tia:
2073 5645 2345 5717 potuerint
2372 5646 2625 5703 liberare.

2042 5758 2060 5788 ι
2096 5737 2219 5792 Fuit
2253 5752 2465 5807 quoque
2490 5738 2574 5793 vir
2621 5739 2950 5809 prophetans
2991 5741 3047 5794 in
3080 5732 3299 5796 nomine
3330 5738 3545 5794 Domini

1970 5852 1988 5888 ι
2027 5835 2186 5891 Urias
2210 5834 2351 5891 illius
2374 5834 2553 5891 Semei
2578 5835 2643 5891 de
2662 5834 3106 5904 Chariathiarim,
3133 5843 3189 5892 et
3206 5834 3548 5907 prophetavit
