4044 6326
430 366 579 438 ,1007

439 496 464 535 ⁸
494 479 783 558 ίάῗθΐειιῐη
833 471 1122 556 ρῑνίιθιειη
1150 470 1337 534 istam,
1384 475 1439 524 et
1487 468 1772 522 adversum
1809 475 2012 520 terram
2035 471 2126 530 Αρ

441 591 466 630 ς
499 555 664 638 hanc,
690 555 1144 639 juxtauniversa
1194 565 1358 618 verba
1395 559 1661 616 Jeremiae.
1710 559 1778 612 Et
1813 557 2014 611 audivit

415 661 592 737 arex
616 658 860 744 Joacbim
898 663 952 710 et
977 668 1165 710 omnes
1203 660 1468 724 potentes,
1500 657 1555 704 et
1595 664 1783 703 omnes
1818 647 2017 718 princi-

441 772 464 809 ι
493 746 594 826 pes
614 739 737 822 ejus
759 749 924 803 verba
953 747 1087 812 haec,
1118 751 1174 798 et
1209 740 1455 814 quaesivit
1483 756 1578 796 rex
1606 747 1667 794 ut
1689 739 2015 793 interficeret

415 828 418 830 ’
444 863 465 898 ι
501 860 646 900 eum.
674 837 958 896 Etaudivit
975 834 1231 912 Urias,'et
1246 835 1441 900 timuit,
1466 832 1709 903 fugitque
1731 839 1786 886 et
1810 831 2015 900 ingres—
2083 896 2086 898 γ

444 952 465 986 ι
503 947 596 989 sus
620 937 701 986 est
727 927 1040 1002 IEgyptum.
1068 945 1086 980 ι
1122 923 1379 993 Quodque
1421 921 1700 991 sequitur:
1730 939 1748 971 ι
1779 919 1845 973 Et
1873 919 2019 989 misit

445 1043 465 1076 ι
500 1039 602 1092 νει⁴
624 1003 878 1077 Joachim‘
897 1019 1043 1072 viros
1083 1016 1137 1071 in
1167 1012 1478 1087 ,Egyptum
1511 1010 1811 1065 Helnatban
1848 1007 2017 1061 filium

423 1095 465 1166 ἰ
494 1112 783 1177 Aehobor,
816 1099 888 1164 et
943 1107 1089 1163 viros
1127 1121 1248 1160 cum
1318 1119 1383 1159 eo
1436 1103 1492 1157 in
1533 1101 1820 1172 Egyplum
1849 1138 1864 1164 ,
1896 1120 1913 1150 ι
1962 1097 2018 1151 in

441 1187 793 1272 Septuaginta
812 1213 918 1252 non
941 1197 1191 1251 habetur.
1213 1194 1347 1249 Dein
1367 1192 1610 1263 jungitur
1635 1205 1648 1243 :
1684 1208 1702 1240 ‹
1730 1189 1797 1244 Et
1820 1189 2021 1244 eduxe—

446 1311 466 1343 ‹
502 1299 627 1346 runt
653 1287 840 1345 Uriam
875 1288 942 1341 de
967 1285 1200 1357 Egypto
1229 1291 1285 1338 et
1313 1281 1652 1338 adduxerunt
1677 1293 1801 1333 eum
1832 1278 1896 1332 ad
1942 1291 2022 1330 re-

437 1381 464 1433 ί(
503 1397 623 1453 gem
651 1379 915 1444 Joacbim,
949 1385 1004 1432 et
1026 1373 1293 1446 percussit
1315 1389 1438 1428 eum
1481 1370 1676 1442 gladio,
1709 1378 1764 1424 et
1795 1366 2024 1438 projecit

423 1457 466 1524 ί(
504 1474 734 1528 cadaver
762 1469 901 1542 ejus”
933 1470 989 1523 in
1017 1465 1279 1538 sepulcris
1309 1465 1453 1536 vulgi
1500 1462 1766 1534 ignobilis.
1796 1461 2023 1515 Verum-

446 1585 464 1617 ι
501 1573 680 1619 tamen
709 1560 900 1617 manus
925 1560 1149 1614 Aiebam
1197 1556 1292 1611 ﬁlii
1330 1555 1549 1626 Saphan
1577 1561 1693 1608 erat
1720 1565 1845 1606 cum
1872 1549 2024 1604 Iere-

425 1661 466 1707 ‘c
501 1654 632 1719 mia,
661 1641 721 1706 ut
750 1667 856 1707 non
886 1648 1192 1727 traderetur
1221 1646 1275 1700 in
1306 1659 1499 1699 manus
1523 1640 1703 1712 populi
1730 1648 1789 1694 et
1818 1638 2026 1693 interfi-

447 1765 467 1798 ε
504 1752 690 1800 cerent
718 1758 863 1797 eum.
900 1760 918 1791 ι
951 1738 1225 1806 Quaeritur
1267 1752 1366 1791 cur
1391 1750 1513 1790 cum
1545 1733 1704 1789 Urias
1746 1731 1889 1785 ﬁlius
1930 1729 2028 1784 Se-

441 1837 597 1892 meiae
622 1835 690 1890 de
716 1833 910 1905 Oppido
951 1829 1348 1886 Cbariatbarim
1390 1827 1577 1884 eadem
1623 1839 1741 1895 quae
1769 1822 2031 1878 Jeremias
2057 1837 2106 1898 Β
2133 1844 2355 1892 sum-am

433 1927 804 2000 ‘pmpbetarit,
832 1925 1024 1979 timore
1052 1923 1374 1994 perterritus
1398 1919 1595 1992 fugerit
1627 1918 1682 1972 in
1707 1915 2022 1988 Egyptum,

446 2030 506 2078 et
531 2019 658 2076 inde
686 2026 956 2074 retractus
983 2017 1194 2072 occisus
1224 2016 1312 2079 sit,
1340 2012 1602 2068 Jeremias
1630 2009 1866 2080 potuerit
1893 2023 2023 2062 eva-

429 2109 596 2179 dere,
623 2111 715 2182 qui
743 2118 890 2166 certe
916 2124 1021 2163 non
1073 2107 1302 2179 fugerat,
1327 2105 1437 2160 ‘sed
1474 2104 1728 2158 audacter
1755 2101 1810 2155 in
1845 2100 2028 2170 priore

446 2201 714 2260 sententia
767 2212 1120 2269 perseverans
1183 2196 1442 2252 liberatus
1487 2195 1599 2258 sit,
1665 2203 1772 2246 tam
1834 2189 2027 2258 vulgi,

447 2293 857 2365 principumque
895 2289 1120 2361 judicio,
1170 2302 1333 2357 quam
1377 2283 1601 2340 consilio
1631 2283 1905 2338 seniorum
1937 2278 2030 2334 ad-

443 2399 660 2440 versum
687 2377 1034 2437 accusatores
1082 2377 1389 2434 sacerdotes
1423 2384 1478 2430 et
1509 2373 2025 2446 pseudOprophetas.

434 2476 530 2530 Ad
570 2475 712 2545 quod
750 2473 989 2530 breviter
1035 2470 1490 2541 respondendum,
1542 2479 1883 2537 nequaquam
1934 2461 2031 2515 Dei

445 2568 575 2624 sciri
614 2580 775 2637 posse
795 2564 1082 2635 judicium,
1120 2564 1247 2618 dum
1293 2562 1482 2617 eadem
1523 2573 1687 2613 causa
1735 2557 2032 2623 eademque

445 2653 732 2724 sententia,
762 2657 900 2712 alius
929 2656 1172 2727 punitur,
1201 2663 1254 2710 et
1282 2652 1419 2708 alius
1442 2651 1727 2715 liberatur,
1757 2649 1863 2721 nisi
1892 2647 2032 2702 forte

443 2752 550 2806 hoc
583 2746 915 2819 respondere
937 2761 1245 2817 possumus,
1269 2744 1412 2816 quod
1435 2741 1596 2799 Urias
1618 2741 1672 2795 in
1705 2739 2032 2795 condemna-

443 2841 668 2906 tionem,
695 2847 751 2895 et
779 2845 1176 2901 accusatorum,
1202 2844 1258 2890 et
1285 2833 1471 2905 p0puli
1500 2831 1803 2887 trucidatus
1828 2830 1919 2884 sit.
1945 2827 2033 2882 Je-

445 2932 647 2986 r‘emias
675 2939 855 2986 autem
891 2935 1200 2984 reservatus
1214 2924 1420 2997 judicio
1447 2924 1562 2989 Dei,
1600 2929 1662 2977 ut
1685 2921 1928 2991 reliquiis
1953 2920 2035 2973 in-

446 3021 622 3076 felicis
645 3022 828 3092 populi
857 3021 1196 3090 praadi'caret,
1227 3026 1282 3073 et
1307 3032 1402 3072 eos
1420 3016 1745 3071 'retraheret
1767 3013 1835 3067 ad
1857 3012 2034 3082 poeni-

445 3112 708 3167 tudinem.
752 3111 905 3178 Quod
951 3109 1169 3180 quidem
1219 3109 1360 3163 etin
1403 3101 1773 3176 apostolorum
1811 3103 2036 3158 Actibus

1044 361 1106 414 B.
1143 355 1398 432 RABANI
1437 355 1656 426 MAUBI
1692 354 2008 420 ARClIlEP.
2040 351 2353 410 MOGUNT.
2392 347 2678 410 OPERUM
2715 345 2892 401 PARS
2930 347 3016 400 Ill.

3533 341 3696 397 1008

2662 458 2887 514 CAPUT
2930 453 3138 511 XXVII.
3230 501 3233 503 ,

2118 573 2195 628 De
2216 572 2411 628 catenis
2450 569 2654 640 ligneis,
2692 577 2738 621 et
2767 565 3280 640 vinculisptiuendts
3305 574 3536 633 qumque
3562 563 3698 633 regi-

2188 645 2281 725 bus
2302 659 2319 696 :
2341 650 2390 697 et
2423 633 2699 695 monentur
2729 637 2918 706 subjici
2963 633 3450 690 Nabuchodonosor
3486 649 3550 688 ne
3581 649 3698 690 mo-

2188 722 2411 767 riantur.

2193 847 2212 880 ‹
2247 811 2307 882 In
2334 827 2601 898 principio
2629 825 2778 896 regni
2810 823 3017 879 Joacim
3055 821 3150 877 ﬁlii
3171 821 3331 877 Josiae
3367 821 3511 892 regis
3532 819 3695 889 Juda,

2121 942 2143 992 μ
2177 920 2379 976 factum
2401 928 2483 974 est
2511 919 2732 974 verbum
2756 916 2966 971 Domini
2989 915 3055 969 ad
3078 913 3364 970 Jeremiam
3393 930 3422 967 a
3445 915 3697 980 Domino,

2127 1031 2146 1064 ι
2179 1012 2384 1067 dicens.
2418 1032 2436 1063 ι
2474 1009 2742 1082 (Ηὶετοη.)
2771 1007 2884 1062 Hoc
2927 1007 2980 1061 in
3021 1006 3253 1062 editione
3279 1005 3424 1060 LXX
3469 1022 3575 1060 non
3603 1005 3702 1060 ha-

2093 1105 2298 1174 betur,
2327 1112 2382 1159 et
2409 1102 2562 1157 multi
2593 1111 2784 1171 putant
2809 1100 3082 1170 sequentis
3107 1098 3340 1169 capituli,
3358 1114 3476 1154 esse
3501 1098 3704 1169 princi-

2119 1197 2289 1269 pium,
2313 1197 2458 1265 quod
2486 1208 2826 1263 nequaquam
2858 1193 2931 1246 ita
2975 1200 3081 1257 est,
3122 1192 3215 1246 sed
3252 1189 3586 1261 jungendum
3618 1206 3706 1244 su-

2118 1288 2344 1360 periori,
2372 1295 2430 1341 ut
2455 1285 2715 1357 quidquid
2755 1285 2954 1339 dictum
3004 1281 3257 1348 refertur,
3285 1291 3341 1337 et
3389 1282 3609 1346 factum,
3649 1282 3705 1336 in

2121 1379 2388 1450 principio
2435 1377 2588 1447 regni
2641 1377 2846 1432 Joacim
2874 1415 2888 1441 ,
2947 1375 3150 1430 factum
3196 1390 3316 1430 esse
3371 1376 3702 1429 credamus:

2125 1468 2278 1524 Unde
2307 1477 2362 1524 et
2389 1467 2635 1534 mittendi
2665 1467 2718 1520 in
2743 1465 3057 1537 IEgyptum,
3081 1467 3234 1535 quasi
3265 1467 3332 1520 ad
3361 1466 3595 1520 amicum
3620 1481 3710 1520 re-

2125 1574 2246 1631 gem
2285 1555 2475 1614 habuit
2519 1566 2861 1628 potestatem.
2909 1556 3170 1613 Videntur
3214 1566 3395 1613 autem
3437 1557 3566 1611 mihi
3615 1555 3711 1611 Se-

2095 1725 2098 1728 ,
2124 1652 2406 1724 ptuaginta
2437 1651 2652 1705 titulum
2682 1652 2844 1706 istum
2874 1652 2980 1705 hac
3006 1650 3215 1705 ratione
3242 1649 3474 1712 siluisse,
3513 1664 3584 1703 ne
3617 1664 3709 1703 se-

2128 1746 2307 1800 cundo
2343 1744 2524 1799 dicere
2551 1743 2882 1799 viderentur.
2913 1742 3035 1797 Jam
3060 1757 3204 1797 nunc
3233 1743 3286 1796 in
3323 1740 3589 1812 principio
3615 1756 3712 1810 po-

2405 1854 2418 1890 :
2469 1854 2487 1887 ‹
2521 1835 2578 1890 In
2628 1835 2892 1906 principio
2941 1835 3084 1906 regis
3133 1832 3338 1888 Joacim
3397 1832 3492 1888 lilii
3549 1829 3713 1885 Josia:

2128 1927 2273 1998 regis
2299 1926 2460 1992 Iuda,
2507 1905 2713 1981 factum
2753 1933 2837 1980 est
2878 1905 3102 1980 verbum
3151 1924 3292 1980 istud
3319 1940 3349 1977 a
3377 1922 3608 1978 Domino
3632 1921 3707 1974 di-

2130 2033 2300 2074 cens:
2342 2037 2359 2070 ι
3664 2063 3668 2068 .

2207 2127 2227 2160 ι
2264 2109 2390 2164 Haec
2423 2109 2554 2164 dicit
2593 2107 2854 2164 Dominus
2878 2107 2947 2162 ad
2985 2121 3111 2161 me:
3137 2105 3247 2161 Fac
3287 2106 3384 2162 tibi
3417 2105 3628 2160 vincula
3661 2113 3716 2158 et

2137 2223 2154 2255 ι
2194 2211 2412 2258 catenas
2441 2222 2458 2255 ι
2493 2202 2618 2274 (sive
2656 2202 2871 2268 κλοιούς,
2914 2215 3032 2270 quae
3070 2197 3330 2253 Hebraice
3380 2198 3718 2268 appellantur

2129 2306 2317 2358 mm:
2336 2304 2390 2350 et
2414 2309 2661 2349 sermone
2696 2293 2903 2363 vulgari
2931 2291 3139 2363 Boias),
3177 2311 3194 2342 ι
3223 2306 3497 2361 ponesque
3526 2305 3619 2344 eas
3658 2291 3713 2343 in

2108 2451 2112 2462 _
2139 2404 2156 2436 ε
2195 2384 2331 2439 collo
2346 2392 2455 2450 tuo,
2478 2394 2530 2439 et
2553 2385 2732 2438 mittes
2751 2398 2842 2438 eas
2861 2383 2928 2438 ad
2949 2397 3128 2451 regem
3150 2381 3341 2447 Edoni,
3360 2390 3416 2437 et
3445 2381 3511 2436 ad
3534 2397 3714 2451 regem

2140 2493 2158 2525 ‹
2193 2474 2367 2541 Moab,
2392 2485 2448 2529 et
2477 2475 2545 2529 ad
2590 2489 2770 2544 regem
2803 2473 3034 2527 filiorum
3061 2472 3310 2538 Ammon,
3338 2481 3391 2526 et
3421 2473 3489 2526 ad
3533 2487 3714 2540 regem

2140 2587 2159 2620 ι
2197 2567 2347 2640 Tyri,
2380 2576 2433 2623 et
2455 2568 2520 2622 ad
2553 2582 2734 2636 regem
2764 2566 2978 2621 Sidonis
3009 2581 3107 2636 per
3148 2581 3366 2620 manum
3408 2565 3715 2618 nuntiorum

2140 2682 2159 2714 (
2195 2663 2286 2732 qui
2333 2670 2601 2716 venerunt
2645 2659 2982 2714 Hierusalem
3033 2659 3101 2714 ad
3155 2658 3475 2714 Sedechiam
3530 2670 3712 2725 regem

2137 2758 2161 2804 ·‹
2197 2751 2356 2820 Juda,
2385 2763 2440 2808 et
2466 2752 2747 2822 praecipies
2777 2750 2858 2805 eis
2884 2759 2944 2805 ut
2966 2750 3035 2805 ad
3070 2749 3317 2804 dominos
3340 2763 3466 2803 suos
3499 2747 3716 2815 lothan-

2143 2861 2161 2895 ι
2197 2852 2282 2898 tur
2309 2861 2323 2897 :
2353 2843 2476 2898 Haec
2500 2843 2631 2898 dicit
2671 2841 2932 2896 Dominus
2972 2839 3306 2895 exercituum
3326 2839 3477 2905 Deus
3509 2835 3670 2892 Israel
3698 2851 3715 2900 ;

2143 2956 2161 2989 ε
2195 2937 2312 2991 haec
2345 2936 2535 2991 dicetis
2563 2936 2631 2990 ad
2673 2934 2920 2990 dominos
2951 2943 3182 2988 vestros.
3213 2953 3232 2985 ι
3278 2930 3556 2986 Praeterita
3582 2928 3719 2982 visio

2137 3031 2190 3082 in
2234 3027 2500 3098 principio
2539 3025 2680 3081 facta
2714 3035 2798 3082 est
2851 3027 2918 3082 ad
2961 3027 3280 3096 prepbetam
3324 3024 3474 3095 regni
3512 3021 3722 3078 Joacim

2141 3118 2423 3176 filiiJosia:
2448 3119 2592 3191 regis
2620 3117 2775 3174 Iuda.
2799 3116 2928 3174 Haec
2959 3126 3141 3174 autem
3168 3105 3586 3181 sub'Sedecbia,
3627 3113 3722 3182 qui

447 3203 699 3273 legimus,
731 3201 991 3256 Iacobum
1046 3197 1348 3282 apostolum
1386 3197 1569 3253 statim
1599 3194 1827 3250 Herodis
1853 3202 2033 3267 pertu-

2144 3221 2419 3269 extrcmus
2447 3214 2695 3283 regnavit
2736 3215 2791 3268 in
2836 3212 3195 3275 Hierusalem,
3227 3220 3283 3266 et
3323 3210 3424 3264 sub
3451 3226 3557 3278 quo
3589 3208 3722 3262 urbs

447 3294 576 3350 lisse
602 3291 946 3356 sententiam,
972 3299 1028 3346 et
1051 3277 1674 3362 marty‘rio'coronatum,
1697 3284 1920 3340 Petrum
1943 3299 2038 3338 au-

446 3389 562 3440 tem
588 3377 657 3440 et
678 3381 906 3440 caeterOS
945 3383 1216 3453 apostolos
1258 3380 1517 3436 doctrinae
1545 3375 1758 3433 Domini
1791 3391 2038 3431 reserva-

447 3484 557 3544 tos,
584 3483 640 3531 et
667 3475 1144 3530 animadvertenda
1176 3470 1478 3530 constantia
1504 3466 1858 3540 prepbetalis,
1890 3466 2038 3536 quod

445 3575 520 3623 ne
553 3567 621 3623 de
665 3566 902 3639 A‘Zgypto
943 3567 1161 3636 quidem
1213 3552 1508 3620 retractus.
1534 3561 1696 3618 Urias
1747 3559 2039 3614 mutaverit

447 3653 797 3719 sententiam,
815 3657 910 3713 sed
929 3655 1120 3711 videns
1143 3655 1246 3711 sibi
1268 3654 1526 3710 intentari
1554 3660 1809 3718 mortem,
1835 3650 2035 3706 nibilo—

449 3748 732 3804 'niinus'sit
771 3739 1006 3810 locutus,
1032 3745 1151 3813 quae
1189 3747 1524 3812 pmeeperat
1547 3744 1826 3794 DOIIIIIIUS.
1863 3742 2039 3801 Quud—

453 3839 561 3912 que
591 3825 853 3895 ti'mtlit'et
880 3837 1039 3909 fugit,
1072 3844 1127 3889 et
1161 3835 1439 3905 ingressus
1465 3837 1549 3887 est
1575 3829 1889 3901 Egyptum,
1929 3842 2039 3881 non

452 3928 806 3999 inﬁdelitatis,
837 3927 931 3984 sed
951 3926 1252 3998 prudentiae
1293 3925 1572 3990 indicium,
1614 3936 1684 3977 ne
1707 3920 1909 3974 frustra
1938 3923 2039 3973 nos

452 4022 750 4078 offeramus
789 4017 1068 4092 periculis,
1117 4019 1354 4089 alioquin
1384 4026 1440 4073 et
1468 4016 1756 4071 Dominum
1796 4011 2040 4068 Salvato-

453 4115 588 4167 re'm'
630 4113 696 4167 de
745 4096 998 4166 manibus
1045 4107 1491 4182 persequentium
1543 4105 1752 4175 lapsum
1810 4102 2038 4172 legimus

455 4203 607 4276 (Luc.
640 4218 728 4268 1v;
765 4200 928 4256 Joan.
957 4199 1078 4270 VIII)
1105 4240 1121 4265 ,
1185 4185 1242 4252 et
1284 4195 1688 4267 przecipientem
1737 4190 2035 4262 apostolis:

460 4309 498 4346 «λ
514 4294 651 4350 Cum
680 4307 778 4347 vos
819 4289 1088 4362 persecuti
1135 4285 1338 4342 fuerint
1371 4286 1426 4339 in
1461 4286 1565 4340 hac
1591 4283 1831 4345 civitate,
1875 4279 2041 4350 fugite

455 4384 526 4439 ad
569 4382 731 4436 aliam
772 4380 985 4452 (Matth;
1025 4378 1104 4448 ι).
1136 4397 1154 4428 ι
1205 4376 1476 4442 Quaeritur
1527 4387 1738 4442 quoque
1771 4369 2040 4441 quomodo

456 4475 704 4532 Joachim
729 4479 826 4528 rex
843 4470 984 4526 ‘Juda
1008 4470 1160 4541 parvi
1185 4467 1418 4537 imperii,
1445 4473 1500 4520 et
1524 4463 1809 4528 debilitati,
1832 4469 1888 4517 et
1901 4460 2044 4529 jam-

2138 3314 2297 3376 eapta
2335 3311 2418 3362 est
2455 3313 2617 3375 atque
2668 3306 2948 3360 subversa.
2992 3304 3411 3375 Praecipiturque
3454 3301 3723 3364 Jeremim,

2140 3409 2198 3454 ut
2225 3406 2465 3462 catenas,
2496 3399 2610 3454 sive
2644 3397 2825 3453 furcas
2850 3397 3076 3468 ligneas,
3111 3413 3230 3466 quae
3258 3405 3317 3450 nt
3344 3395 3579 3450 diximus
3614 3393 3728 3447 Ile-

2141 3492 2324 3547 b'raice
2352 3491 2688 3562 appellantur
2716 3500 2920 3554 mnus,
2954 3493 3194 3560 imponat
3215 3488 3490 3549 collo-suo,
3522 3495 3576 3537 ct
3603 3482 3726 3535 mit-

2143 3590 2220 3636 tat
2263 3574 2374 3637 eas'
2403 3581 2469 3634 ad
2518 3596 2672 3651 reges
2720 3579 2909 3644 Edom,
2959 3578 3136 3637 Moab.
3183 3577 3416 3626 ﬁliorum
3460 3571 3720 3636 Ammon,

2143 3671 2292 3744 Tyri,
2337 3672 2572 3728 Sidonis,
2622 3683 2720 3733 per
2754 3671 2981 3732 legatos,
3009 3665 3100 3732 qui
3137 3671 3398 3719 venerant
3443 3664 3510 3719 ad
3557 3663 3725 3718 Sede-

2143 3755 2358 3810 cbiam:
2400 3765 2452 3808 et
2493 3753 2771 3822 przecipiat
2820 3755 2930 3808 suis
2977 3755 3210 3808 dominis
3263 3756 3536 3820 nuntiare,
3577 3756 3725 3824 quod

2141 3845 2255 3916 regi
2277 3845 2771 3900 Nabuchodonosor
2793 3845 2996 3899 servire
3023 3846 3269 3910 debeant,
3294 3856 3348 3900 et
3369 3847 3574 3911 audire,
3603 3864 3726 3917 quae

2143 3951 2375 4006 sequens
2412 3937 2689 4006 prophetae
2724 3925 2913 3991 "sermo
2942 3938 3307 4008 prosequitur.
3353 3939 3430 3992 Ac
3472 3954 3541 3992 ne
3566 3937 3725 3993 forsi-

2142 4036 2233 4082 tan
2277 4026 2460 4096 legati,
2489 4035 2545 4082 et
2587 4041 2745 4097 reges
2775 4026 2998 4082 istarum
3034 4027 3272 4097 gentium
3314 4027 3722 4098 responderent,

2143 4119 2240 4175 cur
2261 4119 2366 4174 hoc
2391 4127 2486 4173 tuo
2514 4117 2711 4188 populo
2739 4133 2845 4172 non
2885 4119 3168 4190 praecipis?
3197 4117 3474 4174 Sedechiae
3510 4135 3725 4190 quoque

2144 4210 2259 4278 regi
2295 4208 2491 4263 similia
2531 4207 2789 4277 loquitur,
2836 4217 2892 4263 et
2921 4209 3289 4264 sacerdotibus
3335 4225 3400 4264 ac
3424 4212 3721 4281 prophetis.

2144 4299 2299 4354 Hunc
2348 4299 2528 4354 locum
2573 4299 2894 4370 allegoricus
2948 4314 3161 4370 semper
3213 4302 3479 4372 interpres
3530 4302 3604 4374 (id
3647 4313 3724 4356 est

2145 4391 2435 4463 Origenes),
2469 4399 2524 4446 et
2549 4391 2791 4447 historiae
2824 4392 3034 4461 fugiens
3060 4393 3372 4458 veritatem,
3405 4393 3730 4465 interpreta-

2147 4491 2236 4538 tur
2261 4486 2330 4540 de
2374 4484 2582 4539 ctelesti
2622 4483 2980 4551 Hierusalem,
3010 4486 3154 4555 quod
3197 4486 3426 4541 debeant
3464 4486 3727 4541 habitato-

451 4567 676 4636 jamque
700 4562 952 4634 perituri,
982 4558 1229 4616 mittendi
1263 4559 1318 4611 in
1339 4555 1635 4628 Egyptum
1669 4549 1920 4608 habuerit
1947 4566 2033 4621 po-

2147 4587 2234 4627 res
2263 4572 2382 4643 ejus
2417 4581 2606 4643 sponte
2645 4588 2920 4629 assumere
2959 4590 3206 4643 corpora,
3235 4583 3291 4629 et
3315 4576 3642 4630 descendere
3671 4577 3724 4630 in

456 4665 728 4720 te‘statem,
754 4663 810 4710 et
846 4653 971 4709 inde
999 4653 1188 4708 Uriam
1213 4651 1468 4705 educere.
1505 4647 1659 4714 Quod
1699 4645 1856 4701 facile
1882 4643 2045 4700 solvi-

457 4758 568 4813 tur,
608 4747 654 4802 si
693 4744 1099 4800 consideremus
1143 4756 1267 4796 eum
1307 4756 1340 4794 a
1387 4740 1514 4809 rege
1559 4733 1780 4807 IEgypti
1830 4733 2044 4788 Necbao

456 4841 757 4910 principem
781 4835 1156 4899 constitutum,
1195 4841 1250 4886 et
1296 4831 1436 4885 hanc
1476 4826 1816 4899 prepbetiam
1843 4823 2043 4878 factam

461 4929 584 4987 esse
598 4932 658 4984 in
677 4928 948 5000 principio
983 4926 1134 4996 regni
1158 4923 1293 4991 ejus.
1328 4921 1648 4989 Quanquam
1674 4925 1853 4972 autem
1893 4913 2043 4968 Jere-

459 5026 602 5079 ﬁlias
636 5022 846 5078 Domini
871 5019 1136 5091 adjutorio
1162 5017 1420 5073 liberatus
1443 5016 1532 5081 sit,
1559 5023 1740 5068 tamen
1762 5020 1819 5066 et
1852 5010 1927 5064 illi
1960 5022 2043 5062 re-

460 5121 682 5185 putatur
728 5114 803 5164 in'
829 5109 1153 5171 mercedem,
1188 5121 1286 5178 per
1325 5121 1485 5176 quem
1529 5104 1849 5174 prophetam
1887 5115 2042 5153 suum

462 5203 724 5261 Doniinus
764 5200 1035 5262 liberavit,
1081 5198 1307 5252 Aiebam
1358 5194 1608 5250 videlicet
1643 5191 1753 5245 ﬁlio
1799 5189 2039 5258 Sapban,

468 5293 614 5365 quod
643 5291 698 5345 in
735 5288 1128 5361 posterioribus
1156 5287 1347 5342 lecturi
1384 5299 1590 5347 sumus,
1621 5280 1839 5350 quando
1863 5279 1931 5333 de
1969 5279 2046 5332 ci-

467 5394 657 5441 sterna
681 5380 803 5435 [luti
862 5377 1241 5433 Abdamelechi
1304 5372 1558 5444 spadonis
1603 5369 1829 5427 consilio
1884 5377 2045 5440 atque

453 5472 716 5548 praesidio
739 5469 1002 5528 Jeremias
1025 5469 1091 5524 de
1111 5464 1352 5537 periculo
1378 5462 1568 5519 mortis
1592 5461 1872 5519 liberatur.

1182 5703 1314 5725 *ι-

2147 4667 2491 4738 Babylonem,
2523 4667 2574 4722 id
2595 4676 2699 4732 est,
2729 4667 3096 4722 confusionem
3124 4669 3306 4722 mundi
3337 4669 3515 4732 istius,
3544 4671 3632 4738 qui
3673 4670 3724 4723 in

2148 4756 2383 4834 maligno
2409 4757 2615 4826 positus
2640 4765 2742 4821 est,
2772 4765 2829 4810 et
2841 4759 3058 4812 servire
3094 4758 3204 4829 regi
3234 4757 3552 4828 Babylonio,
3584 4759 3726 4814 baud

2149 4848 2370 4903 dubium
2421 4848 2550 4918 quin
2605 4847 2860 4904 diabolo:
2895 4850 3039 4920 quod
3089 4851 3135 4906 si
3174 4851 3277 4906 hoc
3326 4849 3507 4906 facere
3543 4849 3727 4906 nolue-

2151 4942 2278 5006 rint,
2312 4956 2652 5018 nequaquam
2673 4942 2858 5012 gravia
2884 4957 3111 5013 corpora
3137 4952 3466 5014 portaturos,
3496 4943 3592 4998 sed
3627 4956 3726 5012 pe-

2151 5034 2354 5088 rituros
2378 5033 2557 5103 gladio
2597 5043 2652 5088 et
2689 5033 2829 5092 fame
2873 5043 2927 5090 et
2949 5043 3121 5104 peste,
3156 5045 3210 5090 et
3250 5051 3592 5107 nequaquam
3631 5036 3730 5090 ho-

2149 5125 2325 5178 mines
2364 5122 2594 5188 futuros,
2644 5125 2739 5205 sed
2787 5125 3074 5180 daemones.
3123 5125 3235 5182 Hoc
3276 5127 3362 5180 ille
3396 5125 3615 5191 dixerit,
3663 5141 3729 5181 ne

2152 5214 2464 5270 defensores
2491 5216 2607 5285 ejus
2647 5216 2803 5271 nobis
2847 5216 3169 5270 calumniam
3212 5215 3431 5272 faciant.
3461 5216 3729 5271 Ca:terum

2153 5319 2251 5358 nos
2296 5304 2618 5373 simplicem,
2658 5311 2714 5360 et
2751 5321 2937 5360 veram
2973 5322 3264 5377 sequamur
3309 5308 3614 5372 historiam,
3663 5323 3732 5364 ne

2152 5393 2472 5462 quibusdam
2494 5393 2731 5450 nubibus
2759 5403 2921 5466 atque
2949 5399 3236 5467 praestigiis
3265 5399 3621 5453 involvamur.
3708 5447 3712 5452 .

2228 5505 2244 5536 ε
2281 5484 2538 5557 Egofeci
2565 5494 2789 5553 terram,
2819 5495 2874 5542 et
2916 5489 3208 5555 hominem,
3245 5499 3301 5545 et
3337 5489 3579 5558 jumenta
3610 5504 3731 5558 qute

2158 5597 2176 5630 ι
2215 5586 2342 5633 sunt
2367 5592 2529 5647 super
2575 5577 2770 5642 faciem
2797 5588 2975 5645 terra),
3023 5580 3429 5635 infortitudine
3458 5597 3576 5636 mea
3613 5595 3731 5634 ma-

2158 5689 2175 5721 ι
2210 5685 2336 5740 gna,
2369 5677 2424 5722 ct
2469 5670 2521 5721 in
2570 5669 2792 5722 brachio
2839 5684 2959 5723 meo
2994 5680 3211 5726 extento
3240 5689 3250 5724 :
3277 5681 3332 5729 et
3356 5672 3475 5726 dedi
3509 5688 3627 5727 eam
3681 5669 3732 5724 ei

2157 5779 2174 5812 σ
2213 5757 2301 5829 qui
2347 5757 2544 5827 placuit
2574 5758 2624 5814 in
2676 5757 2843 5813 oculis
2887 5761 3042 5816 lucis.
3079 5781 3092 5812 ι
3131 5761 3277 5818 Lit-ct
3324 5761 3732 5831 momento...“
