4008 6340
242 435 381 493 4009

1168 426 1528 486 EXPOSITIO
1564 428 1786 486 SUPER
1821 428 2187 488 JEREMIAM.
2228 462 2297 473 --
2336 433 2466 488 LIB.
2507 433 2576 488 Χ.

3307 481 3312 486 .
3359 393 3532 487 ίυιο’

228 554 348 610 hmo
373 551 653 621 Scriptum
673 547 926 617 loquatur
954 545 1222 614 quomodo
1254 559 1352 598 nos
1386 525 1634 600 homines
1667 545 1812 615 loqui
1841 547 1894 607 Α
1927 564 1945 596 ε
1983 547 2396 601 buchodonosor
2436 545 2549 616 regi
2595 545 2915 626 Babylonis,
2955 559 3010 603 et
3043 549 3350 619 quicunque
3397 561 3507 601 non

229 660 540 719 possumus,
568 652 622 698 et
649 640 971 710 intelligere,
999 645 1179 692 tamen
1206 636 1465 693 fortitudo
1499 639 1592 693 Dei
1619 648 1673 693 et
1700 639 1818 693 bra.

229 737 416 793 chium
444 733 560 803 ejus
606 732 696 788 ille
723 738 827 796 est,
878 730 945 784 de
972 743 1080 797 quo
1108 737 1163 783 et
1210 729 1498 798 Apostolus
1532 728 1773 798 loquitur
1799 747 1811 782 :

234 846 255 880 σ
287 826 538 884 Christus
583 823 678 881 Dei
711 822 908 886 virtus,
949 827 1006 874 et
1030 815 1128 874 Dei
1154 821 1428 891 .sapientia
1461 819 1510 892 (Ι
1538 820 1660 874 Cor.
1689 821 1765 893 1);
1794 839 1812 871 ι

227 927 284 974 et
308 919 512 974 Isaias:
545 935 564 968 ε
593 917 841 979 Domine,
875 913 998 983 quis
1027 911 1258 967 credidit
1286 912 1494 968 auditui
1531 920 1740 978 nostro,
1765 919 1820 967 et

226 1010 512 1066 brachium
554 1007 768 1063 Domini
813 1005 902 1061 cui
943 1005 1240 1072 revelatum
1287 1005 1454 1059 est?»
1504 1003 1639 1076 (lsa.
1673 1003 1816 1074 LIII.)

231 1103 433 1158 Scribit
465 1111 520 1156 et
545 1099 782 1156 Joannes
822 1097 1190 1170 evangelista:
1224 1116 1242 1149 ι
1278 1097 1471 1154 Omnia
1511 1113 1610 1168 per
1641 1098 1818 1168 ipsum

228 1198 371 1254 facta
397 1202 542 1261 sunt,
567 1203 623 1249 et
649 1194 766 1250 sine
798 1193 920 1262 ipso
950 1193 1152 1246 factum
1182 1199 1267 1246 est
1310 1190 1444 1245 nihil
1468 1190 1650 1261 (Joan.
1683 1188 1758 1261 i);
1792 1208 1810 1241 ι

228 1288 400 1342 David
430 1299 646 1358 quoque
675 1286 729 1340 in
753 1300 852 1340 suo
880 1283 1124 1340 carmine
1149 1282 1387 1352 loquitur
1411 1301 1423 1337 τ
1464 1301 1482 1332 ‹
1515 1279 1694 1336 Verbo
1709 1281 1816 1334 Do-

227 1379 362 1434 mini
393 1377 513 1434 eosli
547 1376 769 1442 ﬁrmati,
818 1385 872 1431 et
902 1375 1096 1445 spiritu
1122 1374 1236 1428 oris
1267 1372 1402 1442 ejus,
1432 1373 1609 1428 omnis
1643 1372 1818 1426 virtus

227 1486 417 1526 eorum
443 1469 615 1541 (Paul.
652 1467 848 1539 xxx").
884 1487 901 1518 ι
934 1466 1088 1534 Quod
1127 1474 1307 1522 autem
1334 1465 1445 1520 ait:
1479 1457 1498 1517 ἰ
1532 1464 1665 1522 Dedi
1696 1479 1817 1520 eam

227 1563 278 1615 ei
301 1562 394 1632 qui
423 1561 624 1631 placuit
664 1560 718 1615 in
763 1559 933 1614 oculis
980 1559 1138 1624 meis,
1177 1577 1196 1612 ι
1227 1555 1330 1614 hoc
1379 1557 1646 1628 signiﬁcat
1675 1555 1819 1627 quod

229 1651 413 1706 omnia
447 1652 686 1705 humano
709 1649 893 1718 generi
925 1663 1024 1717 per
1060 1648 1156 1702 Dei
1187 1648 1416 1718 gratiam
1453 1647 1560 1703 sint
1589 1647 1814 1700 tributa.

236 1768 252 1798 ‹
278 1749 413 1821 Ego,
443 1748 638 1818 inquit,
671 1745 774 1801 feci
799 1755 1018 1808 terram,
1045 1752 1100 1798 et
1128 1742 1402 1799 hominem
1425 1750 1479 1797 et
1503 1742 1768 1811 jumenta.
1793 1760 1812 1793 ι

228 1841 375 1895 Ordo
424 1839 770 1894 contrarius:
799 1837 854 1892 in
896 1835 1092 1890 Genesi
1144 1835 1288 1889 enim
1318 1833 1470 1904 (Gen.
1501 1833 1541 1904 ι)
1565 1833 1818 1904 primitus

1929 659 1948 690 ε
1987 642 2292 694 curvaverit
2322 637 2515 694 collum
2548 640 2704 694 suum
2735 640 2834 693 sub
2858 637 2989 710 jugo
3020 639 3163 711 regis
3185 638 3507 711 Babylonis,

1927 754 1945 785 ι
1985 736 2039 789 in
2070 735 2267 805 gladio,
2299 744 2355 790 et
2377 731 2554 802 fame,
2584 750 2637 790 et
2662 742 2812 804 peste
2851 734 3081 789 visitabo
3106 751 3265 804 super
3290 735 3506 804 gentem

1927 845 1944 877 ι
1985 826 2130 880 illam
2155 867 2170 892 ,
2193 827 2270 880 ait
2295 826 2577 890 Dominus,
2603 825 2773 880 donec
2797 840 3111 880 consumam
3141 840 3234 880 eos
3259 826 3311 878 in
3341 841 3507 879 manu

1927 935 1944 968 ‹
1982 918 2118 988 ejus.
2176 937 2194 969 ι
2248 916 2366 972 Non
2415 917 2586 973 solum
2619 903 2892 972 Dominus
2933 903 3265 990 peccatrices
3320 924 3508 986 gentes

1921 1006 2174 1077 subjiciet
2201 1007 2718 1075 Nabuchodonosor,
2754 1008 2848 1063 sed
2887 1007 3175 1084 Apostolus
3221 997 3293 1062 de
3312 1020 3508 1077 pecca-

1921 1099 2130 1153 toribus
2155 1098 2395 1169 loquitur
2430 1118 2442 1152 :
2479 1117 2497 1150 ι
2541 1098 2688 1167 Quos
2716 1098 2910 1154 tradidi
2943 1095 3179 1164 Salame,
3209 1106 3270 1153 ut
3295 1097 3509 1154 discant

1920 1207 2029 1246 non
2055 1191 2431 1263 blasphemare
2456 1192 2510 1260 (Ι
2535 1191 2670 1247 Tim.
2700 1192 2740 1264 ι)
2761 1181 2788 1260 ;’
2810 1213 2829 1245 ι
2861 1193 2990 1246 etin
3015 1191 3120 1247 alio
3148 1191 3268 1248 loco
3281 1181 3301 1245 ἐ
3326 1210 3344 1244 ε
3373 1189 3510 1247 Tra-

1922 1281 2364 1350 didihujusmodi
2392 1281 2608 1338 Satante
2637 1284 2690 1338 in
2721 1285 2997 1340 interitum
3026 1285 3227 1348 carnis,
3261 1293 3320 1340 ut
3350 1284 3510 1354 spiri-

1921 1381 2008 1429 tus
2062 1375 2242 1430 salvus
2291 1375 2385 1430 ﬁat
2432 1375 2484 1448 (Ι
2538 1376 2659 1431 Cor.
2689 1376 2766 1449 v).
2825 1398 2842 1428 ›
2891 1366 3256 1434 Potestatibds
3295 1391 3511 1448 quoque

1920 1465 2277 1520 ohediendum
2307 1474 2491 1521 monet
2528 1482 2634 1521 non
2679 1467 2851 1522 solum
2881 1477 3102 1540 propter
3127 1469 3263 1524 iram
3284 1510 3296 1533 ,
3339 1467 3432 1531 sed
3457 1475 3512 1522 et

1920 1566 2142 1628 propter
2168 1558 2577 1623 conscientiam,
2610 1575 2677 1614 ne
2703 1543 3127 1616 condemnemur
3155 1563 3223 1617 ab
3244 1543 3340 1616 eis.

1999 1666 2017 1698 ‹
2056 1648 2165 1704 Vos
2220 1663 2349 1718 ergo
2400 1648 2566 1703 nolite
2597 1649 2782 1704 audire
2828 1639 3119 1726 prophetas
3154 1633 3400 1728 vestros,
3457 1658 3512 1704 et

1927 1761 1945 1792 ι
1985 1740 2220 1808 divinos,
2245 1751 2300 1796 et
2329 1742 2708 1806 somniatores,
2737 1751 2792 1796 et
2819 1758 3071 1813 augures,
3118 1752 3173 1798 et
3199 1741 3474 1818 maleﬁcos
3496 1781 3510 1806 ,

1929 1852 1947 1884 ι
1987 1835 2077 1904 qui
2127 1835 2312 1889 dicunt
2336 1833 2490 1888 vobis
2524 1852 2536 1887 :
2569 1833 2685 1887 Non
2732 1834 2980 1888 servietis
3025 1834 3136 1905 regi
3175 1817 3468 1904 Babylonis
3493 1871 3508 1896 ,

230 1932 366 1986 ﬁunt
415 1931 729 1995 animantia,
765 1939 821 1984 ct
860 1937 1134 1983 extremus
1179 1928 1362 1992 homo,
1409 1937 1502 1982 sed
1551 1927 1639 1980 hic
1669 1925 1820 1996 prius
1847 1915 1896 1976 B
1930 1945 1947 1974 ‹
1987 1924 2112 1993 quia
2139 1924 2480 1979 mendacium
2501 1909 2828 1993 prophetarit
2853 1924 3030 1990 vobis,
3059 1923 3287 1993 utlonge
3309 1923 3512 1977 faciant

231 2024 505 2078 hominem
547 2023 806 2088 nominat,
829 2029 882 2074 e‘t
911 2029 1099 2090 postea
1125 2035 1245 2090 qua:
1271 2019 1514 2090 subjecta
1557 2026 1682 2072 sunt
1715 2018 1816 2072 ho-

229 2130 380 2167 Illllll.

304 2245 322 2277 ι
349 2226 500 2282 Nunc
523 2228 705 2297 itaque
731 2241 830 2296 ego
853 2225 974 2280 dedi
1004 2238 1193 2280 omnes
1217 2231 1393 2278 terras
1418 2225 1550 2279 istas
1577 2222 1629 2277 in
1653 2237 1816 2276 manu

231 2339 248 2371 ι
293 2318 790 2374 Nabuchodonosor
821 2319 960 2388 regis
987 2315 1281 2387 Babylonis
1315 2316 1458 2370 servi
1489 2315 1596 2370 mei
1623 2333 1634 2367 :
1671 2314 1817 2368 insu-
1883 2373 1886 2378 _

230 2431 247 2462 ‹
286 2427 381 2482 per
416 2420 471 2466 et
496 2411 696 2465 bestias
722 2409 838 2479 agri
871 2408 990 2463 dedi
1015 2409 1086 2472 ei,
1111 2417 1170 2461 ut
1197 2405 1440 2462 serviant
1476 2405 1574 2460 illi.
1615 2404 1680 2458 Et
1704 2420 1818 2458 ser-

231 2523 248 2554 (
288 2503 436 2557 vient
477 2505 525 2558 ei
573 2518 764 2558 omnes
805 2510 995 2574 gentes
1029 2509 1086 2556 et
1126 2500 1238 2556 ﬁlio
1268 2501 1404 2571 ejus,
1456 2511 1511 2554 et
1559 2500 1670 2553 ﬁlio
1721 2499 1815 2552 ﬁlii

232 2617 248 2647 ι
285 2596 423 2665 ejus.
458 2615 476 2646 ι
510 2592 674 2662 Cujus
700 2593 1032 2649 infelicitatis
1078 2603 1164 2648 est
1200 2593 1386 2658 Israel,
1429 2593 1647 2663 quando
1669 2607 1818 2646 com-

224 2688 505 2757 paratione
531 2687 648 2755 ejus
696 2685 1190 2742 Nabuchodonosor
1221 2700 1409 2741 servus
1449 2684 1544 2740 Dei
1576 2685 1815 2755 appella-

228 2777 350 2858 tur?
370 2777 652 2858 Scriptum
672 2788 755 2833 est
781 2780 836 2834 in
864 2778 1154 2849 Evangelio
1182 2797 1194 2832 :
1226 2799 1244 2832 ί
1271 2777 1500 2832 Mundus
1523 2793 1620 2848 per
1639 2778 1815 2847 ipsum

228 2857 404 2925 factus
429 2880 530 2936 est,
560 2880 614 2926 et
640 2871 872 2926 mundus
897 2887 1017 2926 eum
1047 2887 1154 2925 non
1194 2871 1444 2950 cognovit
1469 2887 1484 2936 ;
1513 2871 1566 2924 in
1597 2870 1817 2940 propria

226 2965 398 3029 venit,
435 2973 490 3020 et
513 2967 594 3020 sui
619 2981 740 3020 eum
774 2983 881 3022 non
921 2975 1244 3036 receperunt
1281 2966 1462 3036 (Joan.
1494 2966 1558 3038 ι).
1596 2987 1615 3019 ι
1649 2967 1816 3022 Recte

229 3056 412 3127 itaque
436 3058 685 3112 conditor
718 3067 1022 3113 creaturam
1055 3073 1207 3113 suam
1246 3058 1413 3114 tradit
1441 3058 1529 3114 cui
1562 3058 1812 3113 voluerit.

227 3149 469 3218 Denique
511 3159 566 3206 et
594 3150 864 3218 diabolus,
895 3152 948 3206 in
979 3153 1134 3222 cujus
1165 3161 1349 3223 typum
1380 3154 1661 3223 praecessit
1703 3151 1814 3207 Na-

225 3239 640 3297 buchodonosor
661 3244 949 3298 conﬁtetur
976 3263 987 3296 :
1025 3264 1042 3294 ‹
1081 3243 1206 3298 Haec
1231 3245 1413 3298 omnia
1445 3245 1576 3298 mihi
1611 3245 1812 3300 tradita
1843 3277 1887 3340 Ο

227 3339 369 3385 sunt.
409 3353 425 3384 ι
456 3332 609 3398 Quod
637 3343 818 3388 autem
850 3335 1028 3390 intulit
1055 3353 1067 3388 :
1101 3355 1118 3385 ι
1149 3336 1375 3406 Insuper
1396 3346 1450 3392 et
1477 3339 1680 3394 bestias
1698 3340 1814 3410 agri

226 3419 347 3473 dedi
377 3422 450 3486 ei,
485 3431 543 3475 ut
571 3423 812 3477 serviant
855 3423 954 3488 illi,
991 3445 1008 3476 ι
1053 3425 1137 3478 vel
1178 3425 1498 3496 simpliciter
1531 3443 1692 3482 omne
1724 3444 1816 3498 ge-

226 3526 328 3563 nus
365 3512 723 3568 animantium
768 3515 1071 3585 intelligere
1101 3514 1360 3572 debemus
1390 3532 1404 3570 :
1429 3533 1552 3572 cum
1595 3519 1815 3574 homine

227 3602 372 3656 enim
419 3609 474 3655 et
522 3620 583 3655 ea
626 3607 933 3672 traduntur,
986 3625 1107 3678 quae
1149 3611 1197 3663 ei
1249 3611 1462 3666 subdita
1511 3620 1674 3678 sunt;
1725 3623 1819 3669 aut

228 3701 395 3768 certe,
428 3691 655 3757 bestias,
685 3692 850 3758 feras,
879 3706 1066 3763 gentes
1085 3699 1416 3763 accipiamus
1443 3718 1454 3754 :
1483 3702 1625 3768 quod
1649 3703 1816 3758 etiam

227 3760 334 3838 illa:
364 3783 626 3850 serviant,
659 3800 779 3855 quae
807 3785 960 3856 prius
997 3786 1204 3841 servire
1249 3803 1356 3842 non
1402 3797 1686 3844 noverant.
1722 3794 1816 3847 Fi-

229 3864 358 3929 lium
406 3884 586 3929 autent
634 3873 772 3944 ejus,
823 3884 877 3930 et
917 3874 1084 3930 ﬁlium
1128 3876 1244 3942 ﬁlii,
1285 3877 1442 3947 juxta
1491 3878 1816 3938 Hebraicum

231 3966 511 4023 Balthasar
543 3977 722 4036 vocat,
755 3977 810 4024 et
835 3969 1268 4036 Evilmerodach,
1300 3971 1365 4026 de
1394 3972 1590 4042 quibus
1628 3974 1820 4030 scribit

232 4056 440 4112 Daniel.

307 4193 324 4224 ι
364 4173 544 4228 Donec
590 4172 774 4228 veniat
829 4181 1040 4244 tempus
1090 4182 1250 4230 terra:
1295 4173 1413 4245 ejus
1451 4184 1507 4231 et
1550 4176 1738 4248 ipsius.
1791 4198 1810 4232 ι

230 4262 460 4318 Pulchre
510 4279 576 4318 ne
623 4275 941 4334 perpetuum
991 4262 1491 4322 Nabuchodonosor
1532 4276 1817 4337 putaretur

231 4355 537 4426 imperium,
566 4364 622 4410 et
646 4356 820 4426 ipsum
843 4357 976 4412 dicit
1019 4372 1048 4411 a
1077 4356 1246 4412 Medis
1277 4357 1564 4428 Persisque
1593 4361 1818 4430 capien-

231 4448 378 4502 dum.
412 4448 525 4504 Hoc
549 4458 635 4504 est
668 4451 813 4506 enim
841 4450 984 4519 quod
1010 4449 1279 4522 signiﬁcat
1317 4464 1332 4504 :
1371 4470 1388 4501 ‹
1429 4451 1600 4521 donec
1634 4454 1819 4509 veniat

233 4551 442 4610 tempus
467 4551 628 4598 terra:
659 4542 795 4610 ejus,
826 4553 883 4598 et
918 4543 1103 4612 ipsius.
1142 4561 1161 4594 ι
1198 4541 1304 4598 Sed
1333 4557 1433 4598 nec
1457 4545 1561 4600 hoc
1588 4546 1818 4601 habetur

231 4632 288 4688 in
307 4632 472 4689 LXX.

309 4766 327 4800 ι
367 4747 434 4802 Et
468 4748 706 4804 servient
733 4749 785 4804 ei
813 4755 1001 4820 gentes
1031 4750 1235 4818 multae,
1261 4757 1317 4808 et
1346 4765 1503 4821 reges
1531 4751 1734 4829 magni.
1788 4773 1808 4806 ι

232 4839 347 4896 Νοη
375 4840 533 4908 dixit,
565 4857 783 4909 omnes,
816 4843 918 4899 hoc
939 4845 1082 4899 enim
1112 4846 1332 4916 pr0prie
1360 4845 1560 4902 Christi
1589 4845 1817 4902 debetur

233 4933 483 5003 imperio,
511 4948 816 5004 quanquam
839 4932 992 5006 juxta
1017 4936 1401 5010 Symmachum
1431 4953 1537 4993 non
1562 4938 1772 5010 legatur
1796 4957 1810 4994 :

237 5042 255 5075 ς
299 5025 365 5079 Ει
390 5025 627 5080 servient
650 5027 700 5080 ei
723 5036 909 5098 gentes
931 5028 1135 5094 multae,
1159 5036 1214 5083 et
1239 5043 1392 5100 reges
1414 5030 1614 5100 magni,
1647 5049 1665 5082 ι
1697 5029 1812 5096 sed,

239 5136 258 5168 ι
296 5117 586 5186 subjicient
618 5135 742 5174 eum
796 5119 1039 5174 servituti
1087 5130 1274 5193 gentes
1314 5121 1529 5186 multm,
1561 5130 1615 5176 et
1661 5137 1817 5194 reges

234 5210 432 5280 magni,
478 5229 498 5262 ι
529 5217 589 5264 ut
613 5211 729 5280 ipse
759 5224 973 5281 quoque
996 5212 1198 5267 serviat
1225 5210 1394 5267 Medis
1421 5211 1696 5278 etPersis,
1728 5209 1816 5267 cui

235 5314 424 5355 omnes
452 5311 577 5356 ante
602 5303 903 5358 servierant
924 5313 1130 5374 gentes.
1162 5303 1275 5360 Iloc
1299 5303 1441 5375 quod
1465 5319 1532 5358 ex
1552 5302 1818 5360 Hebraico

234 5389 514 5460 posuimus
547 5405 562 5445 :
593 5411 610 5442 ί
647 5392 780 5446 Dedi
807 5393 880 5458 ei,
906 5402 967 5447 ut
1004 5395 1244 5449 serviant
1271 5394 1370 5460 illi,
1397 5403 1451 5448 et
1495 5394 1733 5448 servient
1766 5393 1815 5448 ei

235 5493 428 5535 omnes
466 5491 678 5552 gentes,
707 5493 762 5539 et
797 5485 910 5540 ﬁlio
947 5484 1062 5554 ejus
1091 5494 1148 5540 et
1177 5485 1286 5541 filio
1318 5485 1411 5540 lilii
1449 5483 1598 5557 ejus,
1646 5485 1818 5540 donec

236 5571 420 5627 veniat
449 5578 660 5642 tempus
707 5582 867 5630 terrae
893 5577 1008 5646 ejus
1036 5585 1091 5632 et
1117 5577 1306 5646 ipsius,
1339 5585 1394 5632 et
1419 5577 1664 5633 servituti
1692 5591 1817 5631 eum

238 5662 530 5735 subjiciam
557 5672 747 5736 gentes
773 5665 974 5729 multm,
1005 5679 1059 5720 et
1085 5683 1238 5739 reges
1264 5672 1464 5742 magni.
1503 5690 1520 5721 ι
1552 5670 1608 5725 In
1640 5668 1813 5736 LXX,

238 5762 302 5811 ιιι
318 5755 433 5828 jam
458 5755 712 5823 diximus,
743 5756 978 5812 editione
1007 5773 1114 5814 non
1143 5759 1354 5833 legitur.

318 5886 339 5922 ι
371 5867 518 5927 Gens
545 5878 725 5926 autem
764 5879 819 5930 et
849 5885 1074 5941 regnum
1103 5873 1245 5942 quod
1280 5888 1388 5932 non
1429 5873 1676 5930 servierit
1706 5872 1816 5929 Na-

1843 4637 1897 4697 D

1926 2038 1944 2068 ‹
1982 2031 2079 2070 vos
2111 2015 2177 2071 de
2223 2024 2367 2070 terra
2412 2024 2614 2081 vestra,
2644 2025 2699 2070 et
2745 2014 2966 2084 ejiciant
2993 2032 3121 2083 vos,
3169 2026 3224 2071 et
3251 2015 3512 2086 pereatis.

1927 2130 1943 2161 ι
1983 2108 2128 2164 Gens
2175 2117 2355 2163 autem
2398 2124 2517 2180 quae
2568 2105 2859 2176 subjecerit
2908 2109 3178 2164 cervicem
3219 2124 3371 2164 suam
3414 2105 3514 2162 sub

1926 2220 1942 2250 ι
1976 2199 2106 2270 jugo
2133 2201 2277 2272 regis
2301 2198 2611 2271 Babylonis,
2640 2208 2694 2254 et
2724 2199 2978 2255 servierit
3005 2200 3078 2264 ci,
3101 2200 3370 2256 dimittam
3391 2213 3513 2252 eam

1927 2310 1945 2342 ι
1984 2292 2038 2346 in
2065 2299 2210 2346 terra
2241 2308 2358 2358 sua,
2385 2292 2515 2346 dicit
2552 2293 2831 2357 Dominus,
2860 2300 2913 2347 et
2937 2291 3077 2347 colet
3106 2308 3250 2358 eam,
3279 2299 3334 2346 et
3360 2290 3511 2346 habi-

1926 2404 1942 2434 σ
1987 2383 2121 2437 tabit
2166 2384 2222 2438 in
2272 2399 2356 2439 ea.
2402 2404 2418 2436 ι
2453 2383 2654 2438 Delirat
2700 2392 2754 2438 et
2802 2385 2854 2438 in
2897 2385 3001 2439 hoc
3026 2383 3145 2439 loco
3190 2383 3512 2454 allegoricus

1919 2474 2216 2544 interpres,
2241 2485 2296 2530 et
2334 2477 2584 2531 hortatur
2610 2477 2662 2530 in
2687 2470 2897 2531 ccelcsti
2921 2477 3124 2546 positos
3141 2475 3476 2531 Ilierusalcm
3495 2516 3511 2542 ,

1918 2581 1986 2620 ne
2020 2567 2243 2622 audiant
2269 2568 2560 2638 prophetas
2586 2583 2741 2630 suos,
2793 2576 2956 2637 atque
2983 2568 3224 2633 divinos,
3270 2565 3517 2623 somnia-

1922 2666 2086 2723 tores,
2129 2668 2184 2714 et
2212 2675 2464 2730 augures,
2493 2670 2550 2716 et
2596 2661 2871 2716 maleﬁcos
2903 2680 2914 2714 :
2945 2663 3039 2716 sed
3085 2670 3143 2716 ut
3182 2662 3513 2732 potiusscr-

1918 2753 2070 2806 viant
2112 2751 2629 2818 Nabuchodonosor,
2667 2762 2724 2808 et
2761 2768 2958 2824 corpus
2987 2753 3311 2808 humilitatis
3356 2767 3512 2806 assu-

1919 2851 2089 2905 mant,
2122 2842 2404 2897 infantium
2446 2844 2672 2913 vagitus,
2705 2853 2760 2899 et
2790 2843 3112 2898 incunabula
3139 2843 3511 2916 parvulorum.

1921 2931 1977 2988 Si
2009 2934 2154 2988 enim
2178 2933 2281 2988 hoc
2313 2934 2542 2990 fecerint
2571 2934 2786 3004 expleto
2817 2933 3079 2990 famulatu
3106 2943 3161 2990 et
3203 2935 3514 2990 conditione

1918 3027 2267 3083 mortalitatis
2319 3029 2611 3093 humanae,
2667 3043 2985 3083 reversuros
3041 3028 3255 3083 eos-ad
3309 3035 3513 3081 terram

1919 3135 2095 3186 suam,
2121 3130 2175 3176 et
2198 3121 2539 3175 habitatur-os
2570 3120 2624 3174 in
2651 3136 2736 3187 ea,
2767 3127 2823 3174 et
2851 3129 3196 3190 operaturos,
3221 3133 3341 3189 qua:
3360 3117 3513 3187 prius

1919 3213 2128 3284 operati
2159 3221 2302 3267 sunt.
2327 3213 2577 3283 Dicitque
2609 3227 2668 3268 se
2695 3213 2962 3283 suspicari
2989 3227 3105 3277 eos,
3133 3212 3225 3282 qui
3251 3210 3347 3267 Dei
3374 3224 3514 3281 pra:-

1921 3312 2077 3375 cepta
2109 3297 2574 3374 contempserint,
2620 3303 2876 3358 humanis
2925 3303 3246 3372 corporibus
3273 3315 3512 3374 praegrav

1919 3395 2059 3461 vari,
2089 3395 2299 3449 futuros
2313 3397 2583 3449 dzemones
2597 3403 2650 3448 et
2675 3395 2982 3450 immundos
2995 3393 3240 3463 spiritus,
3258 3399 3312 3446 et
3329 3391 3514 3446 sedem

1918 3487 2203 3556 pristinam
2230 3502 2575 3556 nequaquam
2600 3495 2936 3556 recepturos.
2965 3484 3073 3541 Nos
3099 3494 3279 3540 autem
3307 3483 3514 3555 simpli-

1921 3574 2425 3649 citerexponamus,
2443 3587 2496 3632 et
2526 3579 2823 3649 prOphetas
2849 3578 3036 3632 essein
3053 3575 3518 3646 gentibus,quisi-

1921 3667 2195 3735 mulent‘se
2219 3667 2400 3722 divino
2424 3666 2616 3737 spiritu
2630 3674 2859 3720 ventura
2873 3665 3188 3736 praedicere,
3213 3662 3515 3726 etdivinos,

1921 3759 1988 3811 de
2007 3759 2202 3824 quibus
2229 3769 2284 3810 et
2311 3759 2533 3826 vulgare
2561 3759 2908 3826 proverbium
2937 3765 3022 3810 est
3046 3772 3059 3807 :
3081 3755 3248 3808 Aiunt
3273 3753 3518 3810 divinare

1923 3846 2214 3916 sapientes,
2252 3855 2308 3902 et
2352 3848 2745 3914 somniatores,
2778 3848 2872 3919 qui
2919 3848 3202 3902 imitantur
3225 3846 3431 3917 Ioseph
3461 3853 3518 3902 et

1922 3939 2145 4006 Daniel,
2197 3951 2254 3994 et
2301 3953 2571 4011 augures,
2619 3941 2711 4010 qui
2747 3940 2927 3995 volatu
2965 3940 3146 3994 avium
3171 3948 3226 3995 et
3265 3940 3513 3994 oscinum

1919 4033 2144 4088 vocibus
2171 4031 2477 4086 faciendum
2506 4030 2639 4100 quid
2675 4031 2760 4086 vel
2809 4046 2915 4085 non
2955 4029 3262 4085 faciendum
3301 4030 3513 4085 denun-

1925 4127 2096 4190 tiant,
2149 4134 2205 4180 et
2251 4124 2556 4190 maleﬁcos,
2605 4138 2741 4194 quos
2774 4123 2856 4178 vel
2907 4124 3177 4177 veneﬁcos
3221 4135 3516 4191 possumus

1921 4217 2218 4288 appellare,
2245 4215 2329 4270 vel
2354 4215 2660 4271 daemonum
2687 4214 3160 4285 phantasmatibus
3186 4213 3511 4278 servientes,

1921 4312 2013 4383 qui
2061 4309 2325 4364 llebraice
2374 4308 2627 4363 dicuntur
2655 4312 2819 4370 γεω.
2842 4306 3045 4362 Omnes
3091 4306 3181 4362 isti
3212 4306 3512 4376 decipiunt,

1921 4403 2112 4474 inquit,
2139 4419 2234 4460 vos
2254 4412 2418 4474 atque
2438 4401 2806 4474 supplantant,
2830 4416 2901 4458 ne
2925 4400 3177 4456 serviatis
3199 4400 3313 4472 regi
3340 4399 3516 4471 Baby-

1920 4494 2079 4550 lonis.
2110 4493 2276 4549 Multo
2303 4494 2446 4550 enim
2479 4494 2672 4550 melius
2701 4502 2787 4549 est
2819 4493 3136 4550 servitutem
3169 4501 3366 4562 sponte
3389 4507 3515 4552 sus~

1923 4586 2124 4656 cipere,
2155 4594 2210 4640 et
2232 4586 2466 4639 amicum
2498 4585 2718 4649 habere,
2749 4585 2836 4640 cui
2866 4587 3095 4650 servias,
3125 4592 3181 4648 et
3222 4584 3514 4654 genitalem

1925 4687 2126 4732 terram
2152 4677 2352 4741 colere,
2397 4691 2561 4745 quam
2596 4677 2651 4731 vi
2677 4684 2734 4732 et
2781 4677 3109 4734 necessitate
3138 4674 3346 4737 servire
3386 4688 3514 4744 cap:

1919 4769 2078 4823 tivos.
3099 4779 3104 4784 ο

1998 4878 2016 4910 σ
2053 4859 2119 4914 Et
2149 4860 2216 4914 ad
2243 4859 2562 4916 Sedeehiam
2592 4850 2774 4932 regem
2801 4860 2937 4918 Juda
2977 4846 3196 4918 locutus
3215 4875 3336 4930 sum
3360 4901 3378 4929 ,
3421 4875 3513 4918 se-

1927 4970 1946 5003 ‹
1984 4953 2214 5008 cundum
2243 4953 2425 5007 omnia
2452 4955 2615 5008 verba
2653 4954 2792 5018 haec,
2821 4953 3008 5009 dicens
3037 4968 3056 5008 :
3085 4951 3350 5022 Subjicite
3372 4951 3513 5012 colla

1927 5063 1944 5095 ι
1982 5051 2162 5100 vestra
2192 5044 2444 5116 subjugo
2482 5046 2623 5116 regis
2651 5035 2972 5115 Babylonis,
3009 5053 3065 5100 et
3102 5044 3305 5101 servite
3332 5044 3426 5112 .ei,
3451 5050 3517 5103 et

1929 5153 1946 5186 ι
1984 5135 2178 5205 populo
2227 5135 2375 5206 ejus,
2429 5145 2485 5190 et
2516 5137 2727 5192 vivatis.
2772 5135 2951 5203 Quare
2979 5135 3287 5191 moriemini
3339 5143 3412 5190 tu'
3454 5142 3518 5209 et

1928 5247 1944 5278 α
1982 5227 2208 5298 populus
2240 5237 2382 5292 tuus,
2417 5227 2614 5297 gladio,
2653 5226 2814 5290 fame,
2846 5236 2902 5280 et
2929 5234 3103 5297 peste,
3127 5227 3270 5282 sicut
3297 5224 3511 5284 locutus

1928 5338 1946 5370 ι
1985 5327 2069 5372 est
2112 5319 2370 5373 Dominus
2398 5318 2466 5372 ad
2496 5325 2712 5388 gentem
2736 5332 2856 5386 qua:
2885 5317 3092 5372 servire
3130 5316 3366 5373 noluerit
3392 5319 3510 5391 regi

1928 5426 1947 5458 ι
1985 5407 2306 5480 Babylonis?
2342 5407 2522 5464 Nolite
2563 5406 2753 5464 audire
2793 5408 2964 5466 verba
2999 5411 3390 5480 prophetarum
3419 5408 3513 5466 .di-

1929 5520 1947 5551 σ
1986 5501 2221 5556 centium
2252 5501 2404 5556 vobis
2431 5519 2444 5555 :
2477 5499 2651 5556 Nolite
2679 5502 2886 5560 servire
2907 5505 3022 5575 regi
3039 5503 3355 5575 Babylonis,
3377 5503 3514 5574 quin

1929 5612 1948 5644 ι
1987 5593 2326 5649 mendacium
2372 5593 2476 5664 ipsi
2525 5593 2820 5667 loquuntur
2851 5596 3024 5651 vobis.
3056 5595 3194 5663 Quia
3235 5611 3345 5651 non
3381 5592 3509 5650 misi

1929 5703 1948 5736 ‹
1986 5699 2101 5751 eos,
2149 5684 2226 5740 ait
2269 5685 2527 5743 Dominus
2561 5705 2574 5742 :
2606 5696 2659 5743 et
2700 5687 2797 5757 ipsi
2827 5687 3244 5758 prophetam-in
3289 5683 3511 5748 nomine

1931 5800 1948 5833 ι
1986 5795 2107 5836 meo
2152 5781 2504 5848 mendaciter,
2556 5790 2616 5836 ut
2643 5779 2863 5850 ejiciant
2888 5796 3017 5849 vos,
3045 5789 3100 5836 et
3123 5778 3360 5852 pereatis
3393 5783 3509 5832 tam

1929 5892 1947 5925 ι
1984 5887 2080 5929 vos
2102 5887 2263 5942 quam
2292 5873 2570 5944 propheta:
2594 5872 2685 5944 qui
2715 5871 3080 5930 vaticinantur
3106 5867 3279 5926 vobis.
3318 5886 3338 5922 ι
3374 5865 3510 5923 Post
