4044 6326
344 434 487 494 1015

840 552 846 557 ‘
883 533 1111 592 CAPUT
1147 532 1381 590 XXVIII.

344 652 602 725 Ieremia:
630 647 899 725 respondet
928 647 1185 725 Ananiaa,
1232 647 1322 725 qui
1349 645 1422 698 ait
1452 645 1742 725 reditu_rum
1761 661 1926 725 popu-

416 712 566 789 lum,
602 712 857 776 eto'mnid
894 734 1023 789 casa
1064 723 1180 789 post
1223 712 1355 770 duos
1393 730 1558 769 annos
1597 712 1923 789 Ierusalem,

418 786 574 857 amen
600 806 619 845 :
644 801 693 853 et
712 790 863 863 punit
883 788 1023 845 Deus
1057 786 1323 843 ’Anam‘am
1344 795 1553 857 propter
1570 786 1924 841 mendacium.

420 927 438 960 ι
476 908 544 963 Et
591 906 791 960 factum
837 903 1004 959 estin
1045 917 1187 957 anno
1215 901 1308 957 illo
1332 942 1346 966 ,
1394 901 1445 955 in
1475 901 1741 971 principio
1775 901 1929 971 regni

350 1020 369 1051 ι
408 998 684 1055 Sedechiaa
731 996 878 1067 regis
909 994 1046 1050 Juda
1070 1036 1085 1061 ,
1134 995 1187 1049 in
1227 1009 1368 1049 anno
1390 1001 1616 1063 quarto,
1656 993 1710 1048 in
1743 1007 1929 1049 mense

350 1110 379 1173 ι.
406 1078 618 1160 quinto,
653 1078 879 1143 dixitad
927 1102 1016 1141 me
1039 1086 1280 1141 Ananias
1307 1086 1453 1140 tilius
1497 1085 1642 1141 Azur
1666 1086 1927 1156 propheta

350 1203 370 1236 ι
408 1184 475 1238 de
499 1182 719 1237 Gabaon
751 1181 804 1237 in
857 1181 1017 1236 domo
1055 1179 1299 1244 Domini;
1345 1194 1529 1233 coram
1560 1176 1931 1233 sacerdotibus

350 1294 372 1328 ι
408 1285 459 1332 et
488 1275 632 1331 omni
663 1274 861 1357 populo
895 1256 1081 1328 dicens
1110 1291 1124 1326 :
1155 1272 1281 1327 Haec
1318 1272 1449 1326 dicit
1475 1271 1735 1327 Dominus
1771 1285 1929 1325 exer-

352 1386 373 1421 ι
408 1370 611 1424 cituum
646 1366 789 1422 Deus
839 1365 1005 1420 Israel
1039 1384 1051 1419 :
1095 1364 1336 1420 Contrivi
1358 1366 1547 1436 iugum
1584 1364 1723 1434 regis
1760 1364 1932 1435 Baby'

351 1480 371 1513 ι
407 1461 551 1516 Ionis
573 1478 587 1514 :
611 1460 785 1515 adhuc
803 1459 908 1513 duo
924 1459 1051 1513 anni
1081 1458 1309 1521 dierum,
1332 1466 1385 1512 ct
1412 1473 1513 1528 ego
1532 1455 1721 1512 referri
1736 1455 1932 1511 faciam

351 1568 371 1604 ι
411 1553 478 1605 ad
523 1551 698 1606 locum
750 1551 911 1605 istum
957 1551 1139 1604 omnia
1188 1564 1316 1603 vasa
1368 1550 1560 1603 domus
1614 1546 1847 1602 Domini.
1906 1566 1926 1599 ι

348 1639 420 1711 (Η
429 1640 618 1708 ieron.)
637 1638 783 1706 Quos
805 1639 1129 1695 Hebraicum
1151 1639 1449 1715 prophetas,
1464 1639 1567 1693 hoc
1592 1646 1697 1703 est,
1712 1646 1929 1702 D’N’ZJ.

349 1730 700 1802 Septuaginta
748 1730 1222 1800 pseudopropheta:
1268 1728 1608 1799 interpretati
1658 1738 1823 1795 sunt,
1875 1736 1935 1783 ut

348 1825 776 1881 tuauifestiorem
803 1824 1043 1880 facerent
1071 1818 1499 1893 intelligentiam.
1528 1822 1769 1892 Denique
1791 1831 1846 1878 et
1878 1823 1932 1878 in

1190 402 1195 406 ’
1268 406 1635 479 Exposmo
1672 416 1901 475 sorua
1938 412 2308 476 JEREMIAM.
2349 443 2419 456 -
2456 398 2587 469 ua.
2624 410 2718 468 ιιι.

1950 537 2006 600 Α
2029 533 2173 606 quod
2222 531 2365 588 illius
2410 516 2709 603 prophetiae
2756 525 2893 584 nolit
2931 497 3422 582 mendaciummon
3467 535 3612 591 esse,

3464 402 3613 461 I0“

2031 641 2193 698 quam
2224 631 2389 679 tanta:
2433 623 2647 678 ruinam
2684 615 3047 675 multitudinis
3095 616 3244 689 (Ion.
3274 614 3381 687 ιιι).
3415 612 3496 670 Ae
3544 625 3616 668 ne

2027 719 2307 774 videretur
2351 713 2835 788 pseudopropheta:
2876 710 3233 782 comprobare
3272 706 3612 771 vaticinium,

2030 812 2131 867 sub
2177 811 2408 865 aliorum
2455 804 2703 877 exemplo
2755 804 2961 874 absque
3006 798 3203 871 injuria
3257 796 3593 855 mentientis

2032 902 2227 958 asserit
2253 901 2561 956 veritatem.
2798 902 2801 907 '

2046 976 2051 985 ’
2110 1014 2128 1046 ι
2166 994 2554 1050 Verumtamen
2595 986 2721 1043 audi
2744 985 2970 1041 verbum
3004 984 3111 1040 hoc
3132 982 3275 1053 quod
3298 995 3399 1053 ego
3425 979 3621 1051 loquor

2039 1105 2057 1137 ι
2093 1085 2147 1140 in
2175 1082 2394 1138 auribus
2417 1081 2522 1135 tuis
2550 1086 2606 1135 et
2628 1076 2931 1133 in'aurlbus
2961 1074 3204 1130 universi
3226 1073 3411 1144 populi
3439 1089 3453 1126 :
3480 1071 3634 1128 Pro-‘

2039 1195 2058 1228 ι
2094 1176 2291 1248 phene,
2310 1174 2401 1244 qui
2433 1172 2656 1226 fuerunt
2686 1178 2811 1224 ante
2833 1182 2921 1223 me
2948 1175 3002 1222 et
3032 1175 3084 1221 te
3114 1165 3183 1220 ab
3210 1165 3385 1231 initio,
3414 1173 3470 1219 et
3495 1178 3622 1233 pro-

2040 1290 2060 1323 ι
2096 1260 2458 1341 phetaverunt
2495 1280 2657 1335 super
2695 1270 2870 1317 terras
2915 1259 3136 1323 multas,
3181 1267 3236 1311 et
3267 1271 3430 1327 super
3456 1267 3621 1325 regna

2040 1380 2060 1414 ι
2096 1348 2311 1433 magna,
2337 1358 2480 1414 etde
2500 1355 2707 1426 przelio,
2736 1363 2790 1408 et
2832 1353 2897 1405 de
2921 1348 3230 1413 alﬂictione,
3270 1356 3325 1401 et
3359 1347 3424 1401 de
3453 1345 3618 1400 fame.

2042 1471 2060 1505 ι
2099 1454 2367 1522 PrOpheta
2398 1450 2490 1521 qui
2518 1448 2847 1503 vaticinatus
2873 1452 2958 1500 est
2994 1457 3183 1513 pacem
3204 1481 3219 1506 ,
3261 1455 3385 1494 cum
3412 1437 3624 1492 venerit

2044 1563 2062 1596 ι
2098 1530 2324 1598 verbum
2346 1540 2482 1610 ejus,
2509 1541 2711 1595 scietur
2725 1538 2990 1608 propheta
3011 1547 3171 1604 quem
3186 1531 3336 1586 misit
3362 1528 3623 1584 Dominus

2042 1655 2061 1687 ι
2100 1638 2156 1690 in
2208 1634 2458 1689 veritate.
2496 1651 2513 1683 ι
2550 1631 2768 1685 Poterat
2815 1627 3081 1684 Jeremias
3120 1623 3345 1679 Ananiae
3391 1621 3572 1676 dicere
3604 1636 3619 1672 :

2035 1721 2256 1776 Falsum
2282 1718 2542 1790 loqueris,
2567 1717 2772 1787 decipis
2797 1713 3076 1785 populum,
3103 1726 3209 1765 non
3236 1724 3297 1764 es
3335 1706 3621 1778 propheta,

2038 1815 2132 1870 sed
2192 1811 2678 1883 pseudopropheta.
2712 1807 2864 1875 Quod
2910 1806 2952 1861 si
2992 1804 3257 1867 dixisset,
3306 1806 3518 1872 poterat
3542 1803 3625 1855 et

347 1918 602 1988 prmsenti
627 1917 744 1971 loco
768 1917 1015 1987 propheta
1042 1888 1270 1981 dicitur,
1288 1916 1390 1970 hoc
1417 1923 1499 1969 est
1532 1888 1699 1981 N713,-
1732 1924 1787 1970 οι
1823 1932 1929 1985 non
1958 1904 2007 1965 B
2034 1905 2504 1978 pseudopropheta
2531 1903 2584 1957 in
2602 1899 2894 1955 Jeremiam
2916 1895 3104 1952 eadem
3129 1901 3466 1962 retorquere.
3483 1888 3627 1959 Ergo

348 2004 817 2085 pseudopropheta.
870 2006 958 2062 Fit
991 2017 1170 2063 autem
1216 2022 1394 2063 sermo
1423 2009 1633 2063 Domini
1679 2011 1778 2077 sub
1808 1996 1936 2081 rege

352 2097 619 2154 Sedechia
641 2100 694 2169 in
719 2110 915 2169 quarto
930 2116 1072 2154 anno
1097 2100 1247 2170 regni
1279 2100 1412 2171 ejus,
1434 2102 1487 2155 in
1508 2116 1693 2156 mense
1725 2102 1933 2171 quinto.

350 2186 588 2245 Necdum
629 2191 890 2260 propheta
930 2190 1182 2246 Ezechiel
1217 2193 1552 2247 vaticinante
1579 2194 1634 2247 in
1668 2186 1939 2264 Babylone

352 2281 419 2336 ad
454 2296 570 2347 eos,
600 2283 689 2353 qui
720 2279 841 2337 eum
867 2280 1127 2338 Jechonia
1153 2284 1367 2338 fuerant
1390 2284 1751 2357 transmigrati
1786 2298 1800 2338 :
1840 2286 1939 2339 ha-

346 2373 550 2443 betque
584 2374 834 2447 ﬁduciam
862 2376 916 2430 in
949 2378 1151 2447 templo
1174 2378 1388 2432 Domini
1420 2378 1566 2448 loqui
1604 2390 1791 2435 contra
1817 2397 1941 2450 pro-

350 2466 592 2535 phetatn,
619 2466 744 2545 quia
769 2482 1029 2539 prospera
1056 2469 1252 2539 populo
1280 2469 1600 2541 pollicetur,
1631 2481 1686 2525 et
1712 2471 1943 2527 libenter

353 2556 646 2610 audiuntur
660 2559 939 2614 mendacia
959 2578 973 2613 :
999 2561 1303 2630 praesertim
1322 2576 1442 2630 quae
1456 2554 1572 2615 laeta
1595 2562 1940 2631 promittunt.

353 2645 620 2704 Jeremias
667 2652 879 2715 dixerat
901 2648 1067 2707 etiam
1112 2659 1308 2708 caetera
1337 2651 1487 2718 'Vasa,
1515 2654 1599 2708 vel
1624 2653 1827 2722 templi,
1859 2652 1944 2707 vel

356 2738 552 2795 domus
580 2743 761 2813 regiae,
789 2752 847 2799 et
866 2745 1122 2824 universi
1151 2745 1333 2815 populi
1373 2758 1493 2816 quae
1517 2744 1945 2801 Nabuchodono-

356 2843 448 2884 sor
478 2831 764 2888 dimiserat
811 2834 1184 2891 transferenda
1233 2835 1584 2907 Babylonem.
1623 2835 1723 2892 Ilic
1764 2845 1946 2892 autem

356 2936 388 2975 e
412 2926 692 2993 contrario
712 2927 873 3011 etiam
896 2943 983 3011 ea,
1004 2944 1124 3009 quae
1148 2930 1410 2985 translata
1428 2928 1641 2984 fuerant
1655 2927 1943 2984 referenda

357 3016 645 3085 promittit.
770 3010 773 3011 ⁷
944 3008 949 3013 )
1452 3010 1455 3015 ’

436 3127 453 3158 ι
492 3107 621 3174 Qum
641 3109 765 3165 tulit
786 3109 1286 3195 Nabuchodonosor
1308 3127 1404 3169 rex
1425 3112 1720 3187 Babylonis
1742 3114 1807 3168 de
1828 3112 1947 3169 loco

365 3216 385 3249 ι
422 3199 544 3266 isto,
574 3209 629 3255 et
655 3203 931 3258 transtulit
963 3218 1024 3259 ea
1060 3204 1115 3259 in
1148 3205 1494 3277 Babylonem.
1527 3206 1595 3261 Et
1626 3196 1944 3262 Jechoniam

2039 2017 2147 2057 non
2177 2000 2307 2053 facit
2347 1994 2620 2079 injuriam,
2647 2001 2704 2049 et
2729 1990 2885 2063 quasi
2917 1990 2984 2045 ad
3015 1987 3336 2060 prophetam
3362 1983 3620 2053 loquitur.

2037 2093 2156 2163 Non
2207 2092 2404 2155 solum,
2455 2072 2654 2157 inquit,
2702 2099 2804 2156 ego
2851 2098 2970 2138 sum
3014 2080 3312 2151 pmpheta,
3334 2082 3399 2151 et
3429 2082 3507 2139 tu,
3535 2071 3632 2128 sed

2042 2186 2191 2241 fuere
2221 2192 2345 2239 ante
2375 2188 2462 2235 me
2491 2188 2544 2235 et
2572 2189 2627 2233 te
2665 2176 2821 2232 multi
2855 2174 2967 2239 alii,
3012 2186 3244 2243 quorum
3286 2168 3390 2225 fuit
3422 2165 3590 2222 Isaias
3611 2204 3629 2232 ,

2041 2276 2331 2344 Osre,Joel
2350 2276 2601 2341 etAmos,
2627 2280 2682 2328 et
2694 2273 2874 2328 caeteri
2894 2287 2910 2326 :
2934 2268 3409 2340 prophetaverunt,
3424 2260 3630 2331 inquit,
3714 2272 3733 2298 ἰ

2043 2382 2233 2432 contra
2259 2381 2432 2426 terras
2454 2369 2674 2434 multas,
2691 2375 2746 2422 et
2764 2381 2930 2438 regna
2951 2378 3060 2418 non
3081 2374 3271 2432 parva,
3298 2356 3393 2412 sed
3414 2366 3631 2424 magna,

2042 2468 2240 2524 bellum
2278 2464 2405 2529 illis,
2436 2471 2491 2518 et
2515 2462 2766 2526 adversa,
2792 2465 2847 2513 et
2871 2470 3054 2511 rerum
3081 2451 3323 2508 omnium
3347 2444 3631 2520 penuriam

2046 2562 2358 2618 nuntiantes
2382 2601 2395 2622 ,
2446 2566 2500 2613 et
2540 2572 2571 2611 e
2617 2552 2894 2610 contrario
2922 2550 3139 2604 fuerunt
3179 2544 3307 2609 alii,
3333 2541 3424 2613 qui
3445 2552 3637 2610 pacem

2046 2652 2430 2725 pollicerentur
2462 2655 2516 2701 ct
2537 2658 2794 2716 prospera
2811 2684 2827 2709 ,
2851 2650 3205 2708 utrorumque
3231 2631 3501 2690 sententia
3528 2642 3634 2684 non

2048 2722 2359 2799 adulatione
2403 2730 2706 2802 mendacii,
2757 2735 2850 2790 sed
2890 2746 3070 2788 rerum
3103 2728 3253 2785 exitu
3286 2722 3639 2796 comprobata

2048 2845 2149 2893 est.
2199 2834 2312 2890 Sub
2340 2833 2569 2888 aliorum
2617 2830 2784 2901 igitur
2805 2823 3050 2894 exemplo
3096 2822 3164 2876 de
3190 2835 3248 2875 se
3292 2816 3551 2887 loquitur,
3584 2818 3641 2866 et

2048 2927 2281 2991 Anania,
2314 2924 2457 2994 quod
2484 2937 2605 2975 cum
2634 2935 2817 2975 rerum
2847 2916 2969 2971 ﬁnis
2998 2911 3310 2977 advenerit,
3341 2916 3471 2963 tunc
3508 2918 3640 2976 pro-

2049 3016 2337 3087 phetarum
2368 3013 2572 3068 veritas
2597 3010 2932 3065 ostendatur.
2963 3004 3077 3060 Hoc
3122 3004 3265 3058 idem
3295 3009 3350 3055 et
3379 2996 3644 3053 Dominus

2047 3107 2261 3163 locutus
2290 3113 2375 3161 est
2396 3119 2496 3175 per
2522 3102 2742 3174 Moysen
2770 3099 2949 3171 (Deut.
2985 3094 3169 3167 χχιιι),
3203 3091 3346 3164 quod
3378 3087 3644 3161 propheta

2052 3200 2296 3258 vaticinii
2352 3199 2459 3254 ﬁne
2488 3202 2842 3252 monstretur.
2868 3192 2936 3246 Et
2962 3190 3066 3244 hoc
3105 3177 3645 3242 animadvertendum

366 3309 384 3341 ι
423 3291 589 3377 lilium
616 3292 859 3351 Joachim
889 3311 1066 3371 regem
1090 3296 1251 3364 Juda,
1273 3307 1328 3354 et
1352 3315 1567 3377 omnem
1594 3284 1950 3372 transmigra-
1975 3271 2023 3335 C
2055 3294 2326 3369 quodnon
2353 3288 2660 3354 minaciter,
2690 3302 2797 3341 non
2823 3281 3179 3343 truculenter,
3210 3275 3305 3331 sed
3333 3270 3528 3327 liducia
3551 3282 3641 3322 ve-

365 3398 386 3432 ι
416 3376 625 3469 tionem
650 3385 815 3473 Judaz,
850 3390 943 3473 qui
966 3390 1192 3465 ingressi
1222 3400 1345 3444 sunt
1375 3391 1426 3444 in
1455 3376 1781 3462 Babylonem
1805 3432 1819 3457 ,
1849 3405 1949 3461 ego

367 3489 388 3524 ι
424 3488 736 3547 convertam
766 3468 834 3532 ad
868 3464 1061 3534 ’locum
1089 3464 1251 3535 istum
1272 3523 1287 3547 ,
1321 3485 1396 3535 ait
1420 3483 1678 3555 Dominus
1761 3466 1960 3551 conte-_

371 3578 390 3611 ι
428 3577 544 3617 ram
600 3565 740 3619 enim
789 3567 977 3649 jugnm
1010 3570 1151 3637 regis
1199 3569 1503 3642 Babylonis.
1553 3590 1572 3623 ι
1610 3570 1715 3625 Pro
1755 3572 1953 3642 quibus

368 3650 720 3725 Septuaginta
742 3659 1135 3715 transtulerunt
1165 3679 1178 3715 :
1213 3679 1232 3712 ι
1268 3661 1584 3717 Jechoniam
1610 3669 1665 3716 et
1694 3662 1951 3717 transmi-

368 3743 673 3833 grationem
709 3742 879 3815 ludat.
910 3744 1045 3812 Quia
1090 3758 1368 3833 conteram
1395 3749 1585 3821 jugnm
1612 3752 1756 3820 regis
1782 3750 1957 3820 Baby-

368 3834 550 3927 lonis,
600 3828 839 3927 breviter
892 3828 1463 3917 IIebraicaz'yeritatis
1515 3855 1733 3923 sensum
1784 3840 1956 3910 magis

372 3916 540 4002 quam.
582 3914 746 4015 verba
800 3940 1085 4019 ponentes.
1150 3914 1459 4013 Pollicetur.
1490 3914 1670 4013 autem
1718 3931 1958 4006 Ananias

372 4012 655 4113 propheta,
688 4033 750 4105 ut
777 4012 905 4113 tunc
934 4026 1129 4127 popqu
1152 4028 1458 4115 videbatur,
1483 4012 1590 4103 non
1614 4012 1784 4101 solum
1809 4042 1957 4094 vasa,

376 4121 470 4197 sed
494 4126 551 4201 et
578 4134 761 4205 regem
797 4104 1111 4209 Iechotniatn
1154 4104 1518 4189 reducendum
1547 4137 1668 4177 esse
1706 4104 1963 4189 Ilierusa-

375 4209 506 4277 lem,
537 4218 592 4289 et
608 4210 797 4293 1iugum
826 4213 968 4284 regis
988 4213 1275 4297 Babylonis
1296 4215 1707 4281 conterendum,
1736 4215 1838 4269 hoc
1858 4221 1962 4297 est,

380 4307 763 4395 destruendum
796 4308 912 4387 ejus
959 4310 1246 4380 imperium
1281 4330 1293 4379 ;
1325 4320 1380 4366 et
1408 4312 1511 4368 hoc
1540 4304 1770 4381 necdum
1812 4282 1962 4383 coni-

379 4400 548 4473 pleto,
579 4394 814 4473 futurum
856 4403 1103 4477 biennio.
1134 4414 1194 4458 ut
1223 4394 1401 4477 gaudii
1428 4395 1855 4477 magnitudinem
1880 4403 1964 4458 vi-

383 4494 563 4548 cinum
592 4502 803 4579 tempus
831 4497 1269 4567 repromissionis
1294 4506 1538 4569 augeret.

460 4605 479 4638 ι
517 4587 584 4669 βε
625 4587 763 4667 digit
809 4584 1074 4659 Jeremias
1122 4590 1384 4677 propheta
1428 4591 1495 4644 ad
1536 4588 1799 4659 Ananiam
1839 4594 1967 4661 pro-

392 4696 411 4731 ι
447 4679 685 4749 phetam,
740 4680 793 4745 in
819 4680 989 4735 oculis
1016 4682 1353 4765 sacerdotum
1380 4721 1393 4743 ,
1433 4689 1489 4735 et
1516 4681 1569 4735 in
1595 4680 1765 4759 oculis
1794 4680 1971 4755 omnis

376 4790 411 4835 ,ι
447 4770 653 4845 populi.
685 4771 775 4840 qui
821 4772 1001 4845 stabat
1026 4773 1082 4849 in
1128 4773 1284 4845 domo
1318 4771 1562 4837 Domini,
1617 4782 1671 4847 et
1710 4772 1785 4824 ait
1824 4766 1974 4851 iere.

394 4881 413 4914 ι
457 4863 595 4939 [nias
632 4864 894 4943 propheta
930 4881 942 4917 :
974 4864 1169 4928 Amen,
1200 4864 1279 4919 sic
1324 4863 1489 4918 faciat
1532 4863 1807 4941 Dominus.
1844 4860 1973 4916 Sus-

395 4974 414 5006 «
453 4957 583 5013 citet
628 4956 885 5037 Dominus
918 4955 1081 5013 verba
1116 4964 1224 5023 tua,
1268 4971 1388 5026 qua:
1417 4965 1471 5009 tu
1500 4954 1866 5025 prophetasti,
1914 4961 1972 5007 ut

395 5067 415 5102 ι
457 5049 914 5129 referanturvasa
943 5048 995 5102 in
1025 5050 1241 5105 domum
1264 5048 1570 5127 Domini,et
1595 5047 1769 5101 omnis
1801 5032 1975 5111 trans-

396 5158 416 5191 ι
454 5122 702 5211 migratio
732 5140 797 5193 de
822 5137 1091 5221 Babylone
1114 5139 1179 5193 ad
1203 5139 1377 5205 locum
1401 5139 1584 5221 istum.
1619 5155 1636 5211 ι
1670 5136 1831 5206 Optat
1856 5129 1984 5199 ﬁeri

393 5233 535 5302 quod
567 5218 1033 5303 pseudopropheta
1073 5232 1350 5296 mentitur,
1385 5218 1488 5317 hoc
1524 5229 1665 5284 enim
1709 5228 1976 5299 signiﬁcat

394 5340 545 5379 amen
577 5338 595 5376 :
631 5339 739 5397 quo
784 5323 950 5379 verbo
1000 5338 1142 5394 sche
1191 5321 1451 5391 Dominus
1501 5318 1752 5375 Salvator
1806 5318 1976 5373 utitur

395 5415 451 5471 in
481 5417 773 5488 Evangelio
800 5433 816 5471 :
862 5402 889 5470 ι
916 5417 1087 5473 Amen
1110 5458 1126 5483 ,
1169 5404 1291 5474 dico
1324 5415 1478 5487 vobis
1530 5412 1712 5485 (Joan.
1745 5412 1820 5483 v).
1862 5430 1879 5462 ›
1912 5410 1979 5487 Et

398 5507 545 5576 cupit
584 5523 682 5577 pro
713 5522 892 5564 rerum
928 5509 1288 5581 prosperitate
1324 5507 1495 5578 magis
1521 5506 1692 5571 illum,
1729 5519 1888 5575 quam
1919 5518 1979 5581 se

399 5613 525 5654 vera
548 5596 746 5655 dicere.
777 5600 925 5657 Unde
949 5612 1001 5667 et
1028 5603 1164 5679 alius
1185 5602 1446 5679 propheta
1468 5607 1720 5664 testatur,
1750 5598 1932 5653 dicens
1962 5614 1975 5648 :

407 5709 429 5745 ι
467 5691 684 5749 Utinam
707 5708 817 5747 non
846 5707 1019 5749 essem
1046 5676 1128 5748 vir
1155 5695 1362 5750 habens
1383 5676 1652 5764 spiritum,
1682 5699 1738 5748 et
1761 5691 1983 5747 menda-

402 5785 548 5843 cium
572 5786 753 5858 potius
792 5785 1044 5857 loquerer
1076 5785 1261 5858 (Mich.
1292 5787 1378 5860 ιι).
1419 5807 1437 5841 ι
1465 5786 1507 5841 Ε
1529 5786 1803 5844 contrario
1819 5783 1984 5839 Jonas

2056 3362 2234 3442 ritatis
2290 3385 2533 3451 increpet
2560 3376 2913 3434 mentientem
2929 3414 2944 3439 ,
2968 3378 3023 3425 et
3048 3367 3259 3425 differat
3286 3365 3342 3419 in
3363 3362 3604 3417 futurum
3628 3398 3645 3422 ,

2055 3487 2117 3533 ut
2141 3477 2231 3547 qui
2260 3475 2483 3529 audiunt
2524 3486 2706 3527 rerum
2734 3468 2938 3523 exitum
2960 3459 3361 3534 praestolentur.

2135 3543 2258 3622 {Et
2293 3566 2415 3620 tulit
2435 3562 2675 3618 Ananias
2702 3550 2970 3631 propheta
2997 3562 3244 3609 catenam
3270 3547 3370 3618 (vel
3400 3543 3644 3608 furcam,

2065 3680 2082 3712 ι
2119 3675 2236 3731 qua:
2284 3655 2540 3711 Ilebraice
2588 3653 2782 3707 dicitur
2808 3640 2813 3647 ’
2843 3646 3054 3717 mam)
3102 3644 3169 3699 de
3212 3640 3353 3697 collo
3401 3634 3649 3691 Ieremia:

2067 3769 2085 3801 ι
2122 3727 2417 3821 prophette,
2472 3753 2527 3799 et
2580 3732 2849 3811 confregit
2893 3732 3035 3795 eam.
3082 3736 3149 3789 Et
3180 3733 3256 3787 ait
3277 3729 3547 3793 Ananias,
3591 3727 3648 3780 in

2040 3830 2085 3890 ἰ
2124 3819 2413 3908 conspectu
2457 3834 2634 3889 omnis
2658 3832 2841 3903 pOpuli
2868 3831 3053 3886 dicens
3083 3845 3095 3881 :
3129 3825 3257 3881 Haec
3294 3821 3425 3879 dicit
3467 3819 3651 3875 Domi-

2070 3950 2089 3982 ι
2128 3945 2229 3985 nus
2262 3946 2273 3981 :
2308 3927 2400 3982 Sic
2421 3924 2755 3995 confringam
2771 3922 2960 3994 jugum
2985 3915 3485 3973 Nabuchodonosor
3507 3909 3651 3981 regis

2071 4037 2089 4070 ι
2124 4017 2417 4090 Babylonis
2466 4016 2675 4072 duobus
2704 4013 2858 4068 anuis
2885 4011 3093 4066 dierum
3120 4007 3187 4061 de
3215 4004 3354 4060 collo
3405 4000 3675 4059 omnium,

2071 4129 2089 4161 ι
2130 4110 2371 4180 gentium
2402 4124 2416 4160 :
2460 4114 2515 4161 et
2539 4105 2672 4159 abiit
2716 4101 2979 4158 Jeremias
3004 4098 3061 4153 in
3080 4096 3224 4151 viam
3246 4108 3421 4150 suam.
3453 4111 3474 4144 ι
3503 4090 3653 4144 Duos

2066 4174 2233 4255 annos
2251 4214 2355 4253 non
2370 4192 2696 4253 transtulere
2712 4191 3087 4269 Septuaginta,
3112 4187 3417 4259 prophetam
3439 4174 3655 4252 quoque

2068 4307 2174 4346 non
2198 4289 2383 4345 dixere
2401 4284 2691 4349 Ananiam,
2709 4299 2777 4339 ne
2791 4282 3000 4338 scilicet
3012 4277 3331 4351 prophetam
3342 4271 3657 4329 viderentur

2068 4388 2274 4454 dicere,
2305 4385 2397 4458 qui
2448 4386 2712 4457 prepheta
2742 4396 2850 4436 non
2881 4385 3028 4443 erat;
3071 4373 3227 4446 quasi
3257 4386 3366 4428 non
3406 4368 3574 4424 multa
3601 4366 3658 4421 in

2072 4481 2367 4553 Scripturis
2415 4478 2615 4533 sanctis
2663 4476 2932 4538 dicantur,
2967 4471 3123 4542 juxta
3169 4465 3480 4538 opinionem
3509 4459 3653 4553 illius

2075 4545 2331 4643 temporis
2378 4586 2485 4640 quo
2524 4575 2675 4643 gesta
2706 4564 3034 4626 referuntur,
3063 4566 3117 4612 et
3162 4571 3271 4611 non
3310 4553 3464 4622 juxta
3510 4545 3658 4618 quod

1995 4636 2049 4697 D
2078 4663 2153 4717 rei
2183 4636 2746 4717 veritas—continebat.
2774 4654 3015 4721 Denique
3042 4657 3095 4703 et
3118 4646 3317 4715 Ioseph
3342 4643 3397 4696 in
3420 4641 3660 4708 Evange-

2076 4758 2148 4812 lio
2171 4762 2322 4825 pater
2346 4751 2558 4806 Domini
2582 4757 2821 4809 vocatur,
2855 4754 2909 4799 et
2934 4745 3047 4813 ipsa
3082 4740 3273 4802 Maria,
3305 4749 3426 4804 quae
3448 4730 3658 4787 sciebat

2078 4862 2135 4902 se
2158 4846 2223 4900 de
2260 4841 2463 4914 Spiritu
2492 4847 2684 4895 sancto
2709 4835 3041 4904 concepisse,
3085 4838 3141 4884 et
3168 4823 3522 4897 responderat
3564 4836 3660 4875 an-

2078 4918 2227 5013 gelo:
2258 4957 2275 4989 ‹
2302 4911 2584 5005 Quomodo
2605 4932 2710 4987 erit
2735 4928 2899 4993 istud,
2916 4927 3043 4997 quia
3066 4924 3241 4978 virum
3256 4934 3364 4974 non
3391 4911 3656 4987 cognovi?

2077 5004 2227 5102 (Luc.
2257 5027 2296 5098 ι)
2330 5004 2347 5080 ι
2390 5024 2705 5097 loquiturad
2730 5020 2897 5074 [ilium
2924 5036 2935 5071 ε
2960 5036 2977 5068 ι
3004 5015 3123 5077 Fili,
3148 5011 3275 5085 quid
3301 5007 3475 5064 fecisti
3498 5004 3657 5061 nobis

2077 5122 2154 5181 sic
2178 5123 2201 5175 ?
2234 5135 2359 5176 ecce
2387 5133 2486 5189 ego
2508 5125 2562 5169 et
2584 5122 2739 5185 pater
2768 5121 2894 5167 tuus
2919 5109 3160 5165 dolentes
3194 5102 3571 5179 quaerebamus
3604 5106 3658 5151 te

2078 5206 2228 5286 (Luc.
2248 5209 2655 5282 11).»Silnulque
2675 5199 3066 5261 consideranda
3081 5195 3365 5268 prudentia
3382 5190 3657 5255 Ieremiae,

2078 5282 2131 5361 et
2157 5303 2433 5359 humilitas
2474 5309 2635 5369 atque
2666 5295 2944 5369 patientia.
2982 5288 3456 5360 Pseudopropheta
3498 5282 3664 5339 rebus

2077 5380 2208 5454 l‘acit
2246 5395 2530 5469 iniuriam,
2573 5400 2627 5446 et
2671 5395 2942 5458 arreptam
2970 5385 3176 5469 furcam
3202 5380 3269 5437 de
3301 5378 3512 5435 cervice
3540 5373 3659 5446 ejus

2080 5460 2332 5555 conterit,
2363 5460 2717 5558 quodutique
2739 5482 2793 5536 in
2828 5479 3003 5534 ferrea
3034 5460 3216 5532 facere
3257 5487 3362 5527 non
3388 5476 3601 5539 poterat
3647 5486 3661 5523 :

2082 5584 2184 5640 iste
2212 5589 2384 5649 tacet,
2429 5566 2776 5646 doloremque
2817 5571 3138 5629 dissimulat.
3184 5566 3421 5623 Necdum
3457 5563 3600 5625 enim
3634 5576 3664 5614 a

2085 5676 2313 5735 Domino
2341 5674 2469 5747 quid
2509 5652 2823 5751 loqueretur
2846 5652 3024 5723 fuerat
3064 5662 3381 5725 revelatum,
3410 5666 3471 5712 ut
3500 5652 3668 5710 tacite

2088 5779 2275 5830 sancta
2294 5747 2933 5841 Scriptura'demonstret
2963 5778 2977 5814 :
3006 5766 3346 5827 nequaquam
3372 5747 3667 5819 prophetas

412 5840 783 5952 contristatur,
804 5840 973 5959 «(dare
988 5840 1245 5964 mentitus
1257 5840 1988 5957 etarguituraDomino,
2092 5882 2190 5929 suo
2235 5840 2443 5925 tantum
2476 5858 2702 5918 arbitrio
2743 5854 2923 5931 loqui,
2971 5851 3067 5910 sed
3105 5861 3173 5905 ex
3205 5840 3302 5900 Dei
3329 5841 3605 5899 voluntate
3646 5852 3666 5898 ι
