4044 6326
425 315 565 373 1015

1056 317 1118 371 Β.
1158 313 1414 370 RABANI
1453 312 1675 372 MAURI
1711 314 2030 373 ARCHIEP.
2073 315 2386 376 MOGUNT.
2425 319 2715 379 OPERUM
2753 321 2934 413 PARS
2969 320 3060 415 III.

3562 328 3707 384 NIG

423 433 659 495 maxime
712 423 781 489 de
808 433 1024 500 futuris,
1059 448 1289 504 quorum
1319 432 1486 488 solius
1521 431 1619 488 Dei
1663 435 1859 489 notitia
1903 440 2007 488 est.
2037 435 2091 496 Α
2113 433 2355 502 Anania,
2387 452 2495 492 non
2528 439 2673 495 misit
2699 448 2753 496 te
2778 439 3076 508 Dominus,
3107 458 3130 494 ι
3163 445 3486 513 prophetam
3521 454 3708 503 tacue-

421 522 589 589 Abiit,
618 523 812 595 inquit,
836 531 892 579 et
912 523 1140 579 recessit
1165 523 1221 578 in
1248 523 1395 577 viam
1421 538 1596 589 suam,
1621 523 1778 594 quasi
1805 522 2012 588 victus,

421 625 477 672 et
503 615 633 672 illud
655 615 884 688 implens
912 615 1340 688 propheticum:
1387 635 1405 666 ‹
1450 615 1648 671 Factus
1693 631 1813 670 sum
1858 614 2015 685 quasi

421 711 584 767 homo
615 726 723 766 non
752 709 1010 774 audiens,
1060 723 1162 764 nec
1201 707 1407 764 habens
1431 709 1485 763 in
1511 723 1609 764 ore
1636 723 1734 764 suo
1763 707 2014 779 increpa-

421 800 598 856 tiones
629 798 803 872 (Psal.
832 797 1024 868 xxvii).
1059 818 1084 850 θ

497 909 516 941 ι
547 890 614 945 Et
644 890 846 947 factum
867 898 951 945 est
971 889 1194 945 verbum
1210 887 1422 944 Domini
1445 887 1511 942 ad
1532 886 1845 954 Ieremiam,
1867 895 2016 958 post-

373 1030 379 1036 .
429 998 449 1034 ι
494 998 658 1054 quam
716 981 983 1053 confregit
1027 980 1264 1036 Ananias
1313 981 1579 1050 propheta
1630 988 1876 1034 catenam
1913 979 2014 1050 (vel

426 1092 443 1125 ι
491 1071 723 1144 furcam)
747 1074 812 1128 de
840 1073 978 1127 collo
996 1070 1246 1127 Ieremia:
1274 1071 1572 1142 propheta,
1603 1070 1790 1125 dicens
1819 1088 1831 1123 :
1864 1069 2013 1126 Vade

423 1183 442 1215 ε
487 1173 542 1219 et
586 1165 736 1219 dices
782 1163 1043 1218 Ananim:
1087 1161 1214 1217 Haec
1247 1161 1379 1216 dicit
1419 1160 1714 1216 Dominus:
1752 1159 2010 1216 Catenam

423 1272 442 1306 σ
490 1253 589 1326 (vel
613 1253 840 1325 furcam)
875 1255 1107 1326 ligneam
1139 1253 1466 1318 contrivisti,
1493 1260 1548 1307 et
1579 1252 1744 1307 facies
1775 1252 1901 1323 (sive
1932 1253 2012 1305 fa-

407 1367 440 1415 ,‹
484 1348 644 1419 ciam)
674 1363 771 1419 pro
800 1349 879 1404 eis
907 1346 1089 1404 furcas
1119 1348 1345 1412 ferreas,
1371 1345 1500 1415 quia
1530 1345 1646 1400 haec
1671 1344 1804 1400 dicit
1827 1343 2010 1399 Domi-

418 1461 437 1492 ι
484 1456 586 1496 nus
610 1441 950 1496 exercituum
988 1440 1132 1495 Deus
1166 1437 1371 1494 Israel:
1403 1436 1600 1508 Iugum
1638 1436 1877 1491 ferreum
1912 1450 2010 1505 po-

417 1549 436 1583 t
484 1533 564 1588 sui
599 1548 762 1604 super
789 1533 987 1588 collum
1017 1540 1335 1588 cunctarum
1368 1530 1611 1602 gentium
1650 1530 1913 1593 istarum,
1947 1537 2009 1583 ut

419 1642 439 1675 ι
486 1625 726 1680 serviant
753 1624 1248 1680 Nabuchodonosor
1277 1624 1388 1695 regi
1419 1623 1726 1694 Babylonis.
1767 1642 1785 1676 ι
1825 1621 2005 1689 Quod-

409 1730 516 1786 que
544 1716 791 1785 sequitur
813 1729 832 1766 :
865 1733 885 1766 ‹
918 1723 974 1770 et
999 1715 1238 1770 servient
1265 1715 1336 1780 ei,
1366 1715 1584 1784 insuper
1613 1713 1816 1768 bestias
1843 1721 2002 1769 terrae

2120 523 2208 577 rit.
2253 523 2533 591 Quomodo
2583 528 2729 583 enim
2779 531 3096 600 prophetam
3138 538 3351 600 poterat
3393 535 3702 604 appellare,

2103 631 2278 692 quem
2322 619 2545 674 missum
2595 635 2627 674 a
2679 620 2908 676 Domino
2952 621 3284 693 denegabat?
3312 623 3419 680 Sed
3461 626 3707 682 historiae

2114 710 2318 766 veritas
2354 721 2411 767 et
2445 712 2581 768 ordo
2624 721 2892 779 servatur,
2925 713 3066 768 sicut
3093 729 3257 784 supra
3287 716 3553 782 diximus,
3594 735 3705 774 non

2106 799 2261 870 juxta
2303 803 2355 858 id
2397 805 2540 874 quod
2565 813 2712 867 erat,
2745 805 2838 860 sed
2875 805 3031 876 juxta
3075 805 3130 860 id
3154 807 3298 874 quod
3339 806 3429 861 illo
3461 815 3709 877 tempore

2112 895 2422 965 putabatur.
2451 897 2740 968 Decepisti,
2774 898 2968 966 inquit,
2997 898 3254 968 populum
3281 900 3566 956 mendacio
3584 941 3600 967 ,
3630 917 3704 956 ne

2115 987 2210 1042 Dei
2246 989 2528 1045 sententiae
2558 991 2950 1060 acquiesceret,
2974 991 3116 1045 unde
3151 991 3291 1045 scias
3330 999 3383 1047 te
3418 992 3521 1047 hoc
3559 1006 3705 1046 anno

2111 1093 2234 1134 esse
2264 1081 2612 1135 moriturum.
2645 1079 2700 1136 Si
2729 1081 2949 1151 quando
2987 1081 3253 1136 morimur
3279 1081 3347 1136 de
3386 1083 3708 1140 carceribus

2111 1185 2400 1241 corporum
2427 1171 2742 1238 liberamur,
2776 1173 3073 1228 secundum
3115 1172 3247 1226 illud
3291 1173 3703 1242 testimonium,

2110 1262 2254 1332 quod
2278 1261 2418 1318 male
2438 1263 2864 1332 interpretantur
2881 1263 3122 1318 haeretici
3143 1281 3154 1316 :
3178 1283 3196 1315 ι
3220 1263 3369 1322 Educ
3397 1265 3464 1319 de
3483 1281 3704 1322 carcere

2109 1353 2346 1408 animam
2367 1369 2544 1410 meam
2569 1354 2743 1427 (Psal.
2770 1356 2937 1423 (πίω),
2967 1376 2984 1409 ι
3007 1357 3278 1426 quomodo
3299 1372 3444 1412 nunc
3463 1359 3700 1428 pseudo-

2108 1443 2382 1513 prophetae
2405 1461 2504 1515 pro
2520 1445 2784 1516 supplicio
2800 1462 2944 1501 mors
2968 1447 3274 1514 irrogatur?
3289 1445 3396 1502 Sed
3418 1457 3476 1503 et
3495 1449 3599 1504 hoc
3622 1449 3703 1504 lo-

2107 1549 2172 1588 co
2194 1534 2488 1588 notandum
2520 1535 2664 1604 quod
2684 1534 2948 1591 Ieremias
2967 1552 2998 1590 a
3015 1537 3486 1607 pseudoprophcta
3509 1555 3704 1609 passus

2075 1691 2082 1700 ι
2107 1623 2382 1692 injuriam,
2404 1625 2636 1680 necdum
2662 1627 2728 1682 ad
2773 1643 2830 1683 se
2856 1627 3000 1682 facto
3025 1643 3278 1684 sermone
3302 1629 3517 1685 Domini
3545 1631 3692 1695 silet,

2103 1726 2293 1786 postea
2325 1733 2452 1773 vero
2473 1719 2673 1774 missus
2703 1736 2734 1773 a
2776 1720 3005 1776 Domino
3035 1721 3294 1776 audacter
3323 1723 3499 1792 arguit
3541 1740 3701 1779 men-

410 1803 533 1860 dedi
559 1805 655 1870 illi,
685 1824 702 1854 ι
729 1805 782 1860 ἱη
806 1803 1159 1876 Septuaginta
1183 1820 1290 1859 non
1317 1805 1568 1870 habetur,
1591 1814 1647 1860 et
1671 1806 1724 1859 in
1747 1806 2001 1876 praesenti
2030 1803 2078 1862 B
2107 1808 2326 1864 tientem
2357 1850 2370 1875 ,
2410 1819 2465 1864 et
2503 1820 2734 1866 mortem
2776 1812 3133 1882 propinquam
3163 1813 3397 1867 nuntiat.
3435 1814 3703 1884 Quodque

409 1896 527 1952 loco
546 1897 700 1966 juxta
721 1896 865 1951 LXX
889 1896 1130 1952 Ananias
1149 1897 1410 1968 pr0pheta
1432 1886 1540 1952 non
1563 1897 1836 1962 scribitur,
1869 1906 1924 1953 et
1945 1898 2000 1952 in

383 1977 888 2057 consequentibus,
917 2004 985 2044 ne
1015 1988 1241 2054 scilicet,
1269 1989 1492 2058 utprius
1505 1987 1639 2054 dixi,
1666 1989 2002 2058 pseudopro-

407 2079 628 2149 phetam
657 2079 928 2151 appellare
950 2079 1265 2135 viderentur
1284 2081 1624 2152 prophetam.
1643 2079 1751 2135 Sed
1782 2079 2000 2150 quid'ad

403 2171 728 2232 chraicam
755 2173 1082 2230 veritatem?
1108 2173 1402 2244 Postquam
1426 2174 1561 2230 abiit
1583 2173 1850 2230 Ieremias
1869 2191 1998 2246 pro-

406 2266 567 2336 pheta
598 2266 651 2321 in
677 2267 823 2324 viam
855 2285 1008 2323 suam
1031 2307 1044 2333 ,
1067 2276 1123 2323 et
1152 2267 1406 2337 injuriam
1439 2270 1656 2324 silentio
1687 2270 1998 2336 devoravit,

405 2358 584 2424 factus
610 2367 694 2414 est
714 2375 895 2414 sermo
915 2360 1130 2415 Domini
1170 2362 1237 2415 ad
1274 2376 1416 2424 eum,
1450 2369 1510 2414 ut
1537 2376 1648 2416 non
1681 2361 1793 2416 suis
1821 2361 2002 2417 verbis

408 2449 671 2518 propheta
707 2449 1020 2520 loqueretur
1055 2450 1120 2504 ad
1147 2450 1674 2521 pseudoprophetam
1721 2451 2002 2505 mendacio

409 2543 754 2614 gloriantem,
772 2545 864 2601 sed
881 2545 1115 2601 diceret:
1140 2563 1158 2597 ‹
1181 2545 1308 2600 Ilaec
1328 2545 1461 2600 dicit
1475 2544 1756 2599 Dominus.
1781 2563 1798 2593 »
1818 2543 2000 2610 Quan-

405 2649 569 2703 quam
584 2643 638 2689 et
659 2635 1265 2708 Ananiaszconfringens
1286 2637 1497 2692 furcam
1511 2636 1748 2707 ligneam
1767 2677 1782 2702 ,
1808 2638 2000 2692 eadem

404 2727 726 2783 auctoritate
768 2728 824 2782 in
868 2736 1160 2799 conspectu
1198 2729 1408 2784 Domini
1443 2728 1514 2782 sit
1549 2727 1782 2792 locutus,
1813 2745 1832 2778 ‹
1882 2728 2000 2783 haec

402 2818 848 2892 dicitjDominus.
896 2840 914 2873 ι
953 2820 1202 2876 Imitatur
1233 2823 1378 2876 enim
1410 2835 1624 2890 semper
1655 2819 1996 2877 mendacium

403 2911 710 2964 veritatem.
740 2911 1002 2982 Quodque
1031 2913 1210 2968 intulit
1243 2933 1254 2968 :
1288 2933 1306 2964 ‹
1333 2914 1536 2969 Furcas
1569 2913 1775 2984 ligneas
1795 2914 1996 2968 contri-

401 3001 552 3066 visti,
581 3011 635 3056 et
661 3002 827 3058 facies
852 3003 981 3076 (sive
1005 3004 1204 3076 fecisti)
1234 3021 1333 3076 pro
1361 3007 1441 3062 eis
1465 3015 1689 3061 catenas
1716 3006 1946 3072 ferreas,
1971 3027 1990 3060 ι

403 3093 508 3148 hoc
536 3094 773 3149 ostendit
799 3097 941 3165 quod
970 3097 1235 3152 minorem
1268 3112 1502 3153 renuens
1539 3112 1790 3167 poenam,
1821 3097 1993 3167 majo-

2103 1898 2159 1954 in
2183 1915 2368 1956 mense
2396 1903 2628 1972 septimo
2659 1911 2905 1958 mortuus
2934 1911 3037 1969 est,
3067 1905 3159 1972 qui
3186 1918 3400 1974 semper
3430 1905 3703 1976 interpre-

2104 1990 2207 2044 tari
2228 1991 2419 2055 solent,
2441 1993 2682 2062 requiem
2699 1993 2798 2048 sub
2817 1994 2919 2049 hoc
2940 2009 3164 2049 numero
3183 1993 3567 2061 demonstrari,
3585 1995 3701 2050 for-

2103 2084 2242 2138 sitan
2272 2099 2397 2140 eum
2429 2086 2633 2141 idcirco
2664 2102 2851 2142 mense
2876 2088 3105 2159 septimo
3129 2097 3403 2144 mortuum
3431 2090 3702 2144 mentien-

2104 2184 2210 2241 tur,
2243 2185 2303 2231 ut
2325 2177 2392 2232 de
2416 2177 2573 2234 malis
2597 2179 2844 2249 corporis
2864 2178 3205 2244 liberaretur,
3230 2177 3383 2247 juxta
3402 2179 3530 2234 illud
3554 2180 3700 2249 quod

2103 2267 2362 2337 scriptum
2383 2267 2686 2337 profertur:
2712 2287 2730 2319 ι
2760 2268 2905 2330 Mors
2923 2270 3040 2323 viro
3064 2268 3278 2338 requies
3302 2268 3492 2340 (Eccli.
3508 2267 3642 2339 xxi).
3671 2288 3692 2319 ι

2102 2361 2211 2416 Nos
2247 2372 2426 2415 autem
2456 2362 2705 2416 novimus
2727 2375 2957 2431 corpora
2985 2361 3324 2416 credentium
3350 2361 3548 2432 templa
3577 2375 3699 2420 esse

2105 2453 2219 2518 Dei,
2253 2453 2294 2508 si
2329 2462 2506 2508 tamen
2535 2452 2770 2524 Spiritus
2799 2461 3019 2508 sanctus
3043 2454 3248 2508 habitet
3275 2454 3328 2508 in
3356 2453 3480 2508 illis.

2675 2567 2907 2625 CAPUT
2941 2567 3137 2623 XXIX.

2103 2663 2361 2718 Jeremias
2400 2664 2558 2718 mittit
2602 2663 2795 2718 librum
2840 2663 2910 2716 ad
2973 2665 3518 2733 transmigrationem;
3583 2670 3696 2730 post

2173 2752 2339 2788 annos
2365 2737 2695 2806 septuaginta
2725 2734 3107 2798 visitabuntur;
3131 2744 3178 2787 et
3203 2743 3373 2788 monet
3401 2743 3457 2786 ut
3480 2741 3696 2787 caveant

2173 2806 2678 2876 pseudoprOphetas.

2176 2927 2195 2959 ‹
2242 2908 2309 2962 Et
2347 2909 2461 2964 haec
2505 2916 2632 2964 sunt
2671 2908 2837 2964 verba
2888 2907 3010 2964 libri
3058 2924 3219 2978 quem
3253 2907 3401 2962 misit
3427 2904 3697 2960 Ieremias

2105 3017 2124 3051 ι
2165 3001 2428 3071 propheta
2481 3001 2548 3056 de
2597 2999 2934 3055 Hierusalem
2987 3000 3055 3055 ad
3101 2999 3361 3069 reliquias
3413 2997 3693 3052 seniorum

2103 3107 2124 3140 ι
2171 3089 2692 3158 transmigrationis,
2731 3099 2787 3146 et
2813 3091 2879 3146 ad
2912 3092 3248 3156 sacerdotes,
3278 3098 3333 3146 et
3358 3089 3425 3143 ad
3455 3087 3694 3159 prophe-

401 3179 481 3234 ris
511 3180 757 3250 supplicii
793 3196 959 3237 causa
989 3181 1152 3238 fuerit
1189 3184 1246 3238 in
1297 3184 1513 3254 populo.
1545 3184 1749 3239 Delirat
1793 3185 1847 3240 in
1893 3186 1997 3241 hoc
2023 3176 2068 3241 C
2106 3199 2126 3233 t
2169 3189 2285 3246 tas,
2335 3189 2391 3236 et
2437 3182 2506 3236 ad
2534 3197 2749 3238 omnem
2796 3183 3053 3253 populum
3098 3197 3258 3254 quem
3311 3181 3697 3236 transduxerat

403 3270 526 3326 loco
555 3271 877 3343 allegoricus
905 3273 1209 3345 interpres,
1240 3273 1424 3330 furcas
1451 3283 1505 3330 et
1537 3283 1760 3331 catenas
1792 3274 1998 3347 ligneas

402 3363 637 3418 aetherea
663 3363 960 3435 appellans,
983 3374 1041 3420 et
1063 3381 1222 3422 aerea
1245 3381 1500 3438 corpora,
1518 3367 1824 3422 daemonum
1848 3368 1998 3424 vide-

404 3449 532 3507 licet
570 3461 627 3508 et
665 3454 1104 3510 adversariarum
1145 3464 1498 3526 potestatum.
1529 3456 1739 3514 Furcas
1776 3465 1992 3527 autem,

407 3544 521 3599 sive
566 3552 786 3600 catenas
815 3544 1053 3612 ferreas,
1082 3554 1266 3603 nostra
1291 3562 1518 3618 corpora
1545 3548 1845 3613 crassiora,
1876 3564 1996 3619 quae

405 3636 590 3690 nervis
619 3644 674 3690 et
703 3637 939 3703 ossibus,
967 3638 1242 3704 carnibus,
1276 3639 1540 3708 venisque
1566 3647 1824 3694 contexta
1847 3639 1988 3695 sint:

387 3733 466 3778 ut
489 3725 582 3794 qui
612 3723 884 3780 noluerint
914 3725 980 3781 de
1005 3725 1214 3781 caelesti
1243 3728 1581 3802 Hierusalem
1608 3745 1707 3798 pro
1732 3729 1995 3798 qualitate

405 3816 616 3886 peccati
645 3817 883 3872 minores
912 3817 1098 3874 subire
1120 3819 1418 3884 cruciatus,
1442 3820 1497 3874 in
1526 3830 1748 3876 catenas
1780 3828 1996 3877 nostro—

402 3924 526 3964 rum
557 3925 845 3979 corporum
899 3910 1348 3975 condemnentur,
1387 3920 1441 3965 et
1491 3911 1731 3966 infantiae
1776 3913 1992 3983 vagitus

403 4015 706 4070 pannorum
737 4001 950 4060 vincula
973 4003 1268 4072 sordesque
1297 4002 1632 4066 sustineant,
1667 4011 1724 4058 et
1750 4004 1993 4060 serviant

405 4091 620 4147 diabolo
642 4091 757 4161 regi
784 4093 1097 4163 Babylonis,
1122 4091 1174 4148 id
1197 4101 1311 4158 est,
1342 4093 1528 4148 mundi
1555 4093 1715 4164 hujus
1732 4135 1747 4159 ,
1777 4094 1992 4150 dicente

410 4182 689 4254 Scriptura
719 4201 732 4236 :
772 4203 788 4235 ι
823 4183 1052 4238 Mundus
1089 4184 1144 4238 in
1169 4184 1404 4254 maligno
1418 4184 1628 4254 positus
1647 4193 1731 4240 est
1751 4184 1802 4256 (I
1828 4185 1990 4240 Ioan.

402 4281 456 4350 v)
492 4301 510 4332 ι
542 4295 664 4334 cum
699 4279 888 4333 bestiis
911 4289 1088 4343 terrai,
1113 4295 1233 4349 qua:
1257 4280 1309 4332 in
1331 4279 1611 4334 brutorum
1637 4278 1993 4334 animantium

406 4372 516 4426 sint
544 4385 768 4440 corpora
810 4371 1059 4441 religata.
1099 4370 1372 4439 Compulit
1407 4385 1494 4425 me
1542 4376 1806 4424 tractator
1835 4369 1990 4424 indo-

404 4472 544 4527 ctus,
573 4470 628 4517 et
654 4471 891 4518 sectator
921 4463 1207 4518 calumniae
1232 4462 1562 4518 Grunniana:
1577 4471 1762 4533 aperte
1786 4477 1990 4532 ponere

401 4556 576 4612 aliena
597 4557 751 4621 vitia,
778 4571 897 4627 qum
920 4558 1070 4627 prius
1101 4572 1224 4612 cum
1254 4555 1681 4612 dissimulatione
1719 4555 1987 4620 dicebam,

402 4649 619 4704 lectoris
643 4648 942 4719 prudentia:
965 4649 1362 4716 derelinquens.

478 4760 496 4792 ‹
540 4740 607 4796 Et
632 4741 770 4796 dixit
795 4738 1060 4796 Ieremias
1084 4741 1349 4811 propheta
1377 4739 1445 4794 ad
1466 4739 1734 4794 Ananiam
1753 4740 1987 4808 prophe-

409 4850 427 4882 ι
476 4842 584 4886 tam
611 4850 623 4884 :
655 4831 818 4896 Audi,
844 4830 1054 4885 Anania
1080 4848 1092 4883 :
1125 4830 1241 4886 Non
1277 4830 1427 4886 misit
1456 4837 1506 4884 te
1538 4829 1818 4894 Dominus,
1842 4839 1897 4885 et
1926 4837 1985 4885 tu

407 4943 425 4974 ι
471 4922 743 4977 confidere
773 4920 949 4976 fecisti
987 4921 1240 4992 populum
1271 4922 1434 4976 istum
1466 4921 1520 4975 in
1558 4921 1872 4985 mendacio,
1905 4921 1986 4975 id-

409 5032 428 5063 ι
476 5013 624 5067 circo
658 5012 774 5067 haec
799 5011 931 5067 dicit
958 5012 1219 5067 Dominus
1248 5029 1260 5065 :
1293 5012 1434 5067 Ecce
1467 5012 1676 5066 mittam
1718 5011 1842 5083 (sive
1889 5011 1986 5082 eji-

409 5118 428 5152 ‹
475 5100 638 5170 ciam)
659 5108 712 5154 te
738 5116 769 5156 a
800 5100 938 5156 facie
966 5111 1143 5165 terrm,
1174 5101 1273 5155 hoc
1304 5115 1445 5154 anno
1467 5100 1734 5154 morieris.
1760 5119 1778 5151 ›
1807 5099 1989 5165 Quod-

404 5206 508 5261 que
542 5189 803 5260 sequitur,
839 5209 858 5242 ‹
899 5191 1024 5260 quia
1045 5190 1329 5245 adversum
1356 5190 1644 5245 Dominum
1674 5189 1886 5244 locutus
1904 5204 1985 5244 es.

405 5283 472 5338 Et
507 5293 751 5338 mortuus
781 5292 866 5338 est
893 5283 1133 5338 Ananias
1155 5284 1418 5354 propheta
1443 5284 1496 5338 in
1521 5299 1664 5338 anno
1691 5283 1800 5347 illo,
1834 5299 1985 5339 men-

403 5388 462 5429 se
492 5373 738 5444 septimo,
783 5393 802 5426 ›
843 5375 896 5429 in
927 5373 1072 5428 LXX
1099 5389 1205 5429 non
1235 5375 1483 5430 habetur.
1507 5375 1613 5431 Pro
1645 5391 1754 5445 quo
1778 5384 1986 5431 tantum

404 5475 720 5538 posuerunt,
755 5485 774 5517 ι
812 5474 866 5520 et
888 5475 1137 5520 mortuus
1158 5476 1242 5520 est
1266 5449 1452 5521 mense
1480 5465 1733 5536 septimo,
1771 5485 1790 5517 ι
1822 5475 1878 5521 et
1897 5467 1984 5521 hic

405 5555 460 5610 in
495 5555 638 5610 LXX
666 5557 907 5611 Ananiae
933 5556 1194 5627 propheta
1229 5573 1334 5612 non
1366 5557 1595 5624 dicitur,
1632 5574 1757 5614 cum
1801 5573 1990 5614 secun-

407 5649 532 5701 dum
563 5647 883 5702 chraicum
907 5646 1188 5715 Scriptura
1223 5657 1412 5704 sancta
1439 5651 1760 5719 prophetam
1797 5658 1984 5716 vocet,

405 5737 532 5794 licet
557 5739 610 5793 in
641 5754 706 5792 eo
733 5736 876 5807 quod
904 5739 1081 5808 arguit
1104 5753 1227 5795 eum
1251 5737 1514 5797 Ieremias
1535 5742 1754 5799 dicens:
1785 5761 1804 5796 ε
1825 5743 1984 5808 Audi,

2105 3289 2124 3322 ι
2167 3270 2668 3328 Nabuchodonosor
2719 3273 2786 3328 de
2833 3273 3169 3335 Hierusalem
3222 3275 3278 3328 in
3323 3272 3693 3344 Babylonem,

2105 3379 2124 3413 ι
2169 3369 2456 3432 postquam
2484 3377 2737 3434 egressus
2765 3372 2848 3419 cst
2877 3359 3167 3420 Iechonias
3211 3381 3328 3431 rex,
3375 3374 3430 3421 et
3472 3364 3694 3420 domina

2103 3471 2124 3504 ι
2169 3453 2296 3522 (sive
2323 3452 2552 3525 regina),
2585 3461 2642 3508 et
2671 3455 2998 3522 eunuchi,et
3024 3455 3294 3526 principes
3315 3455 3466 3513 Iuda:
3490 3464 3543 3511 et
3562 3454 3697 3510 Hie-

2105 3561 2124 3594 σ
2171 3543 2405 3598 rusalem
2437 3544 2564 3615 (sive
2587 3545 2932 3618 optimates),
2979 3557 3035 3600 et
3067 3547 3305 3602 artiﬁces
3340 3547 3407 3601 de
3437 3546 3697 3601 Hierusa-

2104 3649 2122 3681 ‹
2166 3631 2271 3686 lem
2295 3673 2310 3696 ,
2343 3633 2396 3686 in
2425 3648 2588 3687 manu
2620 3634 2778 3689 Elasa
2807 3634 2900 3689 ﬁlii
2931 3634 3146 3702 Saphan
3169 3674 3183 3698 ,
3215 3643 3269 3688 et
3297 3632 3564 3690 Gamarize
3596 3636 3694 3691 ﬁlii

2101 3745 2120 3778 ι
2167 3725 2428 3791 Helchize,
2461 3741 2597 3796 quos
2623 3727 2770 3781 misit
2799 3724 3093 3782 Sedechias
3122 3741 3217 3781 rex
3243 3725 3382 3782 Iuda
3413 3728 3480 3783 ad
3510 3727 3694 3784 Nabu-

2103 3834 2122 3867 ι
2169 3817 2509 3872 chodonosor
2525 3832 2706 3889 regem
2723 3817 3010 3890 Babylonis
3036 3818 3089 3872 in
3104 3817 3454 3890 Babylonem,
3473 3818 3690 3875 dicens:

2102 3925 2121 3958 ς
2165 3906 2292 3962 Haec
2321 3908 2450 3963 dicit
2484 3907 2744 3962 Dominus
2771 3909 3128 3972 exercituum,
3154 3909 3297 3964 Deus
3325 3908 3512 3975 Israel,
3538 3910 3691 3964 omni

2100 4016 2119 4050 ε
2166 4001 2649 4071 transmigrationi,
2681 4015 2842 4070 quam
2869 4001 3144 4056 transtulit
3170 4003 3236 4058 de
3271 3989 3612 4058 Hierusalem
3637 4005 3693 4060 in

2099 4112 2118 4144 ι
2164 4092 2492 4163 Babylonem
2515 4091 2832 4147 :A‘Idiﬁcate
2852 4093 3061 4158 domos,
3085 4101 3138 4148 et
3166 4093 3433 4159 habitate,
3456 4101 3511 4147 et
3532 4093 3688 4163 plan-

2100 4200 2120 4234 ι
2169 4190 2278 4236 tate
2329 4181 2516 4237 hortos
2569 4183 2698 4254 (sive
2743 4182 3041 4255 pomaria),
3073 4191 3130 4237 et
3157 4183 3423 4238 comedite
3452 4182 3690 4237 fructum

2101 4294 2120 4324 ι
2166 4287 2374 4340 earum,
2407 4275 2637 4345 accipite
2665 4290 2894 4342 uxores,
2922 4285 2978 4332 et
3000 4285 3258 4347 generate
3287 4275 3427 4332 ﬁlios
3450 4286 3506 4332 et
3525 4276 3686 4342 ﬁlias,

2099 4387 2118 4419 ‹
2165 4368 2287 4422 date
2318 4366 2442 4422 ﬁliis
2470 4368 2670 4422 vestris
2696 4368 2917 4434 uxores,
2946 4376 3001 4422 et
3031 4368 3168 4425 ﬁlias
3196 4377 3407 4424 vestras
3447 4368 3570 4423 date
3601 4369 3686 4423 vi-

2099 4479 2117 4511 ‹
2164 4459 2259 4524 ris,
2288 4466 2346 4514 et
2381 4458 2597 4528 pariant
2623 4457 2762 4513 ﬁlios
2783 4466 2840 4513 et
2863 4457 3002 4514 ﬁlias
3033 4477 3044 4512 :
3073 4468 3127 4512 et
3166 4457 3597 4528 multiplicamini
3630 4466 3688 4513 et

2016 4535 2068 4594 D
2102 4567 2122 4601 ‹
2170 4549 2337 4606 nolite
2368 4564 2488 4605 esse
2517 4550 2675 4620 pauci
2704 4565 2952 4616 nmnero,
2980 4556 3035 4604 et
3062 4549 3286 4618 quaerite
3331 4563 3519 4619 pacem
3544 4548 3682 4604 civi-

2105 4661 2122 4695 ι
2166 4643 2292 4698 tatis
2318 4642 2444 4713 (sive
2476 4640 2655 4712 terrae)
2685 4641 2753 4696 ad
2779 4657 2942 4712 quam
2963 4639 3215 4696 transtuli
3243 4655 3360 4704 vos,
3388 4649 3443 4694 et
3462 4640 3684 4695 adorate

2101 4750 2122 4784 ι
2167 4749 2266 4804 pro
2297 4749 2362 4788 ea
2391 4731 2458 4787 ad
2486 4731 2773 4788 Dominum
2798 4773 2812 4798 ,
2842 4732 2967 4802 quia
2997 4732 3053 4786 in
3095 4746 3227 4802 pace
3265 4730 3408 4786 illius
3445 4731 3548 4785 erit
3577 4745 3682 4800 pax

2101 4841 2121 4875 ‹
2165 4823 2337 4879 vobis.
2382 4843 2401 4876 ι
2435 4821 2563 4878 Ηεθο
2601 4822 2850 4892 epistola,
2889 4823 2998 4877 imo
3030 4822 3244 4877 libellus
3269 4821 3520 4876 Ieremia:
3549 4835 3680 4889 pro-

2092 4916 2269 4988 phetae
2294 4955 2309 4980 ,
2341 4931 2437 4985 per
2466 4916 2674 4985 legatos
2719 4915 2996 4971 Sedechice
3036 4915 3248 4969 Elasam
3285 4922 3339 4968 et
3373 4913 3682 4968 Gamariam

2093 5009 2327 5064 mittitur
2353 5009 2403 5062 in
2433 5009 2758 5080 Babylonem
2809 5011 2878 5063 ad
2924 5025 3018 5065 cos
3061 5010 3152 5080 qui
3185 5024 3307 5065 cum
3339 5008 3596 5063 Icchonia
3629 5015 3684 5062 et

2092 5108 2269 5154 matre
2288 5091 2419 5168 ‘ejus
2463 5099 2705 5154 translati
2744 5099 2958 5155 fuerant
2996 5117 3028 5154 a
3057 5098 3581 5163 Nabuchodonosor,
3619 5107 3678 5151 ut

2091 5204 2188 5261 per
2215 5191 2559 5246 occasionem
2586 5191 2872 5263 legationis
2901 5192 3062 5263 regite
3091 5207 3245 5246 suum
3281 5206 3495 5261 quoque
3543 5205 3681 5258 opus

2090 5283 2352 5353 propheta
2385 5281 2711 5350 compleret,
2737 5290 2793 5336 et
2825 5291 3071 5337 moneret
3121 5280 3372 5352 populum
3420 5281 3679 5335 transmi-

2092 5381 2307 5445 gratum
2351 5389 2470 5443 qua:
2513 5373 2616 5428 sibi
2665 5388 2696 5428 a
2734 5374 2962 5429 Domino
2990 5375 3204 5428 fuerant
3244 5375 3528 5444 imperata.
3556 5372 3678 5426 Pul-

2091 5465 2329 5534 chreque
2355 5464 2527 5519 dixit:
2564 5483 2582 5515 ‹
2619 5464 2881 5535 Egressus
2911 5473 2994 5520 est
3019 5465 3308 5520 Iechonias
3338 5481 3454 5531 rex,
3489 5474 3543 5519 et
3575 5465 3676 5518 do-

2091 5555 2260 5620 mina,
2284 5563 2339 5608 et
2362 5554 2617 5620 eunuchi,
2648 5563 2704 5608 et
2727 5556 2998 5626 principes
3019 5554 3189 5620 Iudae,
3225 5576 3242 5606 ι
3269 5563 3320 5610 et
3347 5556 3549 5610 cancri.
3577 5555 3674 5609 Et:

2097 5668 2115 5700 ι
2163 5649 2287 5703 llaec
2314 5648 2443 5704 dicit
2465 5648 2723 5702 Dominus
2749 5647 3108 5713 exercituum,
3133 5647 3271 5702 Deus
3303 5647 3494 5711 Israel,
3525 5647 3676 5700 omni

2091 5739 2555 5811 transmigrationi
2602 5754 2765 5808 quam
2810 5737 3084 5795 transtulit
3127 5740 3191 5795 de
3241 5735 3577 5794 Hierusalem
3621 5737 3677 5792 in
