  <div class='ocr_page' id='page_1' title='image "/cluster/home/n/w/nwhite01/storage/ocr_20150623/111/hvd.32044009716333/517.png"; bbox 0 0 4044 6326; ppageno 0'>
   <div class='ocr_carea' id='block_1_1' title="bbox 409 353 562 448">
    <p class='ocr_par' dir='ltr' id='par_1_1' title="bbox 409 353 562 448">
     <span class='ocr_line' id='line_1_1' title="bbox 409 353 562 448; baseline 0 -16"><span class='ocrx_word' id='word_1_1' title='bbox 409 353 562 448; x_wconf 75' lang='lat' dir='ltr'><strong>tota</strong></span> 
     </span>
    </p>
   </div>
   <div class='ocr_carea' id='block_1_2' title="bbox 1043 351 1997 439">
    <p class='ocr_par' dir='ltr' id='par_1_2' title="bbox 1043 361 1997 428">
     <span class='ocr_line' id='line_1_2' title="bbox 1043 361 1997 428; baseline -0.012 -1"><span class='ocrx_word' id='word_1_2' title='bbox 1043 369 1104 428; x_wconf 86' lang='grc' dir='ltr'><strong>Β.</strong></span> <span class='ocrx_word' id='word_1_3' title='bbox 1140 363 1400 426; x_wconf 74' lang='lat' dir='ltr'><strong>RABANI</strong></span> <span class='ocrx_word' id='word_1_4' title='bbox 1433 363 1652 422; x_wconf 78' lang='lat' dir='ltr'><strong>MAUBI</strong></span> <span class='ocrx_word' id='word_1_5' title='bbox 1689 361 1997 422; x_wconf 73' lang='lat' dir='ltr'><strong>ARCHIEP.</strong></span> 
     </span>
    </p>
   </div>
   <div class='ocr_carea' id='block_1_3' title="bbox 2100 351 2988 439">
    <p class='ocr_par' dir='ltr' id='par_1_3' title="bbox 2100 351 2988 439">
     <span class='ocr_line' id='line_1_3' title="bbox 2100 351 2988 439; baseline -0.014 -21"><span class='ocrx_word' id='word_1_6' title='bbox 2100 355 2354 439; x_wconf 74' lang='lat' dir='ltr'><strong>occur.</strong></span> <span class='ocrx_word' id='word_1_7' title='bbox 2371 351 2657 429; x_wconf 71' lang='lat' dir='ltr'><strong>ornauit</strong></span> <span class='ocrx_word' id='word_1_8' title='bbox 2689 351 2871 411; x_wconf 67' lang='lat' dir='ltr'><strong>rans</strong></span> <span class='ocrx_word' id='word_1_9' title='bbox 2899 351 2988 408; x_wconf 89' lang='grc' dir='ltr'>ιιι.</span> 
     </span>
    </p>
   </div>
   <div class='ocr_carea' id='block_1_4' title="bbox 3541 355 3690 416">
    <p class='ocr_par' dir='ltr' id='par_1_4' title="bbox 3541 355 3690 416">
     <span class='ocr_line' id='line_1_4' title="bbox 3541 355 3690 416; baseline 0.027 -4"><span class='ocrx_word' id='word_1_10' title='bbox 3541 355 3690 416; x_wconf 66' lang='lat' dir='ltr'><strong>im</strong></span> 
     </span>
    </p>
   </div>
   <div class='ocr_carea' id='block_1_5' title="bbox 415 467 3684 556">
    <p class='ocr_par' dir='ltr' id='par_1_5' title="bbox 415 467 3684 556">
     <span class='ocr_line' id='line_1_5' title="bbox 415 467 3684 556; baseline -0.003 -15"><span class='ocrx_word' id='word_1_11' title='bbox 415 507 436 541; x_wconf 74' lang='grc' dir='ltr'><strong>ι</strong></span> <span class='ocrx_word' id='word_1_12' title='bbox 477 500 600 542; x_wconf 91' lang='lat' dir='ltr'><strong>cum</strong></span> <span class='ocrx_word' id='word_1_13' title='bbox 627 481 950 556; x_wconf 60' lang='lat' dir='ltr'><strong>quaesieritis</strong></span> <span class='ocrx_word' id='word_1_14' title='bbox 978 495 1067 538; x_wconf 92' lang='lat' dir='ltr'><strong>me</strong></span> <span class='ocrx_word' id='word_1_15' title='bbox 1095 481 1150 534; x_wconf 91' lang='lat' dir='ltr'><strong>in</strong></span> <span class='ocrx_word' id='word_1_16' title='bbox 1179 485 1295 535; x_wconf 88' lang='lat' dir='ltr'><strong>toto</strong></span> <span class='ocrx_word' id='word_1_17' title='bbox 1328 479 1492 534; x_wconf 88' lang='lat' dir='ltr'><strong>corde</strong></span> <span class='ocrx_word' id='word_1_18' title='bbox 1517 486 1720 542; x_wconf 88' lang='lat' dir='ltr'><strong>vestro,</strong></span> <span class='ocrx_word' id='word_1_19' title='bbox 1747 484 1805 532; x_wconf 86' lang='lat' dir='ltr'><strong>et</strong></span> <span class='ocrx_word' id='word_1_20' title='bbox 1833 477 1988 556; x_wconf 83' lang='lat' dir='ltr'><strong>inve-</strong></span> <span class='ocrx_word' id='word_1_21' title='bbox 2015 475 2071 538; x_wconf 70' lang='grc' dir='ltr'><strong>Α</strong></span> <span class='ocrx_word' id='word_1_22' title='bbox 2099 489 2120 524; x_wconf 77' lang='grc' dir='ltr'><strong>σ</strong></span> <span class='ocrx_word' id='word_1_23' title='bbox 2165 479 2304 537; x_wconf 89' lang='lat' dir='ltr'><strong>tens,</strong></span> <span class='ocrx_word' id='word_1_24' title='bbox 2327 478 2382 527; x_wconf 87' lang='lat' dir='ltr'><strong>et</strong></span> <span class='ocrx_word' id='word_1_25' title='bbox 2404 485 2510 529; x_wconf 91' lang='lat' dir='ltr'><strong>non</strong></span> <span class='ocrx_word' id='word_1_26' title='bbox 2533 467 2782 534; x_wconf 81' lang='lat' dir='ltr'><strong>audistis,</strong></span> <span class='ocrx_word' id='word_1_27' title='bbox 2804 467 2938 524; x_wconf 88' lang='lat' dir='ltr'><strong>dicit</strong></span> <span class='ocrx_word' id='word_1_28' title='bbox 2963 467 3242 526; x_wconf 77' lang='lat' dir='ltr'><strong>Dominus.</strong></span> <span class='ocrx_word' id='word_1_29' title='bbox 3267 467 3380 525; x_wconf 74' lang='lat' dir='ltr'><strong>Vos</strong></span> <span class='ocrx_word' id='word_1_30' title='bbox 3413 481 3548 541; x_wconf 67' lang='lat' dir='ltr'><strong>ergo</strong></span> <span class='ocrx_word' id='word_1_31' title='bbox 3577 485 3684 531; x_wconf 81' lang='lat' dir='ltr'><strong>alt-</strong></span> 
     </span>
    </p>
   </div>
   <div class='ocr_carea' id='block_1_6' title="bbox 415 553 1985 645">
    <p class='ocr_par' dir='ltr' id='par_1_6' title="bbox 415 553 1985 645">
     <span class='ocr_line' id='line_1_6' title="bbox 415 553 1985 645; baseline -0.009 -13"><span class='ocrx_word' id='word_1_32' title='bbox 415 597 436 632; x_wconf 74' lang='grc' dir='ltr'><strong>ι</strong></span> <span class='ocrx_word' id='word_1_33' title='bbox 483 553 659 634; x_wconf 75' lang='lat' dir='ltr'><strong>niar&#39;ti</strong></span> <span class='ocrx_word' id='word_1_34' title='bbox 677 573 832 631; x_wconf 83' lang='lat' dir='ltr'><strong>vobis</strong></span> <span class='ocrx_word' id='word_1_35' title='bbox 857 573 984 645; x_wconf 74' lang='lat' dir='ltr'><strong>(sive</strong></span> <span class='ocrx_word' id='word_1_36' title='bbox 1005 571 1276 643; x_wconf 81' lang='lat' dir='ltr'><strong>apparebo</strong></span> <span class='ocrx_word' id='word_1_37' title='bbox 1291 567 1492 640; x_wconf 82' lang='lat' dir='ltr'><strong>vobis),</strong></span> <span class='ocrx_word' id='word_1_38' title='bbox 1511 568 1643 624; x_wconf 91' lang='lat' dir='ltr'><strong>dicit</strong></span> <span class='ocrx_word' id='word_1_39' title='bbox 1663 553 1941 623; x_wconf 83' lang='lat' dir='ltr'><strong>Dominus.</strong></span> <span class='ocrx_word' id='word_1_40' title='bbox 1965 585 1985 618; x_wconf 73' lang='grc' dir='ltr'><strong>ι</strong></span> 
     </span>
    </p>
   </div>
   <div class='ocr_carea' id='block_1_7' title="bbox 409 649 1991 744">
    <p class='ocr_par' dir='ltr' id='par_1_7' title="bbox 409 649 1991 744">
     <span class='ocr_line' id='line_1_7' title="bbox 409 649 1991 744; baseline -0.008 -18"><span class='ocrx_word' id='word_1_41' title='bbox 409 669 606 736; x_wconf 80' lang='lat' dir='ltr'><strong>Nolite,</strong></span> <span class='ocrx_word' id='word_1_42' title='bbox 650 649 844 738; x_wconf 72' lang='lat' dir='ltr'><strong>inquit,</strong></span> <span class='ocrx_word' id='word_1_43' title='bbox 860 666 1094 744; x_wconf 79' lang='lat' dir='ltr'><strong>credere</strong></span> <span class='ocrx_word' id='word_1_44' title='bbox 1123 662 1640 744; x_wconf 82' lang='lat' dir='ltr'><strong>pseudoprophetis,</strong></span> <span class='ocrx_word' id='word_1_45' title='bbox 1689 650 1991 744; x_wconf 52' lang='lat' dir='ltr'><strong>divinis&#39;et</strong></span> 
     </span>
    </p>
   </div>
   <div class='ocr_carea' id='block_1_8' title="bbox 409 739 1992 836">
    <p class='ocr_par' dir='ltr' id='par_1_8' title="bbox 409 739 1992 836">
     <span class='ocr_line' id='line_1_8' title="bbox 409 739 1992 836; baseline -0.011 -17"><span class='ocrx_word' id='word_1_46' title='bbox 409 757 831 820; x_wconf 73' lang='lat' dir='ltr'><strong>somniatoribus</strong></span> <span class='ocrx_word' id='word_1_47' title='bbox 863 739 1079 836; x_wconf 78' lang='lat' dir='ltr'><strong>vestris,</strong></span> <span class='ocrx_word' id='word_1_48' title='bbox 1103 754 1194 824; x_wconf 70' lang='lat' dir='ltr'><strong>(iui</strong></span> <span class='ocrx_word' id='word_1_49' title='bbox 1220 739 1379 836; x_wconf 33' lang='lat' dir='ltr'><strong>vobis.</strong></span> <span class='ocrx_word' id='word_1_50' title='bbox 1400 753 1636 808; x_wconf 80' lang='lat' dir='ltr'><strong>vicinum</strong></span> <span class='ocrx_word' id='word_1_51' title='bbox 1653 750 1712 806; x_wconf 88' lang='lat' dir='ltr'><strong>in</strong></span> <span class='ocrx_word' id='word_1_52' title='bbox 1733 739 1992 836; x_wconf 64' lang='lat' dir='ltr'><strong>Hierusal-</strong></span> 
     </span>
    </p>
   </div>
   <div class='ocr_carea' id='block_1_9' title="bbox 408 829 1988 920">
    <p class='ocr_par' dir='ltr' id='par_1_9' title="bbox 408 829 1988 920">
     <span class='ocr_line' id='line_1_9' title="bbox 408 829 1988 920; baseline -0.008 -10"><span class='ocrx_word' id='word_1_53' title='bbox 408 851 515 911; x_wconf 86' lang='lat' dir='ltr'><strong>lem</strong></span> <span class='ocrx_word' id='word_1_54' title='bbox 546 848 779 910; x_wconf 84' lang='lat' dir='ltr'><strong>reditum</strong></span> <span class='ocrx_word' id='word_1_55' title='bbox 815 829 1140 920; x_wconf 76' lang='lat' dir='ltr'><strong>pollicentur</strong></span> <span class='ocrx_word' id='word_1_56' title='bbox 1163 861 1178 900; x_wconf 72' lang='grc' dir='ltr'><strong>ε</strong></span> <span class='ocrx_word' id='word_1_57' title='bbox 1204 829 1306 901; x_wconf 82' lang='lat' dir='ltr'><strong>nisi</strong></span> <span class='ocrx_word' id='word_1_58' title='bbox 1333 845 1476 901; x_wconf 91' lang='lat' dir='ltr'><strong>enim</strong></span> <span class='ocrx_word' id='word_1_59' title='bbox 1499 829 1988 920; x_wconf 41' lang='lat' dir='ltr'><strong>septuaginta&#39;anni</strong></span> 
     </span>
    </p>
   </div>
   <div class='ocr_carea' id='block_1_10' title="bbox 409 915 1990 1022">
    <p class='ocr_par' dir='ltr' id='par_1_10' title="bbox 409 915 1990 1022">
     <span class='ocr_line' id='line_1_10' title="bbox 409 915 1990 1022; baseline -0.006 -22"><span class='ocrx_word' id='word_1_60' title='bbox 409 915 870 1022; x_wconf 35' lang='lat' dir='ltr'><strong>eiplétihfuerint,</strong></span> <span class='ocrx_word' id='word_1_61' title='bbox 902 939 1044 1011; x_wconf 86' lang='lat' dir='ltr'><strong>Cyro</strong></span> <span class='ocrx_word' id='word_1_62' title='bbox 1087 918 1212 1009; x_wconf 74' lang='lat' dir='ltr'><strong>rege</strong></span> <span class='ocrx_word' id='word_1_63' title='bbox 1247 935 1543 991; x_wconf 83' lang='lat' dir='ltr'><strong>Persarum</strong></span> <span class='ocrx_word' id='word_1_64' title='bbox 1566 915 1704 990; x_wconf 86' lang='lat' dir='ltr'><strong>ante</strong></span> <span class='ocrx_word' id='word_1_65' title='bbox 1746 915 1990 1005; x_wconf 58' lang='lat' dir='ltr'><strong>captivos</strong></span> 
     </span>
    </p>
   </div>
   <div class='ocr_carea' id='block_1_11' title="bbox 407 1023 1992 1114">
    <p class='ocr_par' dir='ltr' id='par_1_11' title="bbox 407 1023 1992 1114">
     <span class='ocr_line' id='line_1_11' title="bbox 407 1023 1992 1114; baseline -0.008 -23"><span class='ocrx_word' id='word_1_66' title='bbox 407 1028 739 1114; x_wconf 79' lang='lat' dir='ltr'><strong>remittente,</strong></span> <span class='ocrx_word' id='word_1_67' title='bbox 769 1033 1108 1114; x_wconf 73' lang='lat' dir='ltr'><strong>nequaquam</strong></span> <span class='ocrx_word' id='word_1_68' title='bbox 1147 1029 1203 1084; x_wconf 90' lang='lat' dir='ltr'><strong>in</strong></span> <span class='ocrx_word' id='word_1_69' title='bbox 1237 1029 1471 1100; x_wconf 86' lang='lat' dir='ltr'><strong>patriam</strong></span> <span class='ocrx_word' id='word_1_70' title='bbox 1505 1023 1851 1082; x_wconf 88' lang='lat' dir='ltr'><strong>revertemini</strong></span> <span class='ocrx_word' id='word_1_71' title='bbox 1884 1043 1896 1079; x_wconf 92' lang='lat'>:</span> <span class='ocrx_word' id='word_1_72' title='bbox 1935 1031 1992 1080; x_wconf 89' lang='lat' dir='ltr'><strong>et</strong></span> 
     </span>
    </p>
   </div>
   <div class='ocr_carea' id='block_1_12' title="bbox 408 1112 1988 1196">
    <p class='ocr_par' dir='ltr' id='par_1_12' title="bbox 408 1112 1988 1196">
     <span class='ocr_line' id='line_1_12' title="bbox 408 1112 1988 1196; baseline -0.006 -14"><span class='ocrx_word' id='word_1_73' title='bbox 408 1112 622 1182; x_wconf 56' lang='lat' dir='ltr'><strong>tunc&#39;in</strong></span> <span class='ocrx_word' id='word_1_74' title='bbox 655 1139 718 1180; x_wconf 91' lang='lat' dir='ltr'><strong>ea</strong></span> <span class='ocrx_word' id='word_1_75' title='bbox 739 1112 1009 1196; x_wconf 70' lang='lat' dir='ltr'><strong>prorbisSa</strong></span> <span class='ocrx_word' id='word_1_76' title='bbox 1048 1119 1359 1191; x_wconf 83' lang='lat' dir='ltr'><strong>complebo,</strong></span> <span class='ocrx_word' id='word_1_77' title='bbox 1395 1125 1456 1174; x_wconf 92' lang='lat' dir='ltr'><strong>ut</strong></span> <span class='ocrx_word' id='word_1_78' title='bbox 1488 1119 1740 1175; x_wconf 84' lang='lat' dir='ltr'><strong>reducam</strong></span> <span class='ocrx_word' id='word_1_79' title='bbox 1781 1132 1877 1172; x_wconf 92' lang='lat' dir='ltr'><strong>vos</strong></span> <span class='ocrx_word' id='word_1_80' title='bbox 1921 1115 1988 1172; x_wconf 86' lang='lat' dir='ltr'><strong>ad</strong></span> 
     </span>
    </p>
   </div>
   <div class='ocr_carea' id='block_1_13' title="bbox 405 1197 1992 1293">
    <p class='ocr_par' dir='ltr' id='par_1_13' title="bbox 405 1197 1992 1293">
     <span class='ocr_line' id='line_1_13' title="bbox 405 1197 1992 1293; baseline -0.004 -23"><span class='ocrx_word' id='word_1_81' title='bbox 405 1213 585 1270; x_wconf 88' lang='lat' dir='ltr'><strong>locum</strong></span> <span class='ocrx_word' id='word_1_82' title='bbox 613 1197 813 1270; x_wconf 79' lang='lat' dir='ltr'><strong>istum?</strong></span> <span class='ocrx_word' id='word_1_83' title='bbox 837 1211 951 1293; x_wconf 82' lang='lat' dir='ltr'><strong>Ego</strong></span> <span class='ocrx_word' id='word_1_84' title='bbox 977 1212 1124 1268; x_wconf 91' lang='lat' dir='ltr'><strong>enim</strong></span> <span class='ocrx_word' id='word_1_85' title='bbox 1159 1210 1272 1265; x_wconf 90' lang='lat' dir='ltr'><strong>scio</strong></span> <span class='ocrx_word' id='word_1_86' title='bbox 1298 1211 1689 1293; x_wconf 77' lang='lat' dir='ltr'><strong>cogitationes,</strong></span> <span class='ocrx_word' id='word_1_87' title='bbox 1729 1224 1865 1280; x_wconf 88' lang='lat' dir='ltr'><strong>quas</strong></span> <span class='ocrx_word' id='word_1_88' title='bbox 1899 1224 1992 1264; x_wconf 87' lang='lat' dir='ltr'><strong>co-</strong></span> 
     </span>
    </p>
   </div>
   <div class='ocr_carea' id='block_1_14' title="bbox 406 1289 1992 1379">
    <p class='ocr_par' dir='ltr' id='par_1_14' title="bbox 406 1289 1992 1379">
     <span class='ocr_line' id='line_1_14' title="bbox 406 1289 1992 1379; baseline -0.003 -18"><span class='ocrx_word' id='word_1_89' title='bbox 406 1303 520 1379; x_wconf 82' lang='lat' dir='ltr'><strong>gito</strong></span> <span class='ocrx_word' id='word_1_90' title='bbox 551 1320 712 1376; x_wconf 83' lang='lat' dir='ltr'><strong>super</strong></span> <span class='ocrx_word' id='word_1_91' title='bbox 736 1320 867 1370; x_wconf 80' lang='lat' dir='ltr'><strong>vos,</strong></span> <span class='ocrx_word' id='word_1_92' title='bbox 889 1289 989 1360; x_wconf 40' lang='lat' dir='ltr'><strong>&#39;ait</strong></span> <span class='ocrx_word' id='word_1_93' title='bbox 1009 1299 1290 1360; x_wconf 83' lang='lat' dir='ltr'><strong>Dominus.</strong></span> <span class='ocrx_word' id='word_1_94' title='bbox 1327 1289 1346 1354; x_wconf 59' lang='grc' dir='ltr'><strong>ι</strong></span> <span class='ocrx_word' id='word_1_95' title='bbox 1383 1301 1455 1357; x_wconf 88' lang='lat' dir='ltr'><strong>Se</strong></span> <span class='ocrx_word' id='word_1_96' title='bbox 1494 1303 1626 1358; x_wconf 89' lang='lat' dir='ltr'><strong>dicit</strong></span> <span class='ocrx_word' id='word_1_97' title='bbox 1659 1317 1820 1358; x_wconf 90' lang='lat' dir='ltr'><strong>nosse</strong></span> <span class='ocrx_word' id='word_1_98' title='bbox 1859 1301 1992 1372; x_wconf 89' lang='lat' dir='ltr'><strong>quid</strong></span> 
     </span>
    </p>
   </div>
   <div class='ocr_carea' id='block_1_15' title="bbox 407 1391 1994 1486">
    <p class='ocr_par' dir='ltr' id='par_1_15' title="bbox 407 1391 1994 1486">
     <span class='ocr_line' id='line_1_15' title="bbox 407 1391 1994 1486; baseline -0.004 -33"><span class='ocrx_word' id='word_1_99' title='bbox 407 1395 607 1472; x_wconf 65' lang='lat' dir='ltr'><strong>Cogitet</strong></span> <span class='ocrx_word' id='word_1_100' title='bbox 631 1415 643 1451; x_wconf 91' lang='lat'><strong>:</strong></span> <span class='ocrx_word' id='word_1_101' title='bbox 669 1411 789 1478; x_wconf 81' lang='lat' dir='ltr'><strong>mos</strong></span> <span class='ocrx_word' id='word_1_102' title='bbox 829 1391 1010 1450; x_wconf 73' lang='lat' dir='ltr'><strong>autem</strong></span> <span class='ocrx_word' id='word_1_103' title='bbox 1051 1409 1174 1449; x_wconf 91' lang='lat' dir='ltr'><strong>cum</strong></span> <span class='ocrx_word' id='word_1_104' title='bbox 1213 1394 1326 1448; x_wconf 85' lang='lat' dir='ltr'><strong>suis</strong></span> <span class='ocrx_word' id='word_1_105' title='bbox 1363 1394 1674 1464; x_wconf 86' lang='lat' dir='ltr'><strong>prophetis,</strong></span> <span class='ocrx_word' id='word_1_106' title='bbox 1712 1393 1910 1448; x_wconf 87' lang='lat' dir='ltr'><strong>divinis</strong></span> <span class='ocrx_word' id='word_1_107' title='bbox 1938 1399 1994 1486; x_wconf 63' lang='lat' dir='ltr'><strong>ei</strong></span> 
     </span>
    </p>
   </div>
   <div class='ocr_carea' id='block_1_16' title="bbox 405 1487 1990 1562">
    <p class='ocr_par' dir='ltr' id='par_1_16' title="bbox 405 1487 1990 1562">
     <span class='ocr_line' id='line_1_16' title="bbox 405 1487 1990 1562; baseline -0.003 -17"><span class='ocrx_word' id='word_1_108' title='bbox 405 1487 828 1546; x_wconf 84' lang='lat' dir='ltr'><strong>somniatoribus</strong></span> <span class='ocrx_word' id='word_1_109' title='bbox 863 1487 1136 1562; x_wconf 87' lang='lat' dir='ltr'><strong>ignorare.</strong></span> <span class='ocrx_word' id='word_1_110' title='bbox 1182 1487 1514 1542; x_wconf 87' lang='lat' dir='ltr'><strong>Futurorum</strong></span> <span class='ocrx_word' id='word_1_111' title='bbox 1554 1488 1720 1555; x_wconf 79' lang='lat' dir='ltr'><strong>igitur</strong></span> <span class='ocrx_word' id='word_1_112' title='bbox 1763 1487 1990 1542; x_wconf 88' lang='lat' dir='ltr'><strong>scientia</strong></span> 
     </span>
    </p>
   </div>
   <div class='ocr_carea' id='block_1_17' title="bbox 405 1565 1992 1652">
    <p class='ocr_par' dir='ltr' id='par_1_17' title="bbox 405 1565 1992 1652">
     <span class='ocr_line' id='line_1_17' title="bbox 405 1565 1992 1652; baseline -0.004 -15"><span class='ocrx_word' id='word_1_113' title='bbox 405 1579 504 1637; x_wconf 86' lang='lat' dir='ltr'><strong>soli</strong></span> <span class='ocrx_word' id='word_1_114' title='bbox 535 1578 648 1636; x_wconf 88' lang='lat' dir='ltr'><strong>Deo</strong></span> <span class='ocrx_word' id='word_1_115' title='bbox 671 1565 928 1652; x_wconf 85' lang='lat' dir='ltr'><strong>competit</strong></span> <span class='ocrx_word' id='word_1_116' title='bbox 953 1599 966 1635; x_wconf 89' lang='lat'><strong>:</strong></span> <span class='ocrx_word' id='word_1_117' title='bbox 1004 1599 1023 1632; x_wconf 79' lang='grc' dir='ltr'><strong>ι</strong></span> <span class='ocrx_word' id='word_1_118' title='bbox 1044 1576 1128 1636; x_wconf 75' lang='grc' dir='ltr'><strong>ὐι</strong></span> <span class='ocrx_word' id='word_1_119' title='bbox 1148 1579 1270 1636; x_wconf 89' lang='lat' dir='ltr'><strong>dem</strong></span> <span class='ocrx_word' id='word_1_120' title='bbox 1302 1579 1476 1644; x_wconf 82' lang='lat' dir='ltr'><strong>vobis,</strong></span> <span class='ocrx_word' id='word_1_121' title='bbox 1506 1587 1598 1643; x_wconf 74' lang='lat' dir='ltr'><strong>ait,</strong></span> <span class='ocrx_word' id='word_1_122' title='bbox 1625 1570 1785 1632; x_wconf 83' lang='lat' dir='ltr'><strong>ﬁnem</strong></span> <span class='ocrx_word' id='word_1_123' title='bbox 1811 1585 1866 1632; x_wconf 91' lang='lat' dir='ltr'><strong>et</strong></span> <span class='ocrx_word' id='word_1_124' title='bbox 1896 1592 1992 1648; x_wconf 89' lang='lat' dir='ltr'><strong>pa-</strong></span> 
     </span>
    </p>
   </div>
   <div class='ocr_carea' id='block_1_18' title="bbox 405 1655 1994 1742">
    <p class='ocr_par' dir='ltr' id='par_1_18' title="bbox 405 1655 1994 1742">
     <span class='ocr_line' id='line_1_18' title="bbox 405 1655 1994 1742; baseline -0.001 -16"><span class='ocrx_word' id='word_1_125' title='bbox 405 1669 687 1726; x_wconf 88' lang='lat' dir='ltr'><strong>tientiam:</strong></span> <span class='ocrx_word' id='word_1_126' title='bbox 723 1655 742 1723; x_wconf 68' lang='grc' dir='ltr'><strong>ι</strong></span> <span class='ocrx_word' id='word_1_127' title='bbox 787 1671 948 1726; x_wconf 89' lang='lat' dir='ltr'><strong>ﬁnem</strong></span> <span class='ocrx_word' id='word_1_128' title='bbox 993 1671 1354 1742; x_wconf 86' lang='lat' dir='ltr'><strong>captivitatis,</strong></span> <span class='ocrx_word' id='word_1_129' title='bbox 1398 1678 1453 1725; x_wconf 93' lang='lat' dir='ltr'><strong>et</strong></span> <span class='ocrx_word' id='word_1_130' title='bbox 1490 1668 1806 1740; x_wconf 84' lang='lat' dir='ltr'><strong>patientiam</strong></span> <span class='ocrx_word' id='word_1_131' title='bbox 1845 1657 1994 1724; x_wconf 82' lang='lat' dir='ltr'><strong>labo-</strong></span> 
     </span>
    </p>
   </div>
   <div class='ocr_carea' id='block_1_19' title="bbox 407 1743 1990 1831">
    <p class='ocr_par' dir='ltr' id='par_1_19' title="bbox 407 1743 1990 1831">
     <span class='ocr_line' id='line_1_19' title="bbox 407 1743 1990 1831; baseline 0 -17"><span class='ocrx_word' id='word_1_132' title='bbox 407 1743 524 1816; x_wconf 80' lang='lat' dir='ltr'><strong>rum</strong></span> <span class='ocrx_word' id='word_1_133' title='bbox 557 1743 934 1831; x_wconf 58' lang='lat' dir='ltr'><strong>praasentium,</strong></span> <span class='ocrx_word' id='word_1_134' title='bbox 970 1761 1086 1815; x_wconf 87' lang='lat' dir='ltr'><strong>sive</strong></span> <span class='ocrx_word' id='word_1_135' title='bbox 1113 1775 1263 1830; x_wconf 88' lang='lat' dir='ltr'><strong>spem</strong></span> <span class='ocrx_word' id='word_1_136' title='bbox 1303 1749 1636 1814; x_wconf 71' lang='lat' dir='ltr'><strong>futurorum.</strong></span> <span class='ocrx_word' id='word_1_137' title='bbox 1657 1757 1810 1814; x_wconf 87' lang='lat' dir='ltr'><strong>Tunc</strong></span> <span class='ocrx_word' id='word_1_138' title='bbox 1833 1759 1990 1814; x_wconf 90' lang='lat' dir='ltr'><strong>invo-</strong></span> 
     </span>
    </p>
   </div>
   <div class='ocr_carea' id='block_1_20' title="bbox 2102 558 3684 631">
    <p class='ocr_par' dir='ltr' id='par_1_20' title="bbox 2102 558 3684 631">
     <span class='ocr_line' id='line_1_20' title="bbox 2102 558 3684 631; baseline 0.002 -17"><span class='ocrx_word' id='word_1_139' title='bbox 2102 579 2128 614; x_wconf 67' lang='grc' dir='ltr'><strong><em>ο</em></strong></span> <span class='ocrx_word' id='word_1_140' title='bbox 2165 562 2277 618; x_wconf 88' lang='lat' dir='ltr'><strong>dite</strong></span> <span class='ocrx_word' id='word_1_141' title='bbox 2315 561 2541 618; x_wconf 84' lang='lat' dir='ltr'><strong>verbum</strong></span> <span class='ocrx_word' id='word_1_142' title='bbox 2581 559 2816 624; x_wconf 86' lang='lat' dir='ltr'><strong>Domini,</strong></span> <span class='ocrx_word' id='word_1_143' title='bbox 2855 558 3036 618; x_wconf 72' lang='lat' dir='ltr'><strong>omnis</strong></span> <span class='ocrx_word' id='word_1_144' title='bbox 3075 559 3486 631; x_wconf 67' lang='lat' dir='ltr'><strong>transmigratio</strong></span> <span class='ocrx_word' id='word_1_145' title='bbox 3512 575 3684 631; x_wconf 79' lang='lat' dir='ltr'><strong>quam</strong></span> 
     </span>
    </p>
   </div>
   <div class='ocr_carea' id='block_1_21' title="bbox 2099 639 3687 720">
    <p class='ocr_par' dir='ltr' id='par_1_21' title="bbox 2099 639 3687 720">
     <span class='ocr_line' id='line_1_21' title="bbox 2099 639 3687 720; baseline 0.002 -14"><span class='ocrx_word' id='word_1_146' title='bbox 2099 672 2120 706; x_wconf 74' lang='grc' dir='ltr'><strong>ι</strong></span> <span class='ocrx_word' id='word_1_147' title='bbox 2165 653 2322 710; x_wconf 88' lang='lat' dir='ltr'><strong>emisi</strong></span> <span class='ocrx_word' id='word_1_148' title='bbox 2366 650 2433 708; x_wconf 87' lang='lat' dir='ltr'><strong>de</strong></span> <span class='ocrx_word' id='word_1_149' title='bbox 2466 649 2804 710; x_wconf 80' lang='lat' dir='ltr'><strong>Hierusalem</strong></span> <span class='ocrx_word' id='word_1_150' title='bbox 2847 649 2906 708; x_wconf 82' lang='lat' dir='ltr'><strong>in</strong></span> <span class='ocrx_word' id='word_1_151' title='bbox 2946 639 3342 720; x_wconf 55' lang='lat' dir='ltr'><strong>Babylonem-5</strong></span> <span class='ocrx_word' id='word_1_152' title='bbox 3371 664 3439 708; x_wconf 75' lang='grc' dir='ltr'><strong>-ι-</strong></span> <span class='ocrx_word' id='word_1_153' title='bbox 3467 665 3532 718; x_wconf 64' lang='lat' dir='ltr'><strong>«t-</strong></span> <span class='ocrx_word' id='word_1_154' title='bbox 3557 649 3687 718; x_wconf 76' lang='lat' dir='ltr'><strong>Huc</strong></span> 
     </span>
    </p>
   </div>
   <div class='ocr_carea' id='block_1_22' title="bbox 2093 739 3689 814">
    <p class='ocr_par' dir='ltr' id='par_1_22' title="bbox 2093 739 3689 814">
     <span class='ocr_line' id='line_1_22' title="bbox 2093 739 3689 814; baseline 0.006 -14"><span class='ocrx_word' id='word_1_155' title='bbox 2093 758 2265 814; x_wconf 74' lang='lat' dir='ltr'><strong>usque</strong></span> <span class='ocrx_word' id='word_1_156' title='bbox 2279 743 2334 798; x_wconf 89' lang='lat' dir='ltr'><strong>in</strong></span> <span class='ocrx_word' id='word_1_157' title='bbox 2349 741 2495 812; x_wconf 75' lang='lat' dir='ltr'><strong>LXX</strong></span> <span class='ocrx_word' id='word_1_158' title='bbox 2516 757 2624 798; x_wconf 91' lang='lat' dir='ltr'><strong>non</strong></span> <span class='ocrx_word' id='word_1_159' title='bbox 2640 739 2910 802; x_wconf 74' lang='lat' dir='ltr'><strong>habentur</strong></span> <span class='ocrx_word' id='word_1_160' title='bbox 2919 754 3040 810; x_wconf 74' lang='lat' dir='ltr'><strong>quae</strong></span> <span class='ocrx_word' id='word_1_161' title='bbox 3057 739 3339 806; x_wconf 73' lang='lat' dir='ltr'><strong>asteriseis</strong></span> <span class='ocrx_word' id='word_1_162' title='bbox 3359 743 3689 811; x_wconf 54' lang='lat' dir='ltr'><strong>paenulam</strong></span> 
     </span>
    </p>
   </div>
   <div class='ocr_carea' id='block_1_23' title="bbox 2095 830 3687 908">
    <p class='ocr_par' dir='ltr' id='par_1_23' title="bbox 2095 830 3687 908">
     <span class='ocr_line' id='line_1_23' title="bbox 2095 830 3687 908; baseline -0.001 -15"><span class='ocrx_word' id='word_1_163' title='bbox 2095 844 2291 893; x_wconf 63' lang='lat' dir='ltr'><strong>cratera</strong></span> <span class='ocrx_word' id='word_1_164' title='bbox 2315 835 2460 904; x_wconf 72' lang='lat' dir='ltr'><strong>enim</strong></span> <span class='ocrx_word' id='word_1_165' title='bbox 2492 834 2550 892; x_wconf 91' lang='lat' dir='ltr'><strong>in</strong></span> <span class='ocrx_word' id='word_1_166' title='bbox 2579 833 2777 908; x_wconf 62' lang='lat' dir='ltr'><strong>quibus</strong></span> <span class='ocrx_word' id='word_1_167' title='bbox 2803 830 2888 900; x_wconf 79' lang='lat' dir='ltr'><strong>vel</strong></span> <span class='ocrx_word' id='word_1_168' title='bbox 2924 830 3120 902; x_wconf 64' lang='lat' dir='ltr'><strong>singuli</strong></span> <span class='ocrx_word' id='word_1_169' title='bbox 3149 845 3366 898; x_wconf 75' lang='lat' dir='ltr'><strong>versus,</strong></span> <span class='ocrx_word' id='word_1_170' title='bbox 3398 831 3484 898; x_wconf 72' lang='lat' dir='ltr'><strong>vel</strong></span> <span class='ocrx_word' id='word_1_171' title='bbox 3509 846 3687 902; x_wconf 69' lang='lat' dir='ltr'><strong>pauet</strong></span> 
     </span>
    </p>
   </div>
   <div class='ocr_carea' id='block_1_24' title="bbox 2093 913 3772 998">
    <p class='ocr_par' dir='ltr' id='par_1_24' title="bbox 2093 913 3772 998">
     <span class='ocr_line' id='line_1_24' title="bbox 2093 913 3772 998; baseline -0.002 -15"><span class='ocrx_word' id='word_1_172' title='bbox 2093 929 2162 983; x_wconf 85' lang='lat' dir='ltr'><strong>ab</strong></span> <span class='ocrx_word' id='word_1_173' title='bbox 2184 927 2266 982; x_wconf 89' lang='lat' dir='ltr'><strong>eis</strong></span> <span class='ocrx_word' id='word_1_174' title='bbox 2289 925 2654 998; x_wconf 80' lang='lat' dir='ltr'><strong>praetermissa</strong></span> <span class='ocrx_word' id='word_1_175' title='bbox 2685 931 2814 988; x_wconf 78' lang='lat' dir='ltr'><strong>sunt</strong></span> <span class='ocrx_word' id='word_1_176' title='bbox 2832 921 3020 993; x_wconf 68' lang='lat' dir='ltr'><strong>verba,</strong></span> <span class='ocrx_word' id='word_1_177' title='bbox 3038 921 3219 988; x_wconf 63' lang='lat' dir='ltr'><strong>,victns</strong></span> <span class='ocrx_word' id='word_1_178' title='bbox 3243 921 3402 990; x_wconf 62' lang='lat' dir='ltr'><strong>taedio</strong></span> <span class='ocrx_word' id='word_1_179' title='bbox 3421 931 3688 992; x_wconf 76' lang='lat' dir='ltr'><strong>annotare</strong></span> <span class='ocrx_word' id='word_1_180' title='bbox 3763 913 3772 918; x_wconf 71' lang='grc'><em>’</em></span> 
     </span>
    </p>
   </div>
   <div class='ocr_carea' id='block_1_25' title="bbox 2091 1012 3685 1086">
    <p class='ocr_par' dir='ltr' id='par_1_25' title="bbox 2091 1012 3685 1086">
     <span class='ocr_line' id='line_1_25' title="bbox 2091 1012 3685 1086; baseline -0.006 -10"><span class='ocrx_word' id='word_1_181' title='bbox 2091 1020 2262 1085; x_wconf 87' lang='lat' dir='ltr'><strong>nolui,</strong></span> <span class='ocrx_word' id='word_1_182' title='bbox 2289 1034 2359 1075; x_wconf 88' lang='lat' dir='ltr'><strong>ne</strong></span> <span class='ocrx_word' id='word_1_183' title='bbox 2379 1017 2656 1076; x_wconf 79' lang='lat' dir='ltr'><strong>fastidium</strong></span> <span class='ocrx_word' id='word_1_184' title='bbox 2683 1015 2880 1086; x_wconf 77' lang='lat' dir='ltr'><strong>legenti</strong></span> <span class='ocrx_word' id='word_1_185' title='bbox 2895 1012 3152 1081; x_wconf 79' lang='lat' dir='ltr'><strong>iacerem.</strong></span> <span class='ocrx_word' id='word_1_186' title='bbox 3175 1013 3475 1084; x_wconf 75' lang='lat' dir='ltr'><strong>Pollicetur</strong></span> <span class='ocrx_word' id='word_1_187' title='bbox 3499 1022 3685 1086; x_wconf 67' lang='lat' dir='ltr'><strong>autem</strong></span> 
     </span>
    </p>
   </div>
   <div class='ocr_carea' id='block_1_26' title="bbox 2093 1096 3689 1186">
    <p class='ocr_par' dir='ltr' id='par_1_26' title="bbox 2093 1096 3689 1186">
     <span class='ocr_line' id='line_1_26' title="bbox 2093 1096 3689 1186; baseline -0.007 -18"><span class='ocrx_word' id='word_1_188' title='bbox 2093 1096 2353 1174; x_wconf 83' lang='lat' dir='ltr'><strong>Dominus</strong></span> <span class='ocrx_word' id='word_1_189' title='bbox 2379 1110 2486 1174; x_wconf 91' lang='lat' dir='ltr'><strong>his,</strong></span> <span class='ocrx_word' id='word_1_190' title='bbox 2510 1109 2600 1178; x_wconf 89' lang='lat' dir='ltr'><strong>qui</strong></span> <span class='ocrx_word' id='word_1_191' title='bbox 2619 1114 2776 1172; x_wconf 80' lang='lat' dir='ltr'><strong>erant</strong></span> <span class='ocrx_word' id='word_1_192' title='bbox 2794 1107 2848 1162; x_wconf 93' lang='lat' dir='ltr'><strong>in</strong></span> <span class='ocrx_word' id='word_1_193' title='bbox 2873 1105 3368 1186; x_wconf 74' lang='lat' dir='ltr'><strong>transmigratiene,</strong></span> <span class='ocrx_word' id='word_1_194' title='bbox 3392 1105 3538 1176; x_wconf 78' lang='lat' dir='ltr'><strong>quod</strong></span> <span class='ocrx_word' id='word_1_195' title='bbox 3560 1113 3689 1180; x_wconf 64' lang='lat' dir='ltr'><strong>post</strong></span> 
     </span>
    </p>
   </div>
   <div class='ocr_carea' id='block_1_27' title="bbox 2091 1195 3687 1280">
    <p class='ocr_par' dir='ltr' id='par_1_27' title="bbox 2091 1195 3687 1280">
     <span class='ocr_line' id='line_1_27' title="bbox 2091 1195 3687 1280; baseline -0.004 -20"><span class='ocrx_word' id='word_1_196' title='bbox 2091 1203 2432 1276; x_wconf 75' lang='lat' dir='ltr'><strong>septuaginta</strong></span> <span class='ocrx_word' id='word_1_197' title='bbox 2472 1213 2643 1280; x_wconf 77' lang='lat' dir='ltr'><strong>annos</strong></span> <span class='ocrx_word' id='word_1_198' title='bbox 2687 1197 3020 1272; x_wconf 67' lang='lat' dir='ltr'><strong>captivitatis</strong></span> <span class='ocrx_word' id='word_1_199' title='bbox 3065 1197 3249 1266; x_wconf 72' lang='lat' dir='ltr'><strong>redire</strong></span> <span class='ocrx_word' id='word_1_200' title='bbox 3279 1211 3377 1266; x_wconf 78' lang='lat' dir='ltr'><strong>eos</strong></span> <span class='ocrx_word' id='word_1_201' title='bbox 3407 1195 3575 1270; x_wconf 72' lang='lat' dir='ltr'><strong>iaciat</strong></span> <span class='ocrx_word' id='word_1_202' title='bbox 3616 1197 3687 1263; x_wconf 77' lang='lat' dir='ltr'><strong>tle</strong></span> 
     </span>
    </p>
   </div>
   <div class='ocr_carea' id='block_1_28' title="bbox 2092 1285 3688 1364">
    <p class='ocr_par' dir='ltr' id='par_1_28' title="bbox 2092 1285 3688 1364">
     <span class='ocr_line' id='line_1_28' title="bbox 2092 1285 3688 1364; baseline 0.006 -19"><span class='ocrx_word' id='word_1_203' title='bbox 2092 1294 2362 1350; x_wconf 86' lang='lat' dir='ltr'><strong>universis</strong></span> <span class='ocrx_word' id='word_1_204' title='bbox 2384 1292 2656 1364; x_wconf 68' lang='lat' dir='ltr'><strong>gentibus.</strong></span> <span class='ocrx_word' id='word_1_205' title='bbox 2679 1289 2749 1352; x_wconf 76' lang='lat' dir='ltr'><strong>de</strong></span> <span class='ocrx_word' id='word_1_206' title='bbox 2771 1289 2982 1364; x_wconf 63' lang='grc' dir='ltr'><strong>οωιοιίξ</strong></span> <span class='ocrx_word' id='word_1_207' title='bbox 3000 1287 3158 1358; x_wconf 69' lang='grc' dir='ltr'><strong>ιοβίεν</strong></span> <span class='ocrx_word' id='word_1_208' title='bbox 3188 1287 3256 1342; x_wconf 67' lang='lat' dir='ltr'><strong>ad</strong></span> <span class='ocrx_word' id='word_1_209' title='bbox 3278 1302 3400 1359; x_wconf 59' lang='grc' dir='ltr'><strong>ίιυφ</strong></span> <span class='ocrx_word' id='word_1_210' title='bbox 3417 1285 3688 1364; x_wconf 41' lang='lat' dir='ltr'><strong>“Ruit?!”</strong></span> 
     </span>
    </p>
   </div>
   <div class='ocr_carea' id='block_1_29' title="bbox 2093 1379 3684 1456">
    <p class='ocr_par' dir='ltr' id='par_1_29' title="bbox 2093 1379 3684 1456">
     <span class='ocr_line' id='line_1_29' title="bbox 2093 1379 3684 1456; baseline -0.006 -14"><span class='ocrx_word' id='word_1_211' title='bbox 2093 1401 2206 1450; x_wconf 88' lang='lat' dir='ltr'><strong>eos,</strong></span> <span class='ocrx_word' id='word_1_212' title='bbox 2229 1395 2286 1442; x_wconf 88' lang='lat' dir='ltr'><strong>et</strong></span> <span class='ocrx_word' id='word_1_213' title='bbox 2303 1382 2620 1456; x_wconf 80' lang='lat' dir='ltr'><strong>captivitate</strong></span> <span class='ocrx_word' id='word_1_214' title='bbox 2643 1383 2822 1442; x_wconf 80' lang='lat' dir='ltr'><strong>laxata</strong></span> <span class='ocrx_word' id='word_1_215' title='bbox 2839 1380 3128 1454; x_wconf 80' lang='lat' dir='ltr'><strong>pristinum</strong></span> <span class='ocrx_word' id='word_1_216' title='bbox 3150 1387 3353 1445; x_wconf 72' lang='lat' dir='ltr'><strong>statum</strong></span> <span class='ocrx_word' id='word_1_217' title='bbox 3375 1387 3430 1434; x_wconf 88' lang='lat' dir='ltr'><strong>et</strong></span> <span class='ocrx_word' id='word_1_218' title='bbox 3450 1379 3684 1453; x_wconf 77' lang='lat' dir='ltr'><strong>patriam</strong></span> 
     </span>
    </p>
   </div>
   <div class='ocr_carea' id='block_1_30' title="bbox 2093 1460 3689 1556">
    <p class='ocr_par' dir='ltr' id='par_1_30' title="bbox 2093 1460 3689 1556">
     <span class='ocr_line' id='line_1_30' title="bbox 2093 1460 3689 1556; baseline -0.006 -25"><span class='ocrx_word' id='word_1_219' title='bbox 2093 1476 2352 1547; x_wconf 83' lang='lat' dir='ltr'><strong>recipere.</strong></span> <span class='ocrx_word' id='word_1_220' title='bbox 2387 1476 2454 1538; x_wconf 85' lang='lat' dir='ltr'><strong>Et</strong></span> <span class='ocrx_word' id='word_1_221' title='bbox 2481 1488 2604 1530; x_wconf 89' lang='lat' dir='ltr'><strong>cum</strong></span> <span class='ocrx_word' id='word_1_222' title='bbox 2632 1487 2732 1544; x_wconf 74' lang='lat' dir='ltr'><strong>ego</strong></span> <span class='ocrx_word' id='word_1_223' title='bbox 2757 1473 2896 1540; x_wconf 66' lang='lat' dir='ltr'><strong>inec,</strong></span> <span class='ocrx_word' id='word_1_224' title='bbox 2927 1469 3123 1544; x_wconf 84' lang='lat' dir='ltr'><strong>inquit,</strong></span> <span class='ocrx_word' id='word_1_225' title='bbox 3154 1484 3276 1541; x_wconf 78' lang='lat' dir='ltr'><strong>mea</strong></span> <span class='ocrx_word' id='word_1_226' title='bbox 3298 1460 3492 1552; x_wconf 59' lang='lat' dir='ltr'><strong>sponte</strong></span> <span class='ocrx_word' id='word_1_227' title='bbox 3515 1467 3689 1556; x_wconf 59' lang='lat' dir='ltr'><strong>iaetu-</strong></span> 
     </span>
    </p>
   </div>
   <div class='ocr_carea' id='block_1_31' title="bbox 2056 1558 3689 1644">
    <p class='ocr_par' dir='ltr' id='par_1_31' title="bbox 2056 1558 3689 1644">
     <span class='ocr_line' id='line_1_31' title="bbox 2056 1558 3689 1644; baseline -0.006 -22"><span class='ocrx_word' id='word_1_228' title='bbox 2056 1570 2188 1635; x_wconf 85' lang='lat' dir='ltr'><strong>‘rus</strong></span> <span class='ocrx_word' id='word_1_229' title='bbox 2222 1567 2346 1633; x_wconf 86' lang='lat' dir='ltr'><strong>sim,</strong></span> <span class='ocrx_word' id='word_1_230' title='bbox 2375 1575 2430 1622; x_wconf 90' lang='lat' dir='ltr'><strong>et</strong></span> <span class='ocrx_word' id='word_1_231' title='bbox 2457 1571 2606 1630; x_wconf 70' lang='lat' dir='ltr'><strong>certo</strong></span> <span class='ocrx_word' id='word_1_232' title='bbox 2635 1573 2877 1634; x_wconf 70' lang='lat' dir='ltr'><strong>tempore</strong></span> <span class='ocrx_word' id='word_1_233' title='bbox 2905 1562 3175 1644; x_wconf 64' lang='lat' dir='ltr'><strong>redituros</strong></span> <span class='ocrx_word' id='word_1_234' title='bbox 3198 1574 3296 1634; x_wconf 69' lang='lat' dir='ltr'><strong>vos</strong></span> <span class='ocrx_word' id='word_1_235' title='bbox 3313 1599 3328 1624; x_wconf 91' lang='lat'><strong>,</strong></span> <span class='ocrx_word' id='word_1_236' title='bbox 3363 1558 3566 1636; x_wconf 64' lang='lat' dir='ltr'><strong>frustra</strong></span> <span class='ocrx_word' id='word_1_237' title='bbox 3591 1559 3689 1615; x_wconf 86' lang='lat' dir='ltr'><strong>de-</strong></span> 
     </span>
    </p>
   </div>
   <div class='ocr_carea' id='block_1_32' title="bbox 2093 1649 3685 1729">
    <p class='ocr_par' dir='ltr' id='par_1_32' title="bbox 2093 1649 3685 1729">
     <span class='ocr_line' id='line_1_32' title="bbox 2093 1649 3685 1729; baseline -0.008 -14"><span class='ocrx_word' id='word_1_238' title='bbox 2093 1658 2358 1729; x_wconf 88' lang='lat' dir='ltr'><strong>cipimini,</strong></span> <span class='ocrx_word' id='word_1_239' title='bbox 2381 1665 2439 1714; x_wconf 90' lang='lat' dir='ltr'><strong>et</strong></span> <span class='ocrx_word' id='word_1_240' title='bbox 2458 1655 2661 1727; x_wconf 83' lang='lat' dir='ltr'><strong>putatis</strong></span> <span class='ocrx_word' id='word_1_241' title='bbox 2682 1669 2777 1710; x_wconf 90' lang='lat' dir='ltr'><strong>vos</strong></span> <span class='ocrx_word' id='word_1_242' title='bbox 2796 1653 3001 1726; x_wconf 74' lang='lat' dir='ltr'><strong>habere</strong></span> <span class='ocrx_word' id='word_1_243' title='bbox 3015 1651 3307 1727; x_wconf 77' lang='lat' dir='ltr'><strong>prophetas</strong></span> <span class='ocrx_word' id='word_1_244' title='bbox 3323 1651 3374 1727; x_wconf 83' lang='lat' dir='ltr'><strong>in</strong></span> <span class='ocrx_word' id='word_1_245' title='bbox 3387 1649 3685 1728; x_wconf 71' lang='lat' dir='ltr'><strong>Babylone,</strong></span> 
     </span>
    </p>
   </div>
   <div class='ocr_carea' id='block_1_33' title="bbox 2095 1741 3690 1834">
    <p class='ocr_par' dir='ltr' id='par_1_33' title="bbox 2095 1741 3690 1834">
     <span class='ocr_line' id='line_1_33' title="bbox 2095 1741 3690 1834; baseline -0.007 -30"><span class='ocrx_word' id='word_1_246' title='bbox 2095 1749 2188 1820; x_wconf 89' lang='lat' dir='ltr'><strong>qui</strong></span> <span class='ocrx_word' id='word_1_247' title='bbox 2217 1748 2372 1812; x_wconf 82' lang='lat' dir='ltr'><strong>vobis</strong></span> <span class='ocrx_word' id='word_1_248' title='bbox 2394 1747 2528 1834; x_wconf 72' lang='lat' dir='ltr'><strong>falsa</strong></span> <span class='ocrx_word' id='word_1_249' title='bbox 2564 1745 2892 1822; x_wconf 71' lang='lat' dir='ltr'><strong>promittunt</strong></span> <span class='ocrx_word' id='word_1_250' title='bbox 2918 1761 2932 1800; x_wconf 87' lang='lat'><strong>:</strong></span> <span class='ocrx_word' id='word_1_251' title='bbox 2965 1743 3040 1819; x_wconf 67' lang='lat' dir='ltr'><strong>ita</strong></span> <span class='ocrx_word' id='word_1_252' title='bbox 3065 1751 3245 1824; x_wconf 74' lang='lat' dir='ltr'><strong>autem</strong></span> <span class='ocrx_word' id='word_1_253' title='bbox 3273 1741 3460 1817; x_wconf 81' lang='lat' dir='ltr'><strong>sciatis</strong></span> <span class='ocrx_word' id='word_1_254' title='bbox 3485 1755 3690 1818; x_wconf 72' lang='lat' dir='ltr'><strong>nequa-</strong></span> 
     </span>
    </p>
   </div>
   <div class='ocr_carea' id='block_1_34' title="bbox 407 1834 3691 1932">
    <p class='ocr_par' dir='ltr' id='par_1_34' title="bbox 407 1834 3691 1932">
     <span class='ocr_line' id='line_1_34' title="bbox 407 1834 3691 1932; baseline 0 -25"><span class='ocrx_word' id='word_1_255' title='bbox 407 1834 601 1908; x_wconf 84' lang='lat' dir='ltr'><strong>cabitls</strong></span> <span class='ocrx_word' id='word_1_256' title='bbox 626 1868 712 1908; x_wconf 89' lang='lat' dir='ltr'><strong>me</strong></span> <span class='ocrx_word' id='word_1_257' title='bbox 733 1861 787 1907; x_wconf 79' lang='lat' dir='ltr'><strong>et</strong></span> <span class='ocrx_word' id='word_1_258' title='bbox 807 1852 956 1908; x_wconf 87' lang='lat' dir='ltr'><strong>ibitis</strong></span> <span class='ocrx_word' id='word_1_259' title='bbox 979 1852 1315 1908; x_wconf 84' lang='lat' dir='ltr'><strong>Hierusalem</strong></span> <span class='ocrx_word' id='word_1_260' title='bbox 1346 1861 1400 1932; x_wconf 88' lang='lat' dir='ltr'><strong>et</strong></span> <span class='ocrx_word' id='word_1_261' title='bbox 1433 1854 1692 1918; x_wconf 89' lang='lat' dir='ltr'><strong>orabitis,</strong></span> <span class='ocrx_word' id='word_1_262' title='bbox 1736 1862 1790 1910; x_wconf 90' lang='lat' dir='ltr'><strong>et</strong></span> <span class='ocrx_word' id='word_1_263' title='bbox 1826 1869 1988 1910; x_wconf 63' lang='lat' dir='ltr'><strong>exauv</strong></span> <span class='ocrx_word' id='word_1_264' title='bbox 2019 1869 2067 1932; x_wconf 72' lang='grc' dir='ltr'><strong>Β</strong></span> <span class='ocrx_word' id='word_1_265' title='bbox 2095 1859 2257 1914; x_wconf 80' lang='lat' dir='ltr'><strong>quam</strong></span> <span class='ocrx_word' id='word_1_266' title='bbox 2272 1859 2368 1898; x_wconf 76' lang='lat' dir='ltr'><strong>V05</strong></span> <span class='ocrx_word' id='word_1_267' title='bbox 2397 1841 2630 1912; x_wconf 70' lang='lat' dir='ltr'><strong>reditum</strong></span> <span class='ocrx_word' id='word_1_268' title='bbox 2659 1855 2805 1916; x_wconf 57' lang='lat' dir='ltr'><strong>&quot;PF&quot;:</strong></span> <span class='ocrx_word' id='word_1_269' title='bbox 2830 1851 3051 1917; x_wconf 48' lang='lat'><strong>5991‘???</strong></span> <span class='ocrx_word' id='word_1_270' title='bbox 3072 1836 3400 1918; x_wconf 62' lang='grc' dir='ltr'><strong>άεδεὲᾨνξεά</strong></span> <span class='ocrx_word' id='word_1_271' title='bbox 3415 1835 3691 1916; x_wconf 50' lang='lat' dir='ltr'><strong>ilium???“</strong></span> 
     </span>
    </p>
   </div>
   <div class='ocr_carea' id='block_1_35' title="bbox 407 1930 1988 2016">
    <p class='ocr_par' dir='ltr' id='par_1_35' title="bbox 407 1930 1988 2016">
     <span class='ocr_line' id='line_1_35' title="bbox 407 1930 1988 2016; baseline 0.001 -19"><span class='ocrx_word' id='word_1_272' title='bbox 407 1943 552 1997; x_wconf 82' lang='lat' dir='ltr'><strong>diam</strong></span> <span class='ocrx_word' id='word_1_273' title='bbox 578 1958 692 1998; x_wconf 83' lang='lat' dir='ltr'><strong>vos.</strong></span> <span class='ocrx_word' id='word_1_274' title='bbox 717 1941 876 1998; x_wconf 87' lang='lat' dir='ltr'><strong>Certe</strong></span> <span class='ocrx_word' id='word_1_275' title='bbox 905 1944 1110 2012; x_wconf 91' lang='lat' dir='ltr'><strong>absque</strong></span> <span class='ocrx_word' id='word_1_276' title='bbox 1142 1930 1484 1999; x_wconf 79' lang='lat' dir='ltr'><strong>invocatione</strong></span> <span class='ocrx_word' id='word_1_277' title='bbox 1517 1951 1572 1999; x_wconf 86' lang='lat' dir='ltr'><strong>et</strong></span> <span class='ocrx_word' id='word_1_278' title='bbox 1599 1945 1844 2001; x_wconf 89' lang='lat' dir='ltr'><strong>oratione</strong></span> <span class='ocrx_word' id='word_1_279' title='bbox 1857 1961 1988 2016; x_wconf 88' lang='lat' dir='ltr'><strong>eap-</strong></span> 
     </span>
    </p>
   </div>
   <div class='ocr_carea' id='block_1_36' title="bbox 408 2035 1986 2111">
    <p class='ocr_par' dir='ltr' id='par_1_36' title="bbox 408 2035 1986 2111">
     <span class='ocr_line' id='line_1_36' title="bbox 408 2035 1986 2111; baseline 0.004 -22"><span class='ocrx_word' id='word_1_280' title='bbox 408 2035 641 2090; x_wconf 91' lang='lat' dir='ltr'><strong>tivorum</strong></span> <span class='ocrx_word' id='word_1_281' title='bbox 670 2046 884 2106; x_wconf 88' lang='lat' dir='ltr'><strong>poterat</strong></span> <span class='ocrx_word' id='word_1_282' title='bbox 909 2037 1131 2108; x_wconf 85' lang='lat' dir='ltr'><strong>implere</strong></span> <span class='ocrx_word' id='word_1_283' title='bbox 1159 2038 1418 2093; x_wconf 89' lang='lat' dir='ltr'><strong>Dominus</strong></span> <span class='ocrx_word' id='word_1_284' title='bbox 1463 2039 1986 2111; x_wconf 76' lang='lat' dir='ltr'><strong>quod&#39;promiserat:</strong></span> 
     </span>
    </p>
   </div>
   <div class='ocr_carea' id='block_1_37' title="bbox 407 2121 1992 2205">
    <p class='ocr_par' dir='ltr' id='par_1_37' title="bbox 407 2121 1992 2205">
     <span class='ocr_line' id='line_1_37' title="bbox 407 2121 1992 2205; baseline 0.004 -21"><span class='ocrx_word' id='word_1_285' title='bbox 407 2127 501 2184; x_wconf 86' lang='lat' dir='ltr'><strong>sed</strong></span> <span class='ocrx_word' id='word_1_286' title='bbox 529 2129 780 2185; x_wconf 83' lang='lat' dir='ltr'><strong>hortatur</strong></span> <span class='ocrx_word' id='word_1_287' title='bbox 803 2145 898 2186; x_wconf 90' lang='lat' dir='ltr'><strong>eos</strong></span> <span class='ocrx_word' id='word_1_288' title='bbox 929 2130 996 2185; x_wconf 89' lang='lat' dir='ltr'><strong>ad</strong></span> <span class='ocrx_word' id='word_1_289' title='bbox 1031 2121 1239 2200; x_wconf 85' lang='lat' dir='ltr'><strong>preces,</strong></span> <span class='ocrx_word' id='word_1_290' title='bbox 1264 2141 1323 2187; x_wconf 90' lang='lat' dir='ltr'><strong>ut</strong></span> <span class='ocrx_word' id='word_1_291' title='bbox 1353 2134 1497 2202; x_wconf 85' lang='lat' dir='ltr'><strong>quod</strong></span> <span class='ocrx_word' id='word_1_292' title='bbox 1541 2135 1870 2205; x_wconf 88' lang='lat' dir='ltr'><strong>promissum</strong></span> <span class='ocrx_word' id='word_1_293' title='bbox 1907 2142 1992 2190; x_wconf 89' lang='lat' dir='ltr'><strong>est</strong></span> 
     </span>
    </p>
   </div>
   <div class='ocr_carea' id='block_1_38' title="bbox 407 2213 1988 2296">
    <p class='ocr_par' dir='ltr' id='par_1_38' title="bbox 407 2213 1988 2296">
     <span class='ocr_line' id='line_1_38' title="bbox 407 2213 1988 2296; baseline 0.006 -21"><span class='ocrx_word' id='word_1_294' title='bbox 407 2231 717 2276; x_wconf 88' lang='lat' dir='ltr'><strong>mereantur</strong></span> <span class='ocrx_word' id='word_1_295' title='bbox 745 2223 1012 2293; x_wconf 87' lang='lat' dir='ltr'><strong>accipere.</strong></span> <span class='ocrx_word' id='word_1_296' title='bbox 1048 2243 1067 2276; x_wconf 78' lang='grc' dir='ltr'><strong>ι</strong></span> <span class='ocrx_word' id='word_1_297' title='bbox 1106 2224 1382 2292; x_wconf 69' lang='lat' dir='ltr'><strong>Qumretis’</strong></span> <span class='ocrx_word' id='word_1_298' title='bbox 1413 2217 1478 2282; x_wconf 59' lang='lat' dir='ltr'><strong>&#39;et</strong></span> <span class='ocrx_word' id='word_1_299' title='bbox 1526 2229 1813 2284; x_wconf 89' lang='lat' dir='ltr'><strong>invenietis</strong></span> <span class='ocrx_word' id='word_1_300' title='bbox 1862 2213 1988 2296; x_wconf 42' lang='lat' dir='ltr'><strong>&#39;me,</strong></span> 
     </span>
    </p>
   </div>
   <div class='ocr_carea' id='block_1_39' title="bbox 405 2305 2002 2388">
    <p class='ocr_par' dir='ltr' id='par_1_39' title="bbox 405 2305 2002 2388">
     <span class='ocr_line' id='line_1_39' title="bbox 405 2305 2002 2388; baseline 0.006 -22"><span class='ocrx_word' id='word_1_301' title='bbox 405 2327 529 2366; x_wconf 88' lang='lat' dir='ltr'><strong>cum</strong></span> <span class='ocrx_word' id='word_1_302' title='bbox 548 2313 869 2381; x_wconf 67' lang='lat' dir='ltr'><strong>qumsieritis</strong></span> <span class='ocrx_word' id='word_1_303' title='bbox 899 2331 985 2370; x_wconf 91' lang='lat' dir='ltr'><strong>me</strong></span> <span class='ocrx_word' id='word_1_304' title='bbox 1010 2315 1062 2369; x_wconf 93' lang='lat' dir='ltr'><strong>in</strong></span> <span class='ocrx_word' id='word_1_305' title='bbox 1092 2324 1203 2370; x_wconf 90' lang='lat' dir='ltr'><strong>toto</strong></span> <span class='ocrx_word' id='word_1_306' title='bbox 1227 2307 1390 2373; x_wconf 87' lang='lat' dir='ltr'><strong>corde</strong></span> <span class='ocrx_word' id='word_1_307' title='bbox 1411 2328 1612 2384; x_wconf 85' lang='lat' dir='ltr'><strong>vestro,</strong></span> <span class='ocrx_word' id='word_1_308' title='bbox 1639 2340 1657 2372; x_wconf 79' lang='grc' dir='ltr'><strong>ι</strong></span> <span class='ocrx_word' id='word_1_309' title='bbox 1681 2319 1838 2388; x_wconf 81' lang='lat' dir='ltr'><strong>juxta</strong></span> <span class='ocrx_word' id='word_1_310' title='bbox 1861 2305 2002 2376; x_wconf 68' lang='lat' dir='ltr'><strong>illud-</strong></span> 
     </span>
    </p>
   </div>
   <div class='ocr_carea' id='block_1_40' title="bbox 405 2401 1994 2480">
    <p class='ocr_par' dir='ltr' id='par_1_40' title="bbox 405 2401 1994 2480">
     <span class='ocr_line' id='line_1_40' title="bbox 405 2401 1994 2480; baseline 0.006 -22"><span class='ocrx_word' id='word_1_311' title='bbox 405 2401 680 2474; x_wconf 74' lang='lat' dir='ltr'><strong>Evangelii</strong></span> <span class='ocrx_word' id='word_1_312' title='bbox 702 2419 717 2459; x_wconf 89' lang='lat'><strong>:</strong></span> <span class='ocrx_word' id='word_1_313' title='bbox 747 2424 764 2456; x_wconf 80' lang='grc' dir='ltr'><strong>ι</strong></span> <span class='ocrx_word' id='word_1_314' title='bbox 784 2405 960 2462; x_wconf 90' lang='lat' dir='ltr'><strong>Petite</strong></span> <span class='ocrx_word' id='word_1_315' title='bbox 978 2417 1033 2462; x_wconf 92' lang='lat' dir='ltr'><strong>et</strong></span> <span class='ocrx_word' id='word_1_316' title='bbox 1053 2409 1348 2479; x_wconf 86' lang='lat' dir='ltr'><strong>accipietis,</strong></span> <span class='ocrx_word' id='word_1_317' title='bbox 1366 2411 1591 2480; x_wconf 73' lang='lat' dir='ltr'><strong>quaerite</strong></span> <span class='ocrx_word' id='word_1_318' title='bbox 1610 2420 1666 2468; x_wconf 93' lang='lat' dir='ltr'><strong>et</strong></span> <span class='ocrx_word' id='word_1_319' title='bbox 1684 2413 1994 2480; x_wconf 87' lang='lat' dir='ltr'><strong>invenietis,</strong></span> 
     </span>
    </p>
   </div>
   <div class='ocr_carea' id='block_1_41' title="bbox 406 2494 1994 2572">
    <p class='ocr_par' dir='ltr' id='par_1_41' title="bbox 406 2494 1994 2572">
     <span class='ocr_line' id='line_1_41' title="bbox 406 2494 1994 2572; baseline 0.009 -25"><span class='ocrx_word' id='word_1_320' title='bbox 406 2494 618 2565; x_wconf 88' lang='lat' dir='ltr'><strong>pulsate</strong></span> <span class='ocrx_word' id='word_1_321' title='bbox 647 2505 703 2551; x_wconf 92' lang='lat' dir='ltr'><strong>et</strong></span> <span class='ocrx_word' id='word_1_322' title='bbox 737 2499 1011 2568; x_wconf 85' lang='lat' dir='ltr'><strong>aperietur</strong></span> <span class='ocrx_word' id='word_1_323' title='bbox 1035 2499 1189 2554; x_wconf 84' lang='lat' dir='ltr'><strong>vobis</strong></span> <span class='ocrx_word' id='word_1_324' title='bbox 1221 2500 1438 2572; x_wconf 79' lang='lat' dir='ltr'><strong>(Matth.</strong></span> <span class='ocrx_word' id='word_1_325' title='bbox 1473 2504 1593 2572; x_wconf 86' lang='lat' dir='ltr'><strong>vn).</strong></span> <span class='ocrx_word' id='word_1_326' title='bbox 1629 2524 1648 2557; x_wconf 77' lang='grc' dir='ltr'><strong>ι</strong></span> <span class='ocrx_word' id='word_1_327' title='bbox 1683 2503 1994 2561; x_wconf 88' lang='lat' dir='ltr'><strong>Secundum</strong></span> 
     </span>
    </p>
   </div>
   <div class='ocr_carea' id='block_1_42' title="bbox 406 2585 1996 2660">
    <p class='ocr_par' dir='ltr' id='par_1_42' title="bbox 406 2585 1996 2660">
     <span class='ocr_line' id='line_1_42' title="bbox 406 2585 1996 2660; baseline 0.008 -22"><span class='ocrx_word' id='word_1_328' title='bbox 406 2599 682 2656; x_wconf 78' lang='lat' dir='ltr'><strong>anagogen</strong></span> <span class='ocrx_word' id='word_1_329' title='bbox 716 2588 903 2642; x_wconf 84' lang='lat' dir='ltr'><strong>tandiu</strong></span> <span class='ocrx_word' id='word_1_330' title='bbox 941 2589 996 2644; x_wconf 92' lang='lat' dir='ltr'><strong>in</strong></span> <span class='ocrx_word' id='word_1_331' title='bbox 1027 2585 1208 2646; x_wconf 62' lang='grc' dir='ltr'><strong>ἐκθηιί</strong></span> <span class='ocrx_word' id='word_1_332' title='bbox 1259 2590 1422 2660; x_wconf 88' lang='lat' dir='ltr'><strong>hujus</strong></span> <span class='ocrx_word' id='word_1_333' title='bbox 1458 2585 1996 2651; x_wconf 61' lang='lat' dir='ltr'><strong>eonfusioue&#39;versa-</strong></span> 
     </span>
    </p>
   </div>
   <div class='ocr_carea' id='block_1_43' title="bbox 407 2673 2002 2750">
    <p class='ocr_par' dir='ltr' id='par_1_43' title="bbox 407 2673 2002 2750">
     <span class='ocr_line' id='line_1_43' title="bbox 407 2673 2002 2750; baseline 0.01 -24"><span class='ocrx_word' id='word_1_334' title='bbox 407 2687 551 2739; x_wconf 88' lang='lat' dir='ltr'><strong>mur,</strong></span> <span class='ocrx_word' id='word_1_335' title='bbox 585 2673 823 2746; x_wconf 82' lang='lat' dir='ltr'><strong>&#39;quandiu</strong></span> <span class='ocrx_word' id='word_1_336' title='bbox 862 2679 1106 2749; x_wconf 88' lang='lat' dir='ltr'><strong>requiem</strong></span> <span class='ocrx_word' id='word_1_337' title='bbox 1135 2675 1427 2750; x_wconf 84' lang='lat' dir='ltr'><strong>septenarii</strong></span> <span class='ocrx_word' id='word_1_338' title='bbox 1453 2685 1666 2739; x_wconf 85' lang='lat' dir='ltr'><strong>numeri</strong></span> <span class='ocrx_word' id='word_1_339' title='bbox 1689 2681 2002 2742; x_wconf 83' lang='lat' dir='ltr'><strong>mereamur</strong></span> 
     </span>
    </p>
   </div>
   <div class='ocr_carea' id='block_1_44' title="bbox 405 2767 1998 2846">
    <p class='ocr_par' dir='ltr' id='par_1_44' title="bbox 405 2767 1998 2846">
     <span class='ocr_line' id='line_1_44' title="bbox 405 2767 1998 2846; baseline 0.008 -27"><span class='ocrx_word' id='word_1_340' title='bbox 405 2767 688 2838; x_wconf 86' lang='lat' dir='ltr'><strong>accipere:</strong></span> <span class='ocrx_word' id='word_1_341' title='bbox 730 2776 784 2832; x_wconf 89' lang='lat' dir='ltr'><strong>et</strong></span> <span class='ocrx_word' id='word_1_342' title='bbox 808 2779 1028 2840; x_wconf 82' lang='lat' dir='ltr'><strong>accepta</strong></span> <span class='ocrx_word' id='word_1_343' title='bbox 1067 2773 1386 2842; x_wconf 75' lang='lat' dir='ltr'><strong>pteuitentia</strong></span> <span class='ocrx_word' id='word_1_344' title='bbox 1413 2773 1554 2828; x_wconf 90' lang='lat' dir='ltr'><strong>Deus</strong></span> <span class='ocrx_word' id='word_1_345' title='bbox 1589 2775 1812 2846; x_wconf 90' lang='lat' dir='ltr'><strong>impleat</strong></span> <span class='ocrx_word' id='word_1_346' title='bbox 1852 2771 1998 2846; x_wconf 82' lang='lat' dir='ltr'><strong>quod</strong></span> 
     </span>
    </p>
   </div>
   <div class='ocr_carea' id='block_1_45' title="bbox 404 2858 2000 2950">
    <p class='ocr_par' dir='ltr' id='par_1_45' title="bbox 404 2858 2000 2950">
     <span class='ocr_line' id='line_1_45' title="bbox 404 2858 2000 2950; baseline 0.006 -33"><span class='ocrx_word' id='word_1_347' title='bbox 404 2865 676 2933; x_wconf 80' lang='lat' dir='ltr'><strong>promisit,</strong></span> <span class='ocrx_word' id='word_1_348' title='bbox 728 2858 782 2922; x_wconf 83' lang='lat' dir='ltr'><strong>et</strong></span> <span class='ocrx_word' id='word_1_349' title='bbox 827 2868 1152 2923; x_wconf 70' lang='lat' dir='ltr'><strong>retineamur</strong></span> <span class='ocrx_word' id='word_1_350' title='bbox 1196 2870 1262 2924; x_wconf 91' lang='lat' dir='ltr'><strong>ad</strong></span> <span class='ocrx_word' id='word_1_351' title='bbox 1301 2871 1478 2925; x_wconf 90' lang='lat' dir='ltr'><strong>locum</strong></span> <span class='ocrx_word' id='word_1_352' title='bbox 1521 2861 1768 2950; x_wconf 64' lang='lat' dir='ltr'><strong>nostrum</strong></span> <span class='ocrx_word' id='word_1_353' title='bbox 1813 2871 2000 2928; x_wconf 88' lang='lat' dir='ltr'><strong>Eccle-</strong></span> 
     </span>
    </p>
   </div>
   <div class='ocr_carea' id='block_1_46' title="bbox 410 2949 2001 3032">
    <p class='ocr_par' dir='ltr' id='par_1_46' title="bbox 410 2949 2001 3032">
     <span class='ocr_line' id='line_1_46' title="bbox 410 2949 2001 3032; baseline 0.004 -23"><span class='ocrx_word' id='word_1_354' title='bbox 410 2955 567 3010; x_wconf 89' lang='lat' dir='ltr'><strong>siam.</strong></span> <span class='ocrx_word' id='word_1_355' title='bbox 599 2956 804 3013; x_wconf 87' lang='lat' dir='ltr'><strong>idcirco</strong></span> <span class='ocrx_word' id='word_1_356' title='bbox 830 2959 976 3014; x_wconf 91' lang='lat' dir='ltr'><strong>enim</strong></span> <span class='ocrx_word' id='word_1_357' title='bbox 997 2949 1256 3017; x_wconf 85' lang='lat' dir='ltr'><strong>Dominus</strong></span> <span class='ocrx_word' id='word_1_358' title='bbox 1293 2949 1766 3032; x_wconf 87' lang='lat' dir='ltr'><strong>percuterevisus</strong></span> <span class='ocrx_word' id='word_1_359' title='bbox 1793 2971 1876 3018; x_wconf 88' lang='lat' dir='ltr'><strong>est</strong></span> <span class='ocrx_word' id='word_1_360' title='bbox 1894 3002 1909 3027; x_wconf 91' lang='lat'><strong>,</strong></span> <span class='ocrx_word' id='word_1_361' title='bbox 1938 2969 2001 3016; x_wconf 90' lang='lat' dir='ltr'><strong>ut</strong></span> 
     </span>
    </p>
   </div>
   <div class='ocr_carea' id='block_1_47' title="bbox 345 3048 2000 3130">
    <p class='ocr_par' dir='ltr' id='par_1_47' title="bbox 345 3048 2000 3130">
     <span class='ocr_line' id='line_1_47' title="bbox 345 3048 2000 3130; baseline 0.004 -30"><span class='ocrx_word' id='word_1_362' title='bbox 345 3121 356 3130; x_wconf 31' lang='lat'><strong>~</strong></span> <span class='ocrx_word' id='word_1_363' title='bbox 407 3055 666 3101; x_wconf 84' lang='lat' dir='ltr'><strong>sanaret:</strong></span> <span class='ocrx_word' id='word_1_364' title='bbox 693 3048 951 3119; x_wconf 88' lang='lat' dir='ltr'><strong>dabitque</strong></span> <span class='ocrx_word' id='word_1_365' title='bbox 981 3049 1140 3106; x_wconf 89' lang='lat' dir='ltr'><strong>nobis</strong></span> <span class='ocrx_word' id='word_1_366' title='bbox 1182 3051 1344 3107; x_wconf 90' lang='lat' dir='ltr'><strong>ﬁnem</strong></span> <span class='ocrx_word' id='word_1_367' title='bbox 1377 3048 1578 3108; x_wconf 86' lang='lat' dir='ltr'><strong>laboris</strong></span> <span class='ocrx_word' id='word_1_368' title='bbox 1614 3053 1785 3108; x_wconf 86' lang='lat' dir='ltr'><strong>nostri</strong></span> <span class='ocrx_word' id='word_1_369' title='bbox 1837 3061 2000 3123; x_wconf 88' lang='lat' dir='ltr'><strong>atque</strong></span> 
     </span>
    </p>
   </div>
   <div class='ocr_carea' id='block_1_48' title="bbox 407 3136 1996 3206">
    <p class='ocr_par' dir='ltr' id='par_1_48' title="bbox 407 3136 1996 3206">
     <span class='ocr_line' id='line_1_48' title="bbox 407 3136 1996 3206; baseline 0.006 -17"><span class='ocrx_word' id='word_1_370' title='bbox 407 3136 724 3206; x_wconf 61' lang='lat' dir='ltr'><strong>patientia},</strong></span> <span class='ocrx_word' id='word_1_371' title='bbox 773 3149 831 3193; x_wconf 85' lang='lat' dir='ltr'><strong>et</strong></span> <span class='ocrx_word' id='word_1_372' title='bbox 876 3139 1251 3197; x_wconf 89' lang='lat' dir='ltr'><strong>invocabimus</strong></span> <span class='ocrx_word' id='word_1_373' title='bbox 1298 3157 1422 3198; x_wconf 91' lang='lat' dir='ltr'><strong>eum</strong></span> <span class='ocrx_word' id='word_1_374' title='bbox 1469 3151 1526 3198; x_wconf 89' lang='lat' dir='ltr'><strong>et</strong></span> <span class='ocrx_word' id='word_1_375' title='bbox 1569 3151 1910 3199; x_wconf 87' lang='lat' dir='ltr'><strong>revertemur</strong></span> <span class='ocrx_word' id='word_1_376' title='bbox 1942 3145 1996 3206; x_wconf 86' lang='lat' dir='ltr'><strong>in</strong></span> 
     </span>
    </p>
   </div>
   <div class='ocr_carea' id='block_1_49' title="bbox 2095 1933 3689 2008">
    <p class='ocr_par' dir='ltr' id='par_1_49' title="bbox 2095 1933 3689 2008">
     <span class='ocr_line' id='line_1_49' title="bbox 2095 1933 3689 2008; baseline -0.005 -16"><span class='ocrx_word' id='word_1_377' title='bbox 2095 1937 2306 2002; x_wconf 88' lang='lat' dir='ltr'><strong>domos,</strong></span> <span class='ocrx_word' id='word_1_378' title='bbox 2321 1935 2566 2007; x_wconf 85' lang='lat' dir='ltr'><strong>plantare</strong></span> <span class='ocrx_word' id='word_1_379' title='bbox 2578 1933 2846 2008; x_wconf 83' lang='lat' dir='ltr'><strong>pomaria,</strong></span> <span class='ocrx_word' id='word_1_380' title='bbox 2862 1934 3110 2008; x_wconf 68' lang='lat' dir='ltr'><strong>accipere</strong></span> <span class='ocrx_word' id='word_1_381' title='bbox 3132 1947 3333 2008; x_wconf 61' lang='lat' dir='ltr'><strong>urores</strong></span> <span class='ocrx_word' id='word_1_382' title='bbox 3349 1939 3407 2006; x_wconf 76' lang='lat' dir='ltr'><strong>et</strong></span> <span class='ocrx_word' id='word_1_383' title='bbox 3419 1945 3689 2006; x_wconf 60' lang='lat' dir='ltr'><strong>generare</strong></span> 
     </span>
    </p>
   </div>
   <div class='ocr_carea' id='block_1_50' title="bbox 2095 2027 3689 2100">
    <p class='ocr_par' dir='ltr' id='par_1_50' title="bbox 2095 2027 3689 2100">
     <span class='ocr_line' id='line_1_50' title="bbox 2095 2027 3689 2100; baseline -0.006 -12"><span class='ocrx_word' id='word_1_384' title='bbox 2095 2031 2256 2096; x_wconf 87' lang='lat' dir='ltr'><strong>ﬁlios,</strong></span> <span class='ocrx_word' id='word_1_385' title='bbox 2282 2039 2339 2088; x_wconf 93' lang='lat' dir='ltr'><strong>et</strong></span> <span class='ocrx_word' id='word_1_386' title='bbox 2367 2029 2715 2100; x_wconf 80' lang='lat' dir='ltr'><strong>multiplicari</strong></span> <span class='ocrx_word' id='word_1_387' title='bbox 2741 2027 2970 2098; x_wconf 73' lang='lat' dir='ltr'><strong>numero</strong></span> <span class='ocrx_word' id='word_1_388' title='bbox 2991 2069 3006 2094; x_wconf 94' lang='lat'><strong>,</strong></span> <span class='ocrx_word' id='word_1_389' title='bbox 3037 2035 3094 2092; x_wconf 88' lang='lat' dir='ltr'><strong>et</strong></span> <span class='ocrx_word' id='word_1_390' title='bbox 3123 2034 3339 2100; x_wconf 79' lang='lat' dir='ltr'><strong>tempus</strong></span> <span class='ocrx_word' id='word_1_391' title='bbox 3365 2033 3689 2100; x_wconf 55' lang='lat' dir='ltr'><strong>eispectai&#39;e</strong></span> 
     </span>
    </p>
   </div>
   <div class='ocr_carea' id='block_1_51' title="bbox 2094 2113 3696 2208">
    <p class='ocr_par' dir='ltr' id='par_1_51' title="bbox 2094 2113 3696 2208">
     <span class='ocr_line' id='line_1_51' title="bbox 2094 2113 3696 2208; baseline 0.006 -31"><span class='ocrx_word' id='word_1_392' title='bbox 2094 2124 2441 2196; x_wconf 85' lang='lat' dir='ltr'><strong>promissum.</strong></span> <span class='ocrx_word' id='word_1_393' title='bbox 2473 2122 2670 2189; x_wconf 58' lang='lat' dir='ltr'><strong>Audite</strong></span> <span class='ocrx_word' id='word_1_394' title='bbox 2701 2119 2829 2192; x_wconf 77' lang='lat' dir='ltr'><strong>quid</strong></span> <span class='ocrx_word' id='word_1_395' title='bbox 2859 2119 3120 2208; x_wconf 63' lang='lat' dir='ltr'><strong>pommus</strong></span> <span class='ocrx_word' id='word_1_396' title='bbox 3152 2117 3403 2192; x_wconf 62' lang='grc' dir='ltr'><strong>Ιρίιυεέιυΐ</strong></span> <span class='ocrx_word' id='word_1_397' title='bbox 3430 2113 3696 2196; x_wconf 49' lang='lat'><strong>145.9%-</strong></span> 
     </span>
    </p>
   </div>
   <div class='ocr_carea' id='block_1_52' title="bbox 2095 2210 3696 2289">
    <p class='ocr_par' dir='ltr' id='par_1_52' title="bbox 2095 2210 3696 2289">
     <span class='ocr_line' id='line_1_52' title="bbox 2095 2210 3696 2289; baseline -0.006 -14"><span class='ocrx_word' id='word_1_398' title='bbox 2095 2219 2298 2283; x_wconf 87' lang='lat' dir='ltr'><strong>ehiam,</strong></span> <span class='ocrx_word' id='word_1_399' title='bbox 2325 2217 2417 2289; x_wconf 89' lang='lat' dir='ltr'><strong>qui</strong></span> <span class='ocrx_word' id='word_1_400' title='bbox 2447 2231 2591 2272; x_wconf 91' lang='lat' dir='ltr'><strong>nunc</strong></span> <span class='ocrx_word' id='word_1_401' title='bbox 2614 2223 2806 2286; x_wconf 78' lang='lat' dir='ltr'><strong>regnat</strong></span> <span class='ocrx_word' id='word_1_402' title='bbox 2834 2214 2890 2270; x_wconf 90' lang='lat' dir='ltr'><strong>in</strong></span> <span class='ocrx_word' id='word_1_403' title='bbox 2920 2211 3257 2287; x_wconf 73' lang='lat' dir='ltr'><strong>Hierusalem</strong></span> <span class='ocrx_word' id='word_1_404' title='bbox 3275 2251 3293 2277; x_wconf 91' lang='lat'><strong>,</strong></span> <span class='ocrx_word' id='word_1_405' title='bbox 3321 2219 3376 2266; x_wconf 93' lang='lat' dir='ltr'><strong>et</strong></span> <span class='ocrx_word' id='word_1_406' title='bbox 3395 2210 3462 2272; x_wconf 86' lang='lat' dir='ltr'><strong>ad</strong></span> <span class='ocrx_word' id='word_1_407' title='bbox 3500 2225 3696 2283; x_wconf 76' lang='lat' dir='ltr'><strong>omnes</strong></span> 
     </span>
    </p>
   </div>
   <div class='ocr_carea' id='block_1_53' title="bbox 2095 2301 3696 2381">
    <p class='ocr_par' dir='ltr' id='par_1_53' title="bbox 2095 2301 3696 2381">
     <span class='ocr_line' id='line_1_53' title="bbox 2095 2301 3696 2381; baseline -0.006 -15"><span class='ocrx_word' id='word_1_408' title='bbox 2095 2310 2430 2368; x_wconf 87' lang='lat' dir='ltr'><strong>habitatores</strong></span> <span class='ocrx_word' id='word_1_409' title='bbox 2456 2307 2607 2364; x_wconf 88' lang='lat' dir='ltr'><strong>urbis</strong></span> <span class='ocrx_word' id='word_1_410' title='bbox 2632 2307 2812 2377; x_wconf 85' lang='lat' dir='ltr'><strong>hujus,</strong></span> <span class='ocrx_word' id='word_1_411' title='bbox 2837 2306 2892 2362; x_wconf 89' lang='lat' dir='ltr'><strong>id</strong></span> <span class='ocrx_word' id='word_1_412' title='bbox 2913 2313 2996 2363; x_wconf 86' lang='lat' dir='ltr'><strong>est</strong></span> <span class='ocrx_word' id='word_1_413' title='bbox 3021 2307 3086 2364; x_wconf 87' lang='lat' dir='ltr'><strong>ad</strong></span> <span class='ocrx_word' id='word_1_414' title='bbox 3114 2304 3311 2376; x_wconf 73' lang='lat' dir='ltr'><strong>fratres</strong></span> <span class='ocrx_word' id='word_1_415' title='bbox 3340 2310 3571 2376; x_wconf 74' lang='lat' dir='ltr'><strong>vestros,</strong></span> <span class='ocrx_word' id='word_1_416' title='bbox 3598 2301 3696 2381; x_wconf 82' lang='lat' dir='ltr'><strong>qui</strong></span> 
     </span>
    </p>
   </div>
   <div class='ocr_carea' id='block_1_54' title="bbox 2097 2395 3696 2477">
    <p class='ocr_par' dir='ltr' id='par_1_54' title="bbox 2097 2395 3696 2477">
     <span class='ocr_line' id='line_1_54' title="bbox 2097 2395 3696 2477; baseline -0.006 -19"><span class='ocrx_word' id='word_1_417' title='bbox 2097 2403 2386 2466; x_wconf 89' lang='lat' dir='ltr'><strong>noluerunt</strong></span> <span class='ocrx_word' id='word_1_418' title='bbox 2407 2400 2632 2456; x_wconf 91' lang='lat' dir='ltr'><strong>obedire</strong></span> <span class='ocrx_word' id='word_1_419' title='bbox 2657 2414 2792 2454; x_wconf 71' lang='lat' dir='ltr'><strong>mete</strong></span> <span class='ocrx_word' id='word_1_420' title='bbox 2817 2397 3126 2463; x_wconf 80' lang='lat' dir='ltr'><strong>sententiae,</strong></span> <span class='ocrx_word' id='word_1_421' title='bbox 3150 2405 3206 2452; x_wconf 92' lang='lat' dir='ltr'><strong>et</strong></span> <span class='ocrx_word' id='word_1_422' title='bbox 3231 2395 3560 2476; x_wconf 69' lang='lat' dir='ltr'><strong>Babylonem</strong></span> <span class='ocrx_word' id='word_1_423' title='bbox 3589 2395 3696 2477; x_wconf 65' lang='lat' dir='ltr'><strong>ini-</strong></span> 
     </span>
    </p>
   </div>
   <div class='ocr_carea' id='block_1_55' title="bbox 2097 2493 3694 2574">
    <p class='ocr_par' dir='ltr' id='par_1_55' title="bbox 2097 2493 3694 2574">
     <span class='ocr_line' id='line_1_55' title="bbox 2097 2493 3694 2574; baseline -0.003 -19"><span class='ocrx_word' id='word_1_424' title='bbox 2097 2515 2257 2574; x_wconf 78' lang='lat' dir='ltr'><strong>grare</strong></span> <span class='ocrx_word' id='word_1_425' title='bbox 2283 2499 2582 2564; x_wconf 89' lang='lat' dir='ltr'><strong>vobiscum,</strong></span> <span class='ocrx_word' id='word_1_426' title='bbox 2609 2498 2752 2569; x_wconf 88' lang='lat' dir='ltr'><strong>quod</strong></span> <span class='ocrx_word' id='word_1_427' title='bbox 2779 2493 3124 2570; x_wconf 77' lang='lat' dir='ltr'><strong>nequaquam</strong></span> <span class='ocrx_word' id='word_1_428' title='bbox 3162 2496 3535 2568; x_wconf 78' lang='lat' dir='ltr'><strong>captivitatem</strong></span> <span class='ocrx_word' id='word_1_429' title='bbox 3560 2508 3694 2568; x_wconf 77' lang='lat' dir='ltr'><strong>pos-</strong></span> 
     </span>
    </p>
   </div>
   <div class='ocr_carea' id='block_1_56' title="bbox 2097 2588 3693 2673">
    <p class='ocr_par' dir='ltr' id='par_1_56' title="bbox 2097 2588 3693 2673">
     <span class='ocr_line' id='line_1_56' title="bbox 2097 2588 3693 2673; baseline -0.004 -25"><span class='ocrx_word' id='word_1_430' title='bbox 2097 2593 2206 2648; x_wconf 88' lang='lat' dir='ltr'><strong>sint</strong></span> <span class='ocrx_word' id='word_1_431' title='bbox 2233 2591 2492 2662; x_wconf 64' lang='lat' dir='ltr'><strong>eﬂugere,</strong></span> <span class='ocrx_word' id='word_1_432' title='bbox 2517 2589 2611 2648; x_wconf 86' lang='lat' dir='ltr'><strong>sed</strong></span> <span class='ocrx_word' id='word_1_433' title='bbox 2633 2589 2831 2660; x_wconf 83' lang='lat' dir='ltr'><strong>gladio.</strong></span> <span class='ocrx_word' id='word_1_434' title='bbox 2852 2597 2910 2644; x_wconf 92' lang='lat' dir='ltr'><strong>et</strong></span> <span class='ocrx_word' id='word_1_435' title='bbox 2924 2589 3086 2654; x_wconf 82' lang='lat' dir='ltr'><strong>lame,</strong></span> <span class='ocrx_word' id='word_1_436' title='bbox 3112 2597 3168 2660; x_wconf 81' lang='lat' dir='ltr'><strong>et</strong></span> <span class='ocrx_word' id='word_1_437' title='bbox 3185 2596 3338 2658; x_wconf 90' lang='lat' dir='ltr'><strong>peste</strong></span> <span class='ocrx_word' id='word_1_438' title='bbox 3361 2588 3693 2673; x_wconf 80' lang='lat' dir='ltr'><strong>moriantur.</strong></span> 
     </span>
    </p>
   </div>
   <div class='ocr_carea' id='block_1_57' title="bbox 2105 2679 3698 2754">
    <p class='ocr_par' dir='ltr' id='par_1_57' title="bbox 2105 2679 3698 2754">
     <span class='ocr_line' id='line_1_57' title="bbox 2105 2679 3698 2754; baseline -0.001 -18"><span class='ocrx_word' id='word_1_439' title='bbox 2105 2701 2124 2735; x_wconf 76' lang='grc' dir='ltr'><strong>ι</strong></span> <span class='ocrx_word' id='word_1_440' title='bbox 2143 2683 2418 2754; x_wconf 87' lang='lat' dir='ltr'><strong>Etponam</strong></span> <span class='ocrx_word' id='word_1_441' title='bbox 2431 2697 2524 2738; x_wconf 89' lang='lat' dir='ltr'><strong>eos</strong></span> <span class='ocrx_word' id='word_1_442' title='bbox 2546 2681 2704 2752; x_wconf 88' lang='lat' dir='ltr'><strong>quasi</strong></span> <span class='ocrx_word' id='word_1_443' title='bbox 2730 2679 2866 2744; x_wconf 84' lang='lat' dir='ltr'><strong>ﬁcus</strong></span> <span class='ocrx_word' id='word_1_444' title='bbox 2891 2680 3083 2746; x_wconf 86' lang='lat' dir='ltr'><strong>malas,</strong></span> <span class='ocrx_word' id='word_1_445' title='bbox 3095 2701 3114 2736; x_wconf 83' lang='grc'><strong><em>›</em></strong></span> <span class='ocrx_word' id='word_1_446' title='bbox 3133 2695 3269 2750; x_wconf 85' lang='lat' dir='ltr'><strong>quas</strong></span> <span class='ocrx_word' id='word_1_447' title='bbox 3284 2679 3586 2750; x_wconf 81' lang='lat' dir='ltr'><strong>Theodotio</strong></span> <span class='ocrx_word' id='word_1_448' title='bbox 3609 2679 3698 2750; x_wconf 78' lang='lat' dir='ltr'><strong>in-</strong></span> 
     </span>
    </p>
   </div>
   <div class='ocr_carea' id='block_1_58' title="bbox 2098 2770 3699 2846">
    <p class='ocr_par' dir='ltr' id='par_1_58' title="bbox 2098 2770 3699 2846">
     <span class='ocr_line' id='line_1_58' title="bbox 2098 2770 3699 2846; baseline -0.002 -18"><span class='ocrx_word' id='word_1_449' title='bbox 2098 2779 2428 2842; x_wconf 82' lang='lat' dir='ltr'><strong>terpretatus</strong></span> <span class='ocrx_word' id='word_1_450' title='bbox 2447 2781 2533 2838; x_wconf 84' lang='lat' dir='ltr'><strong>est</strong></span> <span class='ocrx_word' id='word_1_451' title='bbox 2555 2771 2804 2828; x_wconf 75' lang='lat' dir='ltr'><strong>sudrinas</strong></span> <span class='ocrx_word' id='word_1_452' title='bbox 2817 2788 2836 2840; x_wconf 83' lang='lat'><strong><em>;</em></strong></span> <span class='ocrx_word' id='word_1_453' title='bbox 2851 2770 3124 2844; x_wconf 72' lang='lat' dir='ltr'><strong>Secunda,</strong></span> <span class='ocrx_word' id='word_1_454' title='bbox 3135 2771 3390 2846; x_wconf 68' lang='lat' dir='ltr'><strong>pessimus</strong></span> <span class='ocrx_word' id='word_1_455' title='bbox 3407 2788 3427 2837; x_wconf 86' lang='lat'><strong><em>;</em></strong></span> <span class='ocrx_word' id='word_1_456' title='bbox 3451 2771 3699 2844; x_wconf 81' lang='lat' dir='ltr'><strong>Symma-</strong></span> 
     </span>
    </p>
   </div>
   <div class='ocr_carea' id='block_1_59' title="bbox 2099 2861 3695 2938">
    <p class='ocr_par' dir='ltr' id='par_1_59' title="bbox 2099 2861 3695 2938">
     <span class='ocr_line' id='line_1_59' title="bbox 2099 2861 3695 2938; baseline 0.001 -20"><span class='ocrx_word' id='word_1_457' title='bbox 2099 2864 2233 2920; x_wconf 89' lang='lat' dir='ltr'><strong>chus</strong></span> <span class='ocrx_word' id='word_1_458' title='bbox 2259 2863 2598 2931; x_wconf 64' lang='lat' dir='ltr'><strong>novissimag,</strong></span> <span class='ocrx_word' id='word_1_459' title='bbox 2628 2877 2749 2933; x_wconf 64' lang='lat' dir='ltr'><strong>quae</strong></span> <span class='ocrx_word' id='word_1_460' title='bbox 2785 2861 3056 2934; x_wconf 75' lang='lat' dir='ltr'><strong>Hebraice</strong></span> <span class='ocrx_word' id='word_1_461' title='bbox 3099 2863 3440 2938; x_wconf 73' lang='lat' dir='ltr'><strong>appellantur</strong></span> <span class='ocrx_word' id='word_1_462' title='bbox 3471 2871 3695 2929; x_wconf 53' lang='lat' dir='ltr'><strong>nvom.</strong></span> 
     </span>
    </p>
   </div>
   <div class='ocr_carea' id='block_1_60' title="bbox 2101 2954 3697 3035">
    <p class='ocr_par' dir='ltr' id='par_1_60' title="bbox 2101 2954 3697 3035">
     <span class='ocr_line' id='line_1_60' title="bbox 2101 2954 3697 3035; baseline 0 -23"><span class='ocrx_word' id='word_1_463' title='bbox 2101 2954 2208 3012; x_wconf 85' lang='lat' dir='ltr'><strong>Sed</strong></span> <span class='ocrx_word' id='word_1_464' title='bbox 2238 2957 2565 3022; x_wconf 88' lang='lat' dir='ltr'><strong>scriptorum</strong></span> <span class='ocrx_word' id='word_1_465' title='bbox 2588 2956 2722 3012; x_wconf 77' lang='lat' dir='ltr'><strong>vitio</strong></span> <span class='ocrx_word' id='word_1_466' title='bbox 2742 2969 2842 3027; x_wconf 90' lang='lat' dir='ltr'><strong>pro</strong></span> <span class='ocrx_word' id='word_1_467' title='bbox 2863 2954 3039 3015; x_wconf 84' lang='lat' dir='ltr'><strong>media</strong></span> <span class='ocrx_word' id='word_1_468' title='bbox 3061 2954 3267 3035; x_wconf 77' lang='lat' dir='ltr'><strong>syllaba</strong></span> <span class='ocrx_word' id='word_1_469' title='bbox 3303 2955 3420 3010; x_wconf 87' lang='lat' dir='ltr'><strong>sive</strong></span> <span class='ocrx_word' id='word_1_470' title='bbox 3453 2954 3631 3013; x_wconf 86' lang='lat' dir='ltr'><strong>littera</strong></span> <span class='ocrx_word' id='word_1_471' title='bbox 3656 2978 3697 3012; x_wconf 78' lang='grc' dir='ltr'><strong>α</strong></span> 
     </span>
    </p>
   </div>
   <div class='ocr_carea' id='block_1_61' title="bbox 2100 3047 3698 3121">
    <p class='ocr_par' dir='ltr' id='par_1_61' title="bbox 2100 3047 3698 3121">
     <span class='ocr_line' id='line_1_61' title="bbox 2100 3047 3698 3121; baseline -0.001 -17"><span class='ocrx_word' id='word_1_472' title='bbox 2100 3047 2350 3104; x_wconf 70' lang='grc' dir='ltr'>ϐιαιοιιιιι</span> <span class='ocrx_word' id='word_1_473' title='bbox 2405 3047 2436 3105; x_wconf 80' lang='grc' dir='ltr'>δ</span> <span class='ocrx_word' id='word_1_474' title='bbox 2503 3047 2748 3121; x_wconf 78' lang='lat' dir='ltr'><strong>inolevit,</strong></span> <span class='ocrx_word' id='word_1_475' title='bbox 2810 3057 2870 3110; x_wconf 90' lang='lat' dir='ltr'><strong>ut</strong></span> <span class='ocrx_word' id='word_1_476' title='bbox 2908 3063 3010 3118; x_wconf 85' lang='lat' dir='ltr'><strong>pro</strong></span> <span class='ocrx_word' id='word_1_477' title='bbox 3072 3050 3275 3116; x_wconf 73' lang='lat' dir='ltr'><strong>suerint</strong></span> <span class='ocrx_word' id='word_1_478' title='bbox 3339 3048 3548 3121; x_wconf 76' lang='lat' dir='ltr'><strong>legatur</strong></span> <span class='ocrx_word' id='word_1_479' title='bbox 3604 3065 3698 3116; x_wconf 66' lang='lat' dir='ltr'><strong>su-</strong></span> 
     </span>
    </p>
   </div>
   <div class='ocr_carea' id='block_1_62' title="bbox 2099 3138 3696 3211">
    <p class='ocr_par' dir='ltr' id='par_1_62' title="bbox 2099 3138 3696 3211">
     <span class='ocr_line' id='line_1_62' title="bbox 2099 3138 3696 3211; baseline -0.001 -16"><span class='ocrx_word' id='word_1_480' title='bbox 2099 3139 2262 3195; x_wconf 85' lang='lat' dir='ltr'><strong>drim.</strong></span> <span class='ocrx_word' id='word_1_481' title='bbox 2303 3139 2583 3208; x_wconf 84' lang='lat' dir='ltr'><strong>Quomodo</strong></span> <span class='ocrx_word' id='word_1_482' title='bbox 2638 3146 2816 3199; x_wconf 82' lang='lat' dir='ltr'><strong>autem</strong></span> <span class='ocrx_word' id='word_1_483' title='bbox 2874 3139 3177 3209; x_wconf 80' lang='lat' dir='ltr'><strong>cophinus,</strong></span> <span class='ocrx_word' id='word_1_484' title='bbox 3241 3139 3358 3194; x_wconf 88' lang='lat' dir='ltr'><strong>sive</strong></span> <span class='ocrx_word' id='word_1_485' title='bbox 3404 3138 3696 3211; x_wconf 79' lang='lat' dir='ltr'><strong>calathus,</strong></span> 
     </span>
    </p>
   </div>
   <div class='ocr_carea' id='block_1_63' title="bbox 404 3223 3697 3309">
    <p class='ocr_par' dir='ltr' id='par_1_63' title="bbox 404 3223 3697 3309">
     <span class='ocr_line' id='line_1_63' title="bbox 404 3223 3697 3309; baseline 0.001 -25"><span class='ocrx_word' id='word_1_486' title='bbox 404 3223 742 3299; x_wconf 51' lang='lat' dir='ltr'><strong>Ecclesiam‘,</strong></span> <span class='ocrx_word' id='word_1_487' title='bbox 769 3240 826 3288; x_wconf 86' lang='lat' dir='ltr'><strong>et</strong></span> <span class='ocrx_word' id='word_1_488' title='bbox 862 3235 1143 3291; x_wconf 78' lang='lat' dir='ltr'><strong>arabimus</strong></span> <span class='ocrx_word' id='word_1_489' title='bbox 1177 3245 1234 3292; x_wconf 78' lang='lat' dir='ltr'><strong>et</strong></span> <span class='ocrx_word' id='word_1_490' title='bbox 1271 3238 1656 3293; x_wconf 70' lang='lat' dir='ltr'><strong>exaudiemur;</strong></span> <span class='ocrx_word' id='word_1_491' title='bbox 1688 3254 1997 3309; x_wconf 51' lang='lat' dir='ltr'><strong>quaeremus</strong></span> <span class='ocrx_word' id='word_1_492' title='bbox 2023 3242 2068 3303; x_wconf 74' lang='grc' dir='ltr'><strong>ρ</strong></span> <span class='ocrx_word' id='word_1_493' title='bbox 2100 3229 2192 3298; x_wconf 89' lang='lat' dir='ltr'><strong>qui</strong></span> <span class='ocrx_word' id='word_1_494' title='bbox 2218 3229 2451 3287; x_wconf 86' lang='lat' dir='ltr'><strong>habebat</strong></span> <span class='ocrx_word' id='word_1_495' title='bbox 2473 3229 2609 3286; x_wconf 84' lang='lat' dir='ltr'><strong>ﬁcus</strong></span> <span class='ocrx_word' id='word_1_496' title='bbox 2632 3230 2828 3296; x_wconf 89' lang='lat' dir='ltr'><strong>bonas,</strong></span> <span class='ocrx_word' id='word_1_497' title='bbox 2851 3229 3160 3301; x_wconf 87' lang='lat' dir='ltr'><strong>primitivas</strong></span> <span class='ocrx_word' id='word_1_498' title='bbox 3183 3229 3442 3302; x_wconf 75' lang='lat' dir='ltr'><strong>habuisse</strong></span> <span class='ocrx_word' id='word_1_499' title='bbox 3457 3231 3653 3304; x_wconf 81' lang='lat' dir='ltr'><strong>dicitur</strong></span> <span class='ocrx_word' id='word_1_500' title='bbox 3675 3248 3697 3286; x_wconf 86' lang='lat'><strong>:</strong></span> 
     </span>
    </p>
   </div>
   <div class='ocr_carea' id='block_1_64' title="bbox 409 3323 1998 3400">
    <p class='ocr_par' dir='ltr' id='par_1_64' title="bbox 409 3323 1998 3400">
     <span class='ocr_line' id='line_1_64' title="bbox 409 3323 1998 3400; baseline 0.005 -22"><span class='ocrx_word' id='word_1_501' title='bbox 409 3330 467 3378; x_wconf 88' lang='lat' dir='ltr'><strong>et</strong></span> <span class='ocrx_word' id='word_1_502' title='bbox 494 3323 832 3381; x_wconf 89' lang='lat' dir='ltr'><strong>inveniemus</strong></span> <span class='ocrx_word' id='word_1_503' title='bbox 855 3339 1002 3392; x_wconf 90' lang='lat' dir='ltr'><strong>eum,</strong></span> <span class='ocrx_word' id='word_1_504' title='bbox 1035 3343 1158 3383; x_wconf 91' lang='lat' dir='ltr'><strong>cum</strong></span> <span class='ocrx_word' id='word_1_505' title='bbox 1189 3343 1258 3384; x_wconf 79' lang='lat' dir='ltr'><strong>ex</strong></span> <span class='ocrx_word' id='word_1_506' title='bbox 1283 3337 1398 3385; x_wconf 91' lang='lat' dir='ltr'><strong>toto</strong></span> <span class='ocrx_word' id='word_1_507' title='bbox 1419 3331 1584 3385; x_wconf 90' lang='lat' dir='ltr'><strong>corde</strong></span> <span class='ocrx_word' id='word_1_508' title='bbox 1621 3331 1998 3400; x_wconf 62' lang='lat' dir='ltr'><strong>qumsierimus</strong></span> 
     </span>
    </p>
   </div>
   <div class='ocr_carea' id='block_1_65' title="bbox 411 3413 1996 3494">
    <p class='ocr_par' dir='ltr' id='par_1_65' title="bbox 411 3413 1996 3494">
     <span class='ocr_line' id='line_1_65' title="bbox 411 3413 1996 3494; baseline 0.006 -24"><span class='ocrx_word' id='word_1_509' title='bbox 411 3414 586 3484; x_wconf 88' lang='lat' dir='ltr'><strong>illum,</strong></span> <span class='ocrx_word' id='word_1_510' title='bbox 620 3424 676 3472; x_wconf 92' lang='lat' dir='ltr'><strong>et</strong></span> <span class='ocrx_word' id='word_1_511' title='bbox 698 3425 826 3476; x_wconf 90' lang='lat' dir='ltr'><strong>tunc</strong></span> <span class='ocrx_word' id='word_1_512' title='bbox 866 3419 1149 3490; x_wconf 89' lang='lat' dir='ltr'><strong>apparebit</strong></span> <span class='ocrx_word' id='word_1_513' title='bbox 1185 3413 1360 3477; x_wconf 78' lang='lat' dir='ltr'><strong>nobis.</strong></span> <span class='ocrx_word' id='word_1_514' title='bbox 1381 3420 1618 3488; x_wconf 77' lang='lat' dir='ltr'><strong>Quidam</strong></span> <span class='ocrx_word' id='word_1_515' title='bbox 1643 3423 1996 3494; x_wconf 81' lang='lat' dir='ltr'><strong>septuaginta</strong></span> 
     </span>
    </p>
   </div>
   <div class='ocr_carea' id='block_1_66' title="bbox 413 3503 1994 3586">
    <p class='ocr_par' dir='ltr' id='par_1_66' title="bbox 413 3503 1994 3586">
     <span class='ocr_line' id='line_1_66' title="bbox 413 3503 1994 3586; baseline 0.005 -24"><span class='ocrx_word' id='word_1_516' title='bbox 413 3523 588 3562; x_wconf 88' lang='lat' dir='ltr'><strong>annos</strong></span> <span class='ocrx_word' id='word_1_517' title='bbox 611 3507 763 3576; x_wconf 77' lang='lat' dir='ltr'><strong>juxta</strong></span> <span class='ocrx_word' id='word_1_518' title='bbox 799 3509 926 3565; x_wconf 81' lang='lat' dir='ltr'><strong>illud</strong></span> <span class='ocrx_word' id='word_1_519' title='bbox 953 3503 1385 3583; x_wconf 82' lang='lat' dir='ltr'><strong>interpretantur</strong></span> <span class='ocrx_word' id='word_1_520' title='bbox 1407 3507 1556 3584; x_wconf 83' lang='lat' dir='ltr'><strong>quod</strong></span> <span class='ocrx_word' id='word_1_521' title='bbox 1585 3511 1848 3586; x_wconf 84' lang='lat' dir='ltr'><strong>scriptum</strong></span> <span class='ocrx_word' id='word_1_522' title='bbox 1877 3522 1994 3571; x_wconf 88' lang='lat' dir='ltr'><strong>est:</strong></span> 
     </span>
    </p>
   </div>
   <div class='ocr_carea' id='block_1_67' title="bbox 345 3587 2004 3679">
    <p class='ocr_par' dir='ltr' id='par_1_67' title="bbox 345 3587 2004 3679">
     <span class='ocr_line' id='line_1_67' title="bbox 345 3587 2004 3679; baseline 0.009 -30"><span class='ocrx_word' id='word_1_523' title='bbox 345 3620 366 3634; x_wconf 59' lang='grc' dir='ltr'><em>κ</em></span> <span class='ocrx_word' id='word_1_524' title='bbox 417 3616 437 3648; x_wconf 79' lang='grc' dir='ltr'><strong>ι</strong></span> <span class='ocrx_word' id='word_1_525' title='bbox 469 3597 594 3654; x_wconf 86' lang='lat' dir='ltr'><strong>Dies</strong></span> <span class='ocrx_word' id='word_1_526' title='bbox 615 3587 880 3656; x_wconf 81' lang='lat' dir='ltr'><strong>annorum</strong></span> <span class='ocrx_word' id='word_1_527' title='bbox 905 3595 1235 3670; x_wconf 79' lang='lat' dir='ltr'><strong>nostrorum,</strong></span> <span class='ocrx_word' id='word_1_528' title='bbox 1260 3595 1315 3659; x_wconf 78' lang='lat' dir='ltr'><strong>in</strong></span> <span class='ocrx_word' id='word_1_529' title='bbox 1346 3596 1478 3676; x_wconf 79' lang='lat' dir='ltr'><strong>ipsis</strong></span> <span class='ocrx_word' id='word_1_530' title='bbox 1499 3608 1842 3679; x_wconf 83' lang='lat' dir='ltr'><strong>septuaginta</strong></span> <span class='ocrx_word' id='word_1_531' title='bbox 1869 3600 2004 3666; x_wconf 54' lang='lat' dir='ltr'><strong>anni-</strong></span> 
     </span>
    </p>
   </div>
   <div class='ocr_carea' id='block_1_68' title="bbox 413 3690 1998 3768">
    <p class='ocr_par' dir='ltr' id='par_1_68' title="bbox 413 3690 1998 3768">
     <span class='ocr_line' id='line_1_68' title="bbox 413 3690 1998 3768; baseline 0.006 -23"><span class='ocrx_word' id='word_1_532' title='bbox 413 3690 586 3763; x_wconf 79' lang='lat' dir='ltr'><strong>(Psal.</strong></span> <span class='ocrx_word' id='word_1_533' title='bbox 636 3695 880 3765; x_wconf 79' lang='lat' dir='ltr'><strong>Lxxxrx),</strong></span> <span class='ocrx_word' id='word_1_534' title='bbox 918 3714 936 3748; x_wconf 73' lang='grc' dir='ltr'><strong>ι</strong></span> <span class='ocrx_word' id='word_1_535' title='bbox 969 3695 1060 3767; x_wconf 88' lang='lat' dir='ltr'><strong>qui</strong></span> <span class='ocrx_word' id='word_1_536' title='bbox 1101 3709 1224 3752; x_wconf 90' lang='lat' dir='ltr'><strong>cum</strong></span> <span class='ocrx_word' id='word_1_537' title='bbox 1271 3695 1472 3753; x_wconf 79' lang='lat' dir='ltr'><strong>fuerint</strong></span> <span class='ocrx_word' id='word_1_538' title='bbox 1507 3699 1728 3768; x_wconf 73' lang='lat' dir='ltr'><strong>eXpleti,</strong></span> <span class='ocrx_word' id='word_1_539' title='bbox 1776 3710 1904 3756; x_wconf 90' lang='lat' dir='ltr'><strong>tunc</strong></span> <span class='ocrx_word' id='word_1_540' title='bbox 1931 3694 1998 3755; x_wconf 82' lang='lat' dir='ltr'><strong>ad</strong></span> 
     </span>
    </p>
   </div>
   <div class='ocr_carea' id='block_1_69' title="bbox 409 3771 2001 3858">
    <p class='ocr_par' dir='ltr' id='par_1_69' title="bbox 409 3771 2001 3858">
     <span class='ocr_line' id='line_1_69' title="bbox 409 3771 2001 3858; baseline 0.006 -21"><span class='ocrx_word' id='word_1_541' title='bbox 409 3780 700 3839; x_wconf 84' lang='lat' dir='ltr'><strong>Dominum</strong></span> <span class='ocrx_word' id='word_1_542' title='bbox 732 3771 1071 3842; x_wconf 72' lang='lat' dir='ltr'><strong>revertamur</strong></span> <span class='ocrx_word' id='word_1_543' title='bbox 1099 3789 1151 3843; x_wconf 91' lang='lat' dir='ltr'><strong>in</strong></span> <span class='ocrx_word' id='word_1_544' title='bbox 1181 3796 1298 3844; x_wconf 91' lang='lat' dir='ltr'><strong>toto</strong></span> <span class='ocrx_word' id='word_1_545' title='bbox 1322 3790 1489 3846; x_wconf 86' lang='lat' dir='ltr'><strong>corde</strong></span> <span class='ocrx_word' id='word_1_546' title='bbox 1515 3801 1718 3856; x_wconf 86' lang='lat' dir='ltr'><strong>nostro,</strong></span> <span class='ocrx_word' id='word_1_547' title='bbox 1752 3799 1806 3846; x_wconf 88' lang='lat' dir='ltr'><strong>et</strong></span> <span class='ocrx_word' id='word_1_548' title='bbox 1835 3807 2001 3858; x_wconf 78' lang='lat' dir='ltr'><strong>exau-</strong></span> 
     </span>
    </p>
   </div>
   <div class='ocr_carea' id='block_1_70' title="bbox 413 3863 1996 3954">
    <p class='ocr_par' dir='ltr' id='par_1_70' title="bbox 413 3863 1996 3954">
     <span class='ocr_line' id='line_1_70' title="bbox 413 3863 1996 3954; baseline 0.006 -26"><span class='ocrx_word' id='word_1_549' title='bbox 413 3873 645 3942; x_wconf 90' lang='lat' dir='ltr'><strong>diamur,</strong></span> <span class='ocrx_word' id='word_1_550' title='bbox 681 3885 739 3932; x_wconf 91' lang='lat' dir='ltr'><strong>et</strong></span> <span class='ocrx_word' id='word_1_551' title='bbox 765 3875 889 3932; x_wconf 80' lang='lat' dir='ltr'><strong>ﬁnis</strong></span> <span class='ocrx_word' id='word_1_552' title='bbox 927 3878 997 3933; x_wconf 89' lang='lat' dir='ltr'><strong>sit</strong></span> <span class='ocrx_word' id='word_1_553' title='bbox 1030 3863 1232 3935; x_wconf 82' lang='lat' dir='ltr'><strong>laboris</strong></span> <span class='ocrx_word' id='word_1_554' title='bbox 1283 3879 1455 3936; x_wconf 90' lang='lat' dir='ltr'><strong>nostri</strong></span> <span class='ocrx_word' id='word_1_555' title='bbox 1502 3890 1663 3954; x_wconf 90' lang='lat' dir='ltr'><strong>atque</strong></span> <span class='ocrx_word' id='word_1_556' title='bbox 1699 3883 1996 3952; x_wconf 67' lang='lat' dir='ltr'><strong>patientiae.</strong></span> 
     </span>
    </p>
   </div>
   <div class='ocr_carea' id='block_1_71' title="bbox 411 3965 2002 4048">
    <p class='ocr_par' dir='ltr' id='par_1_71' title="bbox 411 3965 2002 4048">
     <span class='ocr_line' id='line_1_71' title="bbox 411 3965 2002 4048; baseline 0.006 -26"><span class='ocrx_word' id='word_1_557' title='bbox 411 3965 566 4024; x_wconf 84' lang='lat' dir='ltr'><strong>Nunc</strong></span> <span class='ocrx_word' id='word_1_558' title='bbox 601 3970 744 4026; x_wconf 89' lang='lat' dir='ltr'><strong>enim</strong></span> <span class='ocrx_word' id='word_1_559' title='bbox 777 3970 834 4027; x_wconf 89' lang='lat' dir='ltr'><strong>in</strong></span> <span class='ocrx_word' id='word_1_560' title='bbox 871 3973 1062 4028; x_wconf 89' lang='lat' dir='ltr'><strong>umbra</strong></span> <span class='ocrx_word' id='word_1_561' title='bbox 1103 3989 1202 4030; x_wconf 90' lang='lat' dir='ltr'><strong>nos</strong></span> <span class='ocrx_word' id='word_1_562' title='bbox 1223 3971 1413 4029; x_wconf 82' lang='lat' dir='ltr'><strong>omnia</strong></span> <span class='ocrx_word' id='word_1_563' title='bbox 1448 3983 1504 4031; x_wconf 89' lang='lat' dir='ltr'><strong>et</strong></span> <span class='ocrx_word' id='word_1_564' title='bbox 1533 3975 1586 4031; x_wconf 83' lang='lat' dir='ltr'><strong>in&#39;</strong></span> <span class='ocrx_word' id='word_1_565' title='bbox 1617 3977 1854 4048; x_wconf 85' lang='lat' dir='ltr'><strong>imagine</strong></span> <span class='ocrx_word' id='word_1_566' title='bbox 1877 3991 2002 4047; x_wconf 89' lang='lat' dir='ltr'><strong>pos-</strong></span> 
     </span>
    </p>
   </div>
   <div class='ocr_carea' id='block_1_72' title="bbox 413 4047 1886 4117">
    <p class='ocr_par' dir='ltr' id='par_1_72' title="bbox 413 4047 1886 4117">
     <span class='ocr_line' id='line_1_72' title="bbox 413 4047 1886 4117; baseline 0.002 -1"><span class='ocrx_word' id='word_1_567' title='bbox 413 4049 644 4117; x_wconf 40' lang='lat' dir='ltr'><strong>siilei&#39;e.‘</strong></span> <span class='ocrx_word' id='word_1_568' title='bbox 876 4047 900 4066; x_wconf 80' lang='grc'><em>”</em></span> <span class='ocrx_word' id='word_1_569' title='bbox 1249 4066 1255 4072; x_wconf 87' lang='grc'><em>’</em></span> <span class='ocrx_word' id='word_1_570' title='bbox 1347 4051 1410 4065; x_wconf 84' lang='grc'>”</span> <span class='ocrx_word' id='word_1_571' title='bbox 1740 4047 1749 4048; x_wconf 19' lang='grc' dir='ltr'>ί</span> <span class='ocrx_word' id='word_1_572' title='bbox 1880 4065 1886 4076; x_wconf 93' lang='grc'><strong><em>“</em></strong></span> 
     </span>
    </p>
   </div>
   <div class='ocr_carea' id='block_1_73' title="bbox 493 4151 2002 4236">
    <p class='ocr_par' dir='ltr' id='par_1_73' title="bbox 493 4151 2002 4236">
     <span class='ocr_line' id='line_1_73' title="bbox 493 4151 2002 4236; baseline 0.007 -33"><span class='ocrx_word' id='word_1_573' title='bbox 493 4169 512 4202; x_wconf 74' lang='grc' dir='ltr'><strong>ι</strong></span> <span class='ocrx_word' id='word_1_574' title='bbox 556 4151 624 4206; x_wconf 87' lang='grc' dir='ltr'>Ει</span> <span class='ocrx_word' id='word_1_575' title='bbox 663 4152 920 4209; x_wconf 85' lang='lat' dir='ltr'><strong>reducam</strong></span> <span class='ocrx_word' id='word_1_576' title='bbox 969 4155 1342 4236; x_wconf 82' lang='lat' dir='ltr'><strong>captivitatem</strong></span> <span class='ocrx_word' id='word_1_577' title='bbox 1375 4165 1647 4222; x_wconf 83' lang='lat' dir='ltr'><strong>vestram,</strong></span> <span class='ocrx_word' id='word_1_578' title='bbox 1680 4165 1736 4213; x_wconf 91' lang='lat' dir='ltr'><strong>et</strong></span> <span class='ocrx_word' id='word_1_579' title='bbox 1774 4171 2002 4228; x_wconf 87' lang='lat' dir='ltr'><strong>congre-</strong></span> 
     </span>
    </p>
   </div>
   <div class='ocr_carea' id='block_1_74' title="bbox 421 4231 2002 4316">
    <p class='ocr_par' dir='ltr' id='par_1_74' title="bbox 421 4231 2002 4316">
     <span class='ocr_line' id='line_1_74' title="bbox 421 4231 2002 4316; baseline 0.007 -22"><span class='ocrx_word' id='word_1_580' title='bbox 421 4261 439 4294; x_wconf 75' lang='grc' dir='ltr'><strong>ι</strong></span> <span class='ocrx_word' id='word_1_581' title='bbox 480 4245 620 4316; x_wconf 87' lang='lat' dir='ltr'><strong>gabo</strong></span> <span class='ocrx_word' id='word_1_582' title='bbox 647 4261 742 4300; x_wconf 86' lang='lat' dir='ltr'><strong>vos</strong></span> <span class='ocrx_word' id='word_1_583' title='bbox 768 4246 834 4301; x_wconf 89' lang='lat' dir='ltr'><strong>de</strong></span> <span class='ocrx_word' id='word_1_584' title='bbox 861 4231 1131 4302; x_wconf 84' lang='lat' dir='ltr'><strong>universis</strong></span> <span class='ocrx_word' id='word_1_585' title='bbox 1157 4231 1410 4316; x_wconf 85' lang='lat' dir='ltr'><strong>gentibus</strong></span> <span class='ocrx_word' id='word_1_586' title='bbox 1443 4256 1499 4302; x_wconf 90' lang='lat' dir='ltr'><strong>et</strong></span> <span class='ocrx_word' id='word_1_587' title='bbox 1526 4249 1592 4304; x_wconf 89' lang='lat' dir='ltr'><strong>de</strong></span> <span class='ocrx_word' id='word_1_588' title='bbox 1623 4241 1834 4304; x_wconf 85' lang='lat' dir='ltr'><strong>cunctis</strong></span> <span class='ocrx_word' id='word_1_589' title='bbox 1866 4249 2002 4305; x_wconf 86' lang='lat' dir='ltr'><strong>locis</strong></span> 
     </span>
    </p>
   </div>
   <div class='ocr_carea' id='block_1_75' title="bbox 419 4315 2003 4405">
    <p class='ocr_par' dir='ltr' id='par_1_75' title="bbox 419 4315 2003 4405">
     <span class='ocr_line' id='line_1_75' title="bbox 419 4315 2003 4405; baseline 0.008 -21"><span class='ocrx_word' id='word_1_590' title='bbox 419 4351 438 4384; x_wconf 78' lang='grc' dir='ltr'><strong>ι</strong></span> <span class='ocrx_word' id='word_1_591' title='bbox 487 4315 562 4388; x_wconf 61' lang='grc' dir='ltr'>ιιιί</span> <span class='ocrx_word' id='word_1_592' title='bbox 583 4349 720 4404; x_wconf 88' lang='lat' dir='ltr'><strong>quos</strong></span> <span class='ocrx_word' id='word_1_593' title='bbox 746 4335 926 4405; x_wconf 83' lang='lat' dir='ltr'><strong>expuli</strong></span> <span class='ocrx_word' id='word_1_594' title='bbox 950 4319 1068 4400; x_wconf 81' lang='lat' dir='ltr'><strong>vos,</strong></span> <span class='ocrx_word' id='word_1_595' title='bbox 1104 4315 1238 4391; x_wconf 83' lang='lat' dir='ltr'><strong>dicit</strong></span> <span class='ocrx_word' id='word_1_596' title='bbox 1263 4319 1553 4402; x_wconf 71' lang='lat' dir='ltr'><strong>Dominus,</strong></span> <span class='ocrx_word' id='word_1_597' title='bbox 1582 4347 1637 4392; x_wconf 86' lang='lat' dir='ltr'><strong>et</strong></span> <span class='ocrx_word' id='word_1_598' title='bbox 1677 4327 1876 4396; x_wconf 77' lang='lat' dir='ltr'><strong>revertr</strong></span> <span class='ocrx_word' id='word_1_599' title='bbox 1903 4354 2003 4396; x_wconf 83' lang='lat' dir='ltr'><strong>vos</strong></span> 
     </span>
    </p>
   </div>
   <div class='ocr_carea' id='block_1_76' title="bbox 421 4411 2002 4500">
    <p class='ocr_par' dir='ltr' id='par_1_76' title="bbox 421 4411 2002 4500">
     <span class='ocr_line' id='line_1_76' title="bbox 421 4411 2002 4500; baseline 0.007 -23"><span class='ocrx_word' id='word_1_600' title='bbox 421 4446 440 4477; x_wconf 86' lang='grc'><em>‹</em></span> <span class='ocrx_word' id='word_1_601' title='bbox 485 4414 696 4481; x_wconf 69' lang='grc' dir='ltr'>ἠιρίιιιιι</span> <span class='ocrx_word' id='word_1_602' title='bbox 709 4411 775 4482; x_wconf 84' lang='lat' dir='ltr'><strong>de</strong></span> <span class='ocrx_word' id='word_1_603' title='bbox 793 4427 912 4482; x_wconf 80' lang='lat' dir='ltr'><strong>loco</strong></span> <span class='ocrx_word' id='word_1_604' title='bbox 925 4429 991 4482; x_wconf 91' lang='lat' dir='ltr'><strong>ad</strong></span> <span class='ocrx_word' id='word_1_605' title='bbox 1007 4411 1170 4498; x_wconf 74' lang='lat' dir='ltr'><strong>quem</strong></span> <span class='ocrx_word' id='word_1_606' title='bbox 1192 4411 1582 4500; x_wconf 43' lang='lat' dir='ltr'><strong>tra&#39;n&#39;smigrare</strong></span> <span class='ocrx_word' id='word_1_607' title='bbox 1603 4415 1700 4486; x_wconf 77' lang='lat' dir='ltr'><strong>vos</strong></span> <span class='ocrx_word' id='word_1_608' title='bbox 1720 4431 1846 4486; x_wconf 77' lang='lat' dir='ltr'><strong>feci.</strong></span> <span class='ocrx_word' id='word_1_609' title='bbox 1865 4431 2002 4500; x_wconf 84' lang='lat' dir='ltr'><strong>Quia</strong></span> 
     </span>
    </p>
   </div>
   <div class='ocr_carea' id='block_1_77' title="bbox 422 4517 2002 4594">
    <p class='ocr_par' dir='ltr' id='par_1_77' title="bbox 422 4517 2002 4594">
     <span class='ocr_line' id='line_1_77' title="bbox 422 4517 2002 4594; baseline 0.005 -24"><span class='ocrx_word' id='word_1_610' title='bbox 422 4537 442 4570; x_wconf 73' lang='grc' dir='ltr'><strong>ι</strong></span> <span class='ocrx_word' id='word_1_611' title='bbox 488 4517 738 4575; x_wconf 72' lang='lat' dir='ltr'><strong>dixistis:</strong></span> <span class='ocrx_word' id='word_1_612' title='bbox 768 4519 1063 4576; x_wconf 87' lang='lat' dir='ltr'><strong>Suscitablt</strong></span> <span class='ocrx_word' id='word_1_613' title='bbox 1111 4520 1266 4578; x_wconf 90' lang='lat' dir='ltr'><strong>nobis</strong></span> <span class='ocrx_word' id='word_1_614' title='bbox 1311 4521 1570 4578; x_wconf 84' lang='lat' dir='ltr'><strong>Dominus</strong></span> <span class='ocrx_word' id='word_1_615' title='bbox 1611 4523 1906 4594; x_wconf 85' lang='lat' dir='ltr'><strong>prophetas</strong></span> <span class='ocrx_word' id='word_1_616' title='bbox 1947 4524 2002 4579; x_wconf 90' lang='lat' dir='ltr'><strong>in</strong></span> 
     </span>
    </p>
   </div>
   <div class='ocr_carea' id='block_1_78' title="bbox 2100 3320 3697 3406">
    <p class='ocr_par' dir='ltr' id='par_1_78' title="bbox 2100 3320 3697 3406">
     <span class='ocr_line' id='line_1_78' title="bbox 2100 3320 3697 3406; baseline 0.002 -30"><span class='ocrx_word' id='word_1_617' title='bbox 2100 3321 2180 3376; x_wconf 87' lang='lat' dir='ltr'><strong>sic</strong></span> <span class='ocrx_word' id='word_1_618' title='bbox 2205 3320 2343 3378; x_wconf 86' lang='lat' dir='ltr'><strong>alter</strong></span> <span class='ocrx_word' id='word_1_619' title='bbox 2371 3322 2638 3394; x_wconf 82' lang='lat' dir='ltr'><strong>cophinus</strong></span> <span class='ocrx_word' id='word_1_620' title='bbox 2662 3323 2754 3393; x_wconf 87' lang='lat' dir='ltr'><strong>qui</strong></span> <span class='ocrx_word' id='word_1_621' title='bbox 2776 3323 3015 3388; x_wconf 82' lang='lat' dir='ltr'><strong>habebat</strong></span> <span class='ocrx_word' id='word_1_622' title='bbox 3047 3322 3182 3394; x_wconf 74' lang='lat' dir='ltr'><strong>ﬁcus</strong></span> <span class='ocrx_word' id='word_1_623' title='bbox 3225 3323 3417 3398; x_wconf 68' lang='lat' dir='ltr'><strong>malas,</strong></span> <span class='ocrx_word' id='word_1_624' title='bbox 3442 3325 3697 3406; x_wconf 69' lang='lat' dir='ltr'><strong>habuisse</strong></span> 
     </span>
    </p>
   </div>
   <div class='ocr_carea' id='block_1_79' title="bbox 2102 3411 3696 3498">
    <p class='ocr_par' dir='ltr' id='par_1_79' title="bbox 2102 3411 3696 3498">
     <span class='ocr_line' id='line_1_79' title="bbox 2102 3411 3696 3498; baseline 0.003 -33"><span class='ocrx_word' id='word_1_625' title='bbox 2102 3411 2236 3468; x_wconf 90' lang='lat' dir='ltr'><strong>ﬁcus</strong></span> <span class='ocrx_word' id='word_1_626' title='bbox 2263 3414 2586 3485; x_wconf 81' lang='lat' dir='ltr'><strong>novissimas</strong></span> <span class='ocrx_word' id='word_1_627' title='bbox 2614 3413 2890 3473; x_wconf 87' lang='lat' dir='ltr'><strong>scribitur.</strong></span> <span class='ocrx_word' id='word_1_628' title='bbox 2915 3414 2982 3482; x_wconf 81' lang='lat' dir='ltr'><strong>Et</strong></span> <span class='ocrx_word' id='word_1_629' title='bbox 3011 3429 3329 3498; x_wconf 71' lang='lat' dir='ltr'><strong>persequar,</strong></span> <span class='ocrx_word' id='word_1_630' title='bbox 3356 3415 3567 3488; x_wconf 86' lang='lat' dir='ltr'><strong>inquit,</strong></span> <span class='ocrx_word' id='word_1_631' title='bbox 3597 3431 3696 3494; x_wconf 66' lang='lat' dir='ltr'><strong>eos</strong></span> 
     </span>
    </p>
   </div>
   <div class='ocr_carea' id='block_1_80' title="bbox 2101 3503 3692 3590">
    <p class='ocr_par' dir='ltr' id='par_1_80' title="bbox 2101 3503 3692 3590">
     <span class='ocr_line' id='line_1_80' title="bbox 2101 3503 3692 3590; baseline 0.001 -32"><span class='ocrx_word' id='word_1_632' title='bbox 2101 3503 2194 3576; x_wconf 89' lang='lat' dir='ltr'><strong>qui</strong></span> <span class='ocrx_word' id='word_1_633' title='bbox 2220 3505 2437 3560; x_wconf 91' lang='lat' dir='ltr'><strong>nuncin</strong></span> <span class='ocrx_word' id='word_1_634' title='bbox 2456 3504 2792 3572; x_wconf 84' lang='lat' dir='ltr'><strong>Hierusalem</strong></span> <span class='ocrx_word' id='word_1_635' title='bbox 2817 3506 2950 3562; x_wconf 89' lang='lat' dir='ltr'><strong>urbe</strong></span> <span class='ocrx_word' id='word_1_636' title='bbox 2975 3515 3283 3590; x_wconf 63' lang='lat' dir='ltr'><strong>versantur,</strong></span> <span class='ocrx_word' id='word_1_637' title='bbox 3307 3507 3506 3590; x_wconf 72' lang='lat' dir='ltr'><strong>gladio,</strong></span> <span class='ocrx_word' id='word_1_638' title='bbox 3531 3507 3692 3582; x_wconf 77' lang='lat' dir='ltr'><strong>iame,</strong></span> 
     </span>
    </p>
   </div>
   <div class='ocr_carea' id='block_1_81' title="bbox 2100 3584 3695 3686">
    <p class='ocr_par' dir='ltr' id='par_1_81' title="bbox 2100 3584 3695 3686">
     <span class='ocr_line' id='line_1_81' title="bbox 2100 3584 3695 3686; baseline 0.004 -34"><span class='ocrx_word' id='word_1_639' title='bbox 2100 3603 2156 3656; x_wconf 85' lang='lat' dir='ltr'><strong>et</strong></span> <span class='ocrx_word' id='word_1_640' title='bbox 2183 3594 2518 3684; x_wconf 75' lang='lat' dir='ltr'><strong>pestilentia,</strong></span> <span class='ocrx_word' id='word_1_641' title='bbox 2546 3603 2608 3686; x_wconf 88' lang='lat' dir='ltr'><strong>ut</strong></span> <span class='ocrx_word' id='word_1_642' title='bbox 2635 3596 2870 3667; x_wconf 85' lang='lat' dir='ltr'><strong>primum</strong></span> <span class='ocrx_word' id='word_1_643' title='bbox 2910 3584 3223 3668; x_wconf 65' lang='lat' dir='ltr'><strong>obsidione,</strong></span> <span class='ocrx_word' id='word_1_644' title='bbox 3253 3584 3536 3686; x_wconf 44' lang='lat' dir='ltr'><strong>eorit‘ésiiin</strong></span> <span class='ocrx_word' id='word_1_645' title='bbox 3556 3640 3571 3664; x_wconf 95' lang='lat'><strong>,</strong></span> <span class='ocrx_word' id='word_1_646' title='bbox 3603 3601 3695 3674; x_wconf 69' lang='lat' dir='ltr'><strong>qui</strong></span> 
     </span>
    </p>
   </div>
   <div class='ocr_carea' id='block_1_82' title="bbox 2101 3685 3696 3778">
    <p class='ocr_par' dir='ltr' id='par_1_82' title="bbox 2101 3685 3696 3778">
     <span class='ocr_line' id='line_1_82' title="bbox 2101 3685 3696 3778; baseline 0.004 -37"><span class='ocrx_word' id='word_1_647' title='bbox 2101 3701 2388 3750; x_wconf 81' lang='lat' dir='ltr'><strong>remanere</strong></span> <span class='ocrx_word' id='word_1_648' title='bbox 2420 3695 2476 3742; x_wconf 90' lang='lat' dir='ltr'><strong>et</strong></span> <span class='ocrx_word' id='word_1_649' title='bbox 2501 3685 2738 3760; x_wconf 68' lang='lat' dir='ltr'><strong>eliugere</strong></span> <span class='ocrx_word' id='word_1_650' title='bbox 2767 3689 3048 3760; x_wconf 73' lang='lat' dir='ltr'><strong>potuerint</strong></span> <span class='ocrx_word' id='word_1_651' title='bbox 3073 3689 3456 3763; x_wconf 62' lang='lat' dir='ltr'><strong>disperguntur</strong></span> <span class='ocrx_word' id='word_1_652' title='bbox 3483 3691 3538 3778; x_wconf 76' lang='lat' dir='ltr'><strong>ip</strong></span> <span class='ocrx_word' id='word_1_653' title='bbox 3569 3693 3696 3766; x_wconf 82' lang='lat' dir='ltr'><strong>uni-</strong></span> 
     </span>
    </p>
   </div>
   <div class='ocr_carea' id='block_1_83' title="bbox 2100 3780 3700 3856">
    <p class='ocr_par' dir='ltr' id='par_1_83' title="bbox 2100 3780 3700 3856">
     <span class='ocr_line' id='line_1_83' title="bbox 2100 3780 3700 3856; baseline -0.001 -14"><span class='ocrx_word' id='word_1_654' title='bbox 2100 3794 2286 3843; x_wconf 75' lang='lat' dir='ltr'><strong>versas</strong></span> <span class='ocrx_word' id='word_1_655' title='bbox 2311 3789 2507 3846; x_wconf 79' lang='lat' dir='ltr'><strong>terras,</strong></span> <span class='ocrx_word' id='word_1_656' title='bbox 2537 3788 2592 3841; x_wconf 90' lang='lat' dir='ltr'><strong>et</strong></span> <span class='ocrx_word' id='word_1_657' title='bbox 2618 3780 2867 3852; x_wconf 77' lang='lat' dir='ltr'><strong>exemplo</strong></span> <span class='ocrx_word' id='word_1_658' title='bbox 2913 3781 3024 3850; x_wconf 78' lang='lat' dir='ltr'><strong>sint</strong></span> <span class='ocrx_word' id='word_1_659' title='bbox 3065 3782 3318 3854; x_wconf 71' lang='lat' dir='ltr'><strong>omnibus</strong></span> <span class='ocrx_word' id='word_1_660' title='bbox 3362 3783 3700 3856; x_wconf 56' lang='lat' dir='ltr'><strong>maledictio&#39;</strong></span> 
     </span>
    </p>
   </div>
   <div class='ocr_carea' id='block_1_84' title="bbox 2103 3869 3698 3956">
    <p class='ocr_par' dir='ltr' id='par_1_84' title="bbox 2103 3869 3698 3956">
     <span class='ocr_line' id='line_1_84' title="bbox 2103 3869 3698 3956; baseline 0.004 -31"><span class='ocrx_word' id='word_1_661' title='bbox 2103 3869 2222 3937; x_wconf 88' lang='lat' dir='ltr'><strong>nis,</strong></span> <span class='ocrx_word' id='word_1_662' title='bbox 2253 3871 2524 3944; x_wconf 86' lang='lat' dir='ltr'><strong>stuporis,</strong></span> <span class='ocrx_word' id='word_1_663' title='bbox 2557 3879 2612 3938; x_wconf 87' lang='lat' dir='ltr'><strong>et</strong></span> <span class='ocrx_word' id='word_1_664' title='bbox 2635 3869 2802 3956; x_wconf 73' lang='lat' dir='ltr'><strong>sibiii,</strong></span> <span class='ocrx_word' id='word_1_665' title='bbox 2835 3881 2892 3930; x_wconf 89' lang='lat' dir='ltr'><strong>et</strong></span> <span class='ocrx_word' id='word_1_666' title='bbox 2937 3873 3249 3953; x_wconf 75' lang='lat' dir='ltr'><strong>opprobrii,</strong></span> <span class='ocrx_word' id='word_1_667' title='bbox 3298 3875 3370 3948; x_wconf 76' lang='lat' dir='ltr'><strong>ad</strong></span> <span class='ocrx_word' id='word_1_668' title='bbox 3415 3891 3553 3947; x_wconf 86' lang='lat' dir='ltr'><strong>quos</strong></span> <span class='ocrx_word' id='word_1_669' title='bbox 3597 3891 3698 3954; x_wconf 71' lang='lat' dir='ltr'><strong>ego</strong></span> 
     </span>
    </p>
   </div>
   <div class='ocr_carea' id='block_1_85' title="bbox 2101 3962 3701 4044">
    <p class='ocr_par' dir='ltr' id='par_1_85' title="bbox 2101 3962 3701 4044">
     <span class='ocr_line' id='line_1_85' title="bbox 2101 3962 3701 4044; baseline 0.003 -27"><span class='ocrx_word' id='word_1_670' title='bbox 2101 3962 2318 4034; x_wconf 86' lang='lat' dir='ltr'><strong>ejiciam</strong></span> <span class='ocrx_word' id='word_1_671' title='bbox 2367 3978 2465 4018; x_wconf 82' lang='lat' dir='ltr'><strong>vos</strong></span> <span class='ocrx_word' id='word_1_672' title='bbox 2513 3962 2641 4035; x_wconf 86' lang='lat' dir='ltr'><strong>quia</strong></span> <span class='ocrx_word' id='word_1_673' title='bbox 2695 3978 2803 4034; x_wconf 83' lang='lat' dir='ltr'><strong>non</strong></span> <span class='ocrx_word' id='word_1_674' title='bbox 2847 3965 3139 4034; x_wconf 82' lang='lat' dir='ltr'><strong>audierunt</strong></span> <span class='ocrx_word' id='word_1_675' title='bbox 3177 3965 3343 4038; x_wconf 70' lang='lat' dir='ltr'><strong>verba</strong></span> <span class='ocrx_word' id='word_1_676' title='bbox 3380 3981 3522 4040; x_wconf 78' lang='lat' dir='ltr'><strong>mea,</strong></span> <span class='ocrx_word' id='word_1_677' title='bbox 3567 3966 3701 4044; x_wconf 54' lang='lat' dir='ltr'><strong>dicit</strong></span> 
     </span>
    </p>
   </div>
   <div class='ocr_carea' id='block_1_86' title="bbox 2103 4055 3700 4132">
    <p class='ocr_par' dir='ltr' id='par_1_86' title="bbox 2103 4055 3700 4132">
     <span class='ocr_line' id='line_1_86' title="bbox 2103 4055 3700 4132; baseline 0.003 -21"><span class='ocrx_word' id='word_1_678' title='bbox 2103 4055 2388 4121; x_wconf 85' lang='lat' dir='ltr'><strong>Dominus,</strong></span> <span class='ocrx_word' id='word_1_679' title='bbox 2417 4071 2540 4126; x_wconf 79' lang='lat' dir='ltr'><strong>quae</strong></span> <span class='ocrx_word' id='word_1_680' title='bbox 2568 4071 2665 4126; x_wconf 87' lang='lat' dir='ltr'><strong>per</strong></span> <span class='ocrx_word' id='word_1_681' title='bbox 2690 4071 2879 4116; x_wconf 88' lang='lat' dir='ltr'><strong>servos</strong></span> <span class='ocrx_word' id='word_1_682' title='bbox 2905 4072 3058 4124; x_wconf 83' lang='lat' dir='ltr'><strong>meos</strong></span> <span class='ocrx_word' id='word_1_683' title='bbox 3086 4058 3300 4128; x_wconf 77' lang='lat' dir='ltr'><strong>locutus</strong></span> <span class='ocrx_word' id='word_1_684' title='bbox 3327 4073 3482 4128; x_wconf 81' lang='lat' dir='ltr'><strong>sum,</strong></span> <span class='ocrx_word' id='word_1_685' title='bbox 3508 4059 3574 4132; x_wconf 66' lang='lat' dir='ltr'><strong>ad</strong></span> <span class='ocrx_word' id='word_1_686' title='bbox 3601 4073 3700 4132; x_wconf 65' lang='lat' dir='ltr'><strong>eos</strong></span> 
     </span>
    </p>
   </div>
   <div class='ocr_carea' id='block_1_87' title="bbox 2104 4149 3700 4229">
    <p class='ocr_par' dir='ltr' id='par_1_87' title="bbox 2104 4149 3700 4229">
     <span class='ocr_line' id='line_1_87' title="bbox 2104 4149 3700 4229; baseline 0.004 -24"><span class='ocrx_word' id='word_1_687' title='bbox 2104 4149 2170 4205; x_wconf 87' lang='lat' dir='ltr'><strong>de</strong></span> <span class='ocrx_word' id='word_1_688' title='bbox 2194 4159 2354 4219; x_wconf 83' lang='lat' dir='ltr'><strong>nocte</strong></span> <span class='ocrx_word' id='word_1_689' title='bbox 2375 4165 2708 4220; x_wconf 78' lang='lat' dir='ltr'><strong>consurgens</strong></span> <span class='ocrx_word' id='word_1_690' title='bbox 2727 4159 2784 4218; x_wconf 72' lang='lat' dir='ltr'><strong>et</strong></span> <span class='ocrx_word' id='word_1_691' title='bbox 2808 4151 3051 4218; x_wconf 85' lang='lat' dir='ltr'><strong>mittens,</strong></span> <span class='ocrx_word' id='word_1_692' title='bbox 3085 4160 3140 4207; x_wconf 88' lang='lat' dir='ltr'><strong>et</strong></span> <span class='ocrx_word' id='word_1_693' title='bbox 3170 4166 3445 4225; x_wconf 79' lang='lat' dir='ltr'><strong>nunquam</strong></span> <span class='ocrx_word' id='word_1_694' title='bbox 3474 4167 3700 4229; x_wconf 74' lang='lat' dir='ltr'><strong>monere</strong></span> 
     </span>
    </p>
   </div>
   <div class='ocr_carea' id='block_1_88' title="bbox 2103 4243 3698 4323">
    <p class='ocr_par' dir='ltr' id='par_1_88' title="bbox 2103 4243 3698 4323">
     <span class='ocr_line' id='line_1_88' title="bbox 2103 4243 3698 4323; baseline 0.001 -25"><span class='ocrx_word' id='word_1_695' title='bbox 2103 4243 2354 4308; x_wconf 89' lang='lat' dir='ltr'><strong>cessavi,</strong></span> <span class='ocrx_word' id='word_1_696' title='bbox 2387 4250 2448 4323; x_wconf 85' lang='lat' dir='ltr'><strong>ut</strong></span> <span class='ocrx_word' id='word_1_697' title='bbox 2487 4243 2835 4300; x_wconf 86' lang='lat' dir='ltr'><strong>imitarentur</strong></span> <span class='ocrx_word' id='word_1_698' title='bbox 2857 4259 2977 4311; x_wconf 89' lang='lat' dir='ltr'><strong>vos,</strong></span> <span class='ocrx_word' id='word_1_699' title='bbox 3009 4245 3103 4316; x_wconf 83' lang='lat' dir='ltr'><strong>qui</strong></span> <span class='ocrx_word' id='word_1_700' title='bbox 3135 4245 3190 4300; x_wconf 90' lang='lat' dir='ltr'><strong>in</strong></span> <span class='ocrx_word' id='word_1_701' title='bbox 3221 4245 3698 4323; x_wconf 80' lang='lat' dir='ltr'><strong>transmigratione</strong></span> 
     </span>
    </p>
   </div>
   <div class='ocr_carea' id='block_1_89' title="bbox 2104 4321 3698 4407">
    <p class='ocr_par' dir='ltr' id='par_1_89' title="bbox 2104 4321 3698 4407">
     <span class='ocr_line' id='line_1_89' title="bbox 2104 4321 3698 4407; baseline 0.004 -19"><span class='ocrx_word' id='word_1_702' title='bbox 2104 4347 2298 4390; x_wconf 85' lang='lat' dir='ltr'><strong>securo</strong></span> <span class='ocrx_word' id='word_1_703' title='bbox 2340 4321 2452 4390; x_wconf 88' lang='lat' dir='ltr'><strong>otio</strong></span> <span class='ocrx_word' id='word_1_704' title='bbox 2489 4333 2861 4404; x_wconf 71' lang='lat' dir='ltr'><strong>periruimini,</strong></span> <span class='ocrx_word' id='word_1_705' title='bbox 2911 4337 3084 4393; x_wconf 90' lang='lat' dir='ltr'><strong>donec</strong></span> <span class='ocrx_word' id='word_1_706' title='bbox 3137 4335 3430 4406; x_wconf 81' lang='lat' dir='ltr'><strong>promissio</strong></span> <span class='ocrx_word' id='word_1_707' title='bbox 3477 4321 3698 4407; x_wconf 74' lang='lat' dir='ltr'><strong>Doruini</strong></span> 
     </span>
    </p>
   </div>
   <div class='ocr_carea' id='block_1_90' title="bbox 2105 4425 3696 4504">
    <p class='ocr_par' dir='ltr' id='par_1_90' title="bbox 2105 4425 3696 4504">
     <span class='ocr_line' id='line_1_90' title="bbox 2105 4425 3696 4504; baseline 0.01 -20"><span class='ocrx_word' id='word_1_708' title='bbox 2105 4426 2464 4500; x_wconf 79' lang='lat' dir='ltr'><strong>compleatur.</strong></span> <span class='ocrx_word' id='word_1_709' title='bbox 2489 4425 2600 4486; x_wconf 62' lang='lat' dir='ltr'><strong>Nos</strong></span> <span class='ocrx_word' id='word_1_710' title='bbox 2634 4437 2818 4504; x_wconf 76' lang='lat' dir='ltr'><strong>autem</strong></span> <span class='ocrx_word' id='word_1_711' title='bbox 2839 4468 2854 4493; x_wconf 86' lang='lat'><strong>,</strong></span> <span class='ocrx_word' id='word_1_712' title='bbox 2889 4429 2985 4499; x_wconf 89' lang='lat' dir='ltr'><strong>qui</strong></span> <span class='ocrx_word' id='word_1_713' title='bbox 3017 4443 3152 4492; x_wconf 66' lang='lat' dir='ltr'><strong>mete</strong></span> <span class='ocrx_word' id='word_1_714' title='bbox 3182 4428 3446 4498; x_wconf 69' lang='lat' dir='ltr'><strong>obedistis</strong></span> <span class='ocrx_word' id='word_1_715' title='bbox 3473 4437 3696 4503; x_wconf 63' lang='grc' dir='ltr'><strong>δοριθη-</strong></span> 
     </span>
    </p>
   </div>
   <div class='ocr_carea' id='block_1_91' title="bbox 2108 4520 3742 4594">
    <p class='ocr_par' dir='ltr' id='par_1_91' title="bbox 2108 4520 3742 4594">
     <span class='ocr_line' id='line_1_91' title="bbox 2108 4520 3742 4594; baseline 0.004 -18"><span class='ocrx_word' id='word_1_716' title='bbox 2108 4523 2228 4588; x_wconf 69' lang='lat' dir='ltr'><strong>tiae,</strong></span> <span class='ocrx_word' id='word_1_717' title='bbox 2258 4528 2313 4576; x_wconf 86' lang='lat' dir='ltr'><strong>et</strong></span> <span class='ocrx_word' id='word_1_718' title='bbox 2341 4522 2454 4594; x_wconf 81' lang='lat' dir='ltr'><strong>regi</strong></span> <span class='ocrx_word' id='word_1_719' title='bbox 2484 4537 2582 4578; x_wconf 89' lang='lat' dir='ltr'><strong>vos</strong></span> <span class='ocrx_word' id='word_1_720' title='bbox 2621 4520 2921 4592; x_wconf 87' lang='lat' dir='ltr'><strong>Babylonio</strong></span> <span class='ocrx_word' id='word_1_721' title='bbox 2959 4521 3292 4588; x_wconf 79' lang='lat' dir='ltr'><strong>tradidistis,</strong></span> <span class='ocrx_word' id='word_1_722' title='bbox 3321 4521 3504 4590; x_wconf 76' lang='lat' dir='ltr'><strong>audite</strong></span> <span class='ocrx_word' id='word_1_723' title='bbox 3524 4561 3542 4587; x_wconf 86' lang='lat'><strong>,</strong></span> <span class='ocrx_word' id='word_1_724' title='bbox 3577 4536 3698 4593; x_wconf 63' lang='lat' dir='ltr'><strong>qua</strong></span> <span class='ocrx_word' id='word_1_725' title='bbox 3721 4535 3742 4558; x_wconf 67' lang='grc' dir='ltr'><strong>ε</strong></span> 
     </span>
    </p>
   </div>
   <div class='ocr_carea' id='block_1_92' title="bbox 421 4597 3698 4686">
    <p class='ocr_par' dir='ltr' id='par_1_92' title="bbox 421 4597 3698 4686">
     <span class='ocr_line' id='line_1_92' title="bbox 421 4597 3698 4686; baseline 0.002 -25"><span class='ocrx_word' id='word_1_726' title='bbox 421 4627 442 4660; x_wconf 85' lang='grc'><em>‹</em></span> <span class='ocrx_word' id='word_1_727' title='bbox 485 4607 773 4680; x_wconf 84' lang='lat' dir='ltr'><strong>Babylone.</strong></span> <span class='ocrx_word' id='word_1_728' title='bbox 797 4607 928 4664; x_wconf 68' lang='lat' dir='ltr'><strong>Bazc</strong></span> <span class='ocrx_word' id='word_1_729' title='bbox 959 4609 1103 4665; x_wconf 88' lang='lat' dir='ltr'><strong>enim</strong></span> <span class='ocrx_word' id='word_1_730' title='bbox 1137 4609 1268 4666; x_wconf 85' lang='lat' dir='ltr'><strong>dicit</strong></span> <span class='ocrx_word' id='word_1_731' title='bbox 1303 4611 1564 4668; x_wconf 90' lang='lat' dir='ltr'><strong>Dominus</strong></span> <span class='ocrx_word' id='word_1_732' title='bbox 1605 4615 1674 4669; x_wconf 91' lang='lat' dir='ltr'><strong>ad</strong></span> <span class='ocrx_word' id='word_1_733' title='bbox 1704 4619 1886 4683; x_wconf 80' lang='lat' dir='ltr'><strong>regem</strong></span> <span class='ocrx_word' id='word_1_734' title='bbox 1911 4615 2002 4684; x_wconf 92' lang='lat' dir='ltr'><strong>qui</strong></span> <span class='ocrx_word' id='word_1_735' title='bbox 2017 4623 2084 4684; x_wconf 70' lang='grc' dir='ltr'>ιι)</span> <span class='ocrx_word' id='word_1_736' title='bbox 2110 4615 2353 4672; x_wconf 88' lang='lat' dir='ltr'><strong>dicturus</strong></span> <span class='ocrx_word' id='word_1_737' title='bbox 2366 4615 2574 4671; x_wconf 83' lang='lat' dir='ltr'><strong>sim.Et</strong></span> <span class='ocrx_word' id='word_1_738' title='bbox 2593 4615 2646 4686; x_wconf 89' lang='lat' dir='ltr'><strong>in</strong></span> <span class='ocrx_word' id='word_1_739' title='bbox 2671 4615 2776 4670; x_wconf 88' lang='lat' dir='ltr'><strong>hoc</strong></span> <span class='ocrx_word' id='word_1_740' title='bbox 2795 4615 2914 4669; x_wconf 89' lang='lat' dir='ltr'><strong>loco</strong></span> <span class='ocrx_word' id='word_1_741' title='bbox 2940 4597 3140 4675; x_wconf 83' lang='lat' dir='ltr'><strong>delirus</strong></span> <span class='ocrx_word' id='word_1_742' title='bbox 3164 4615 3434 4684; x_wconf 86' lang='lat' dir='ltr'><strong>interpres</strong></span> <span class='ocrx_word' id='word_1_743' title='bbox 3463 4613 3698 4682; x_wconf 74' lang='lat' dir='ltr'><strong>somniat</strong></span> 
     </span>
    </p>
   </div>
   <div class='ocr_carea' id='block_1_93' title="bbox 423 4700 2004 4777">
    <p class='ocr_par' dir='ltr' id='par_1_93' title="bbox 423 4700 2004 4777">
     <span class='ocr_line' id='line_1_93' title="bbox 423 4700 2004 4777; baseline 0.004 -22"><span class='ocrx_word' id='word_1_744' title='bbox 423 4719 444 4774; x_wconf 64' lang='grc' dir='ltr'><strong>ι</strong></span> <span class='ocrx_word' id='word_1_745' title='bbox 485 4700 636 4756; x_wconf 89' lang='lat' dir='ltr'><strong>sedet</strong></span> <span class='ocrx_word' id='word_1_746' title='bbox 651 4716 814 4772; x_wconf 87' lang='lat' dir='ltr'><strong>super</strong></span> <span class='ocrx_word' id='word_1_747' title='bbox 831 4701 1025 4757; x_wconf 90' lang='lat' dir='ltr'><strong>solium</strong></span> <span class='ocrx_word' id='word_1_748' title='bbox 1042 4701 1208 4758; x_wconf 88' lang='lat' dir='ltr'><strong>David</strong></span> <span class='ocrx_word' id='word_1_749' title='bbox 1226 4711 1284 4759; x_wconf 89' lang='lat' dir='ltr'><strong>et</strong></span> <span class='ocrx_word' id='word_1_750' title='bbox 1304 4703 1372 4759; x_wconf 90' lang='lat' dir='ltr'><strong>ad</strong></span> <span class='ocrx_word' id='word_1_751' title='bbox 1393 4719 1609 4760; x_wconf 91' lang='lat' dir='ltr'><strong>omnem</strong></span> <span class='ocrx_word' id='word_1_752' title='bbox 1631 4707 1886 4777; x_wconf 87' lang='lat' dir='ltr'><strong>populum</strong></span> <span class='ocrx_word' id='word_1_753' title='bbox 1911 4707 2004 4762; x_wconf 86' lang='lat' dir='ltr'><strong>ha-</strong></span> 
     </span>
    </p>
   </div>
   <div class='ocr_carea' id='block_1_94' title="bbox 423 4779 2004 4869">
    <p class='ocr_par' dir='ltr' id='par_1_94' title="bbox 423 4779 2004 4869">
     <span class='ocr_line' id='line_1_94' title="bbox 423 4779 2004 4869; baseline 0.006 -25"><span class='ocrx_word' id='word_1_754' title='bbox 423 4813 442 4844; x_wconf 68' lang='lat' dir='ltr'><strong>c</strong></span> <span class='ocrx_word' id='word_1_755' title='bbox 483 4793 771 4849; x_wconf 89' lang='lat' dir='ltr'><strong>bitatorem</strong></span> <span class='ocrx_word' id='word_1_756' title='bbox 801 4779 954 4850; x_wconf 82' lang='lat' dir='ltr'><strong>urbis</strong></span> <span class='ocrx_word' id='word_1_757' title='bbox 997 4781 1179 4862; x_wconf 85' lang='lat' dir='ltr'><strong>hujus,</strong></span> <span class='ocrx_word' id='word_1_758' title='bbox 1219 4803 1278 4850; x_wconf 90' lang='lat' dir='ltr'><strong>et</strong></span> <span class='ocrx_word' id='word_1_759' title='bbox 1319 4795 1386 4850; x_wconf 90' lang='lat' dir='ltr'><strong>ad</strong></span> <span class='ocrx_word' id='word_1_760' title='bbox 1425 4797 1626 4852; x_wconf 82' lang='lat' dir='ltr'><strong>fratres</strong></span> <span class='ocrx_word' id='word_1_761' title='bbox 1651 4807 1884 4864; x_wconf 86' lang='lat' dir='ltr'><strong>vestros,</strong></span> <span class='ocrx_word' id='word_1_762' title='bbox 1910 4798 2004 4869; x_wconf 90' lang='lat' dir='ltr'><strong>qui</strong></span> 
     </span>
    </p>
   </div>
   <div class='ocr_carea' id='block_1_95' title="bbox 425 4885 2000 4962">
    <p class='ocr_par' dir='ltr' id='par_1_95' title="bbox 425 4885 2000 4962">
     <span class='ocr_line' id='line_1_95' title="bbox 425 4885 2000 4962; baseline 0.005 -24"><span class='ocrx_word' id='word_1_763' title='bbox 425 4905 445 4938; x_wconf 78' lang='grc' dir='ltr'><strong>ι</strong></span> <span class='ocrx_word' id='word_1_764' title='bbox 493 4903 598 4943; x_wconf 87' lang='grc' dir='ltr'>ηοιι</span> <span class='ocrx_word' id='word_1_765' title='bbox 626 4895 753 4943; x_wconf 89' lang='lat' dir='ltr'><strong>sunt</strong></span> <span class='ocrx_word' id='word_1_766' title='bbox 779 4885 1012 4960; x_wconf 85' lang='lat' dir='ltr'><strong>ingressi</strong></span> <span class='ocrx_word' id='word_1_767' title='bbox 1039 4886 1318 4943; x_wconf 88' lang='lat' dir='ltr'><strong>vobiscum</strong></span> <span class='ocrx_word' id='word_1_768' title='bbox 1345 4889 1400 4944; x_wconf 89' lang='lat' dir='ltr'><strong>in</strong></span> <span class='ocrx_word' id='word_1_769' title='bbox 1441 4885 2000 4962; x_wconf 83' lang='lat' dir='ltr'><strong>transmigrationem.</strong></span> 
     </span>
    </p>
   </div>
   <div class='ocr_carea' id='block_1_96' title="bbox 425 4963 2006 5054">
    <p class='ocr_par' dir='ltr' id='par_1_96' title="bbox 425 4963 2006 5054">
     <span class='ocr_line' id='line_1_96' title="bbox 425 4963 2006 5054; baseline 0.005 -25"><span class='ocrx_word' id='word_1_770' title='bbox 425 4998 443 5028; x_wconf 76' lang='grc' dir='ltr'><strong>ι</strong></span> <span class='ocrx_word' id='word_1_771' title='bbox 490 4979 616 5033; x_wconf 75' lang='lat' dir='ltr'><strong>Haec</strong></span> <span class='ocrx_word' id='word_1_772' title='bbox 641 4979 772 5033; x_wconf 88' lang='lat' dir='ltr'><strong>dicit</strong></span> <span class='ocrx_word' id='word_1_773' title='bbox 803 4963 1425 5035; x_wconf 56' lang='lat' dir='ltr'><strong>Dominus‘ekercituum</strong></span> <span class='ocrx_word' id='word_1_774' title='bbox 1445 4967 1466 5034; x_wconf 69' lang='grc' dir='ltr'>ἐ</span> <span class='ocrx_word' id='word_1_775' title='bbox 1492 4971 1631 5036; x_wconf 83' lang='lat' dir='ltr'><strong>Ecce</strong></span> <span class='ocrx_word' id='word_1_776' title='bbox 1656 4994 1757 5054; x_wconf 88' lang='lat' dir='ltr'><strong>ego</strong></span> <span class='ocrx_word' id='word_1_777' title='bbox 1790 4977 2006 5038; x_wconf 85' lang='lat' dir='ltr'><strong>mittam</strong></span> 
     </span>
    </p>
   </div>
   <div class='ocr_carea' id='block_1_97' title="bbox 428 5069 2007 5144">
    <p class='ocr_par' dir='ltr' id='par_1_97' title="bbox 428 5069 2007 5144">
     <span class='ocr_line' id='line_1_97' title="bbox 428 5069 2007 5144; baseline 0.007 -25"><span class='ocrx_word' id='word_1_778' title='bbox 428 5089 446 5119; x_wconf 73' lang='grc' dir='ltr'><strong>ι</strong></span> <span class='ocrx_word' id='word_1_779' title='bbox 494 5071 546 5124; x_wconf 89' lang='lat' dir='ltr'><strong>in</strong></span> <span class='ocrx_word' id='word_1_780' title='bbox 573 5070 966 5140; x_wconf 79' lang='lat' dir='ltr'><strong>eos‘gladium,</strong></span> <span class='ocrx_word' id='word_1_781' title='bbox 1011 5069 1206 5125; x_wconf 80' lang='lat' dir='ltr'><strong>famem</strong></span> <span class='ocrx_word' id='word_1_782' title='bbox 1225 5111 1238 5137; x_wconf 90' lang='lat'><strong>,</strong></span> <span class='ocrx_word' id='word_1_783' title='bbox 1265 5081 1320 5126; x_wconf 89' lang='lat' dir='ltr'><strong>et</strong></span> <span class='ocrx_word' id='word_1_784' title='bbox 1349 5081 1580 5143; x_wconf 89' lang='lat' dir='ltr'><strong>pestem,</strong></span> <span class='ocrx_word' id='word_1_785' title='bbox 1602 5082 1660 5129; x_wconf 91' lang='lat' dir='ltr'><strong>et</strong></span> <span class='ocrx_word' id='word_1_786' title='bbox 1685 5088 1883 5144; x_wconf 90' lang='lat' dir='ltr'><strong>ponam</strong></span> <span class='ocrx_word' id='word_1_787' title='bbox 1911 5089 2007 5131; x_wconf 91' lang='lat' dir='ltr'><strong>eos</strong></span> 
     </span>
    </p>
   </div>
   <div class='ocr_carea' id='block_1_98' title="bbox 429 5159 2009 5236">
    <p class='ocr_par' dir='ltr' id='par_1_98' title="bbox 429 5159 2009 5236">
     <span class='ocr_line' id='line_1_98' title="bbox 429 5159 2009 5236; baseline 0.005 -21"><span class='ocrx_word' id='word_1_788' title='bbox 429 5182 448 5214; x_wconf 74' lang='grc' dir='ltr'><strong>ι</strong></span> <span class='ocrx_word' id='word_1_789' title='bbox 493 5163 645 5231; x_wconf 87' lang='lat' dir='ltr'><strong>quasi</strong></span> <span class='ocrx_word' id='word_1_790' title='bbox 667 5162 801 5218; x_wconf 82' lang='lat' dir='ltr'><strong>ﬁcus</strong></span> <span class='ocrx_word' id='word_1_791' title='bbox 825 5165 993 5220; x_wconf 86' lang='lat' dir='ltr'><strong>malas</strong></span> <span class='ocrx_word' id='word_1_792' title='bbox 1014 5180 1133 5234; x_wconf 77' lang='lat' dir='ltr'><strong>qua:</strong></span> <span class='ocrx_word' id='word_1_793' title='bbox 1159 5165 1369 5221; x_wconf 87' lang='lat' dir='ltr'><strong>comedi</strong></span> <span class='ocrx_word' id='word_1_794' title='bbox 1389 5181 1496 5221; x_wconf 92' lang='lat' dir='ltr'><strong>non</strong></span> <span class='ocrx_word' id='word_1_795' title='bbox 1521 5175 1765 5236; x_wconf 89' lang='lat' dir='ltr'><strong>possunt.</strong></span> <span class='ocrx_word' id='word_1_796' title='bbox 1784 5159 1852 5223; x_wconf 81' lang='lat' dir='ltr'><strong>eo</strong></span> <span class='ocrx_word' id='word_1_797' title='bbox 1867 5167 2009 5236; x_wconf 89' lang='lat' dir='ltr'><strong>quod</strong></span> 
     </span>
    </p>
   </div>
   <div class='ocr_carea' id='block_1_99' title="bbox 431 5241 2010 5328">
    <p class='ocr_par' dir='ltr' id='par_1_99' title="bbox 431 5241 2010 5328">
     <span class='ocr_line' id='line_1_99' title="bbox 431 5241 2010 5328; baseline 0.008 -26"><span class='ocrx_word' id='word_1_798' title='bbox 431 5272 450 5302; x_wconf 74' lang='grc' dir='ltr'><strong>ι</strong></span> <span class='ocrx_word' id='word_1_799' title='bbox 497 5251 741 5320; x_wconf 84' lang='lat' dir='ltr'><strong>pessimae</strong></span> <span class='ocrx_word' id='word_1_800' title='bbox 755 5253 880 5308; x_wconf 84' lang='lat' dir='ltr'><strong>sint.</strong></span> <span class='ocrx_word' id='word_1_801' title='bbox 897 5241 970 5308; x_wconf 49' lang='lat' dir='ltr'><strong>&#39;Et</strong></span> <span class='ocrx_word' id='word_1_802' title='bbox 985 5267 1285 5325; x_wconf 80' lang='lat' dir='ltr'><strong>persequar.</strong></span> <span class='ocrx_word' id='word_1_803' title='bbox 1302 5269 1396 5312; x_wconf 91' lang='lat' dir='ltr'><strong>eos</strong></span> <span class='ocrx_word' id='word_1_804' title='bbox 1417 5257 1470 5311; x_wconf 91' lang='lat' dir='ltr'><strong>in</strong></span> <span class='ocrx_word' id='word_1_805' title='bbox 1493 5256 1691 5328; x_wconf 85' lang='lat' dir='ltr'><strong>gladio,</strong></span> <span class='ocrx_word' id='word_1_806' title='bbox 1714 5257 1842 5312; x_wconf 86' lang='lat' dir='ltr'><strong>etin</strong></span> <span class='ocrx_word' id='word_1_807' title='bbox 1865 5255 2010 5314; x_wconf 81' lang='lat' dir='ltr'><strong>fame</strong></span> 
     </span>
    </p>
   </div>
   <div class='ocr_carea' id='block_1_100' title="bbox 433 5330 2010 5414">
    <p class='ocr_par' dir='ltr' id='par_1_100' title="bbox 433 5330 2010 5414">
     <span class='ocr_line' id='line_1_100' title="bbox 433 5330 2010 5414; baseline 0.009 -20"><span class='ocrx_word' id='word_1_808' title='bbox 433 5362 452 5394; x_wconf 72' lang='grc' dir='ltr'><strong>ι</strong></span> <span class='ocrx_word' id='word_1_809' title='bbox 495 5351 551 5398; x_wconf 87' lang='lat' dir='ltr'><strong>et</strong></span> <span class='ocrx_word' id='word_1_810' title='bbox 591 5342 644 5398; x_wconf 91' lang='lat' dir='ltr'><strong>in</strong></span> <span class='ocrx_word' id='word_1_811' title='bbox 675 5330 1002 5414; x_wconf 82' lang='lat' dir='ltr'><strong>pestilentia,</strong></span> <span class='ocrx_word' id='word_1_812' title='bbox 1039 5357 1095 5402; x_wconf 89' lang='lat' dir='ltr'><strong>et</strong></span> <span class='ocrx_word' id='word_1_813' title='bbox 1119 5348 1260 5404; x_wconf 86' lang='lat' dir='ltr'><strong>dabo</strong></span> <span class='ocrx_word' id='word_1_814' title='bbox 1283 5363 1383 5406; x_wconf 88' lang='lat' dir='ltr'><strong>vos</strong></span> <span class='ocrx_word' id='word_1_815' title='bbox 1421 5349 1476 5404; x_wconf 93' lang='lat' dir='ltr'><strong>in</strong></span> <span class='ocrx_word' id='word_1_816' title='bbox 1521 5351 1861 5405; x_wconf 84' lang='lat' dir='ltr'><strong>vexationem</strong></span> <span class='ocrx_word' id='word_1_817' title='bbox 1887 5351 2010 5408; x_wconf 87' lang='lat' dir='ltr'><strong>uni-</strong></span> 
     </span>
    </p>
   </div>
   <div class='ocr_carea' id='block_1_101' title="bbox 433 5435 2008 5514">
    <p class='ocr_par' dir='ltr' id='par_1_101' title="bbox 433 5435 2008 5514">
     <span class='ocr_line' id='line_1_101' title="bbox 433 5435 2008 5514; baseline 0.006 -25"><span class='ocrx_word' id='word_1_818' title='bbox 433 5457 451 5489; x_wconf 77' lang='grc' dir='ltr'><strong>ι</strong></span> <span class='ocrx_word' id='word_1_819' title='bbox 491 5435 666 5493; x_wconf 91' lang='lat' dir='ltr'><strong>versis</strong></span> <span class='ocrx_word' id='word_1_820' title='bbox 689 5439 870 5513; x_wconf 88' lang='lat' dir='ltr'><strong>regnis</strong></span> <span class='ocrx_word' id='word_1_821' title='bbox 899 5449 1080 5507; x_wconf 67' lang='lat' dir='ltr'><strong>terrae,</strong></span> <span class='ocrx_word' id='word_1_822' title='bbox 1107 5443 1161 5496; x_wconf 92' lang='lat' dir='ltr'><strong>in</strong></span> <span class='ocrx_word' id='word_1_823' title='bbox 1185 5442 1634 5509; x_wconf 86' lang='lat' dir='ltr'><strong>maledictionem,</strong></span> <span class='ocrx_word' id='word_1_824' title='bbox 1656 5451 1712 5499; x_wconf 89' lang='lat' dir='ltr'><strong>et</strong></span> <span class='ocrx_word' id='word_1_825' title='bbox 1733 5443 1787 5498; x_wconf 92' lang='lat' dir='ltr'><strong>iu</strong></span> <span class='ocrx_word' id='word_1_826' title='bbox 1818 5452 2008 5514; x_wconf 78' lang='lat' dir='ltr'><strong>stupo-</strong></span> 
     </span>
    </p>
   </div>
   <div class='ocr_carea' id='block_1_102' title="bbox 425 5529 2006 5618">
    <p class='ocr_par' dir='ltr' id='par_1_102' title="bbox 425 5529 2006 5618">
     <span class='ocr_line' id='line_1_102' title="bbox 425 5529 2006 5618; baseline 0.004 -36"><span class='ocrx_word' id='word_1_827' title='bbox 425 5548 455 5582; x_wconf 71' lang='grc' dir='ltr'><strong>ἰ</strong></span> <span class='ocrx_word' id='word_1_828' title='bbox 497 5545 636 5618; x_wconf 74' lang='lat' dir='ltr'><strong>rein,</strong></span> <span class='ocrx_word' id='word_1_829' title='bbox 664 5539 719 5585; x_wconf 89' lang='lat' dir='ltr'><strong>et</strong></span> <span class='ocrx_word' id='word_1_830' title='bbox 747 5529 801 5586; x_wconf 88' lang='lat' dir='ltr'><strong>in</strong></span> <span class='ocrx_word' id='word_1_831' title='bbox 837 5531 1075 5612; x_wconf 84' lang='lat' dir='ltr'><strong>sibilum,</strong></span> <span class='ocrx_word' id='word_1_832' title='bbox 1099 5542 1155 5588; x_wconf 92' lang='lat' dir='ltr'><strong>et</strong></span> <span class='ocrx_word' id='word_1_833' title='bbox 1184 5535 1238 5589; x_wconf 91' lang='lat' dir='ltr'><strong>in</strong></span> <span class='ocrx_word' id='word_1_834' title='bbox 1265 5533 1612 5606; x_wconf 89' lang='lat' dir='ltr'><strong>opprobrium</strong></span> <span class='ocrx_word' id='word_1_835' title='bbox 1639 5535 1852 5590; x_wconf 86' lang='lat' dir='ltr'><strong>cunctis</strong></span> <span class='ocrx_word' id='word_1_836' title='bbox 1879 5548 2006 5604; x_wconf 81' lang='lat' dir='ltr'><strong>gen-</strong></span> 
     </span>
    </p>
   </div>
   <div class='ocr_carea' id='block_1_103' title="bbox 435 5625 2010 5717">
    <p class='ocr_par' dir='ltr' id='par_1_103' title="bbox 435 5625 2010 5717">
     <span class='ocr_line' id='line_1_103' title="bbox 435 5625 2010 5717; baseline 0.004 -39"><span class='ocrx_word' id='word_1_837' title='bbox 435 5643 456 5678; x_wconf 76' lang='lat' dir='ltr'><strong>i</strong></span> <span class='ocrx_word' id='word_1_838' title='bbox 499 5625 664 5694; x_wconf 90' lang='lat' dir='ltr'><strong>tibus,</strong></span> <span class='ocrx_word' id='word_1_839' title='bbox 691 5630 757 5683; x_wconf 92' lang='lat' dir='ltr'><strong>ad</strong></span> <span class='ocrx_word' id='word_1_840' title='bbox 777 5644 914 5717; x_wconf 83' lang='lat' dir='ltr'><strong>quas</strong></span> <span class='ocrx_word' id='word_1_841' title='bbox 933 5643 1034 5700; x_wconf 85' lang='lat' dir='ltr'><strong>ego</strong></span> <span class='ocrx_word' id='word_1_842' title='bbox 1055 5628 1186 5717; x_wconf 81' lang='lat' dir='ltr'><strong>ejeci</strong></span> <span class='ocrx_word' id='word_1_843' title='bbox 1211 5625 1325 5694; x_wconf 90' lang='lat' dir='ltr'><strong>eos‘,</strong></span> <span class='ocrx_word' id='word_1_844' title='bbox 1342 5637 1418 5686; x_wconf 88' lang='lat' dir='ltr'><strong>&#39;eo</strong></span> <span class='ocrx_word' id='word_1_845' title='bbox 1441 5631 1584 5717; x_wconf 84' lang='lat' dir='ltr'><strong>quod</strong></span> <span class='ocrx_word' id='word_1_846' title='bbox 1607 5647 1711 5686; x_wconf 90' lang='lat' dir='ltr'><strong>non</strong></span> <span class='ocrx_word' id='word_1_847' title='bbox 1736 5630 2010 5686; x_wconf 86' lang='lat' dir='ltr'><strong>audierint</strong></span> 
     </span>
    </p>
   </div>
   <div class='ocr_carea' id='block_1_104' title="bbox 439 5711 2011 5802">
    <p class='ocr_par' dir='ltr' id='par_1_104' title="bbox 439 5711 2011 5802">
     <span class='ocr_line' id='line_1_104' title="bbox 439 5711 2011 5802; baseline 0.006 -36"><span class='ocrx_word' id='word_1_848' title='bbox 439 5737 458 5766; x_wconf 75' lang='grc' dir='ltr'><strong>ι</strong></span> <span class='ocrx_word' id='word_1_849' title='bbox 501 5717 664 5773; x_wconf 87' lang='lat' dir='ltr'><strong>verba</strong></span> <span class='ocrx_word' id='word_1_850' title='bbox 699 5713 818 5802; x_wconf 76' lang='lat' dir='ltr'><strong>mea</strong></span> <span class='ocrx_word' id='word_1_851' title='bbox 841 5759 858 5786; x_wconf 89' lang='lat'><strong>,</strong></span> <span class='ocrx_word' id='word_1_852' title='bbox 890 5717 1020 5802; x_wconf 80' lang='lat' dir='ltr'><strong>dicit</strong></span> <span class='ocrx_word' id='word_1_853' title='bbox 1055 5711 1346 5786; x_wconf 85' lang='lat' dir='ltr'><strong>Dominus,</strong></span> <span class='ocrx_word' id='word_1_854' title='bbox 1377 5733 1497 5790; x_wconf 70' lang='lat' dir='ltr'><strong>qua:</strong></span> <span class='ocrx_word' id='word_1_855' title='bbox 1520 5711 1644 5776; x_wconf 84' lang='lat' dir='ltr'><strong>misi</strong></span> <span class='ocrx_word' id='word_1_856' title='bbox 1684 5717 1750 5776; x_wconf 90' lang='lat' dir='ltr'><strong>ad</strong></span> <span class='ocrx_word' id='word_1_857' title='bbox 1786 5735 1882 5776; x_wconf 90' lang='lat' dir='ltr'><strong>eos</strong></span> <span class='ocrx_word' id='word_1_858' title='bbox 1913 5734 2011 5791; x_wconf 86' lang='lat' dir='ltr'><strong>per</strong></span> 
     </span>
    </p>
   </div>
   <div class='ocr_carea' id='block_1_105' title="bbox 2105 4704 3695 4784">
    <p class='ocr_par' dir='ltr' id='par_1_105' title="bbox 2105 4704 3695 4784">
     <span class='ocr_line' id='line_1_105' title="bbox 2105 4704 3695 4784; baseline -0.002 -22"><span class='ocrx_word' id='word_1_859' title='bbox 2105 4709 2316 4763; x_wconf 89' lang='lat' dir='ltr'><strong>ruinam</strong></span> <span class='ocrx_word' id='word_1_860' title='bbox 2345 4707 2584 4765; x_wconf 67' lang='lat' dir='ltr'><strong>caelestis</strong></span> <span class='ocrx_word' id='word_1_861' title='bbox 2627 4705 2965 4766; x_wconf 83' lang='lat' dir='ltr'><strong>Hierusalem</strong></span> <span class='ocrx_word' id='word_1_862' title='bbox 2985 4745 3000 4770; x_wconf 91' lang='grc'><strong><em>,</em></strong></span> <span class='ocrx_word' id='word_1_863' title='bbox 3031 4713 3088 4764; x_wconf 88' lang='lat' dir='ltr'><strong>et</strong></span> <span class='ocrx_word' id='word_1_864' title='bbox 3129 4707 3196 4766; x_wconf 88' lang='lat' dir='ltr'><strong>ad</strong></span> <span class='ocrx_word' id='word_1_865' title='bbox 3225 4721 3320 4770; x_wconf 85' lang='lat' dir='ltr'><strong>eos</strong></span> <span class='ocrx_word' id='word_1_866' title='bbox 3356 4704 3695 4784; x_wconf 61' lang='lat' dir='ltr'><strong>prophetiam</strong></span> 
     </span>
    </p>
   </div>
   <div class='ocr_carea' id='block_1_106' title="bbox 2107 4795 3696 4874">
    <p class='ocr_par' dir='ltr' id='par_1_106' title="bbox 2107 4795 3696 4874">
     <span class='ocr_line' id='line_1_106' title="bbox 2107 4795 3696 4874; baseline -0.003 -20"><span class='ocrx_word' id='word_1_867' title='bbox 2107 4800 2268 4870; x_wconf 84' lang='lat' dir='ltr'><strong>dirigi</strong></span> <span class='ocrx_word' id='word_1_868' title='bbox 2303 4797 2631 4870; x_wconf 85' lang='lat' dir='ltr'><strong>suspicatur,</strong></span> <span class='ocrx_word' id='word_1_869' title='bbox 2658 4798 2753 4868; x_wconf 92' lang='lat' dir='ltr'><strong>qui</strong></span> <span class='ocrx_word' id='word_1_870' title='bbox 2784 4798 2840 4852; x_wconf 91' lang='lat' dir='ltr'><strong>in</strong></span> <span class='ocrx_word' id='word_1_871' title='bbox 2868 4797 3029 4874; x_wconf 73' lang='lat' dir='ltr'><strong>hujus</strong></span> <span class='ocrx_word' id='word_1_872' title='bbox 3055 4795 3245 4864; x_wconf 81' lang='lat' dir='ltr'><strong>mundi</strong></span> <span class='ocrx_word' id='word_1_873' title='bbox 3276 4795 3575 4868; x_wconf 82' lang='lat' dir='ltr'><strong>Babylonia</strong></span> <span class='ocrx_word' id='word_1_874' title='bbox 3603 4809 3696 4850; x_wconf 82' lang='lat' dir='ltr'><strong>re-</strong></span> 
     </span>
    </p>
   </div>
   <div class='ocr_carea' id='block_1_107' title="bbox 2106 4885 3698 4972">
    <p class='ocr_par' dir='ltr' id='par_1_107' title="bbox 2106 4885 3698 4972">
     <span class='ocr_line' id='line_1_107' title="bbox 2106 4885 3698 4972; baseline -0.003 -27"><span class='ocrx_word' id='word_1_875' title='bbox 2106 4890 2266 4961; x_wconf 87' lang='lat' dir='ltr'><strong>gione</strong></span> <span class='ocrx_word' id='word_1_876' title='bbox 2300 4897 2610 4955; x_wconf 87' lang='lat' dir='ltr'><strong>versantur,</strong></span> <span class='ocrx_word' id='word_1_877' title='bbox 2635 4890 2779 4960; x_wconf 90' lang='lat' dir='ltr'><strong>quod</strong></span> <span class='ocrx_word' id='word_1_878' title='bbox 2812 4885 3182 4970; x_wconf 69' lang='lat' dir='ltr'><strong>benei‘ecerint</strong></span> <span class='ocrx_word' id='word_1_879' title='bbox 3217 4889 3272 4944; x_wconf 92' lang='lat' dir='ltr'><strong>in</strong></span> <span class='ocrx_word' id='word_1_880' title='bbox 3319 4887 3436 4942; x_wconf 75' lang='lat' dir='ltr'><strong>haec</strong></span> <span class='ocrx_word' id='word_1_881' title='bbox 3467 4899 3698 4972; x_wconf 71' lang='lat' dir='ltr'><strong>corpora</strong></span> 
     </span>
    </p>
   </div>
   <div class='ocr_carea' id='block_1_108' title="bbox 2106 4977 3697 5054">
    <p class='ocr_par' dir='ltr' id='par_1_108' title="bbox 2106 4977 3697 5054">
     <span class='ocr_line' id='line_1_108' title="bbox 2106 4977 3697 5054; baseline -0.003 -16"><span class='ocrx_word' id='word_1_882' title='bbox 2106 4984 2298 5052; x_wconf 79' lang='lat' dir='ltr'><strong>sponte</strong></span> <span class='ocrx_word' id='word_1_883' title='bbox 2327 4980 2679 5046; x_wconf 84' lang='lat' dir='ltr'><strong>descendere,</strong></span> <span class='ocrx_word' id='word_1_884' title='bbox 2697 4981 2831 5036; x_wconf 89' lang='lat' dir='ltr'><strong>etin</strong></span> <span class='ocrx_word' id='word_1_885' title='bbox 2862 4989 3004 5036; x_wconf 88' lang='lat' dir='ltr'><strong>terra</strong></span> <span class='ocrx_word' id='word_1_886' title='bbox 3029 4978 3406 5045; x_wconf 69' lang='lat' dir='ltr'><strong>Chaldaeorum</strong></span> <span class='ocrx_word' id='word_1_887' title='bbox 3425 4977 3697 5054; x_wconf 64' lang='lat' dir='ltr'><strong>aediﬁcare</strong></span> 
     </span>
    </p>
   </div>
   <div class='ocr_carea' id='block_1_109' title="bbox 2107 5068 3700 5144">
    <p class='ocr_par' dir='ltr' id='par_1_109' title="bbox 2107 5068 3700 5144">
     <span class='ocr_line' id='line_1_109' title="bbox 2107 5068 3700 5144; baseline -0.006 -12"><span class='ocrx_word' id='word_1_888' title='bbox 2107 5074 2318 5136; x_wconf 85' lang='lat' dir='ltr'><strong>domos,</strong></span> <span class='ocrx_word' id='word_1_889' title='bbox 2354 5073 2598 5144; x_wconf 85' lang='lat' dir='ltr'><strong>pla’ntare</strong></span> <span class='ocrx_word' id='word_1_890' title='bbox 2627 5072 2892 5142; x_wconf 87' lang='lat' dir='ltr'><strong>pomaria,</strong></span> <span class='ocrx_word' id='word_1_891' title='bbox 2923 5073 3168 5142; x_wconf 81' lang='lat' dir='ltr'><strong>accipere</strong></span> <span class='ocrx_word' id='word_1_892' title='bbox 3188 5079 3409 5136; x_wconf 80' lang='lat' dir='ltr'><strong>uxores,</strong></span> <span class='ocrx_word' id='word_1_893' title='bbox 3442 5068 3580 5140; x_wconf 70' lang='lat' dir='ltr'><strong>ﬁlios</strong></span> <span class='ocrx_word' id='word_1_894' title='bbox 3600 5082 3700 5140; x_wconf 76' lang='lat' dir='ltr'><strong>ge-</strong></span> 
     </span>
    </p>
   </div>
   <div class='ocr_carea' id='block_1_110' title="bbox 2110 5165 3696 5236">
    <p class='ocr_par' dir='ltr' id='par_1_110' title="bbox 2110 5165 3696 5236">
     <span class='ocr_line' id='line_1_110' title="bbox 2110 5165 3696 5236; baseline 0.001 -15"><span class='ocrx_word' id='word_1_895' title='bbox 2110 5180 2339 5232; x_wconf 85' lang='lat' dir='ltr'><strong>nerare,</strong></span> <span class='ocrx_word' id='word_1_896' title='bbox 2365 5166 2626 5235; x_wconf 86' lang='lat' dir='ltr'><strong>bonisque</strong></span> <span class='ocrx_word' id='word_1_897' title='bbox 2654 5165 2911 5236; x_wconf 84' lang='lat' dir='ltr'><strong>cperibus</strong></span> <span class='ocrx_word' id='word_1_898' title='bbox 2951 5165 3164 5234; x_wconf 75' lang='lat' dir='ltr'><strong>restitui</strong></span> <span class='ocrx_word' id='word_1_899' title='bbox 3196 5173 3320 5236; x_wconf 86' lang='lat' dir='ltr'><strong>post</strong></span> <span class='ocrx_word' id='word_1_900' title='bbox 3357 5165 3696 5234; x_wconf 76' lang='lat' dir='ltr'><strong>septuaginta</strong></span> 
     </span>
    </p>
   </div>
   <div class='ocr_carea' id='block_1_111' title="bbox 2112 5254 3692 5330">
    <p class='ocr_par' dir='ltr' id='par_1_111' title="bbox 2112 5254 3692 5330">
     <span class='ocr_line' id='line_1_111' title="bbox 2112 5254 3692 5330; baseline -0.001 -18"><span class='ocrx_word' id='word_1_901' title='bbox 2112 5273 2284 5314; x_wconf 90' lang='lat' dir='ltr'><strong>annos</strong></span> <span class='ocrx_word' id='word_1_902' title='bbox 2305 5258 2359 5313; x_wconf 88' lang='lat' dir='ltr'><strong>in</strong></span> <span class='ocrx_word' id='word_1_903' title='bbox 2381 5257 2557 5312; x_wconf 91' lang='lat' dir='ltr'><strong>locum</strong></span> <span class='ocrx_word' id='word_1_904' title='bbox 2581 5258 2868 5330; x_wconf 79' lang='lat' dir='ltr'><strong>pristinum</strong></span> <span class='ocrx_word' id='word_1_905' title='bbox 2893 5265 2949 5314; x_wconf 90' lang='lat' dir='ltr'><strong>et</strong></span> <span class='ocrx_word' id='word_1_906' title='bbox 2968 5257 3022 5314; x_wconf 91' lang='lat' dir='ltr'><strong>in</strong></span> <span class='ocrx_word' id='word_1_907' title='bbox 3045 5257 3318 5326; x_wconf 73' lang='lat' dir='ltr'><strong>coeleSLem</strong></span> <span class='ocrx_word' id='word_1_908' title='bbox 3335 5254 3692 5323; x_wconf 72' lang='lat' dir='ltr'><strong>Hierusalem,</strong></span> 
     </span>
    </p>
   </div>
   <div class='ocr_carea' id='block_1_112' title="bbox 2110 5347 3696 5420">
    <p class='ocr_par' dir='ltr' id='par_1_112' title="bbox 2110 5347 3696 5420">
     <span class='ocr_line' id='line_1_112' title="bbox 2110 5347 3696 5420; baseline -0.001 -16"><span class='ocrx_word' id='word_1_909' title='bbox 2110 5349 2232 5405; x_wconf 89' lang='lat' dir='ltr'><strong>illos</strong></span> <span class='ocrx_word' id='word_1_910' title='bbox 2257 5358 2435 5405; x_wconf 87' lang='lat' dir='ltr'><strong>autem</strong></span> <span class='ocrx_word' id='word_1_911' title='bbox 2473 5349 2566 5420; x_wconf 87' lang='lat' dir='ltr'><strong>qui</strong></span> <span class='ocrx_word' id='word_1_912' title='bbox 2595 5349 2866 5406; x_wconf 88' lang='lat' dir='ltr'><strong>noluerint</strong></span> <span class='ocrx_word' id='word_1_913' title='bbox 2908 5349 3127 5420; x_wconf 84' lang='lat' dir='ltr'><strong>propria</strong></span> <span class='ocrx_word' id='word_1_914' title='bbox 3148 5347 3428 5412; x_wconf 76' lang='lat' dir='ltr'><strong>voluntate</strong></span> <span class='ocrx_word' id='word_1_915' title='bbox 3469 5347 3536 5413; x_wconf 84' lang='lat' dir='ltr'><strong>ad</strong></span> <span class='ocrx_word' id='word_1_916' title='bbox 3579 5355 3696 5416; x_wconf 58' lang='lat' dir='ltr'><strong>ter:-</strong></span> 
     </span>
    </p>
   </div>
   <div class='ocr_carea' id='block_1_113' title="bbox 2111 5436 3697 5512">
    <p class='ocr_par' dir='ltr' id='par_1_113' title="bbox 2111 5436 3697 5512">
     <span class='ocr_line' id='line_1_113' title="bbox 2111 5436 3697 5512; baseline 0.001 -14"><span class='ocrx_word' id='word_1_917' title='bbox 2111 5457 2253 5498; x_wconf 90' lang='lat' dir='ltr'><strong>rena-</strong></span> <span class='ocrx_word' id='word_1_918' title='bbox 2274 5441 2602 5499; x_wconf 82' lang='lat' dir='ltr'><strong>descendere</strong></span> <span class='ocrx_word' id='word_1_919' title='bbox 2623 5443 2738 5510; x_wconf 68' lang='lat' dir='ltr'><strong>haec</strong></span> <span class='ocrx_word' id='word_1_920' title='bbox 2771 5456 3049 5512; x_wconf 88' lang='lat' dir='ltr'><strong>passuros,</strong></span> <span class='ocrx_word' id='word_1_921' title='bbox 3080 5455 3201 5512; x_wconf 69' lang='lat' dir='ltr'><strong>quae</strong></span> <span class='ocrx_word' id='word_1_922' title='bbox 3224 5438 3489 5506; x_wconf 77' lang='lat' dir='ltr'><strong>Dominus</strong></span> <span class='ocrx_word' id='word_1_923' title='bbox 3528 5436 3697 5504; x_wconf 74' lang='lat' dir='ltr'><strong>Sede-</strong></span> 
     </span>
    </p>
   </div>
   <div class='ocr_carea' id='block_1_114' title="bbox 2113 5527 3701 5612">
    <p class='ocr_par' dir='ltr' id='par_1_114' title="bbox 2113 5527 3701 5612">
     <span class='ocr_line' id='line_1_114' title="bbox 2113 5527 3701 5612; baseline -0.003 -21"><span class='ocrx_word' id='word_1_924' title='bbox 2113 5535 2251 5591; x_wconf 63' lang='lat' dir='ltr'><strong>chiae</strong></span> <span class='ocrx_word' id='word_1_925' title='bbox 2274 5541 2330 5590; x_wconf 90' lang='lat' dir='ltr'><strong>et</strong></span> <span class='ocrx_word' id='word_1_926' title='bbox 2355 5532 2471 5603; x_wconf 89' lang='lat' dir='ltr'><strong>ejus</strong></span> <span class='ocrx_word' id='word_1_927' title='bbox 2491 5533 2688 5604; x_wconf 90' lang='lat' dir='ltr'><strong>populo</strong></span> <span class='ocrx_word' id='word_1_928' title='bbox 2715 5532 3110 5604; x_wconf 84' lang='lat' dir='ltr'><strong>comminatur,</strong></span> <span class='ocrx_word' id='word_1_929' title='bbox 3139 5531 3230 5601; x_wconf 88' lang='lat' dir='ltr'><strong>qui</strong></span> <span class='ocrx_word' id='word_1_930' title='bbox 3267 5529 3534 5612; x_wconf 81' lang='lat' dir='ltr'><strong>noiuerim</strong></span> <span class='ocrx_word' id='word_1_931' title='bbox 3579 5527 3701 5592; x_wconf 81' lang='lat' dir='ltr'><strong>imi-</strong></span> 
     </span>
    </p>
   </div>
   <div class='ocr_carea' id='block_1_115' title="bbox 2115 5617 3698 5701">
    <p class='ocr_par' dir='ltr' id='par_1_115' title="bbox 2115 5617 3698 5701">
     <span class='ocr_line' id='line_1_115' title="bbox 2115 5617 3698 5701; baseline -0.006 -18"><span class='ocrx_word' id='word_1_932' title='bbox 2115 5627 2220 5683; x_wconf 88' lang='lat' dir='ltr'><strong>tari</strong></span> <span class='ocrx_word' id='word_1_933' title='bbox 2249 5625 2450 5681; x_wconf 76' lang='lat' dir='ltr'><strong>fratres</strong></span> <span class='ocrx_word' id='word_1_934' title='bbox 2489 5638 2654 5690; x_wconf 83' lang='lat' dir='ltr'><strong>suos,</strong></span> <span class='ocrx_word' id='word_1_935' title='bbox 2680 5637 2779 5682; x_wconf 87' lang='lat' dir='ltr'><strong>nec</strong></span> <span class='ocrx_word' id='word_1_936' title='bbox 2815 5624 3000 5680; x_wconf 89' lang='lat' dir='ltr'><strong>venire</strong></span> <span class='ocrx_word' id='word_1_937' title='bbox 3047 5625 3102 5701; x_wconf 82' lang='lat' dir='ltr'><strong>in</strong></span> <span class='ocrx_word' id='word_1_938' title='bbox 3151 5620 3480 5693; x_wconf 72' lang='lat' dir='ltr'><strong>Babylonem</strong></span> <span class='ocrx_word' id='word_1_939' title='bbox 3501 5660 3518 5688; x_wconf 93' lang='lat'><strong>,</strong></span> <span class='ocrx_word' id='word_1_940' title='bbox 3551 5617 3698 5691; x_wconf 66' lang='lat' dir='ltr'><strong>qugd</strong></span> 
     </span>
    </p>
   </div>
   <div class='ocr_carea' id='block_1_116' title="bbox 2115 5711 3700 5790">
    <p class='ocr_par' dir='ltr' id='par_1_116' title="bbox 2115 5711 3700 5790">
     <span class='ocr_line' id='line_1_116' title="bbox 2115 5711 3700 5790; baseline -0.007 -15"><span class='ocrx_word' id='word_1_941' title='bbox 2115 5718 2298 5775; x_wconf 88' lang='lat' dir='ltr'><strong>mittat</strong></span> <span class='ocrx_word' id='word_1_942' title='bbox 2333 5717 2388 5773; x_wconf 89' lang='lat' dir='ltr'><strong>in</strong></span> <span class='ocrx_word' id='word_1_943' title='bbox 2423 5731 2518 5773; x_wconf 88' lang='lat' dir='ltr'><strong>eos</strong></span> <span class='ocrx_word' id='word_1_944' title='bbox 2552 5714 2824 5787; x_wconf 83' lang='lat' dir='ltr'><strong>gladium,</strong></span> <span class='ocrx_word' id='word_1_945' title='bbox 2864 5713 3090 5779; x_wconf 79' lang='lat' dir='ltr'><strong>famem,</strong></span> <span class='ocrx_word' id='word_1_946' title='bbox 3129 5721 3185 5773; x_wconf 92' lang='lat' dir='ltr'><strong>et</strong></span> <span class='ocrx_word' id='word_1_947' title='bbox 3210 5721 3450 5790; x_wconf 58' lang='lat' dir='ltr'><strong>pestem,</strong></span> <span class='ocrx_word' id='word_1_948' title='bbox 3477 5711 3580 5784; x_wconf 62' lang='lat' dir='ltr'><strong>hoc</strong></span> <span class='ocrx_word' id='word_1_949' title='bbox 3611 5714 3700 5764; x_wconf 86' lang='lat' dir='ltr'><strong>est</strong></span> 
     </span>
    </p>
   </div>
   <div class='ocr_carea' id='block_1_117' title="bbox 437 5798 3698 5904">
    <p class='ocr_par' dir='ltr' id='par_1_117' title="bbox 437 5798 3698 5904">
     <span class='ocr_line' id='line_1_117' title="bbox 437 5798 3698 5904; baseline 0.001 -36"><span class='ocrx_word' id='word_1_950' title='bbox 437 5828 459 5874; x_wconf 80' lang='grc' dir='ltr'><strong>ι</strong></span> <span class='ocrx_word' id='word_1_951' title='bbox 499 5803 686 5886; x_wconf 76' lang='lat' dir='ltr'><strong>servos</strong></span> <span class='ocrx_word' id='word_1_952' title='bbox 711 5799 861 5870; x_wconf 78' lang='lat' dir='ltr'><strong>meos</strong></span> <span class='ocrx_word' id='word_1_953' title='bbox 882 5798 1175 5904; x_wconf 80' lang='lat' dir='ltr'><strong>prophetas</strong></span> <span class='ocrx_word' id='word_1_954' title='bbox 1191 5813 1258 5872; x_wconf 83' lang='lat' dir='ltr'><strong>de</strong></span> <span class='ocrx_word' id='word_1_955' title='bbox 1281 5819 1438 5872; x_wconf 84' lang='lat' dir='ltr'><strong>nocte</strong></span> <span class='ocrx_word' id='word_1_956' title='bbox 1461 5826 1792 5890; x_wconf 65' lang='lat' dir='ltr'><strong>consumens</strong></span> <span class='ocrx_word' id='word_1_957' title='bbox 1815 5819 1872 5872; x_wconf 82' lang='lat' dir='ltr'><strong>et</strong></span> <span class='ocrx_word' id='word_1_958' title='bbox 1891 5810 2016 5878; x_wconf 78' lang='lat' dir='ltr'><strong>mit-</strong></span> <span class='ocrx_word' id='word_1_959' title='bbox 2119 5825 2305 5877; x_wconf 81' lang='lat' dir='ltr'><strong>rerum</strong></span> <span class='ocrx_word' id='word_1_960' title='bbox 2334 5809 2575 5878; x_wconf 76' lang='lat' dir='ltr'><strong>omnium</strong></span> <span class='ocrx_word' id='word_1_961' title='bbox 2594 5807 2899 5902; x_wconf 75' lang='lat' dir='ltr'><strong>penuriam.</strong></span> <span class='ocrx_word' id='word_1_962' title='bbox 2921 5815 2977 5871; x_wconf 81' lang='lat' dir='ltr'><strong>et</strong></span> <span class='ocrx_word' id='word_1_963' title='bbox 2997 5805 3340 5900; x_wconf 57' lang='lat' dir='ltr'><strong>transtulisti</strong></span> <span class='ocrx_word' id='word_1_964' title='bbox 3360 5803 3498 5878; x_wconf 71' lang='lat' dir='ltr'><strong>iisut</strong></span> <span class='ocrx_word' id='word_1_965' title='bbox 3515 5798 3698 5890; x_wconf 61' lang='grc' dir='ltr'>998θῆ-</span> 
     </span>
    </p>
   </div>
  </div>
