4044 6326
423 381 576 438 τίοῖὃ

1109 380 1168 435 Β,
1210 376 1464 435 ΒΑΒᾹΝΙ
1502 380 1718 438 MAUBI
1758 381 2072 439 ARCHIEP.
2113 381 2422 440 MOGUNT.
2465 381 2750 440 OPERUM
2788 381 2968 437 PARS
3003 382 3092 436 III.

3564 387 3707 445 {094

431 496 627 552 heatur
653 495 708 549 in
744 505 1040 559 carcerem,
1069 500 1130 548 ut
1165 493 1430 550 mendacii
1461 495 1544 550 sui
1574 509 1764 566 poenas
1803 495 1916 549 luat
1953 501 2010 548 et
2033 499 2083 560 Α
2113 512 2208 566 per
2253 497 2774 567 pseudoprophetam
2819 497 3020 563 visitat,
3061 499 3156 553 sed
3203 507 3257 554 et
3305 513 3470 571 super
3516 516 3704 559 semen

429 588 687 659 populum
715 587 860 643 ultra
878 587 1224 658 supplantare
1251 587 1494 643 desistat.
1519 587 1734 644 Joiades
1758 587 2015 644 sacerdos

430 677 554 744 fuit,
592 679 684 748 qui
713 675 840 733 Joas
866 686 991 748 post
1022 676 1456 734 interfectionem
1507 677 1776 736 Gotholiae
1815 679 2010 751 [Atha-

427 767 535 841 liai]
584 768 866 839 imperium
897 767 1120 824 tradidit
1145 777 1200 824 et
1229 768 1501 825 interfecit
1530 770 1838 826 sacerdotes
1879 769 2012 825 Baal

425 858 538 934 (IV
561 859 691 931 Reg.
713 877 794 926 xl,
811 859 876 914 11
893 859 1024 916 Par.
1040 859 1222 931 χχιιι).
1237 859 1352 916 Hoc
1372 868 1456 915 est
1475 859 1761 932 ergolquod
1782 861 2009 918 scribit:

427 951 607 1021 Quare
631 967 740 1008 non
763 953 992 1010 imitaris
1016 950 1260 1010 Joiadem
1284 954 1640 1020 sacerdotem,
1672 963 1728 1010 et
1753 955 2013 1012 interﬁcis

425 1045 719 1104 Jeremiam
757 1046 1318 1118 pseudoprophetam?
1368 1047 1625 1104 Dominus
1657 1048 1802 1104 enim
1827 1056 1880 1104 te
1910 1063 2011 1119 pro

424 1135 612 1194 Joiade
653 1137 954 1203 constituit,
981 1146 1040 1193 ut
1088 1137 1288 1196 habeas
1315 1153 1505 1194 curam
1537 1139 1740 1210 templi,
1766 1147 1822 1194 et
1865 1155 2009 1211 pra:-

425 1225 581 1298 cipue
595 1225 892 1293 discernas,
905 1227 997 1297 qui
1012 1236 1200 1284 sancto
1217 1228 1424 1300 Spiritu
1438 1228 1750 1300 loquantur,
1775 1229 1870 1299 qui
1898 1230 2009 1284 dae-

422 1318 690 1388 moniaco.
716 1319 1074 1376 Discretiones
1089 1329 1270 1376 autem
1285 1320 1572 1390 spirituum
1587 1320 1878 1376 Dominicae
1890 1336 2011 1377 esse
2045 1362 2051 1370 .

420 1407 626 1478 gratiae,
649 1416 703 1463 et
719 1407 1351 1482 Apostolusmemorat(l
1363 1407 1524 1466 Joan.
1549 1409 1646 1482 IV).
1665 1409 1794 1476 Cur,
1811 1411 2008 1481 inquit,

419 1511 528 1551 non
573 1497 865 1568 incr‘epasti
913 1498 1207 1572 Ieremiam
1245 1500 1634 1556 Anatbotiten?
1679 1501 1832 1569 Quod
1893 1502 2008 1572 ipse

417 1588 728 1644 merebatur
754 1591 905 1660 quasi
937 1592 1427 1662 pseudopropheta,
1459 1592 1626 1649 refert
1665 1594 1719 1648 in
1773 1595 2011 1664 prophe-

417 1683 552 1742 tam,
587 1687 641 1732 et
661 1681 924 1749 praevenit
951 1681 1234 1738 mendacio
1258 1683 1562 1738 veritatem.
1599 1681 1751 1740 Unde
1779 1693 1836 1740 et
1875 1699 2006 1754 prn-

417 1768 690 1826 dentiores
728 1780 988 1842 putantur
1033 1773 1129 1828 filii
1173 1775 1542 1840 tenebrarum,
1589 1774 1715 1831 filiis
1766 1775 1904 1845 lucis
1948 1778 2002 1834 in

2115 584 2250 654 ejus,
2302 601 2492 641 omnes
2537 587 2831 656 discipulos
2877 601 3012 656 quos
3063 603 3161 643 suo
3210 602 3397 646 errore
3453 592 3696 662 decepit:

2121 695 2139 728 ι
2171 677 2288 732 Νοιι
2317 678 2443 744 erit,
2471 677 2667 748 inquit,
2693 679 2742 732 ei
2769 678 2852 733 vir
2873 678 3066 734 sedens
3101 680 3156 734 in
3180 681 3359 738 medio
3386 683 3572 754 populi
3601 685 3706 740 hn-

2108 767 2248 839 jus.»
2281 767 2532 827 Deleatur
2561 770 2628 823 de
2667 777 2979 825 sanctorum
3002 770 3358 829 conciliabqu
3382 775 3548 846 stirps
3573 791 3705 847 pes-

2113 860 2248 916 sima
2273 901 2288 926 ,
2331 875 2433 916 nec
2466 861 2652 916 sedeat
2680 861 2734 916 in
2769 862 2945 916 medio
2985 863 3396 932 quiescentium,
3437 867 3531 936 qui
3576 885 3706 928 cum

2114 950 2381 1005 stantibus
2420 957 2566 1006 stare
2621 966 2726 1006 non
2771 952 2966 1022 potuit,
3014 968 3117 1010 nec
3149 957 3356 1012 audivit
3385 957 3550 1013 illud:
3583 978 3602 1012 ι
3643 960 3704 1018 Si

2113 1039 2352 1094 stetisset
2375 1039 2429 1093 in
2458 1039 2757 1094 substantia
2784 1055 2902 1095 mea
2929 1039 3064 1113 (Jer.
3086 1045 3246 1116 xxiii)
3271 1064 3290 1097 ι
3315 1045 3562 1118 Cumque
3588 1049 3703 1105 Do-

2113 1123 2291 1185 minus
2317 1129 2702 1199 perfectionem
2727 1132 2986 1188 virtutum
3016 1135 3259 1190 omnium
3283 1135 3438 1199 ilnito
3458 1149 3706 1210 septena-

2113 1220 2194 1276 rio
2221 1229 2462 1290 tempore
2499 1221 2804 1290 promittat:
2825 1221 2916 1277 ille
2945 1239 3053 1278 non
3083 1223 3285 1280 videbit
3313 1227 3537 1294 bonum,
3559 1232 3704 1300 quod

2113 1311 2214 1366 sibi
2245 1312 2300 1366 in
2329 1313 2579 1382 prmswti
2608 1320 2850 1384 tempore
2878 1315 3208 1371 vindicabat.
3251 1317 3366 1374 Hoc
3395 1333 3573 1376 autem
3620 1331 3704 1380 ωι-

2113 1413 2227 1458 tum
2262 1404 2373 1468 iiet,
2398 1404 2525 1474 quia
2549 1407 3050 1474 praevaricationem
3073 1407 3286 1465 locutus
3309 1419 3397 1466 est
3441 1413 3704 1470 adversus

2113 1496 2420 1562 Dominum,
2467 1506 2525 1552 ιιι
2563 1497 2766 1552 diceret
2810 1499 2924 1568 jam
2979 1499 3150 1554 soluta
3197 1509 3546 1570 peccatorum
3604 1521 3702 1560 cas

2111 1589 2360 1659 ptivitate
2383 1630 2397 1655 ,
2447 1603 2762 1644 reversuros
2805 1576 2948 1646 esse.
2981 1591 3035 1644 in
3073 1590 3410 1648 Hierusalem
3441 1635 3457 1661 ,
3503 1596 3702 1665 quibus

2111 1679 2400 1750 Apostolus
2425 1682 2820 1738 comminatur:
2854 1700 2873 1732 ι
2920 1681 3042 1737 Jam
3091 1684 3318 1737 saturati
3360 1685 3491 1740 estis
3516 1726 3532 1751 ,
3579 1684 3700 1753 jam

2113 1771 2308 1827 divites
2355 1770 2483 1825 facti
2512 1772 2670 1827 estis:
2701 1772 2816 1827 sine
2864 1773 3020 1829 nobis
3071 1775 3357 1846 regnastis,
3389 1785 3444 1830 et
3492 1776 3704 1832 utinam

417 1862 766 1936 generatione
801 1863 924 1918 hac.
973 1863 1244 1934 Nohisque
1293 1867 1574 1936 agentibus
1629 1868 1902 1938 patienter
1948 1877 2005 1925 et
2034 1857 2082 1918 B
2109 1863 2428 1932 regnantis,
2442 1871 2571 1918 utet
2585 1868 3337 1936 nosregnaremusvobiscum
3355 1866 3408 1938 (1
3423 1867 3548 1922 Cor.
3571 1857 3646 1940 w)‘
3669 1888 3690 1922 ι

416 1953 858 2021 exspectantibus
884 1955 1207 2014 miserorum
1237 1957 1490 2024 salutem,
1519 1959 1857 2029 praeveniunt
1894 1961 1978 2016 hae
2050 1957 2055 1962 ’

417 2035 594 2108 rctici,
635 2051 691 2098 et
715 2059 816 2100 nos
850 2059 948 2101 suo
991 2047 1262 2118 appellant
1303 2049 1542 2124 nomine,
1575 2049 1837 2107 ducentes
1865 2052 2000 2108 (ιιιιοί

414 2147 591 2190 (διεροῦ
627 2135 683 2190 in
711 2133 926 2192 foveam
971 2156 991 2189 ι
1020 2136 1184 2206 Misit,
1223 2139 1417 2209 inquit,
1446 2139 1515 2194 ad
1549 2155 1649 2195 nos
1673 2140 1727 2195 in
1770 2139 2002 2212 Babylo-

415 2237 564 2290 nem,
587 2223 806 2280 dicens:
831 2223 1014 2298 Longe
1049 2235 1152 2282 est.
1179 2247 1199 2280 ι
1233 2228 1346 2285 Hoc
1368 2238 1452 2286 est
1482 2245 1644 2308 omne
1669 2231 1813 2301 quod
1833 2231 1998 2300 dolet,

413 2329 580 2385 quare
610 2316 896 2373 adversum
924 2333 1080 2374 suum
1109 2321 1451 2377 mendacium
1479 2321 1745 2378 Jeremias
1769 2325 2002 2394 scripse-

415 2407 488 2463 rit
532 2408 838 2475 veritatem,
890 2409 1048 2482 longe
1087 2427 1208 2468 esse
1235 2413 1488 2480 reditum,
1517 2422 1574 2469 et
1607 2423 1730 2484 post
1785 2423 2003 2487 septua-

409 2499 559 2571 ginta
590 2515 762 2557 annos
790 2501 1061 2560 redituros
1091 2503 1148 2562 in
1200 2503 1564 2573 Hierusalem,
1608 2507 1751 2562 unde
1797 2509 1998 2565 debere

409 2607 504 2648 eos
523 2593 792 2650 aediﬁcare
816 2596 1036 2664 domos,
1058 2597 1306 2668 plantare
1331 2598 1596 2670 pomaria,
1621 2607 1678 2654 et
1712 2599 2000 2658 comedere

410 2683 644 2740 fructum
672 2700 881 2754 eorum,
903 2687 1150 2758 accipere
1172 2703 1370 2744 uxores
1395 2698 1449 2744 et
1477 2688 1656 2744 facere
1687 2687 1846 2757 filios,
1877 2704 1998 2760 quae

409 2777 714 2847 prieteritus
751 2792 931 2835 sermo
961 2779 1224 2834 narravit.
1258 2779 1404 2848 Quas
1448 2779 1660 2836 litteras
1687 2795 1810 2835 cum
1843 2795 2002 2836 acce-

407 2864 578 2936 pisset
607 2865 914 2938 Sophonias
941 2868 1218 2935 sacerdos,
1242 2871 1310 2924 ad
1348 2869 1504 2939 cujus
1544 2869 1854 2943 specialiter
1897 2885 1996 2926 no-

408 2972 532 3014 men
587 2960 805 3031 scripta:
847 2970 1023 3028 erant,
1083 2962 1212 3033 legit
1263 2960 1536 3029 Ieremiaa,
1596 2949 1999 3032 quodaminodo

407 3052 700 3122 suggillans
737 3069 863 3110 eum
889 3063 946 3111 et
968 3057 1086 3126 ipsa
1112 3055 1398 3125 increpans
1423 3055 1678 3122 lectione,
1715 3070 1884 3126 quare
1903 3071 1998 3112 au-

405 3141 558 3197 deret
587 3143 642 3198 in
672 3143 1001 3216 Babylonem
1037 3147 1167 3202 talia
1190 3146 1454 3202 scribere.
1930 3149 1934 3154 ’

2677 1975 2904 2031 CAPUT
2958 1975 3108 2031 ΧΧΞι

2113 2054 2399 2111 Tristitiam
2429 2057 2495 2111 de
2527 2058 2822 2130 captivitate
2839 2058 3133 2126 ~promittit,
3169 2069 3217 2112 et
3265 2059 3516 2130 gaudium
3555 2058 3708 2118 etul-

2685 2129 2874 2183 tionem
2901 2130 2957 2182 in
2980 2132 3166 2184 hostes.

2187 2238 2206 2270 ‹
2244 2218 2358 2276 Hoc
2403 2221 2629 2277 verbum
2676 2222 2820 2291 quod
2862 2219 3064 2276 factum
3099 2229 3184 2277 est
3220 2223 3288 2278 ad
3337 2222 3627 2280 Jeremiam
3669 2239 3706 2280 a

2113 2331 2132 2363 ι
2181 2313 2428 2379 Domino,
2460 2313 2675 2369 dicens:
2725 2312 2854 2369 Hzcc
2885 2313 3018 2370 dicit
3041 2313 3300 2370 Dominus
3341 2315 3484 2370 Deus
3510 2315 3698 2383 Israel,

2113 2421 2131 2451 ‹
2172 2400 2384 2456 dicens:
2433 2401 2624 2459 Scribe
2658 2403 2756 2459 tibi
2786 2404 2968 2460 omnia
2999 2405 3162 2460 verba
3189 2419 3310 2474 qua:
3339 2405 3550 2461 locutus
3571 2422 3698 2462 sum

2113 2509 2132 2542 ι
2167 2491 2234 2547 ad
2263 2500 2315 2548 te
2339 2495 2394 2548 in
2428 2493 2584 2550 libro.
2627 2494 2768 2551 Ecce
2797 2495 2948 2561 enim,
2977 2495 3094 2550 dies
3141 2497 3377 2559 venient,
3423 2497 3554 2552 dicit
3583 2499 3698 2552 Do-

2111 2604 2147 2636 ι·
2167 2585 2364 2652 minus,
2409 2594 2465 2642 et
2513 2597 2827 2643 convertam
2871 2587 3284 2662 conversionem
3337 2581 3523 2660 populi
3582 2588 3694 2644 mei

2113 2694 2130 2726 ι
2164 2674 2328 2730 Israel
2358 2683 2414 2731 et
2469 2675 2624 2741 Iuda,
2651 2677 2729 2732 ait
2769 2677 3029 2733 Dominus
3080 2675 3251 2744 Deus;
3282 2687 3338 2734 et
3377 2686 3692 2734 convertam

2109 2785 2128 2818 ι
2167 2765 2293 2836 (sive
2321 2767 2510 2822 sedere
2541 2767 2758 2842 faciam)
2813 2769 2868 2824 in
2905 2777 3053 2825 terra
3086 2785 3248 2840 quam
3279 2769 3402 2825 dedi
3449 2769 3698 2840 patribus

2111 2877 2130 2910 ι
2171 2875 2359 2915 eorum
2413 2869 2469 2916 et
2511 2860 2866 2932 possidebunt
2905 2877 3027 2918 eam
3068 2860 3298 2935 (ΜΑιιιι.)
3331 2881 3350 2914 ι
3395 2858 3496 2915 Hic
3539 2859 3694 2915 locus

2101 2950 2348 3008 Ieremia:
2372 2955 2648 3025 propheta:
2682 2941 3414 3028 repromissionesmysticas
3444 2953 3694 3010 contine-

2101 3045 2202 3112 bit,
2233 3061 2367 3116 quas
2386 3045 2556 3102 Judaei
2595 3056 2788 3118 putant
2810 3057 2866 3104 et
2891 3049 3064 3104 nostri
3089 3046 3437 3104 Judaizantes
3468 3049 3525 3104 in
3565 3063 3694 3105 eon-

2102 3139 2463 3196 summatione
2491 3142 2677 3196 mundi
2705 3157 2826 3198 esse
2853 3143 3218 3214 complendas.
3255 3142 3368 3199 Nec
3391 3142 3520 3198 dum
3541 3142 3692 3198 enim

475 3232 543 3286 Et
582 3209 804 3312 factum'
829 3243 913 3292 est
949 3237 1175 3292 verbum
1221 3236 1433 3291 Domini
1461 3235 1530 3290 ad
1567 3235 1884 3302 Jeremiam,
1913 3237 1995 3292 di-
2021 3209 2067 3272 (ἶ
2098 3229 2200 3286 sub
2225 3229 2524 3286 Zorobabel
2561 3242 2786 3301 possunt
2817 3209 3058 3306 expletas
3083 3234 3438 3290 convincere:
3467 3249 3568 3293 nos
3590 3249 3691 3289 au-

411 3342 430 3376 ι
465 3339 626 3380 cens:
658 3324 811 3382 Mitte
835 3327 904 3383 ad
931 3343 1146 3384 omnem
1186 3327 1719 3400 transmigrationem
1769 3329 1991 3386 dicens:

413 3433 432 3466 ι
479 3413 607 3472 Ηωο
673 3417 806 3473 dicit
876 3419 1136 3496 Dominus
1208 3420 1277 3476 ad
1353 3420 1624 3478 Semeiam
1701 3419 1992 3478 Neellami-

412 3523 430 3556 ι
468 3514 579 3563 tem
606 3525 620 3562 :
667 3509 774 3566 Pro
807 3525 874 3568 eo
903 3511 1047 3581 quod
1070 3512 1416 3584 prophetavit
1454 3513 1608 3570 vobis
1641 3512 1904 3582 Semeias,
1940 3523 1996 3572 et

410 3619 428 3652 ‹
468 3615 569 3672 ego
596 3615 703 3658 non
732 3600 857 3658 misi
900 3619 1045 3671 eum,
1069 3613 1124 3662 et
1149 3592 1294 3662 fecit.
1319 3621 1415 3661 vos
1443 3604 1718 3662 conlidere
1746 3607 1803 3662 in
1837 3623 1993 3664 men-

411 3711 432 3745 ι
473 3693 648 3764 dacio,
680 3695 882 3752 idcirco
902 3699 1020 3754 base
1041 3697 1171 3754 dicit
1208 3698 1494 3757 Dominus:
1542 3699 1684 3756 Ecce
1729 3715 1831 3772 ego
1859 3701 1993 3758 visi-

408 3801 428 3836 ι
465 3784 594 3839 tabo
622 3800 784 3857 super
811 3784 1083 3842 Semeiam
1111 3785 1484 3844 Neellamitem
1511 3797 1568 3844 et
1601 3805 1784 3860 super-
1807 3805 1994 3846 semen

409 3866 444 3928 ι’
472 3875 612 3947 ejus.
643 3873 760 3932 Non
789 3878 896 3934 erit
921 3879 972 3934 ei
995 3878 1080 3934 vir
1105 3879 1299 3936 sedens
1317 3879 1372 3934 in
1402 3880 1581 3936 medio
1607 3881 1789 3952 populi
1811 3881 1990 3951 hujus,

395 3955 430 4024 ἰ
471 3980 528 4027 et
555 3987 662 4028 non
711 3971 917 4031 videbit
963 3976 1166 4033 bonum
1212 3975 1358 4046 quod
1404 3991 1506 4048 ego
1553 3975 1752 4031 faciam
1795 3975 1992 4047 populo

410 4080 430 4115 ι
474 4079 618 4132 meo,
648 4063 726 4120 ait
759 4067 1040 4135 Dominus,
1069 4069 1197 4139 quia
1225 4069 1728 4140 praevaricationem
1780 4068 1993 4124 locutus

409 4172 440 4205 ι-
466 4163 550 4210 est
569 4157 826 4214 adversus
861 4158 1167 4214 Dominum.
1191 4179 1211 4212 ι
1248 4158 1724 4230 Pseudopropheta
1749 4158 1993 4216 Semeias

405 4241 750 4303 Neellamites
777 4288 792 4314 ,
857 4250 950 4318 qui
999 4250 1066 4305 de
1117 4258 1364 4306 torrente
1410 4251 1616 4306 alienas
1652 4257 1707 4304 et
1749 4250 1993 4308 turbidas

405 4350 577 4405 aquas
603 4346 926 4406 sumpserat,
953 4338 1210 4396 irascitur
1234 4347 1424 4394 contra
1451 4339 1795 4396 mendacium
1833 4355 1992 4396 suum

403 4441 531 4481 vera
559 4429 841 4498 scripsisse
866 4428 1176 4496 Jeremiam,
1204 4439 1260 4488 et
1289 4432 1357 4488 ad
1385 4431 1715 4504 Sophoniam
1743 4433 1994 4490 sacerdo-

403 4528 510 4574 tem
533 4517 700 4608 mittit
724 4521 1002 4591 epistolas,
1031 4539 1131 4580 cur
1151 4539 1315 4581 ausus
1349 4526 1422 4582 sit
1453 4527 1721 4598 propheta
1751 4525 1992 4584 scribere

399 4609 705 4678 veritatem,
738 4619 794 4668 et
820 4613 967 4684 cupit
986 4629 1109 4669 enm
1141 4614 1344 4670 recludi
1365 4630 1587 4672 carcere
1614 4632 1683 4673 ne
1711 4617 1986 4689 loquatur.

400 4700 702 4773 Sophonias
725 4719 940 4776 quoque
971 4707 1293 4778 prophetam
1323 4707 1556 4764 latenter
1588 4721 1828 4777 accusat,
1856 4710 1986 4767 dum

398 4791 524 4865 legit
552 4793 837 4866 epistolam
877 4798 1210 4864 mentientis,
1237 4807 1294 4854 et
1323 4801 1725 4857 accusationem
1750 4800 1869 4871 ejus
1893 4803 1984 4859 ha-

395 4884 525 4941 bere
550 4901 608 4941 se
626 4884 876 4956 jactitat:
909 4896 1112 4958 quanto
1140 4889 1314 4961 magis
1344 4890 1565 4947 sceleris
1599 4893 1680 4947 rei
1709 4901 1856 4958 sunt,
1891 4893 1986 4964 qui

397 4978 688 5035 defendunt
721 4981 1236 5058 pseudoprophetas,
1276 4990 1330 5038 et
1349 4985 1673 5040 mentientes
1703 4983 1906 5050 fovent,
1929 4993 1985 5040 et

396 5070 626 5127 aliorum
686 5073 826 5129 male
882 5074 1120 5142 inventa,
1171 5091 1270 5130 sua
1313 5075 1522 5131 faciunt
1562 5091 1684 5132 esse
1723 5078 1984 5148 peccata?

395 5161 596 5220 Audiat
638 5162 818 5234 itaque
863 5167 1350 5238 pseudopropheta,
1401 5168 1663 5241 intelligat
1705 5170 1982 5239 sacerdos,

396 5255 528 5326 quid
568 5269 666 5326 per
701 5270 826 5332 eum
863 5267 919 5313 et
948 5258 1064 5329 ipse
1109 5259 1293 5314 audire
1339 5268 1632 5316 mereatur.
1677 5259 1804 5319 Haec
1853 5264 1986 5320 dicit

398 5344 694 5403 Dominus:
725 5365 744 5399 ι
800 5348 942 5404 Ecce
987 5364 1089 5420 ego
1136 5349 1366 5406 visitabo
1415 5365 1580 5423 super
1627 5351 1920 5408 Semeiam.
1955 5373 1975 5408 ι

395 5438 513 5496 Hoc
543 5438 801 5496 Dominus
844 5441 1103 5514 loquitur,
1135 5458 1243 5499 non
1282 5445 1565 5516 propheta,
1610 5446 1756 5516 quod
1801 5446 1982 5507 visitet

396 5545 559 5602 super
590 5530 862 5587 Semeiam
889 5531 1282 5601 Neellamitem,
1312 5553 1418 5591 non
1449 5536 1506 5592 in
1534 5537 1857 5604 remedium,
1885 5540 1980 5595 sed

397 5623 450 5679 in
477 5621 799 5696 supplicium
825 5625 1137 5680 mentientis
1156 5666 1170 5692 ,
1191 5627 1346 5698 juxta
1381 5628 1508 5684 illud
1537 5629 1682 5701 quod
1719 5630 1980 5699 scriptum

396 5727 514 5774 est:
545 5737 564 5772 ι
599 5718 841 5798 Visitabo
867 5719 922 5774 in
946 5719 1096 5790 virga
1126 5720 1436 5790 iniquitates
1470 5737 1681 5790 eorum,
1712 5730 1766 5778 et
1793 5723 1849 5778 in
1879 5721 1980 5779 ila-

398 5811 550 5881 gallis
572 5820 795 5882 peccata
821 5826 1010 5884 eorum
1033 5809 1205 5883 (Ρσαι.
1227 5814 1512 5883 Lxxxvm).
1535 5834 1553 5866 ι
1573 5811 1684 5871 Nec
1704 5812 1877 5871 solum
1891 5829 1984 5872 su-

2014 4563 2070 4625 D

2100 3328 2207 3376 tem
2233 3331 2524 3392 sequentes
2549 3325 2926 3380 auctoritatem
2942 3326 3304 3396 apostolorum
3338 3335 3390 3381 et
3418 3325 3691 3395 evangeli-

2098 3419 2322 3480 starum,
2351 3420 2408 3468 et
2444 3414 2682 3470 maxime
2715 3415 2943 3486 apostoli
2981 3415 3156 3482 Pauli,
3204 3415 3465 3486 quidquid
3493 3414 3689 3486 populo

2095 3502 2262 3560 Israel
2313 3504 2608 3560 carnaliter
2669 3507 3090 3578 repromittitur,
3144 3507 3300 3564 nobis
3371 3508 3690 3580 spiritaliter

2096 3596 2420 3667 completum
2449 3613 2571 3655 esse
2600 3606 2986 3663 monstramus,
3019 3599 3284 3671 hodieque
3307 3600 3554 3672 impleri:
3586 3613 3688 3656 nec

2095 3688 2240 3744 inter
2271 3687 2484 3745 Iudaeos
2513 3697 2570 3745 et
2592 3688 2932 3748 Christianos
2952 3691 3121 3746 ullum
3160 3690 3306 3746 aliud
3331 3705 3451 3748 esse
3500 3700 3683 3746 certa-

2096 3797 2241 3846 men,
2270 3783 2375 3838 nisi
2416 3783 2517 3838 hoc
2565 3791 2627 3838 ut
2651 3799 2776 3840 cum
2817 3783 2895 3838 illi
2937 3799 3142 3856 nosque
3191 3783 3479 3840 credamus
3528 3769 3688 3840 Chri-

2096 3884 2239 3930 stum
2269 3875 2365 3931 Dei
2406 3875 2602 3932 Filium
2646 3871 3058 3948 repromissum,
3081 3885 3136 3932 ct
3160 3893 3224 3932 ea
3257 3893 3377 3948 qua:
3423 3887 3551 3933 sunt
3595 3876 3684 3932 fu-

2093 3980 2217 4028 tura
2242 3973 2342 4028 sub
2387 3973 2604 4029 Christo
2630 3989 2661 4028 a
2687 3972 2844 4030 nobis
2881 3973 3122 4043 impleta,
3167 3971 3368 4026 abillis
3415 3970 3684 4040 explenda

2094 4063 2361 4118 dicantur.
2391 4063 2492 4132 Qui
2519 4065 2682 4136 igitur
2696 4063 2812 4134 jam
2839 4063 3115 4120 Christum
3150 4063 3365 4118 venisse
3387 4062 3681 4126 credimus,
3731 4067 3735 4070 ’

2093 4169 2315 4210 necesse
2340 4163 2444 4220 est,
2468 4164 2528 4209 ut
2559 4170 2621 4210 ca
2643 4171 2764 4226 qua:
2797 4154 2898 4210 sub
2942 4153 3157 4208 Christo
3201 4152 3455 4208 dicuntur
3497 4150 3680 4206 futura

2093 4246 2304 4315 expleta
2336 4247 2644 4309 doceamus,
2691 4259 2898 4316 nosque
2938 4245 3076 4300 iilios
3104 4259 3226 4300 esse
3275 4243 3572 4308 Abraham,
3615 4246 3683 4301 de

2093 4338 2288 4408 quibus
2315 4338 2572 4406 scriptum
2604 4347 2718 4392 est:
2749 4355 2769 4388 ι
2799 4336 2987 4392 Potest
3009 4336 3154 4391 Deus
3175 4333 3254 4391 de.
3267 4335 3535 4404 lapidibus
3560 4335 3681 4389 istis

2094 4429 2358 4484 suscitare
2392 4427 2532 4483 ﬁlios
2569 4428 2864 4493 Abraham,
2907 4447 2927 4481 ι
2953 4431 3021 4483 ad
3065 4442 3227 4497 quem
3270 4425 3412 4482 facta
3437 4438 3518 4482 est
3549 4443 3679 4497 pro-

2095 4522 2309 4578 missio:
2346 4541 2364 4572 ι
2386 4521 2453 4576 Ει
2471 4521 2523 4575 in
2547 4515 2754 4577 semine
2766 4529 2859 4576 tuo
2874 4519 3263 4576 benedicentur
3282 4535 3470 4575 omnes
3492 4529 3681 4590 gentes

2093 4609 2246 4684 (Gen.
2271 4610 2439 4684 xxvi).
2464 4631 2483 4663 ι
2516 4609 2690 4678 Quam
2714 4611 3170 4677 benedictionem,
3201 4625 3297 4666 vas
3317 4609 3600 4674 electionis
3623 4611 3677 4668 in

2089 4703 2306 4760 Christo
2339 4701 2603 4772 expletam
2629 4702 2846 4765 docens,
2884 4721 2902 4752 ι
2933 4717 3040 4758 non
3067 4701 3205 4756 dixit
3232 4719 3245 4756 :
3279 4701 3335 4756 In
3357 4701 3674 4766 seminibus,

2089 4796 2180 4851 sed
2209 4796 2263 4850 in
2310 4794 2515 4850 semine
2541 4793 2632 4863 qui
2665 4802 2750 4848 est
2775 4793 3024 4848 Christus
3052 4792 3195 4864 (Gal.
3231 4793 3336 4865 ιιι).
3380 4813 3398 4846 ι
3428 4793 3562 4858 Hoc,
3595 4795 3676 4848 in-

2088 4889 2224 4958 quit,
2255 4888 2478 4940 verbum
2507 4885 2650 4956 quod
2698 4884 2898 4939 factum
2951 4893 3035 4938 est
3062 4885 3132 4938 ad
3149 4883 3451 4940 .Jeremiam
3491 4900 3523 4938 a
3571 4884 3676 4939 Do-

2087 4980 2256 5046 mino,
2287 4980 2504 5036 dicens:
2537 4977 2662 5033 Ilaec
2691 4977 2823 5033 dicit
2869 4977 3130 5034 Dominus
3179 4977 3319 5034 Deus
3368 4978 3556 5043 Israel,
3589 4979 3673 5032 di-

2092 5072 2490 5136 cens:,Scribe
2534 5072 2632 5128 tibi
2678 5073 2859 5128 omnia
2897 5073 3084 5138 verba,
3128 5089 3249 5144 qua:
3295 5073 3509 5129 locutus
3551 5089 3674 5129 sum

2091 5168 2158 5225 ad
2190 5175 2242 5223 te
2275 5167 2330 5222 in
2362 5167 2529 5222 libro:
2559 5180 2688 5221 ecce
2713 5165 2858 5220 enim
2890 5166 3007 5222 dies
3047 5167 3282 5232 venient,
3314 5167 3464 5244 dicit.
3497 5166 3676 5222 Domi-

2089 5275 2212 5326 nus,
2243 5267 2300 5315 et
2329 5265 2642 5314 convertam
2680 5253 3088 5313 conversionem
3125 5257 3304 5328 populi
3349 5258 3456 5313 mei
3507 5257 3674 5313 Israel

2087 5361 2144 5409 et
2171 5351 2328 5418 Juda,
2369 5353 2446 5407 ait
2485 5351 2743 5407 Dominus
2786 5350 2960 5405 Deus:
2997 5359 3052 5405 et
3075 5360 3395 5407 convertam
3424 5367 3520 5408 eos
3541 5355 3672 5425 (sive

2085 5444 2275 5502 sedere
2299 5443 2513 5517 faciam)
2543 5445 2595 5500 in
2615 5452 2760 5500 terra
2781 5459 2944 5514 quam
2966 5443 3086 5500 dedi
3113 5445 3359 5514 patribus
3378 5460 3590 5512 eorum,
3613 5455 3672 5502 et

2086 5535 2437 5609 possidebunt
2458 5551 2598 5592 eam.
2625 5556 2643 5589 ι
2663 5535 3113 5592 Promittentihus
3129 5535 3400 5610 (Ηὶει-οη.)
3417 5539 3472 5594 in
3493 5538 3670 5610 Baby-

2085 5631 2208 5686 lone
2230 5631 2712 5703 pseudoprophetis
2735 5631 2842 5686 cito
2865 5630 3119 5702 populum
3145 5633 3234 5702 qui
3261 5647 3386 5689 cum
3408 5633 3669 5690 Iechonia

2087 5730 2275 5795 captus
2312 5721 2508 5787 fuerat,
2548 5737 2912 5788 reversurum,
2955 5731 3011 5778 et
3044 5723 3253 5779 Anania
3283 5725 3395 5781 tilio
3429 5727 3576 5782 Azur
3609 5726 3671 5783 in

2087 5815 2420 5884 Hierusalem
2445 5815 2634 5871 eadem
2667 5814 3013 5884 praedicante,
3041 5814 3308 5874 Jeremias
3331 5819 3589 5888 propheta
3609 5827 3676 5875 et
