4044 6326
320 427 460 489 1025

1243 381 1609 491 Exposmo
1646 406 1873 465 suasa
1908 390 2275 461 ιΕιιΕιίιΑιί.
2312 430 2384 447 -μ-
2415 402 2545 458 us.
2582 402 2676 458 ιιι.

3424 366 3591 451 »1026

318 538 449 595 illud
471 529 952 607 quidem-futurum
985 527 1236 592 asseruit,
1276 540 1384 581 non
1417 525 1560 579 intra
1598 523 1897 589 biennium,
1925 517 2235 587 A'cujus‘et
2260 517 2614 590 Evangelium
2632 516 2903 583 meminit,
2934 534 2952 569 ι
2976 514 3226 572 daturum
3253 527 3313 569 se
3332 509 3511 607 nobis,
3533 517 3595 607 ut

318 637 380 685 ut
407 628 487 683 illi
521 623 943 686 mentiebantur,
998 619 1095 674 sed
1123 617 1290 672 finitis
1337 615 1675 687 septuaginta
1716 614 1893 669 annis.

318 723 388 779 Et
424 731 559 777 tunc
608 718 847 775 scribere
879 714 1102 785 jubetur
1122 713 1176 768 in
1197 711 1359 777 libro,
1397 719 1455 766 et
1490 709 1766 765 memoriae
1788 712 1911 762 tra-‘

319 810 469 880 dere,
504 826 624 883 quae
644 808 903 865 Dominus
927 811 1154 861 ventura
1178 801 1523 873 praenuntiet.
1551 800 1631 854 Ex
1654 814 1762 870 quo
1786 813 1903 853 ma-

321 904 576 965 nifestum
592 911 677 959 est
693 913 1039 971 nequaquam
1059 896 1296 952 vicinum
1324 902 1537 963 tempus
1568 906 1691 948 esse
1710 890 1902 945 vatici-

322 1000 400 1056 nii
418 1040 434 1066 ,
460 997 553 1054 sed
583 995 750 1053 multa
775 999 898 1063 post
931 998 1172 1060 tempora
1210 989 1328 1043 haec
1351 984 1613 1057 explenda
1636 1025 1665 1069 ,‘
1685 983 1905 1055 quando

320 1089 489 1147 Israel
515 1095 569 1144 et
595 1086 733 1143 Iuda
764 1081 1035 1141 reversuri
1064 1088 1188 1136 sunt
1212 1079 1266 1133 in
1293 1086 1494 1133 terram
1525 1091 1710 1133 suam:
1737 1083 1792 1129 et
1811 1075 1906 1128 im-

322 1179 579 1254 plendum
640 1174 771 1231 illud
827 1172 970 1243 quod
1029 1158 1309 1226 Ezechiel
1340 1166 1705 1238 prophetavit,
1769 1165 1904 1220 duas

324 1272 506 1343 virgas
528 1268 633 1326 sibi
657 1265 863 1338 pariter
890 1260 1243 1334 copulandas,
1273 1266 1329 1314 et
1371 1257 1761 1327 imperaturum
1802 1254 1906 1309 Da-

322 1363 415 1419 vid
439 1374 642 1433 regem,
688 1358 755 1414 de
789 1358 897 1427 quo
928 1353 1149 1411 scribit:
1178 1371 1196 1404 ι
1226 1351 1295 1406 Et
1327 1362 1514 1406 servus
1538 1362 1693 1403 meus
1734 1344 1905 1401 David

324 1472 421 1513 rex
450 1467 612 1525 super
636 1466 750 1518 eos,
779 1457 835 1505 et
871 1456 1060 1520 pastor
1109 1460 1249 1501 unus
1287 1443 1393 1499 erit
1416 1442 1679 1498 omnium
1715 1452 1906 1495 eorum

326 1540 799 1619 (Eze'cthxvn),
840 1538 901 1595 Si
928 1537 1058 1609 quid
1084 1537 1250 1608 igitur
1282 1534 1336 1589 in
1382 1533 1473 1588 illa
1504 1530 1788 1604 prophetia
1828 1528 1910 1584 di-

324 1640 522 1705 ximus,
590 1636 754 1691 etiam
801 1634 857 1688 in
905 1630 1155 1703 praesenti
1179 1629 1298 1684 loco
1348 1625 1753 1696 intelligendum
1802 1629 1906 1687 est,

325 1728 627 1802 praasertim
660 1740 782 1783 cum
834 1723 1041 1788 eadem,
1075 1728 1129 1777 et
1153 1735 1219 1776 eo
1249 1728 1512 1789 tempore,
1563 1714 1814 1771 Ezechiel
1852 1714 1907 1768 in

327 1820 618 1891 Babylone,
650 1824 705 1875 et
721 1815 982 1874 Jeremias
1000 1814 1055 1868 in
1087 1810 1422 1868 Hierusalem
1441 1807 1925 1879 prophetaverint.‘

2000 611 2118 667 sine
2138 610 2333 665 timore
2361 610 2429 665 de
2451 624 2614 667 manu
2640 608 2984 664 inimicorum
3020 615 3329 663 nostrorum
3354 602 3589 668 liberati,

2000 704 2300 759 serviamus
2332 703 2409 757 illi
2430 704 2486 758 in
2513 702 2803 758 sanctitate
2821 708 2877 755 et
2893 698 3107 769 justitia
3129 713 3314 755 coram
3339 697 3456 769 ipso
3479 712 3598 752 om-
3621 744 3631 751 .

2001 794 2169 850 nibus
2194 794 2385 849 diebus
2407 794 2627 865 nostris.
2666 812 2686 845 ι
2722 792 3001 860 Quomodo
3020 792 3165 847 enim
3187 792 3397 863 primus
3422 788 3596 846 Adam

2002 894 2057 943 et
2085 888 2354 943 secundus
2380 885 2554 941 Adam
2589 886 2899 941 scribuntur
2933 886 3088 956 juxta
3127 885 3372 955 corporis
3396 882 3599 939 verita-

2005 987 2146 1033 tem:
2170 978 2251 1035 sic
2274 986 2330 1034 et
2353 978 2523 1034 David
2546 978 2805 1034 Dominus
2825 984 2991 1048 atque
3010 977 3280 1044 Salvator,
3304 978 3429 1048 quia
3441 976 3600 1047 juxta

2004 1084 2225 1126 carnem
2246 1084 2314 1126 ex
2339 1069 2511 1125 David
2534 1078 2708 1125 totum
2734 1070 2791 1125 in
2819 1084 2885 1126 eo
2902 1079 3094 1126 sancta
3122 1069 3290 1125 Maria
3312 1067 3600 1125 conferen—
3634 1086 3637 1089 ‘

2006 1170 2082 1229 te,
2097 1162 2361 1233 quidquid
2385 1161 2489 1217 fuit
2509 1176 2576 1217 ex
2602 1161 2771 1233 stirpe
2792 1162 2984 1228 David,
3006 1170 3061 1218 et
3080 1162 3310 1218 habente
3332 1160 3599 1233 originem

2008 1260 2171 1323 atque
2217 1261 2537 1323 conceptum
2563 1253 2634 1308 de
2670 1251 2878 1324 Spiritu
2928 1259 3137 1308 sancto.
3175 1251 3436 1322 Quodque
3479 1251 3598 1307 ait:

2015 1359 2035 1393 ι
2071 1340 2361 1398 Conterat'n
2381 1341 2572 1415 jugum
2596 1341 2716 1413 ejus
2744 1344 2810 1399 de
2831 1342 2972 1399 collo
2998 1351 3112 1410 tuo,
3143 1350 3200 1398 et
3221 1343 3436 1398 vincula
3457 1343 3603 1400 illius

2008 1430 2374 1503 disrumpam,
2416 1453 2437 1487 ι
2471 1450 2581 1490 ιιοιι
2610 1434 2831 1490 dubium
2860 1438 2991 1506 quin
3025 1434 3127 1491 sub
3158 1443 3283 1506 typo
3312 1426 3601 1493 Nabucho-

2009 1522 2247 1579 donosor
2285 1524 2352 1579 de
2394 1522 2610 1580 diabolo
2639 1524 2983 1581 sentiendum
3011 1526 3102 1581 sit.

2087 1632 2106 1665 ι
2134 1613 2235 1668 'Tu
2260 1629 2390 1686 ergo
2416 1618 2494 1672 'ne
2511 1612 2732 1685 timeas,
2767 1632 2925 1673 serve
2964 1632 3120 1674 meus
3146 1617 3334 1685 Jacob,
3372 1621 3447 1675 ait
3495 1621 3604 1675 Do-

2016 1719 2036 1754 ι
2078 1704 2279 1772 minus,
2306 1720 2482 1777 neque
2510 1721 2735 1777 paveas,
2761 1707 2925 1764 lsrael
2944 1726 2956 1762 :
2976 1710 3103 1780 quia
3126 1725 3255 1766 ecce
3275 1725 3375 1783 ego
3398 1711 3603 1767 salvum

2018 1813 2038 1848 ‹
2081 1802 2135 1850 te
2172 1794 2370 1851 faciam
2408 1797 2475 1852 de
2514 1807 2660 1853 terra
2689 1798 2982 1872 longinqua
3005 1840 3021 1867 ,
3051 1811 3107 1857 et
3140 1816 3325 1859 semen
3361 1812 3510 1860 tuum
3541 1804 3608 1859 de

405 1930 423 1963 ι
442 1887 512 1965 Et
537 1910 652 1965 haec
678 1908 840 1964 verba
872 1920 991 1976 quae
1016 1904 1226 1958 locutus
1260 1907 1344 1957 es't
1368 1900 1630 1957 Dominus
1655 1900 1729 1956 ad
1744 1898 1910 1955 Israel
1939 1888 1987 1948 Β
2019 1902 2039 1937 ί
2087 1894 2231 1942 terra
2261 1887 2591 1958 οθρῑίνίιεῑίε
2618 1904 2807 1946 eorum
2844 1909 2857 1944 τ
2889 1900 2949 1947 et
2981 1901 3290 1949 revertetur
3331 1894 3519 1961 Jacob,
3552 1905 3610 1950 et

333 2019 353 2055 ι
390 2008 446 2058 et
465 2000 530 2056 ad
551 1998 764 2055 ludam.
793 1997 1055 2064 Quoniam
1088 1995 1204 2050 haec
1232 1992 1367 2049 dicit
1390 1993 1648 2049 Dominus
1674 2011 1686 2047 :
1712 1990 1935 2048 Vocem

332 2111 353 2146 ι
394 2090 757 2162 terroris(siue
792 2087 1035 2157 timoris)
1067 2086 1392 2153 audivimus,
1433 2085 1685 2151 formido,
1724 2093 1779 2141 et
1805 2100 1915 2140 non

333 2200 352 2236 ι
397 2192 481 2240 est
506 2197 630 2254 pax.
658 2180 987 2251 interrogate
1013 2186 1070 2234 et
1099 2177 1278 2235 videte
1299 2177 1345 2233 si
1370 2184 1592 2249 generat
1624 2177 1913 2234 masculus.

331 2294 350 2328 ι
390 2275 568 2343 Quare
591 2288 721 2345 ergo
762 2272 873 2327 vidi
900 2270 1077 2326 omnis
1120 2270 1225 2326 viri
1254 2285 1473 2326 manum
1512 2284 1673 2340 super
1706 2269 1918 2325 lumbos

332 2386 351 2419 ι
386 2382 535 2433 suos,
554 2366 710 2437 quasi
733 2350 1114 2435 parturientis:
1138 2369 1193 2418 et
1206 2377 1480 2419 conversae
1504 2372 1631 2417 sunt
1651 2363 1920 2418 universae

332 2478 351 2511 ι
392 2458 560 2514 facies
584 2459 639 2513 in
663 2456 1018 2527 auruginem?
1045 2474 1065 2508 ι
1108 2454 1352 2509 Primum
1382 2453 1557 2508 tristia
1597 2453 1921 2508 annuntian-

326 2563 431 2618 tur,
460 2561 521 2608 ut
553 2561 677 2624 post
701 2551 967 2608 malorum
998 2549 1421 2621 magnitudinem
1451 2534 1572 2603 laeta
1593 2549 1916 2608 succedant;

327 2646 536 2720 gratior
583 2644 783 2715 quippe
828 2650 914 2699 est
958 2643 1163 2698 sanitas
1201 2641 1553 2712 mgrotatione
1584 2640 1837 2711 depulsa:
1867 2644 1937 2694 et‘

326 2727 529 2793 doloris
553 2736 889 2807 magnitudo,
913 2737 966 2790 in
990 2732 1415 2806 magnitudinem
1449 2732 1680 2787 vertitur
1704 2732 1924 2806 gaudio—

331 2846 471 2885 rum.
501 2829 655 2898 Quod
682 2838 862 2885 autem
890 2828 1043 2893 dicit,
1065 2828 1168 2883 hoc
1210 2835 1314 2883 est.
1348 2825 1554 2895 Tantus
1602 2825 1707 2881 erit
1734 2826 1920 2892 timor,

331 2929 586 2991 tantaque
615 2919 863 2986 fbrmido,
900 2929 960 2974 ut
990 2918 1172 2989 fugata
1195 2932 1353 2989 pace,
1379 2916 1534 2972 bellis
1570 2926 1625 2972 et
1662 2917 1939 2989 sanguine

333 3013 515 3068 omnia
565 3011 955 3084 compleantur,
996 3019 1052 3067 et
1071 3011 1218 3066 viros
1262 3023 1479 3080 quoque
1524 3023 1755 3078 quorum
1794 3000 1938 3078 ριό-Δ

331 3104 509 3175 prium
557 3111 642 3161 est
692 3101 884 3177 contra
929 3100 1270 3158 adversarios
1319 3100 1600 3166 dimicare,
1645 3097 1925 3154 muliebris

336 3203 512 3251 terror
557 3195 839 3260 obtineat,
887 3208 1186 3264 manusque
1236 3206 1579 3263 nequaquam
1640 3191 1708 3247 ad
1752 3205 1919 3254 arma,

2022 1994 2041 2029 α
2086 1977 2348 2048 quiescet,
2375 1987 2430 2035 et
2467 1982 2678 2036 cunctis
2700 1980 2883 2038 aliiuet
2903 1983 3082 2050 bonis,
3107 1993 3162 2039 et
3186 2001 3296 2042 non
3316 1986 3421 2041 erit
3448 2001 3609 2055 quem

2024 2084 2043 2118 ‹
2088 2065 2363 2135 formidet,
2400 2071 2658 2139 quoniam
2704 2080 2881 2127 tecum
2919 2087 3067 2141 sum,
3102 2075 3179 2129 ait
3224 2074 3517 2142 Dominus,
3550 2083 3612 2131 ut

2014 2174 2042 2211 ·‹
2088 2159 2293 2216 salvem
2350 2169 2423 2216 te.
2490 2162 2713 2218 Faciam
2761 2164 2908 2220 enim
2961 2169 3489 2225 consummationem
3555 2170 3611 2225 in

2025 2270 2044 2303 ι
2088 2253 2300 2309 cunctis
2332 2254 2585 2324 gentibus
2623 2256 2679 2309 in
2708 2257 2904 2326 quibus
2949 2242 3180 2328 dispersi
3210 2268 3265 2315 te
3295 2276 3310 2315 :
3340 2270 3393 2316 te
3429 2271 3611 2317 autem

2026 2361 2045 2394 ‹
2092 2359 2203 2400 non
2237 2344 2435 2399 faciam
2466 2346 2524 2401 in
2579 2349 3125 2425 consummationem,
3184 2353 3280 2408 sed
3332 2354 3615 2425 castigabo

2026 2454 2045 2487 ‹
2091 2437 2221 2509 (sive
2244 2438 2513 2510 erudiam)
2552 2448 2607 2493 te
2649 2441 2706 2495 in
2740 2424 2983 2510 judicia,
3012 2453 3070 2498 ut
3096 2459 3205 2499 non
3247 2446 3340 2501 tibi
3380 2424 3616 2505 videaris

2028 2544 2045 2577 ι
2093 2526 2349 2584 innoxius
2376 2528 2504 2600 (sive
2521 2538 2580 2585 et
2598 2533 2867 2589 mundans
2888 2549 2996 2588 non
3021 2537 3292 2592 mundabo
3315 2538 3410 2610 te).
3440 2559 3460 2592 ι
3486 2538 3613 2596 Haec

2020 2624 2277 2696 περικοπή
2327 2621 2382 2675 in
2432 2620 2580 2675 LXX
2630 2638 2737 2679 non
2778 2625 3026 2693 habetur,
3060 2636 3116 2683 et
3140 2628 3195 2682 in
3220 2628 3495 2701 plerisque
3525 2646 3617 2687 co-

2023 2710 2235 2783 dicibus
2258 2710 2486 2783 vulgata:
2519 2712 2773 2769 editionis
2799 2715 2898 2771 sub
2937 2717 3211 2773 asteriscis
3257 2719 3324 2774 de
3369 2720 3617 2776 Theodo-

2025 2802 2173 2858 tione
2200 2804 2387 2859 addita
2431 2814 2534 2861 est.
2566 2806 2863 2864 Pollicetur
2905 2818 3086 2866 autem
3128 2827 3309 2868 sermo
3353 2813 3567 2869 divinus
3600 2854 3614 2881 ,

2025 2907 2081 2953 et
2104 2896 2449 2954 familiariter
2474 2911 2635 2957 vocat
2661 2916 2877 2959 servum
2916 2921 3075 2962 suum
3119 2906 3288 2965 Jacob
3319 2918 3374 2964 et
3421 2908 3613 2976 lsrael,

2025 2991 2165 3046 sicut
2192 2991 2491 3059 Abraham,
2521 2993 2695 3060 lsaac,
2720 2995 2981 3064 etJacob,
3013 2996 3277 3055 vocantur
3307 3001 3449 3056 servi
3496 3002 3615 3056 Dei.

2026 3081 2200 3139 Moses
2226 3099 2442 3155 quoque
2490 3095 2547 3141 et
2585 3087 2674 3142 alii
2712 3091 3007 3159 prophetae,
3054 3101 3109 3148 et
3158 3093 3435 3163 apostolus
3480 3094 3621 3149 Pau-

2025 3174 2111 3232 luS
2154 3177 2211 3233 in
2268 3178 2548 3250 principio
2593 3180 2959 3250 Epistolarum
3024 3201 3245 3243 suarum
3308 3190 3412 3245 hoc
3465 3188 3621 3244 titulo

333 3281 427 3343 sed
462 3287 529 3343 ad
558 3303 717 3345 renes
753 3257 1016 3344 tenendos
1073 3257 1374 3352 conferant,
1428 3257 1587 3356 quasi
1632 3283 1678 3338 si
1726 3282 1921 3338 mulier
1950 3257 1996 3320 (ἶ
2027 3257 2291 3343 gloriam}
2334 3291 2346 3326 ε
2384 3282 2445 3328 ιιι
2471 3282 2526 3328 el
2550 3268 2672 3330 dua:
2696 3284 2752 3331 et
2785 3278 2974 3334 decem
3005 3280 3199 3347 tribus,
3254 3281 3308 3337 id
3345 3291 3431 3339 est
3480 3284 3619 3339 duo-

330 3381 549 3449 pariens
582 3381 676 3435 ilia
708 3380 1029 3451 lumbosque
1073 3378 1364 3435 contineat.
1418 3376 1571 3432 Unde
1594 3384 1651 3430 et
1702 3376 1941 3432 cuncto-~

333 3485 455 3546 rum
484 3470 648 3541 facies
680 3480 960 3527 vertentur
984 3471 1041 3527 in
1070 3470 1409 3542 auruginem,
1436 3481 1691 3538 pavorem
1743 3467 1923 3522 cordis

332 3562 515 3617 vultus
538 3562 740 3632 pallore
768 3572 1047 3619 testantes.
1087 3562 1481 3631 Quidamlhunc
1503 3561 1681 3617 locum
1725 3576 1945 3617 secun—-

337 3653 463 3708 dum
490 3653 844 3725 tropologiam
884 3655 962 3708 sic
992 3653 1436 3723 interpretantur,
1466 3660 1527 3706 ut
1567 3659 1758 3721 putent
1795 3651 1924 3707 illud

336 3744 737 3800 testimonium:
760 3744 835 3798 «Α
856 3744 1048 3801 timore
1078 3752 1187 3808 tuo,
1212 3743 1456 3807 Domine,
1483 3743 1849 3812 concepimus,
1872 3750 1927 3797 et

336 3838 743 3908 parturivimus,
777 3845 834 3892 et
860 3836 1187 3908 peperimus,
1217 3834 1467 3905 spiritum
1495 3833 1685 3889 salutis
1713 3841 1817 3887 tua:
1852 3831 1928 3888 fe-

338 3924 513 3986 cimus
555 3944 718 4001 super
746 3938 945 3985 terram
975 3926 1353 4000 (Isa.;xxxv|),
1384 3947 1403 3978 ›
1432 3934 1487 3982 et
1513 3925 1643 3980 illud
1673 3924 1948 3995 apostoli-'

279 4082 284 4086 ,
337 4038 483 4088 cum,
511 4023 565 4077 in
589 4037 696 4093 quo
720 4022 879 4077 dicit:
902 4040 921 4073 ι
948 4020 1125 4076 Filioli
1150 4021 1273 4087 mei,
1301 4019 1925 4091 quositerumparturio,

344 4115 516 4170 donec
560 4112 810 4170 Christus
838 4111 1104 4169 formetur
1130 4113 1187 4167 in
1229 4111 1386 4168 vobis
1418 4109 1561 4182 (Gal.
1599 4108 1699 4183 ιν),
1738 4129 1757 4162 ι
1804 4110 1929 4165 huic

341 4207 588 4278 exemplo
618 4205 945 4277 comparari,
974 4205 1120 4275 quod
1146 4204 1493 4260 manifestum
1507 4211 1590 4259 est
1604 4218 1714 4258 non
1736 4203 1803 4257 ad
1821 4210 1929 4257 ter-

340 4313 541 4364 rorem,
590 4299 685 4354 sed
744 4297 809 4353 ad
861 4298 1114 4370 gaudium
1161 4297 1464 4368 pertinere:
1516 4311 1641 4352 cum
1689 4292 1948 4366 praesens

344 4387 626 4460 Scriptura
638 4390 955 4471 vastationis
966 4390 1134 4446 Israel
1147 4396 1203 4446 et
1221 4392 1390 4445 ruinae
1413 4398 1626 4460 tempus
1642 4389 1927 4461 significet.
1950 4420 1956 4427 -

419 4500 438 4532 ι
460 4482 572 4547 Vae,
597 4481 724 4551 quia
738 4495 934 4550 magna
947 4481 1063 4537 dies
1078 4481 1190 4547 illa,
1211 4496 1312 4536 nec
1327 4490 1408 4536 est
1427 4480 1619 4536 similis
1638 4481 1778 4551 ejus,
1795 4480 1951 4536 tem-'

2024 3364 2220 3431 decim,
2250 3366 2437 3451 sciant.
2453 3382 2513 3423 se
2544 3368 2611 3423 de
2638 3376 2784 3425 terra
2826 3371 3122 3446 longinqua
3151 3389 3270 3431 esse
3296 3376 3582 3434 salvandas
3604 3418 3620 3444 ,

2024 3466 2080 3512 et
2106 3458 2821 3532 solvendam‘captivitatem
2850 3467 3289 3540 reddendamque
3319 3486 3535 3540 pacem,
3568 3479 3623 3527 et

2025 3550 2174 3604 omni
2216 3565 2312 3607 eas
2354 3551 2646 3622 replendas
2693 3555 3024 3613 abundantia
3050 3599 3066 3623 ,
3113 3560 3269 3630 juxta
3318 3561 3450 3616 illud
3478 3562 3624 3633 quod

2026 3642 2081 3696 in
2125 3641 2341 3700 Psalmo
2371 3645 2569 3700 dicitur
2603 3660 2619 3700 :
2659 3664 2677 3697 ι
2721 3647 2843 3703 Fiat
2887 3665 2994 3721 pax
3041 3651 3096 3705 in
3148 3651 3348 3708 virtute
3396 3662 3527 3721 tua,
3568 3662 3626 3709 et

2029 3735 2361 3791 abundantia
2395 3737 2450 3793 in
2484 3740 2727 3797 turribus
2768 3742 2875 3797 tuis
2910 3742 3083 3814 (Psal.
3125 3744 3294 3815 cxxr).
3327 3765 3346 3797 ι
3377 3744 3492 3802 Hoc
3522 3748 3639 3801 au-'

2029 3834 2138 3880 tem
2167 3826 2291 3892 erit,
2309 3827 2435 3897 quia
2464 3831 2754 3899 praesentia
2775 3831 2990 3888 Domini
3013 3832 3382 3904 perfruentur,
3407 3837 3624 3907 quando

2030 3926 2087 3973 et
2119 3927 2307 3989 gentes
2334 3920 2679 3990 adversariae,
2714 3924 2834 3994 quae
2859 3924 2956 3981 eos
2979 3935 3256 3996 ceperant,
3288 3928 3629 4000 disperibunt

2031 4018 2086 4066 et
2109 4010 2199 4066 isti
2227 4011 2606 4069 liberabuntur
2634 4031 2664 4070 a
2695 4017 2967 4087 gentibus.
3004 4017 3279 4089 Docetque
3300 4035 3395 4075 cos
3424 4037 3629 4091 nequa-

2032 4114 2197 4173 quam
2220 4119 2418 4174 pmum,
2450 4105 2542 4161 sed
2571 4106 2860 4161 eruditioni
2890 4108 3137 4175 traditos,
3172 4118 3230 4165 ut
3252 4110 3629 4179 judicarentur

2033 4195 2188 4264 quasi
2224 4196 2462 4266 proprii,
2509 4212 2615 4253 non
2640 4199 3000 4269 perderentur
3045 4202 3201 4270 quasi
3227 4201 3388 4258 alieni
3416 4206 3435 4256 :‘
3469 4223 3487 4255 ε
3525 4202 3626 4270 Qui

2033 4288 2177 4342 enim
2230 4302 2338 4342 non
2390 4288 2582 4355 credit,
2631 4287 2744 4359 jam
2787 4289 3065 4359 judicatus
3095 4302 3179 4349 est
3218 4290 3401 4367 (Joan'.
3441 4295 3560 4369 m);
3604 4318 3623 4349 ι

2033 4377 2138 4434 hoc
2183 4388 2269 4434 est
2309 4380 2452 4435 enim
2496 4379 2879 4452 praejudicatus
2924 4384 2978 4438 in
3006 4385 3306 4442 interitum.
3342 4385 3497 4454 Quod
3526 4403 3621 4442 au-

2035 4480 2144 4527 tem
2193 4472 2413 4529 intulit:
2449 4492 2468 4524 ι
2505 4474 2577 4531 Ut
2600 4491 2706 4531 non
2739 4476 2833 4531 tibi
2874 4470 3113 4535 videaris
3136 4481 3410 4549 innoxius,
3448 4501 3467 4532 ι
3493 4476 3627 4548 Sive,

350 4590 368 4622 ε
402 4586 611 4642 pusque
640 4572 999 4629 tribulationis
1026 4583 1111 4629 est
1143 4572 1310 4629 Jacob
1337 4592 1349 4628 :
1375 4584 1429 4629 et
1454 4590 1521 4630 ex
1553 4575 1670 4644 ipso
1695 4576 1929 4631 salvabi-
1958 4561 2210 4644 “luxui
2243 4564 2630 4637 Symmachum
2658 4609 2673 4633 ι
2705 4588 2722 4618 ι
2770 4576 2826 4623 ει
2879 4570 3149 4626 mundatis
3198 4588 3309 4627 non
3354 4573 3630 4627 mundabo

350 4678 368 4710 ι
405 4667 512 4713 tur.
544 4680 562 4711 ι
597 4660 849 4717 Praedicit
884 4660 1379 4734 tempus'miseriaa,
1408 4672 1468 4719 ut
1499 4664 1696 4719 inferat
1719 4676 1931 4736 tempus

1958 4618 2013 4679 D

2039 4665 2120 4722 te;
2158 4677 2177 4708 ι
2212 4657 2299 4712 vel
2342 4656 2500 4725 juxta
2557 4658 2807 4727 Aquilam
2841 4676 2854 4713 :
2888 4680 2906 4711 ‹
2941 4658 3076 4715 Cum
3122 4669 3180 4731 te
3231 4662 3485 4716 erudiero
3533 4677 3632 4731 per

346 4752 545 4822 gaudii.
597 4753 751 4818 Cum,
806 4754 1004 4824 inquit,
1050 4763 1198 4811 tanta
1248 4757 1628 4837 praecesserint
1676 4757 1821 4811 mala
1873 4766 1934 4813 ut
2028 4746 2295 4818 illdiCillm
2324 4787 2339 4813 ν
2378 4762 2723 4817 nequaquam
2772 4728 3388 4818 innocemem‘fadam;
3429 4770 3449 4803 ι
3499 4751 3633 4808 ίυυά

348 4843 504 4900 dolor
532 4844 771 4899 virorum
824 4847 1066 4902 omnium
1116 4847 1288 4904 dolori
1331 4850 1684 4919 parturientis
1719 4848 1935 4905 femina:

347 4946 712 5007 comparetur,
740 4945 922 4993 tamen
948 4946 1161 5009 tempus
1200 4940 1565 4996 tribulationis
1597 4938 1783 5008 Jacob,
1832 4942 1937 4996 hoc

347 5035 449 5094 est,
480 5030 660 5101 populi
693 5030 811 5096 Dei,
836 5031 1130 5089 mutabitur
1164 5033 1221 5088 in
1264 5047 1553 5105 prospera:
1597 5041 1652 5089 et
1699 5047 1767 5089 ex
1820 5034 1937 5104 ipso

348 5134 562 5191 quoque
589 5120 907 5190 salvabitur,‘
932 5121 1253 5179 subauditur
1268 5134 1530 5195 tempore,
1554 5125 1620 5180 de
1635 5140 1741 5197 quo
1755 5140 1937 5181 sermo

347 5224 708 5287 processerat.
737 5216 906 5274 Iacob
929 5227 1111 5274 autem
1140 5205 1424 5275 duodecim
1455 5220 1625 5277 tribus
1651 5219 1888 5290 intellige
1920 5238 1933 5274 :

350 5320 474 5377 quae
525 5324 869 5380 nequaquam
900 5309 1020 5371 ,sub
1062 5308 1383 5375 Zombabel,
1420 5317 1483 5364 ut
1520 5309 1763 5364 nonnulli
1802 5309 1940 5365 falso

348 5405 566 5471 putant,
599 5400 693 5455 sed
716 5401 782 5455 de
810 5400 1135 5473 Evangelica
1156 5402 1440 5457 vocatione
1468 5402 1690 5457 salvatae
1715 5410 1863 5457 sunt.
1946 5422 1951 5427 ο

430 5504 451 5544 t
498 5491 565 5546 Et
598 5493 701 5547 erit
739 5493 794 5548 in
842 5494 931 5549 die
983 5494 1096 5561 illa,
1127 5496 1204 5549 ait
1248 5495 1509 5550 Dominus
1568 5495 1938 5551 exercituum:

362 5601 383 5637 ι
423 5591 698 5639 conteram
733 5582 921 5655 jugum
951 5585 1067 5654 ejus
1092 5586 1160 5641 de
1184 5586 1324 5644 collo
1350 5595 1464 5651 tuo,
1497 5593 1552 5642 et
1570 5586 1783 5642 vincula
1797 5576 1947 5642 illius

364 5693 385 5727 ι
431 5674 780 5745 disrumpam,
795 5682 851 5733 et
865 5693 968 5731 non
984 5679 1404 5735 dominabuntur
1419 5680 1498 5735 eis
1512 5696 1596 5734 am
1602 5679 1941 5753 pliusalieni,

366 5776 387 5818 ι
433 5775 488 5819 et
521 5765 757 5822 servient
790 5768 913 5835 (sive
963 5768 1355 5840 operabuntur)
1403 5768 1655 5841 Domino,
1682 5770 1792 5825 Deo
1821 5784 1941 5824 suo.

371 5856 391 5907 ι
426 5859 481 5910 et
493 5852 659 5913 David
672 5854 783 5924 regi
796 5870 915 5918 suo.
930 5862 1088 5928 quem
1103 5858 1376 5920 suscitabo
1391 5858 1488 5920 eis.
1504 5880 1521 5915 υ
1540 5858 1645 5919 iste
1655 5870 1738 5919 est
1751 5858 1942 5930 David,

2036 4842 2305 4911 significat
2339 4843 2481 4911 quod
2508 4842 2690 4897 omnis
2714 4843 2947 4897 mundus
2975 4842 3215 4914 indigeat
3254 4843 3633 4900 misericordia
3724 4896 3729 4899 ι

2038 4934 2160 5000 Dei,
2190 4942 2247 4989 et
2267 4933 2472 5001 nullus,
2502 4934 2751 5005 quamvis
2779 4945 3003 4991 sanctus
3047 4934 3140 5001 sit,
3188 4950 3417 4991 securus
3440 4944 3632 5008 pergat

2040 5026 2107 5080 ad
2127 5023 2366 5095 judi'cem
2394 5044 2406 5080 :
2439 5034 2630 5083 contra
2675 5042 2870 5083 novam
2898 5042 2968 5082 ex
2993 5027 3167 5083 veteri
3208 5028 3480 5093 haeresim,
3512 5043 3635 5099 quae

2035 5125 2190 5190 putat
2231 5118 2284 5172 in
2315 5118 2420 5174 isto
2457 5119 2656 5175 saeculo
2677 5128 2732 5175 et
2752 5120 2857 5176 ista
2882 5134 3047 5176 carne
3075 5120 3313 5185 mortali,
3344 5128 3633 5192 antequam

2040 5210 2410 5278 corruptivum
2438 5210 2542 5266 hoc
2569 5210 2759 5266 induat
2785 5212 3271 5282 incorruptionem,
3301 5220 3358 5268 et
3405 5213 3635 5269 mortale

2040 5301 2231 5356 induat
2275 5301 2741 5356 immortalitatem
2765 5341 2781 5368 ,
2818 5300 3208 5371 perfectionem
3256 5318 3377 5360 esse
3417 5303 3474 5358 in
3506 5319 3638 5374 quo—

2045 5408 2229 5465 quam,
2268 5400 2325 5448 et
2357 5407 2547 5449 omnes
2591 5392 2753 5449 simul
2779 5391 3000 5462 justum
3024 5409 3191 5464 posse
3246 5394 3475 5466 implere
3528 5395 3636 5450 vir-

2047 5496 2210 5543 tutes.

2126 5596 2146 5631 ‹
2190 5578 2326 5647 Quia
2376 5579 2493 5635 haec
2538 5580 2671 5635 dicit
2709 5579 3013 5638 Dominus:
3044 5582 3364 5639 .nsanabilis
3399 5581 3637 5637 fractura
3665 5610 3680 5623 ο

2058 5692 2077 5723 ι
2122 5680 2235 5736 tua,
2261 5673 2495 5742 pessima
2527 5671 2683 5742 plaga
2720 5680 2828 5728 tua.
2871 5672 2988 5730 Non
3017 5675 3220 5745 estqui
3258 5673 3467 5743 judicet
3486 5673 3636 5743 judi-

2060 5780 2079 5814 ι
2122 5764 2268 5820 cium
2314 5772 2466 5819 tuum
2503 5763 2571 5819 ad
2617 5763 2981 5837 alligandum,
3037 5766 3379 5822 curationum
3434 5762 3641 5818 utilitas

2064 5875 2082 5911 ι
2124 5864 2331 5915 nonest
2353 5855 2469 5915 tibi.
2494 5853 2694 5914 Omnes
2714 5865 2987 5916 amatores
3010 5855 3085 5915 tui
3108 5853 3261 5918 obliti
3283 5858 3410 5914 sunt
3437 5854 3553 5912 tui:
3586 5854 3638 5909 te
