4044 6326
454 321 593 383 ιοξτ

1056 327 1114 381 Β.
1156 325 1411 384 ΒΑΒΑΝΙ
1451 326 1673 385 MAURI
1707 325 2002 384 ARCHIEP

2105 327 2382 386 IOGUNT.
2424 328 2708 424 οΡΕιξυΜ
2740 330 2919 387 PARS
2969 323 3056 386 lii.

3566 332 3719 394 1028

451 461 476 498 ι
521 447 629 500 non‘
681 449 944 512 qumrent.
988 441 1148 514 Plaga
1191 443 1334 498 enim
1388 444 1595 500 inimici
1643 447 1885 514 percussi
1930 456 1985 503 te
2010 487 2025 512 ,
2055 451 2109 511 Α
2132 445 2691 517 linquentes-populos
2718 446 2883 512 videt,
2913 460 3050 516 quos
3080 460 3186 499 non
3210 443 3323 514 jam
3348 447 3448 500 sub
3472 445 3718 517 discipli-

449 553 474 592 ι
519 536 871 607 castigatione
904 534 1108 589 crudeli
1155 537 1280 605 (sive
1319 535 1489 606 forti).
1533 537 1760 606 Propter
1785 539 2029 594 multitu-

449 645 474 683 ο
518 631 694 685 dinem
751 627 1051 696 iniquitatis
1106 635 1209 681 tute
1272 627 1404 682 dura
1467 627 1611 684 facta
1668 629 1806 700 (sive
1848 630 2029 686 multi-

447 735 473 775 s
512 718 732 790 plicata)
773 727 903 773 sunt
950 725 1169 787 peccata
1218 725 1327 772 tua.
1384 719 1524 786 Quld
1572 720 1775 776 clamas
1821 723 1888 776 ad
1940 737 2028 779 me

447 829 469 864 ε
514 827 677 881 super
703 810 1026 867 contritione
1053 810 1186 863 tua?
1225 810 1546 867 Insanabilis
1571 821 1654 868 est
1698 812 1850 868 dolor
1880 822 2021 879 tuus,

448 923 469 958 ι
511 912 732 976 propter
777 901 1171 960 multitudinem
1216 901 1517 972 iniquitatis
1546 912 1688 969 tuae,
1725 913 1779 958 et
1805 915 2027 976 propter

447 1013 467 1046 ι
509 995 641 1050 dura
671 1003 890 1064 peccata
919 1003 1009 1050 tua
1031 994 1132 1049 feci
1159 994 1275 1050 haec
1294 994 1446 1050 tibi.)
1466 994 1629 1062 Quasi
1645 999 1710 1052 ad
1725 999 2021 1066 speciosam

441 1089 722 1158 mulierem
751 1089 1017 1159 loqultur,
1045 1088 1131 1144 cui
1159 1095 1323 1159 supra
1343 1090 1590 1146 dixerat:
1621 1109 1641 1144 ε
1671 1094 1946 1163 castigabo
1969 1102 2023 1151 te
2087 1151 2092 1154 .

438 1178 494 1233 in
509 1179 798 1249 judicio,ut
813 1193 918 1234 non
937 1179 1033 1234 tibi
1057 1179 1288 1235 videaris
1305 1179 1557 1236 innoxius
1570 1179 1698 1253 (sive
1718 1183 1980 1254 innoxia).
1996 1204 2015 1238 ι

436 1271 505 1326 Et
523 1287 620 1346 per
639 1275 1008 1343 metaphoram
1043 1272 1280 1342 loquitur
1305 1273 1373 1328 ad
1401 1273 1899 1346 Jerusalem'quod
1924 1275 2020 1333 Dei

428 1361 634 1432 judicio
654 1365 889 1434 pessime
918 1365 1201 1420 Vulnerata
1227 1366 1325 1420 sit:
1344 1370 1398 1420 et
1420 1381 1764 1435 nequaquam
1789 1367 1896 1423 alio
1911 1367 2018 1424 nisi

431 1457 548 1525 ipso
565 1457 656 1526 qui
673 1465 1016 1527 percusserat
1032 1457 1204 1527 possit
1216 1459 1652 1513 curantesamari
1672 1459 1921 1529 [curante
1934 1476 2018 1517 sa-

431 1547 596 1619 nari].
632 1566 652 1599 ι
696 1547 813 1602 Non
841 1556 946 1612 est,
983 1550 1062 1601 ait
1093 1548 1371 1611 Dominus,
1403 1548 1493 1616 qui
1519 1545 1726 1614 iudicet
1751 1549 2014 1619 judicium

433 1645 601 1703 tuum,
637 1659 655 1692 ι
689 1653 786 1694 nec
812 1638 1075 1693 altissimo
1097 1637 1311 1693 vulneri
1344 1638 1520 1693 valeat
1543 1648 1721 1694 cutem
1743 1641 2015 1696 cicatricis

427 1729 717 1795 obducere,
753 1744 1076 1798 quocunque
1103 1737 1155 1784 te
1189 1730 1771 1794 converteris,_utilitas
1792 1746 1896 1786 non
1929 1740 2016 1786 est

2134 556 2201 594 na
2229 540 2388 604 ﬁlios,
2419 540 2512 595 sed
2537 540 2636 595 sub
2672 539 2920 594 districta
2946 539 3295 608 percussione
3324 539 3510 595 hostes
3536 539 3718 596 intue-

2132 639 2249 686 tur:
2277 650 2294 682 ι
2321 629 2482 700 Plaga
2504 630 2960 700 inimicipercussi
2980 639 3053 706 te,
3075 629 3424 701 castigatione
3445 632 3707 687 credulia

2129 721 2196 776 Et
2221 721 2364 792 quod
2395 722 2483 777 hic
2509 722 2707 777 dicitur
2735 740 2753 774 ς
2785 737 2890 784 non
2913 707 3120 792 parcet,
3153 740 3170 788 ι
3198 720 3272 775 ibi
3293 736 3509 791 quoque
3529 722 3716 778 verbis

2127 815 2248 870 aliis
2271 814 2579 870 declaratur
2614 833 2626 869 :
2660 834 2677 866 ι
2707 813 2848 882 Quid
2881 813 3082 878 clamas
3105 813 3173 868 ad
3201 828 3288 868 me
3314 829 3475 888 super
3504 809 3713 882 contri-

2128 907 2272 960 tione
2294 907 2418 960 tua?
2439 905 2755 964 lnsanabilis
2775 913 2860 959 est
2876 904 3028 982 dolor
3049 915 3190 960 tuus.
3227 924 3258 982 i‘
3275 904 3427 960 Unde
3448 906 3714 982 hoc'sem—

2124 1010 2222 1066 per
2257 995 2417 1051 electi
2464 995 2770 1066 provident,
2817 1004 2877 1064 ut
2913 979 3040 1050 ante
3067 996 3135 1050 ad
3153 979 3421 1066 justitiam
3453 979 3708 1073 redeant,

2123 1103 2284 1157 quam
2318 1103 2438 1142 sese
2478 1088 2557 1144 ira
2577 1085 2778 1157 judicis
2817 1087 3299 1158 inextinguibiliter
3326 1090 3611 1155 accendat,
3638 1105 3708 1144 ne

2122 1178 2315 1236 ultimo
2334 1179 2542 1249 ﬂagello
2564 1180 2884 1250 deprehensi
2909 1180 3068 1235 simul
3093 1181 3172 1236 eis
3193 1182 3549 1253 ﬁniatur_vita
3579 1198 3706 1236 cum

2121 1271 2298 1342 culpa.
2345 1271 2639 1344 Flagellum
2688 1287 2924 1342 namque
2966 1280 3098 1327 tunc
3137 1272 3308 1328 diluet
3349 1273 3531 1343 culpa,
3577 1289 3707 1337 cum

2118 1365 2411 1420 mutaverit
2450 1365 2636 1419 vitam.
2686 1364 2821 1428 Nam
2877 1365 3031 1435 cujus
3077 1379 3256 1421 mores
3303 1355 3555 1420 immutat
3592 1383 3706 1422 non

2117 1456 2298 1526 expiat
2353 1455 2614 1512 actiones.
2661 1455 2850 1512 Omnis
2877 1471 3006 1527 ergo
3043 1441 3224 1510 divina
3260 1457 3564 1526 percussio,
3609 1467 3707 1513 aut

2117 1549 2366 1618 purgatio
2404 1548 2457 1604 in
2488 1547 2644 1602 nobis
2687 1547 2811 1612 vita:
2861 1549 3142 1618 praesentis
3180 1557 3282 1614 est,
3339 1558 3436 1602 aut
3483 1550 3699 1620 initium

2115 1651 2291 1708 poenae
2331 1637 2629 1708 sequentis.
2677 1636 2906 1707 Propter
2935 1653 3030 1692 eos
3067 1627 3208 1690 enim
3253 1638 3346 1708 qui
3377 1654 3446 1693 ex
3489 1638 3701 1709 ﬂagello

2115 1729 2405 1798 proﬁciunt
2424 1729 2627 1784 dictum
2653 1737 2773 1784 est:
2816 1747 2833 1778 ι
2861 1727 2961 1795 Qui
3005 1728 3164 1800 ﬁngis
3204 1729 3445 1798 dolorem
3472 1731 3529 1798 in
3561 1747 3701 1801 prae.-

426 1822 521 1877 tibi
541 1837 556 1876 :
575 1823 699 1891 quia
716 1822 985 1877 offendisti
1005 1836 1128 1877 eum
1150 1823 1420 1891 quiverus
1434 1831 1537 1888 est,
1556 1825 1610 1877 et
1630 1823 1777 1879 solus
1797 1833 2010 1880 estme-
2037 1808 2084 1868 Β
2112 1831 2269 1893 cepto
2308 1820 2480 1894 (Psal.
2513 1821 2688 1894 xcm),
2723 1840 2743 1874 ι
2775 1821 2898 1891 quia
2930 1821 3054 1876 dum
3083 1820 3379 1891 ﬂagellatur
3407 1807 3626 1894 iniquus
3643 1830 3699 1878 ct

424 1914 624 1969 dicus.«
654 1914 856 1968 Omnes
871 1922 1143 1968 amatores
1158 1913 1234 1968 tui
1255 1914 1404 1969 obliti
1429 1925 1554 1970 sunt
1573 1916 1672 1980 tui,
1695 1936 1713 1967 ι
1730 1916 1815 1971 vel
1831 1931 2010 1972 sacer-

423 2008 599 2070 dotes,
639 2007 723 2060 vel
756 2007 1048 2077 principes,
1091 2019 1185 2062 aut
1225 2015 1374 2064 certe
1401 2011 1712 2080 angelorum
1737 2007 2004 2080 praesidia,

423 2100 618 2168 quibus
658 2100 970 2169 priusquam
1012 2100 1315 2156 oﬂ‘enderes
1344 2103 1652 2168 Dominum,
1694 2104 2003 2158 vallabaris.

426 2210 444 2243 ι
466 2191 541 2246 Te
563 2205 669 2245 non
698 2199 963 2260 quaerent,
988 2208 1006 2242 ι
1034 2189 1297 2246 facientes
1326 2193 1632 2261 apostolum
1654 2192 1900 2258 Paulum,
1915 2193 2005 2262 qui

419 2275 692 2353 qumrebat
717 2284 1021 2347 credentes,
1037 2291 1095 2336 et
1113 2297 1220 2337 non
1242 2298 1327 2349 ea,
1357 2298 1478 2352 quas
1497 2292 1655 2338 erant
1672 2283 2005 2338 credentium

417 2373 502 2446 (II
525 2373 630 2428 Cor
657 2377 777 2442 xu).
803 2394 819 2426 ι
847 2373 1009 2445 Plaga
1033 2376 1175 2429 enim
1200 2375 1402 2430 inimici
1420 2375 1662 2446 percussi
1682 2384 1753 2439 te,
1769 2375 2005 2446 castiga-

417 2465 564 2520 tione
588 2464 793 2520 creduli
828 2483 876 2518 .›
905 2463 1081 2518 Aliter
1097 2465 1326 2531 amicus,
1345 2466 1503 2520 aliter
1532 2466 1783 2520 inimicus
1814 2480 2008 2534 percu-

415 2556 510 2621 tit;
538 2555 697 2610 aliter
719 2564 895 2625 pater,
929 2555 1087 2610 aliter
1117 2541 1312 2611 hoStis.
1344 2556 1437 2610 llle
1461 2557 1624 2612 caedit
1655 2567 1715 2612 ut
1745 2558 2001 2627 corrigat,-

417 2647 517 2700 iste
547 2646 780 2715 percutit
807 2653 866 2700 ut
900 2646 1129 2701 occidat.
1164 2645 1315 2702 Unde
1351 2655 1406 2701 et
1444 2649 1705 2718 propheta
1736 2648 2004 2720 lacryma-

413 2738 593 2792 biliter
614 2737 745 2794 dicit
769 2754 782 2791 :
819 2753 839 2788 ι
879 2735 1129 2802 Domine,
1163 2753 1228 2792 ne
1256 2738 1309 2792 in
1336 2737 1519 2792 furore
1548 2747 1640 2793 tuo
1666 2753 1862 2809 arguas
1890 2753 1998 2806 me,

412 2846 587 2900 neque
613 2831 666 2885 in
709 2831 788 2884 ira
821 2838 910 2884 tua
949 2829 1214 2898 corripias
1255 2843 1341 2884 me
1369 2827 1542 2901 (Psal.
1569 2831 1668 2901 vt).
1709 2851 1726 2883 ι
1761 2831 1876 2887 Hoc
1910 2847 2002 2886 au-

415 2933 524 2978 tem
550 2923 750 2978 factum
775 2933 877 2988 est,
910 2922 1034 2992 Quia
1065 2931 1286 2993 propter
1317 2923 1715 2978 multitudinem
1745 2925 2001 2994 iniquita-

411 3016 482 3070 tis
526 3024 628 3070 tua:
666 3017 800 3071 dura
842 3016 986 3070 facta
1029 3024 1154 3071 sunt
1191 3023 1413 3085 peccata
1457 3024 1567 3069 tua.
1614 3016 1874 3086 Quodque
1916 3031 2002 3070 se-

411 3115 633 3185 quitur:
667 3132 687 3165 ί
725 3112 864 3180 Quid
904 3111 1106 3167 clamas
1136 3125 1298 3180 super
1335 3111 1660 3166 contritione
1694 3117 1782 3175 tua
1804 3111 1826 3164 ἲ
1851 3111 1999 3164 Insa—

411 3207 605 3262 nabilis
631 3192 716 3262 est
741 3206 894 3268 dolor
924 3215 1066 3269 tuus,
1096 3214 1318 3276 propter
1355 3205 1754 3260 multitudinem
1794 3204 1994 3274 iniqui-

409 3298 535 3352 tatis
561 3305 685 3362 tum,
720 3316 738 3348 ι
768 3297 820 3351 in
862 3295 1003 3350 LXX
1026 3311 1133 3350 non
1172 3296 1423 3359 habetur,
1454 3293 1704 3349 videlicet
1739 3295 1866 3364 quia
1907 3311 1995 3350 se-

407 3388 585 3444 cundo
599 3389 817 3454 dicitur,
839 3409 856 3440 ι
876 3398 1096 3459 propter
1110 3388 1508 3443 multitudinem
1540 3387 1842 3457 iniquitatis
1867 3397 1992 3454 tuae,

405 3487 460 3534 et
488 3480 622 3534 dura
648 3489 870 3549 peccata
894 3491 1009 3546 tua,
1058 3499 1076 3533 ι
1117 3487 1171 3535 et
1193 3479 1285 3550 qui
1325 3479 1638 3536 scribebant
1665 3496 1694 3533 a
1727 3480 1994 3550 principio

406 3572 649 3636 additum
688 3554 1033 3642 putaverunt.
1088 3572 1156 3626 Et
1195 3581 1278 3627 est
1309 3586 1536 3627 sensus:
1574 3571 1641 3628 Ut
1685 3572 1888 3626 inimici
1942 3580 1994 3627 te

402 3663 558 3735 plaga
583 3675 949 3734 percuterem,
978 3674 1034 3720 et
1071 3667 1336 3721 caederem
1375 3667 1732 3734 castigatione
1761 3666 1990 3733 crudeli,

402 3754 532 3810 fecit
556 3755 844 3810 multitudo
876 3755 1182 3824 iniquitatis
1212 3765 1338 3822 tum,
1373 3765 1428 3811 et
1456 3755 1591 3816 dura
1629 3765 1850 3828 peccata
1879 3766 1988 3823 tua,

402 3863 521 3917 qua:
552 3847 732 3908 sanari
770 3862 876 3901 non
911 3855 1184 3916 poterant,
1218 3847 1321 3902 nisi
1360 3848 1772 3904 mordacissimo
1823 3848 1993 3902 medi-

403 3941 615 3996 camine
657 3938 900 4012 [pulvere
943 3925 1000 3996 et
1035 3943 1245 3997 ardenti
1297 3943 1540 3998 cauterio
1581 3950 1634 3997 et
1675 3941 1822 3997 ferro
1861 3957 1992 3997 acu-

400 4031 655 4103 tissimo],
689 4049 796 4103 quo
820 4033 1064 4103 putridas
1093 4049 1285 4090 carnes
1307 4045 1361 4089 et
1389 4034 1718 4090 insanabiles
1741 4040 1991 4103 amputa-

403 4137 518 4177 rem
541 4131 595 4176 et
623 4130 802 4178 tamen
837 4134 1058 4194 propter
1094 4124 1494 4181 multitudinem
1528 4126 1828 4195 iniquitatis
1862 4133 1988 4192 tuae,

401 4223 455 4268 et
473 4215 606 4270 dura
633 4224 854 4284 peccata
877 4224 987 4279 tua,
1013 4216 1113 4269 feci
1142 4206 1244 4270 hec
1259 4215 1380 4280 tibi,
1403 4231 1509 4270 non
1540 4232 1660 4270 mea
1685 4216 1987 4283 voluntate,

2109 1912 2418 1982 corrigitur,
2436 1919 2762 1982 przeceptum
2787 1911 2975 1980 audire
2997 1911 3191 1979 noluit,
3207 1914 3408 1968 audivit
3431 1915 3695 1980 dolorem.

2108 2005 2269 2060 Dolor
2295 2020 2426 2076 ergo
2455 2006 2509 2059 in
2531 2011 2801 2075 praecepto
2831 2004 3051 2075 ﬁngitur
3074 2006 3145 2071 ei,
3173 1991 3264 2074 qui
3289 2022 3318 2060 a
3338 2007 3500 2078 malis
3523 2008 3701 2079 operi-

2107 2099 2228 2162 bus,
2257 2097 2414 2167 quasi
2455 2098 2712 2169 praecepti
2757 2098 2876 2162 vice
2907 2098 3090 2153 dolore
3134 2091 3438 2162 cohibetur.
3481 2100 3561 2166 De
3609 2100 3698 2154 his

2107 2203 2236 2242 vero
2263 2203 2402 2258 quos
2429 2188 2688 2242 damnant
2711 2186 2940 2260 ﬂagella,
2971 2195 3026 2243 et
3047 2202 3153 2244 non
3174 2188 3425 2254 liberant,
3455 2189 3653 2243 dicitur
3676 2206 3690 2242 :

2116 2298 2134 2330 ι
2177 2278 2501 2336 Percussisti
2539 2295 2655 2345 eos,
2704 2296 2805 2336 nec
2831 2276 3147 2350 doluerunt;
3191 2281 3607 2356 attrivistieos,
3639 2289 3694 2336 et

2106 2383 2404 2430 renuernnt
2433 2375 2681 2444 accipere
2721 2373 3060 2443 disciplinam
3094 2372 3228 2444 (Jer.
3260 2373 3338 2446 v).
3376 2394 3394 2424 ι
3438 2373 3561 2428 Hazc
3593 2373 3691 2427 ﬂa-

2106 2467 2241 2539 gella
2275 2466 2343 2520 ab
2373 2469 2476 2522 bac
2499 2456 2610 2522 vita
2643 2466 2918 2529 inchoant,
2948 2473 3010 2538 et.
3032 2465 3087 2519 in
3107 2470 3316 2530 interna
3343 2464 3693 2534 percussione

2104 2560 2420 2629 perdurant.
2463 2557 2617 2615 Unde
2645 2572 2742 2628 per
2770 2551 2953 2612 Mosen
2997 2554 3258 2620 Dominus
3281 2557 3450 2630 dicit:
3492 2574 3509 2604 ε
3548 2555 3692 2627 lgnis

2104 2654 2307 2708 exarsit
2335 2654 2388 2706 in
2421 2653 2501 2706 ira
2529 2667 2669 2714 mea,
2694 2661 2746 2706 et
2775 2651 2986 2706 ardebit
3020 2666 3191 2722 usque
3215 2650 3282 2705 ad
3311 2641 3512 2705 inferos
3534 2650 3691 2703 deor-

2104 2761 2221 2802 sum
2255 2745 2432 2816 (Deut.
2465 2743 2657 2814 xxxu).
2697 2763 2716 2796 ι
2752 2743 3024 2810 Quantum
3051 2743 3117 2796 ad
3144 2750 3464 2812 prmsentem
3490 2741 3688 2794 etenim

2102 2835 2508 2909 percussionem
2531 2842 2759 2905 spectat,
2785 2842 2932 2889 recte
2955 2833 3170 2897 dicitur,
3196 2851 3215 2882 ι
3249 2833 3385 2908 ignis
3407 2832 3608 2885 exarsit
3632 2831 3684 2884 in

2101 2929 2182 2984 ira
2213 2945 2349 2990 mea,
2377 2948 2396 2979 ι
2422 2939 2684 2998 quantum
2721 2941 2850 2998 vero
2878 2925 2947 2980 ad
2977 2934 3236 2998 aeternam
3262 2924 3682 2989 damnationem,

2101 3028 2224 3090 apte
2255 3034 2380 3075 mox
2427 3019 2694 3083 subditur,
2743 3025 2858 3084 cet
2899 3014 3112 3086 ardebit
3159 3031 3332 3088 usque
3373 3015 3438 3069 ad
3479 3014 3685 3090 inferos

2101 3112 2373 3167 deorsum.
2407 3130 2426 3162 ι
2457 3109 2604 3165 Licet
2627 3126 2656 3163 a
2677 3109 3002 3182 quibusdam
3023 3107 3130 3162 dici
3158 3107 3330 3180 soleat
3359 3105 3510 3169 illud,
3543 3103 3684 3184 quod

2101 3202 2362 3272 scriptum
2386 3210 2469 3256 est
2491 3217 2504 3252 :
2528 3220 2545 3249 σ
2570 3197 2685 3276 Non
2703 3193 2912 3267 judicat
2935 3197 3175 3264 Deusbis
3198 3197 3251 3251 in
3272 3197 3526 3276 idipsum,
3552 3215 3570 3246 ι
3593 3193 3682 3264 qui

2098 3303 2278 3349 tamen
2300 3293 2443 3364 quod
2465 3307 2561 3362 per
2579 3275 2899 3362 prophetam
2925 3290 2992 3345 de
3019 3279 3222 3360 iniquis"
3237 3289 3455 3354 dicitur,
3476 3303 3580 3342 non
3597 3297 3682 3348 at-

2097 3388 2368 3442 tendunt:
2411 3404 2429 3437 ι
2464 3386 2532 3440 Et
2578 3385 2776 3454 duplici
2817 3383 3141 3460 confusione
3163 3393 3386 3438 contere
3413 3397 3528 3445 eos,
3567 3400 3582 3430 ι
3629 3389 3685 3432 et

2096 3479 2150 3535 id
2207 3479 2351 3549 quod
2397 3479 2532 3544 alias
2583 3479 2844 3548 scriptum
2895 3485 3002 3543 est,
3053 3494 3071 3526 ‹
3116 3474 3274 3530 Jesus
3321 3473 3576 3544 p0pulum
3617 3471 3684 3525 de

2098 3579 2240 3623 terra
2273 3567 2491 3639 {Egypti
2524 3567 2762 3631 salvans,
2793 3566 3030 3622 secundo
3066 3579 3160 3619 eos
3181 3564 3274 3632 qui
3299 3579 3405 3616 non
3433 3553 3681 3642 credide-

2095 3669 2222 3715 runt
2248 3660 2500 3730 perdidit.
2542 3679 2561 3711 ι
2604 3657 2809 3724 Quibus
2834 3666 3012 3710 tamen
3050 3656 3093 3709 si
3122 3669 3446 3710 consensum
3474 3639 3682 3723 pracbe-

2093 3767 2244 3816 mus,
2275 3750 2569 3821 quamlibet
2603 3749 2814 3818 culpam
2843 3747 2928 3802 bis
2950 3745 3103 3802 feriri
3139 3761 3245 3799 non
3272 3760 3451 3814 posse,
3481 3745 3583 3798 hoc
3613 3759 3681 3796 ex

2093 3850 2314 3912 peccato
2355 3841 2625 3914 percussis
2664 3850 2827 3910 atque
2861 3838 2915 3894 in
2942 3846 3165 3912 peccato
3193 3853 3292 3914 suo
3323 3821 3684 3914 morientibus

2095 3933 2253 3987 debet
2273 3913 2549 3998 aestimari,
2568 3932 2693 4002 quia
2727 3946 2913 3986 eorum
2938 3931 3218 4003 percussio
3242 3913 3329 3984 hic
3351 3913 3548 4000 coepta,
3578 3928 3684 3982 illic

2092 4021 2401 4088 perﬁcitur,
2428 4028 2487 4072 ut
2539 4017 2872 4098 incorrectis
2895 4033 3058 4071 unum
3091 4015 3356 4098 ﬂagellum
3412 4013 3501 4098 sit,
3535 4011 3682 4080 quod

2097 4111 2462 4183 temporaliter
2483 4110 2690 4181 incipit,
2715 4111 2806 4164 sed
2825 4095 2877 4164 in
2892 4112 3110 4174 aeternis
3129 4095 3406 4178 suppliciis
3423 4097 3681 4159 eonsuni-

2094 4217 2290 4270 matur,
2331 4214 2599 4275 quatenus
2640 4206 2719 4260 eis
2767 4203 2858 4274 qui
2904 4189 3126 4256 omnino
3173 4189 3372 4278 eorrigi
3420 4204 3678 4284 renuunt,

401 4308 498 4363 sed
542 4275 824 4362 mei-iicti
863 4275 1070 4362 rarique
1112 4275 1601 4377 οοκεηιεξαὴ-εμ)
1651 4307 1788 4362 Hinc
1835 4316 1891 4363 ει
1934 4275 1989 4362 ir;
2086 4296 2201 4374 jam
2246 4281 2592 4375 praesentium
2633 4293 2965 4376 ﬂagellorum
3003 4275 3303 4380 permissio,
3336 4275 3680 4356 sequentium

395 4394 502 4454 Job
527 4397 786 4468 scriptum
812 4405 923 4451 est:
963 4413 982 4448 ι
1021 4397 1245 4451 Emittet
1279 4411 1441 4465 super
1466 4409 1610 4462 eum,
1639 4407 1694 4451 et
1721 4413 1825 4451 non
1859 4413 1987 4467 par-

2092 4389 2161 4444 sit
2189 4388 2398 4466 initium
2429 4395 2839 4440 tormentorum.

401 4497 488 4544 εει
519 4459 661 4560 (ιοθξ
695 4489 807 4558 χχ),
861 4509 879 4541 ,
922 4487 1273 4542 peccatore")
1311 4459 1454 4543 ﬁcus
1495 4459 1708 4558 qumies
1746 4459 1988 4546 [θιιίεξηάο
2016 4513 2067 4574 D
2169 4499 2188 4532 ι
2225 4461 2514 4549 Propterea
2535 4477 2826 4562 omnesqni
2848 4459 3135 4531 comedunt
3158 4465 3228 4538 te,
3249 4470 3692 4556 devorabuntnr;

399 4580 645 4652 corrigit,
662 4581 728 4635 ad
752 4581 853 4635 hoc
872 4579 1137 4652 ﬂagellum
1159 4581 1378 4647 emittit,
1402 4590 1459 4636 ut
1492 4591 1700 4650 parcat,
1719 4599 1839 4638 cum
1860 4599 1988 4640 vero

397 4673 517 4745 ejus
543 4674 708 4730 vitam
740 4674 792 4729 in
820 4685 1044 4744 peccato
1071 4683 1480 4742 permanentem
1504 4673 1748 4730 feriendo
1769 4675 1990 4731 conclu-

397 4764 798 4838 dit,ﬂagellum
844 4767 1079 4831 emittit,
1117 4766 1212 4821 sed
1259 4783 1602 4836 nequaquam
1644 4769 1840 4838 parcit.
1885 4770 1989 4836 Qui

397 4861 540 4915 enim
570 4858 838 4930 ﬂagellum
884 4860 1066 4914 emisit
1111 4868 1170 4913 ut
1205 4868 1488 4929 parceret,
1536 4860 1604 4912 ad
1643 4861 1745 4915 hoc
1790 4861 1991 4915 emittit

398 4956 721 5026 quandoque
749 4971 814 5011 ne
843 4964 1050 5025 parcat.
1084 4955 1142 5009 ln
1183 4955 1286 5011 hac
1317 4970 1548 5024 namque
1584 4957 1694 5010 vita
1727 4957 1987 5013 Dominus

397 5056 552 5104 tanto
583 5050 756 5118 magis
793 5049 972 5104 studet
999 5057 1060 5103 nt
1087 5058 1298 5118 parcat,
1325 5057 1528 5117 quanto
1556 5051 1726 5119 magis
1756 5063 1982 5118 exspec-

399 5139 564 5194 tando
591 5136 844 5209 ﬂagellat.
884 5139 1037 5196 Sicut
1077 5140 1191 5211 ipse
1229 5153 1362 5194 voce
1411 5139 1586 5210 angeli
1618 5140 1687 5194 ad
1723 5138 1986 5195 Joannem

341 5243 348 5250 ’
400 5235 518 5289 ait:
555 5255 572 5286 ‹
623 5235 734 5306 Ego
781 5250 917 5307 quos
959 5252 1084 5292 amo
1133 5236 1400 5307 redarguo
1448 5241 1504 5289 et
1540 5235 1746 5308 castigo
1797 5234 1982 5305 (Apoc.

398 5326 504 5396 ιιι).
539 5344 556 5377 ι
587 5325 655 5380 Et
685 5326 828 5381 sicut
857 5325 992 5382 alias
1021 5327 1220 5381 dicitur
1253 5343 1264 5380 :
1297 5325 1468 5393 Quem
1495 5326 1642 5381 enim
1677 5324 1852 5394 diligit
1882 5324 1985 5378 Do-

397 5418 596 5484 minus,
621 5420 846 5489 castigat
877 5437 890 5471 :
925 5419 1156 5489 ﬂagellat
1179 5428 1359 5474 autem
1386 5434 1600 5474 omnem
1634 5418 1799 5472 ﬁlium
1823 5431 1986 5486 quem

364 5541 378 5555 -
396 5509 592 5579 recipit
620 5509 807 5582 (Hebr.
840 5509 960 5581 xu).
986 5529 1004 5561 ›
1031 5511 1266 5565 Econtra
1296 5519 1476 5566 autem
1501 5511 1567 5565 de
1595 5508 1806 5580 ﬂagello
1834 5509 1984 5563 dam-
2037 5530 2039 5532 ·

394 5600 633 5657 nationis
673 5599 937 5670 scriptum
965 5608 1088 5654 est:
1120 5617 1139 5650 ι
1177 5600 1235 5654 In
1276 5601 1538 5669 operibus
1567 5616 1827 5656 manuum
1853 5616 1984 5656 sua-

394 5709 516 5750 rum
542 5694 967 5764 comprehensus
1005 5702 1092 5748 est
1116 5703 1372 5763 peccator
1407 5693 1561 5766 (Psal
1585 5696 1682 5764 ix).
1722 5715 1738 5746 ι
1783 5695 1985 5764 Dequo

394 5799 485 5843 ut
511 5784 800 5848 leremiam
818 5787 1080 5845 Dominus
1102 5786 1252 5844 dicit.
1278 5785 1407 5843 dum
1430 5787 1867 5847 incorrigibiliter
1893 5786 1986 5839 de-

2100 4592 2118 4624 ι
2165 4582 2219 4628 et
2256 4571 2491 4626 universi
2539 4571 2721 4626 hostes
2760 4570 2835 4624 tui
2885 4569 2938 4622 in
2977 4566 3346 4638 captivitatem
3394 4563 3675 4622 ducentur,

2099 4686 2116 4717 ι
2161 4649 2216 4719 ei
2241 4665 2332 4735 qui
2372 4673 2422 4718 te
2448 4671 2662 4717 vastant
2689 4643 3064 4724 vastabuntur,
3097 4667 3440 4735 cunctosque
3465 4654 3675 4723 przcda-

2100 4775 2117 4806 ‹
2167 4741 2312 4810 tores
2347 4739 2468 4807 tuos
2499 4753 2638 4806 dabo
2676 4752 2730 4806 in
2759 4752 3013 4820 przedam.
3047 4747 3324 4804 Obducam
3357 4733 3502 4798 enim
3526 4741 3674 4796 eira-

2098 4868 2114 4899 ι
2162 4827 2353 4920 ζιίυθιιι
2398 4835 2516 4910 tibi,
2549 4855 2605 4898 et
2641 4860 2670 4898 a
2720 4844 3031 4898 vulneribus
3066 4843 3170 4896 tuis
3200 4839 3405 4920 sanabo
3434 4847 3506 4902 te,
3543 4833 3677 4889 dicit

2096 4958 2114 4990 ι
2162 4923 2441 5002 Dominus,
2480 4937 2603 5006 quia
2639 4936 2868 5006 ejectum
2913 4935 3038 5007 (sive
3082 4918 3402 5004 dispersam)
3444 4933 3674 4984 vocave-

2096 5051 2114 5084 ‹
2162 5017 2287 5112 riint
2313 5015 2523 5112 te'Sion
2557 5048 2570 5085 :
2606 5031 2719 5100 hazc
2746 5039 2828 5112 est
2852 5046 2971 5112 quae
2998 5046 3102 5112 non
3129 5007 3362 5082 habebat
3392 5011 3677 5106 requiren-

2096 5146 2113 5178 ‹
2163 5103 2290 5182 tem.
2323 5099 2438 5202 i‘i-Zt
2470 5125 2570 5180 sub
2597 5099 2895 5179 Zorobabei
2938 5099 3054 5178 haec
3084 5099 3226 5177 faeta
3266 5101 3671 5202 cognoscimus,

2089 5221 2300 5300 quando
2336 5191 2603 5290 Assyrios,
2628 5218 2729 5271 hoc
2757 5224 2839 5300 est
2871 5201 3416 5302 Νἰιιίιᾪιιηὲιιειιιγςιὲ
3447 5191 3677 5296 liabyloc

2088 5289 2162 5366 nii
2186 5291 2346 5391 atque
2369 5289 2624 5372 Chaldaei,
2643 5294 2696 5365 et
2719 5293 2931 5369 rursum
2956 5289 3278 5390 Babylonios
3300 5291 3356 5360 et
3394 5289 3676 5359 Chaldmos'
3761 5289 3772 5308 ’

2092 5406 2230 5461 Medi
2263 5404 2548 5474 Persaeque
2589 5414 2868 5473 ceperunt,
2904 5409 2957 5455 et
2987 5395 3225 5471 Babylon
3268 5399 3543 5453 destructa
3567 5404 3671 5460 est,

2091 5506 2219 5552 tunc
2246 5477 2376 5551 Sion
2405 5473 2567 5566 etrapit
2598 5477 2800 5548 habere
2848 5491 3151 5566 Dominum
3185 5473 3573 5559 requirentem,
3622 5496 3676 5541 et

2087 5588 2317 5645 obducta
2340 5598 2424 5644 est
2443 5563 2672 5643 cicatrix
2692 5573 2900 5639 vulneri
2922 5583 3084 5648 illius,
3103 5563 3158 5636 et
3180 5567 3366 5638 sanata
3391 5589 3475 5664 est
3497 5596 3526 5632 a
3559 5571 3677 5664 pla-

2087 5690 2170 5759 gis
2210 5689 2344 5754 suis,
2375 5687 2516 5760 quod
2540 5685 2750 5756 plenius
2779 5690 2942 5752 atque
2964 5679 3259 5752 perfectius
3286 5676 3587 5746 completur
3623 5675 3677 5728 in

2087 5781 2324 5838 Christo.
