4044 6326
456 392 591 449 1051

1077 392 1141 447 Β.
1178 388 1434 447 RABANI
1471 389 1694 454 MAURI
1728 391 2053 451 ARCHIEP.
2091 388 2405 447 MOGUNT.
2444 389 2737 448 OPERUM
2774 389 2956 447 PARS
2992 390 3083 447 III.

459 525 489 583 c_
512 504 672 560 rans.
700 501 940 559 Rursum
968 502 1250 559 aediﬁcabo
1299 512 1373 570 te,
1408 512 1464 559 et
1495 504 1851 561 aediﬁcaberis
1887 504 2041 575 virgo
2067 480 2251 569 Atos,
2288 522 2307 556 ι
2340 503 2397 558 in
2426 502 2692 561 Hebraico
2731 521 2843 561 non
2869 504 3121 570 habetur,
3147 501 3243 559 sed
3267 503 3325 560 ia
3363 502 3513 564 LXX
3532 515 3761 571 tantum

458 615 477 648 ι
523 596 693 652 Israel
713 594 904 671 Adhuc
927 595 1277 651 coronaberis
1304 597 1572 668 tympanis
1605 597 1710 653 tuis
1735 597 1859 669 (sive
1886 612 2044 654 assu-

458 682 491 745 «ί
532 704 647 745 mes
684 696 940 761 tympana
985 686 1098 753 tua,
1130 696 1187 743 et
1218 689 1517 757 egredieris
1562 688 1618 743 in
1658 689 1828 745 choro
1862 689 2051 745 luden-

458 801 477 835 ι
525 782 677 842 tium.
706 781 898 836 Adhuc
936 778 1210 851 plantabis
1236 780 1425 836 vineas
1458 780 1514 835 in
1559 781 1834 836 montibus
1862 779 2051 835 Sama-

456 892 475 925 ‹
506 874 620 930 riae.
645 873 894 929 Plantate
912 873 1176 945 plantaria
1200 879 1256 928 et
1278 872 1628 938 vindemiate.
1643 872 1752 927 erit
1768 871 1911 926 enim
1935 871 2052 927 dies

454 985 475 1019 ι
518 968 576 1022 in
595 982 704 1039 qua
725 966 1035 1042 clamabunt
1054 966 1307 1031 custodes
1328 965 1384 1029 in
1406 972 1590 1020 monte
1608 963 1892 1035 Ephraim,
1918 962 2052 1018 Sur-

456 1078 476 1111 ι
522 1060 636 1131 gite
677 1068 733 1116 et
784 1060 1141 1123 ascendamus
1183 1060 1243 1114 in
1281 1058 1411 1114 Sion
1449 1060 1516 1114 ad
1556 1059 1849 1114 Dominum
1878 1058 2057 1112 Deum

456 1171 475 1205 ι
522 1162 792 1210 nostrum.
834 1172 853 1205 ι
905 1152 1043 1221 Quia
1084 1152 1383 1209 offenderat
1422 1151 1589 1208 Israel
1634 1152 1948 1218 Dominum,
1993 1157 2059 1206 et,

451 1243 704 1299 dixerat:
736 1244 1173 1316 «Nonjbabemus
1194 1260 1398 1314 regem,
1421 1244 1528 1310 nisi
1559 1243 1829 1309 Casarem
1862 1243 2045 1316 (Joan.

2151 594 2369 665 legitur.
2401 595 2508 674 Prg
2538 610 2646 666 quo
2679 596 2823 666 apud
2847 595 3104 654 Hebraeos
3125 597 3385 666 scriptum
3407 608 3493 655 est
3521 619 3535 655 :

2167 741 2170 744 .
2228 709 2247 741 ‹
2269 688 2416 768 Inter
2443 704 2580 759 quos
2613 700 2776 746 erunt
2798 706 2992 756 caecus,
3009 699 3064 746 et
3091 689 3336 758 claudus,
3361 701 3418 748 et
3436 709 3756 766 praegnans,

2159 800 2178 833 ‹
2201 789 2255 836 et
2268 782 2487 852 pariens
2498 782 2681 847 simul,
2697 782 2941 839 Ecclesia
2956 797 3151 855 magna
3166 784 3553 841 revertentium
3572 786 3705 843 huc.
3731 809 3761 841 δ’

2152 875 2564 946 Congregantur
2612 875 2855 946 reliqui:e
2902 875 3085 947 populi
3129 876 3295 932 Israel
3341 893 3440 948 per
3473 881 3762 949 apostolos

2152 974 2208 1028 et
2236 966 2563 1037 apostolicos
2587 967 2758 1034 viros,
2785 968 2853 1024 de
2880 967 3077 1038 quibus
3096 983 3260 1038 supra
3282 968 3516 1039 legimus
3543 988 3557 1024 :
3589 992 3608 1024 ‹
3626 971 3759 1027 ωει-

2152 1056 2379 1112 mabunt
2399 1059 2653 1114 custodes
2674 1058 2731 1114 in
2758 1059 2964 1126 monte,
3002 1079 3022 1113 ι
3048 1068 3122 1117 λει
3162 1060 3361 1129 quibus
3389 1063 3714 1133 praecipitur
3737 1078 3765 1119 τ’

2157 1167 2176 1201 ι
2223 1148 2520 1209 Personate
2558 1159 2615 1206 et
2640 1150 2819 1207 canite
2846 1160 2903 1208 et
2924 1151 3112 1218 dicite,
3148 1172 3167 1205 ι
3200 1161 3263 1208 ut
3291 1154 3453 1210 salva:
3482 1154 3619 1210 fiant
3660 1172 3759 1213 re-

2150 1239 2331 1310 liquiw
2378 1241 2564 1297 Israel.
2604 1242 2831 1315 Ipseque
2852 1242 3116 1299 Dominus
3159 1244 3451 1314 pollicetur
3487 1260 3547 1301 se
3588 1247 3758 1301 redno‘

449 1335 587 1408 xxx),
619 1354 639 1390 ι
664 1344 722 1393 et
745 1331 1070 1395 erenite'et
1088 1336 1482 1393 interﬁciamus
1507 1350 1654 1403 eum,
1678 1337 1931 1392 etnostra
1943 1335 2051 1391 erit
2142 1332 2366 1387 'cturum
2390 1348 2486 1389 eos
2511 1333 2579 1389 de
2614 1342 2760 1389 terra
2787 1334 3093 1406 Aquilonis,
3126 1336 3220 1406 qui
3243 1345 3328 1392 est
3352 1345 3546 1394 ventus
3562 1337 3758 1395 duris-

448 1427 737 1486 haereditas
764 1429 959 1504 (Marc.
1000 1431 1124 1505 xu),
1158 1451 1177 1482 ι
1225 1439 1281 1487 et
1328 1434 1486 1503 longe
1515 1440 1821 1488 recesserat
1856 1446 1887 1485 a
1914 1431 2047 1497 Deo,
2152 1424 2343 1492 Simus.
2397 1426 2617 1483 nomine
2646 1436 2827 1483 autem
2874 1428 3065 1483 deme?
3100 1437 3350 1497 νοωιυτν
3402 1431 3470 1486 de
3496 1430 3759 1488 Ῐηοῐθάιιο

447 1534 737 1595 propterea
759 1524 1043 1581 Dominus
1066 1534 1212 1595 -post
1254 1526 1512 1581 multum'
1540 1533 1754 1596 tempus
1800 1524 2115 1596 apparuiL..
2148 1516 2325 1583 litate,
2355 1519 2421 1575 de
2446 1518 2649 1591 frigore
2668 1519 2966 1576 Dominica:
2993 1522 3302 1590 eharitatis,
3332 1531 3390 1579 et
3415 1539 3755 1597 congregans

447 1617 519 1682 ei,
545 1632 650 1673 non
681 1624 927 1688 tempore
966 1619 1287 1684 Zorobabel,
1315 1626 1371 1675 et
1397 1618 1893 1689 Ezrae,-pOstquam
1930 1633 2051 1672 rur—
2151 1624 2245 1664 €08
2272 1609 2342 1663 ab
2364 1611 2623 1665 extremis
2654 1620 2832 1678 ῑειτίεν
2870 1628 2979 1667 ηοη
3016 1613 3071 1667 in
3099 1613 3205 1669 ³1ίο
3244 1622 3510 1686 tempore,
3553 1617 3649 1672 sed
3688 1618 3752 1673 in

448 1726 567 1767 sum
585 1712 730 1782 capti
754 1718 903 1777 sunt,
925 1713 1022 1768 sed
1043 1712 1097 1768 in
1119 1712 1383 1768 charitate
1406 1714 1667 1782 perpetua
1692 1710 1879 1765 dilexit
1901 1724 2049 1773 eum,
2151 1698 2494 1756 solemnitate
2512 1701 2747 1773 [18501133.
2778 1703 2881 1758 hoc
2912 1712 3017 1770 εει,
3040 1704 3191 1760 feriis
3214 1704 3510 1762 Dominicw
3536 1709 3755 1778 passio-

448 1817 570 1872 qua:
596 1801 745 1858 nullo
791 1801 900 1858 fine
920 1801 1217 1867 delebitur,
1259 1811 1316 1858 et
1342 1802 1566 1857 attraxit
1597 1819 1721 1857 eum
1760 1801 2048 1856 miserans.
2086 1793 2239 1847 “’nls
2263 1795 2476 1863 quando
2502 1795 2795 1851 cruciﬁxus
2814 1809 2901 1851 est
2934 1796 3196 1853 Dominus
3221 1816 3233 1850 :
3269 1796 3656 1868 impletumque
3684 1799 3755 1853 il-

446 1890 801 1962 Nequaquam
827 1892 973 1947 enim
1002 1892 1217 1958 merito,
1240 1888 1341 1948 Sed»
1365 1892 1654 1949 clementia
1676 1893 1916 1949 salvatus
1937 1901 2040 1948 est.
2072 1873 2122 1934 Β
2149 1883 2240 1939 Ind
2277 1884 2422 1954 (111οά
2446 1885 2562 1955 ipse
2592 1886 2647 1941 ίη
2680 1886 2970 1959 Ενθυεει-ίο
3000 1889 3312 1960 ι’θΡιὌηιῖείι
3345 1886 3357 1942 έ
3389 1908 3407 1941 ⁸
3437 1889 3571 1945 Cum
3600 1890 3757 1946 (ἔχω’

448 1981 793 2055 Rursumque
815 1984 909 2051 ait,
934 2001 953 2036 ε
981 1983 1286 2041 Ᾰςῶἢωδο
1309 1993 1383 2052 te,
1403 1994 1461 2041 et
1487 1986 1861 2054 :edilicaberis,
1887 1987 2044 2055 virgo

2149 1984 2294 2033 tatus
2319 1976 2493 2044 fuero,
2517 1978 2701 2033 omnia
2730 1980 2945 2033 traham
2972 1980 3042 2035 ad
3064 1994 3152 2035 me
3181 1978 3366 2052 (Joan.
3388 1978 3510 2052 xu).
3548 1998 3567 2031 ι
3594 1980 3759 2036 Tune

447 2071 633 2129 Israel.
661 2073 1045 2146 illocproprie
1070 2075 1501 2146 intelligamusin
1521 2075 2046 2132 Ecclesia.Delirant
2147 2074 2426 2143 generavit
2475 2073 2704 2129 multum
2753 2074 3010 2145 populum
3043 2116 3057 2140 ,
3118 2083 3180 2129 ut
3238 2073 3371 2128 illud
3433 2074 3760 2143 impleretur

446 2167 592 2223 enim
617 2167 710 2237 qui
732 2183 956 2224 auream
984 2176 1146 2238 atque
1171 2178 1497 2241 gemmatam
1525 2170 1823 2241 suscipiant
1850 2169 2045 2225 Hieru-

450 2260 634 2325 salem,
679 2262 834 2316 suam
880 2261 1168 2316 avaritiam
1220 2262 1273 2317 in
1327 2262 1586 2334 mysterio
1625 2263 1778 2317 urbis
1828 2262 2042 2317 Domini

445 2361 852 2409 consecrantes.
882 2352 1074 2408 Adhuc
1094 2354 1378 2410 orbaberis
1410 2354 1684 2426 tympanis
1714 2354 1928 2429 tuis,_ut
1953 2368 2043 2408 ca-

446 2459 546 2500 nas
566 2444 795 2499 Domino
817 2445 873 2499 in
903 2444 1161 2500 Ecclesiis
1181 2445 1327 2500 omni
1357 2445 1412 2500 in
1440 2453 1493 2500 te
1522 2445 1788 2500 malorum
1816 2458 2042 2514 operum

448 2551 613 2592 carne
634 2544 976 2606 consumpta.
1024 2536 1093 2591 Et
1129 2537 1427 2609 egredieris
1459 2538 1512 2592 in
1544 2539 1713 2592 choro
1740 2537 2041 2593 ludentium

447 2644 572 2684 cum
612 2631 855 2700 gentium
904 2630 1114 2686 turbis:
1147 2632 1417 2702 plantabis
1440 2632 1629 2688 vineas
1675 2631 1730 2686 in
1770 2630 2044 2686 montibus

446 2719 731 2787 Samariae,
761 2736 1104 2792 nequaquam
1135 2723 1192 2778 in
1225 2723 1457 2780 vallibus
1483 2732 1537 2779 et
1562 2724 1856 2779 humilibus
1885 2724 2040 2789 locis,

441 2811 538 2866 sed
566 2811 621 2867 in
648 2811 927 2867 montibus
960 2809 1221 2868 Samariae
1258 2814 1351 2884 qui
1390 2822 1513 2885 post
1549 2814 1921 2885 captivitatem
1948 2828 2045 2885 po-

440 2901 553 2973 puli
589 2903 755 2959 Israel
799 2902 868 2959 ab
896 2902 1110 2973 -alicuis
1138 2905 1375 2977 possessi
1416 2914 1562 2973 sunt,
1594 2892 1792 2976 quibus
1820 2907 2041 2971 dicitur,

452 3010 471 3043 ι
509 2992 763 3050 Plantate
790 2996 1062 3066 plantaria
1096 3006 1153 3052 et
1175 2998 1521 3054 vindemiate.
1563 3018 1583 3050 ι
1620 2998 1773 3055 Tunc
1800 2998 1902 3054 fuit
1928 2999 2043 3055 dies

443 3081 683 3152 Domini,
715 3086 769 3141 in
810 3101 917 3156 qua
960 3089 1335 3145 clamaverunt
1371 3091 1656 3157 custodes,
1698 3092 1928 3161 apostoli
1957 3092 2038 3146 vi-

442 3174 639 3231 delicet
677 3187 734 3232 et
762 3179 1042 3248 apostolici
1085 3181 1187 3235 viri
1233 3182 1287 3236 iu
1332 3190 1519 3237 monte
1561 3181 1844 3249 Samariae,
1881 3192 1938 3238 et
1985 3184 2039 3238 in

2144 2163 2333 2220 Isaiae:
2375 2183 2394 2217 ι
2431 2164 2567 2234 Quia
2596 2174 2723 2225 nata
2753 2163 2837 2223 εει
2883 2176 3016 2239 gens
3063 2167 3231 2223 semel
3279 2166 3415 2239 (Ira.
3447 2183 3591 2233 var,
3642 2185 3752 2222 sec.

2144 2256 2342 2332 LXX).
2371 2278 2417 2333 _)
2444 2259 2564 2317 Una
2595 2260 2741 2316 enim
2772 2261 2858 2317 die
2892 2262 2994 2315 tria
3022 2260 3190 2315 millia
3220 2269 3274 2315 et
3305 2260 3544 2331 quinque
3574 2259 3751 2314 millia

2144 2346 2426 2403 hominum
2472 2350 2822 2405 crediderunt
2862 2352 3000 2422 (Act.
3058 2366 3099 2404 ιι
3155 2360 3204 2404 ει
3244 2350 3342 2422 ιν).
3385 2349 3646 2421 Quodque
3692 2352 3753 2405 in

2145 2433 2414 2493 Hebraico
2443 2439 2732 2494 scribitur:
2760 2457 2779 2490 ‹
2808 2439 2957 2495 Inter
2981 2454 3120 2510 quos
3147 2440 3311 2494 erunt
3334 2455 3512 2495 aecus
3532 2449 3586 2494 et
3607 2439 3756 2494 clau-

2147 2527 2266 2594 dus,
2311 2535 2368 2583 et
2398 2544 2704 2599 praegnans,
2737 2537 2792 2585 et
2817 2531 3039 2600 parie‘us
3079 2529 3262 2597 simul,
3295 2530 3525 2586 ecclesia
3554 2547 3752 2602 magna

2147 2620 2537 2676 revertentium
2574 2621 2703 2688 huc,
2739 2642 2757 2674 ι
2793 2635 3103 2693 quanquam
3127 2631 3182 2676 et
3206 2620 3361 2689 juxta
3390 2620 3625 2676 litteram
3655 2622 3753 2675 imo

2134 2711 2348 2791 ipletum
2385 2714 2477 2781 sit,
2505 2715 2651 2785 quod
2670 2715 2798 2770 caeci
2825 2714 3082 2781 viderint,
3109 2714 3290 2770 claudi
3324 2715 3748 2782 ambulaverint,

2147 2813 2329 2861 tamen
2374 2807 2567 2863 melius
2594 2807 2751 2879 juxta
2778 2823 3056 2879 anagogen
3093 2805 3317 2878 intelligi
3349 2815 3531 2878 potest
3558 2821 3573 2861 :
3599 2807 3747 2884 quod

2146 2897 2239 2967 qui
2268 2899 2420 2968 prius
2439 2898 2569 2955 caeci
2591 2907 2748 2954 erant
2768 2900 3019 2969 perﬁdia,
3046 2908 3236 2970 postea
3261 2900 3609 2957 crediderunt
3627 2898 3752 2956 Sal-

2147 2993 2365 3049 vatori:
2403 3001 2456 3049 et
2492 2993 2583 3063 qui
2628 2994 2823 3059 claudi,
2879 2994 3076 3064 quibus
3112 2995 3384 3064 quondam
3422 2993 3749 3064 loquebatur

2147 3082 2292 3140 Elias
2317 3099 2332 3138 :
2375 3104 2393 3137 c
2428 3084 2728 3157 Usquequo
2749 3078 3069 3142 claudicatis
3093 3094 3326 3157 utroque
3353 3087 3533 3158 pede?
3569 3107 3588 3141 ι
3624 3086 3674 3159 (1
3683 3086 3745 3141 II

2148 3174 2277 3245 Reg.
2302 3176 2458 3249 xvm)
2484 3186 2670 3246 postea
2692 3176 3108 3232 ambulaverint.
3137 3166 3205 3232 Et
3236 3195 3256 3228 ‹
3283 3177 3521 3249 Populus
3545 3180 3636 3249 qui
3661 3196 3747 3234 se-

442 3272 629 3323 monte
665 3237 947 3341 Ephraim,
995 3288 1226 3343 quorum
1259 3275 1492 3330 alterum
1530 3237 1854 3343 custodiam;
1898 3277 2038 3332 aue-
2067 3237 2112 3302 Ο
2146 3266 2309 3324 debat
2332 3268 2384 3323 in
2411 3237 2650 3326 tenebris
2670 3270 2930 3327 etumbra
2954 3271 3148 3328 mortis
3173 3286 3430 3342 magnum
3458 3272 3635 3328 lumen
3658 3288 3749 3328 as-

442 3374 564 3414 rum
590 3360 895 3417 ubertatem
918 3374 1093 3419 sonat.
1120 3364 1259 3433 Quid
1289 3381 1417 3422 vero
1445 3368 1633 3423 dicunt
1662 3369 1914 3425 custodes
1936 3368 2041 3426 Sa-

440 3455 629 3510 maria:
653 3473 666 3510 :
699 3456 810 3512 imo
839 3459 966 3527 quid
996 3459 1232 3515 clamant
1261 3461 1314 3516 in
1352 3470 1536 3518 monte
1570 3462 1831 3533 Ephraim
1855 3464 1879 3517 ?
1908 3462 2039 3519 Sur-

445 3546 556 3615 gite
582 3547 674 3616 qui
695 3548 913 3618 jacetis,
946 3551 1172 3607 humilia
1216 3542 1528 3624 relinquite,
1568 3555 1915 3610 victimarum
1943 3556 2040 3612 ho-

440 3636 577 3693 stias
607 3641 848 3710 spernite
877 3659 889 3695 :
922 3661 939 3694 ι
967 3641 1306 3701 Sacriﬁcium
1331 3646 1443 3701 Deo
1460 3636 1689 3717 Spiritus
1709 3647 2040 3703 contribula-

443 3737 531 3784 tus
562 3729 734 3804 (Psal.
761 3732 848 3807 1.);
880 3754 898 3786 ι
931 3737 1291 3794 ascendamus
1322 3739 1378 3793 in
1410 3738 1563 3806 Sion,
1594 3741 1696 3795 hoc
1733 3749 1815 3796 est
1855 3741 1908 3796 in
1932 3741 2039 3798 Ec-

446 3822 691 3892 clesiam,
722 3825 815 3880 ubi
854 3834 940 3882 est
965 3828 1267 3899 speculatio
1294 3838 1349 3886 et
1380 3830 1606 3887 intuitus
1647 3831 1762 3887 Dei.
1796 3831 2041 3903 Cumque

440 3913 706 3974 fuerimus
726 3917 782 3973 in
806 3916 937 3975 Sion
955 3961 971 3988 ,
1001 3920 1111 3976 imo
1135 3923 1542 3979 ascenderimus
1570 3924 1779 3994 pariter
1805 3924 2036 3997 adeam,

440 3999 799 4067 ascendemus
844 4011 914 4067 ad
946 4011 1236 4070 Dominum
1265 4014 1435 4071 Deum
1466 4024 1733 4072 nostrum.
1941 4030 1944 4033 λ

519 4159 538 4194 ι
576 4143 710 4210 Quia
749 4146 868 4202 haec
904 4146 1038 4204 dicit
1086 4148 1346 4206 Dominus
1375 4168 1388 4205 :
1421 4149 1701 4207 Exsultate
1740 4150 1794 4205 in
1828 4149 2038 4217 laetitia,

447 4250 466 4284 ι
512 4220 702 4302 Iacob,
723 4237 780 4291 et
791 4237 1001 4293 hinnite
1027 4246 1219 4294 contra
1241 4249 1405 4311 caput
1431 4241 1692 4311 gentium.
1718 4240 2038 4309 Personate,

447 4343 468 4376 ί
510 4324 687 4379 canite
714 4327 841 4382 tuba
866 4334 924 4381 et
951 4328 1114 4384 dicite
1141 4346 1154 4382 :
1200 4329 1418 4384 Salvum
1450 4330 1536 4385 fac
1577 4331 1834 4402 populum
1864 4341 2037 4400 tuum,

448 4429 468 4463 ι
514 4412 762 4479 Domine,
799 4413 1060 4484 reliquias
1095 4416 1282 4472 Israel.
1330 4436 1349 4469 ι
1384 4416 1767 4490 Signiﬁcanter
1796 4436 1905 4476 non
1958 4432 2041 4477 to-

442 4509 532 4576 tus
560 4501 806 4558 salvatur
826 4503 1011 4569 Israel,
1044 4505 1141 4563 sed
1173 4506 1417 4576 reliquiae
1458 4507 1658 4575 Israel,
1688 4511 2039 4582 prmcipiente

442 4595 674 4653 Domino
717 4606 881 4682 atque
915 4598 1167 4655 dicente:
1205 4620 1223 4652 ι
1260 4600 1541 4657 Exsultate
1589 4602 1645 4657 in
1675 4602 1897 4671 laetitia,
1945 4606 2038 4675 qui
2062 4620 2118 4682 ι)

440 4689 574 4745 estis
609 4689 690 4745 de
735 4681 946 4756 Jacob,
1004 4699 1061 4746 et
1107 4691 1335 4761 hinnite,
1392 4715 1412 4747 ι
1470 4696 1538 4763 ad
1586 4704 1750 4765 caput
1790 4697 2038 4768 gentium

444 4790 641 4839 cuncta
690 4782 991 4839 referentes
1028 4802 1041 4837 :
1077 4785 1202 4854 quia
1252 4787 1424 4841 cauda
1460 4788 1734 4858 quondam
1775 4804 2038 4846 conversa

440 4882 525 4931 est
575 4875 632 4931 in
660 4885 844 4947 caput.
880 4896 898 4928 ι
932 4876 1231 4935 Personate
1273 4888 1329 4935 et
1356 4881 1534 4939 canite
1565 4890 1620 4938 et
1663 4883 1827 4939 dicite
1860 4901 1873 4937 ε
1908 4884 2037 4953 quid

440 4973 526 5023 est
561 4966 690 5022 illud
727 4968 873 5038 quod
908 4967 1171 5038 jubentur
1210 4971 1435 5027 dicere?
1479 4992 1497 5024 ‹
1537 4972 1757 5029 Salvum
1793 4974 1904 5040 fac,
1932 4974 2047 5033 Do—_

440 5059 611 5125 mine,
635 5060 892 5131 populum
912 5069 1085 5118 tuum.
1109 5084 1128 5116 ι
1158 5062 1330 5131 Quem
1351 5064 1644 5135 populum?
1675 5068 1881 5137 utique,
1901 5087 1919 5117 ι
1945 5083 2034 5122 re-

442 5151 643 5221 liquias
694 5150 900 5220 Israel,
953 5173 972 5207 »
1006 5170 1129 5227 qua:
1171 5157 1470 5212 secundum
1514 5157 1835 5215 electionem
1875 5160 2039 5215 salva:

446 5241 602 5303 factae
631 5252 759 5299 sunt
790 5262 804 5299 :
839 5246 907 5301 de
934 5248 1133 5323 quibus
1160 5257 1215 5305 et
1252 5249 1455 5305 Paulus
1482 5265 1767 5308 assumens
1794 5253 2040 5310 testimo-

443 5334 595 5389 nium
619 5335 773 5393 Isaia:
786 5338 1059 5409 loquitur:
1084 5342 1107 5393 ‹“
1123 5341 1237 5399 Nisi
1261 5344 1523 5401 Dominus
1544 5345 1769 5401 sabaoth
1794 5347 2041 5417 reliquis-

443 5431 529 5481 set
544 5426 701 5484 nobis
723 5444 931 5498 semen,
959 5432 1101 5489 sicut
1118 5431 1352 5491 Sodoma
1379 5434 1508 5493 facti
1530 5451 1795 5506 essemus,
1820 5446 1875 5495 et
1897 5439 2043 5496 sicut

442 5514 755 5576 Gomorrha
777 5521 982 5580 similes
1007 5521 1301 5583 fuissemus
1324 5527 1459 5601 (lca.
1491 5545 1533 5597 ι,
1566 5526 1716 5585 Rom.
1750 5529 1849 5602 rx).

524 5670 544 5708 ι
588 5646 730 5714 Ecce
756 5671 889 5731 ergo
931 5660 1195 5718 adducam
1238 5679 1333 5721 eos
1361 5666 1429 5722 de
1467 5674 1613 5723 terra
1646 5667 1951 5740 Aquilonis,
1981 5677 2038 5726 et

454 5760 474 5800 ι
501 5749 842 5823 congregabo
854 5766 948 5807 eos
968 5753 1037 5809 ab
1058 5757 1319 5812 extremis
1342 5766 1521 5814 terrae.
1535 5778 1553 5810 ι
1580 5760 1735 5826 Quod
1748 5762 1994 5834 sequitur
2016 5781 2031 5820 :

450 5836 560 5895 tiu
616 5838 958 5902 solemnitate
1008 5841 1203 5911 Phase,
1250 5855 1307 5903 et
1338 5849 1643 5919 generabit
1701 5851 1842 5914 ﬁlios
1891 5853 2070 5913 mul-o

2144 3361 2357 3430 pexerit
2409 3360 2545 3430 (Isa.
2587 3363 2686 3433 IX),
2726 3383 2744 3416 ι
2782 3362 3069 3433 claudique
3121 3366 3487 3430 cucurrerint,
3524 3374 3580 3419 et
3608 3380 3745 3435 pra:-

2144 3470 2317 3526 gnaus
2330 3457 2600 3525 pepererit
2613 3457 2771 3525 filios,
2789 3459 3074 3514 ecclesiam
3093 3474 3341 3530 magnam
3358 3460 3740 3516 revertentium

2143 3545 2211 3599 ad
2241 3547 2425 3600 fidem.
2449 3544 2620 3624 Judaei
2650 3556 2847 3619 putant
2870 3552 2972 3605 hoc
3001 3565 3122 3606 esse
3152 3551 3478 3622 completum
3508 3553 3741 3622 quando,

2143 3638 2244 3692 sub
2267 3637 2401 3692 Ezra
2425 3646 2547 3709 post
2569 3638 2711 3694 diem
2736 3641 2970 3710 paschae,
2994 3642 3198 3713 egressi
3219 3652 3345 3697 sunt
3363 3643 3431 3698 de
3450 3643 3742 3716 Babylone,

2143 3743 2204 3788 ut
2233 3742 2642 3790 reverterentur
2662 3734 2714 3789 in
2743 3733 3064 3800 Jerusalem,
3090 3737 3146 3792 in
3168 3752 3276 3807 quo
3290 3744 3453 3810 typus
3478 3737 3606 3805 fuit,
3634 3754 3743 3795 non

2143 3824 2373 3880 veritas.
2412 3822 2600 3895 Neque
2625 3824 2772 3880 enim
2809 3826 2864 3880 in
2912 3827 3004 3883 illo
3037 3836 3280 3899 tempore
3322 3828 3579 3885 universa
3624 3844 3746 3899 qnze

2141 3915 2394 3987 legimus,
2430 3927 2485 3973 et
2526 3916 2723 3973 lecturi
2754 3934 2965 3987 sumus,
2990 3919 3158 3976 fuisse
3200 3921 3469 3994 completa
3491 3930 3747 3994 poterant

2143 4010 2464 4081 approbare.

2220 4117 2239 4151 ι
2285 4101 2341 4155 In
2380 4098 2507 4157 ﬂetu
2538 4102 2757 4158 venient
2807 4102 2938 4176 (sive
2982 4103 3376 4177 egredientur),
3407 4112 3463 4159 et
3496 4105 3550 4160 in
3580 4107 3748 4163 mise-

2148 4210 2168 4243 ‹
2215 4191 2453 4247 ricordia
2479 4196 2739 4249 reducam
2766 4210 2880 4261 eos,
2914 4204 2968 4250 et
2994 4195 3261 4251 adducam
3283 4210 3376 4251 eos
3402 4210 3501 4265 per
3526 4204 3741 4252 torren-

2150 4302 2170 4336 ‹
2215 4294 2299 4341 tes
2338 4301 2603 4356 aquarum
2642 4288 2698 4343 in
2740 4289 2827 4343 via
2864 4297 3028 4356 recta,
3074 4296 3131 4344 et
3160 4305 3266 4345 non
3296 4289 3596 4360 impingent
3618 4291 3748 4362 (sire

2150 4400 2169 4430 ‹
2210 4394 2315 4434 ηοη
2359 4379 2641 4454 errabunt)
2672 4380 2725 4436 in
2750 4396 2834 4448 ea,
2858 4376 2982 4451 quia
3006 4382 3183 4438 factus
3209 4397 3327 4437 sum
3355 4381 3541 4438 Israeli
3564 4392 3745 4451 pater,

2151 4489 2169 4520 ε
2217 4478 2271 4525 et
2295 4470 2555 4541 Ephraim
2580 4472 2975 4543 primogenitus
2995 4488 3149 4528 meus
3176 4482 3278 4529 est.
3318 4492 3336 4523 ι
3372 4471 3429 4527 Si
3447 4471 3606 4542 juxta
3636 4470 3748 4545 Πε-

2145 4562 2390 4616 braicum
2407 4562 2717 4633 legerimus,
2741 4584 2757 4613 ι
2781 4563 2834 4617 in
2856 4562 2983 4619 ﬂetu
3007 4565 3245 4631 venient,
3268 4586 3287 4619 ι
3306 4566 3409 4625 hoc
3428 4550 3744 4622 euimindi-

2142 4659 2232 4707 cat
2249 4661 2392 4729 ηκιξ
2415 4669 2430 4719 ;
2460 4651 2702 4708 dicemus
2724 4655 2866 4725 quod
2890 4651 3158 4723 interdum
3183 4664 3239 4710 et
3260 4655 3413 4716 nimii
3442 4654 3623 4729 gaudii
3645 4653 3746 4709 lle-

2144 4754 2230 4802 tus
2257 4747 2515 4802 iudicium
2543 4747 2635 4812 sit,
2667 4746 2825 4818 juxta
2855 4746 2985 4803 illud
3016 4767 3029 4803 :
3060 4748 3332 4819 lacrymor
3367 4749 3565 4819 gaudio
3590 4765 3604 4810 ;
3653 4748 3741 4802 sin

2141 4844 2323 4892 autem
2363 4838 2520 4908 juxta
2576 4834 2932 4917 Septuaginta
2969 4838 3060 4909 qui
3115 4836 3411 4895 dixerunt:
3455 4858 3474 4892 ι
3517 4839 3573 4894 In
3609 4836 3743 4894 ﬂetu

2140 4929 2509 5001 egredicutur,
2543 4938 2599 4985 et
2628 4929 2683 4985 in
2710 4928 3107 4997 misericordia,
3137 4950 3156 4983 ι
3183 4930 3317 5000 sive,
3349 4952 3387 4993 «ν
3410 4932 3466 4987 in
3491 4927 3744 4986 consola-

2140 5021 2289 5076 tione
2329 5021 2586 5075 reducam
2617 5038 2712 5078 cos
2755 5041 2767 5077 :
2808 5043 2827 5075 ι
2864 5021 3014 5077 illum
3060 5038 3277 5078 sensum
3321 5032 3606 5094 pauentus,
3644 5020 3742 5091 qui

2141 5112 2272 5168 etin
2306 5112 2536 5168 Psalmis
2559 5112 2756 5168 dicitur
2784 5132 2795 5167 :
2828 5116 2847 5166 ι
2882 5112 3088 5169 Euntes
3122 5104 3273 5169 ibant
3305 5121 3359 5169 et
3385 5112 3585 5169 ﬂebant
3611 5111 3740 5167 miz-

2141 5214 2317 5262 tentes
2344 5206 2553 5262 semina
2585 5206 2901 5263 :veuientes
2931 5216 3112 5263 autem
3157 5206 3378 5263 venient
3400 5206 3457 5261 in
3495 5203 3739 5262 exsulta-
3814 5233 3823 5241 ο

2143 5299 2291 5355 tioue
2312 5306 2591 5370 portantes
2616 5298 2919 5370 manipulos
2939 5315 3067 5357 suos
3093 5296 3247 5371 (Ριαί
3268 5298 3453 5372 cxxv).
3493 5318 3512 5353 ι
3546 5297 3739 5353 Flere—

2140 5400 2270 5446 runt
2294 5391 2437 5447 enim
2471 5391 2687 5462 quando
2726 5392 2923 5462 captivi
2955 5392 3100 5448 ducti
3139 5400 3285 5459 sunt,
3324 5400 3380 5447 et
3412 5389 3739 5447 consolatio-

2142 5496 2269 5536 nem
2290 5480 2582 5537 maximam
2613 5492 2965 5553 receperunt,
2991 5482 3208 5553 quando
3230 5479 3741 5549 misericordiaﬁo—

2139 5572 2273 5628 mini
2292 5573 2501 5629 reducti
2529 5583 2674 5630 sunt.
2701 5573 2768 5629 Et
2783 5574 3111 5631 adduxiteos
3123 5574 3387 5631 Dominus
3401 5589 3501 5645 per
3518 5580 3742 5643 aposto-

2140 5664 2223 5723 los
2245 5675 2300 5722 et
2321 5667 2647 5737 apostolicos
2671 5668 2839 5733 viros,
2860 5668 3046 5740 plenos
3082 5684 3342 5741 aquarum
3367 5679 3424 5724 et
3440 5664 3740 5745 largissimi

2139 5759 2398 5825 ﬂuminis,
2423 5760 2478 5814 in
2511 5760 2620 5826 via,
2644 5769 2807 5816 rectae
2838 5761 3091 5818 videlicet
3113 5760 3259 5828 fidei,
3298 5778 3405 5818 non
3431 5762 3487 5817 in
3510 5758 3739 5832 perﬁdia

2141 5849 2472 5910 Judaorum.
2520 5848 2637 5908 tEt
2659 5865 2788 5920 non,
2824 5851 3016 5925 inquit,
3049 5848 3419 5926 impingcutiu
3443 5864 3528 5921 ea,
3558 5865 3579 5904 ι
3604 5848 3739 5922 quid
