4044 6326
286 411 432 474 {OE

1085 385 1090 388 ’
1185 401 1554 462 EXPOSITIO
1593 397 1818 455 surnn
1855 395 2221 455 manuum.
2261 431 2334 444 —
2366 400 2496 458 un.
2535 401 2649 459 xu.

3423 407 3561 465 ιοδι

287 523 417 584 anei
455 533 577 581 esse
616 525 918 588 cessarunt,
962 518 1157 591 quibus
1197 518 1476 590 quondam.
1498 516 1699 572 dictum
1743 523 1828 573 est
1855 533 1869 572 :
1900 519 1952 582 Α
1977 517 2248 589 mogenita
2277 516 2544 584 Manasse,
2574 517 2665 588 qui
2707 525 2900 576 natura
2933 520 3240 591 primitivus
3263 530 3382 580 erat
3403 523 3560 597 (Gen.

295 633 314 666 ι
347 613 405 669 Si
429 613 556 669 caeci
577 611 790 677 essetis,
814 625 930 666 non
945 608 1220 666 haberetis
1241 615 1558 688 peccatum;
1582 622 1727 662 nunc
1743 621 1874 663 vero

289 706 417 778 quia
440 705 640 772 dicitis,
656 704 1219 774 videmus,peccatum
1232 708 1470 756 vestrum
1491 706 1676 754 manet
1689 699 1870 772 (Joan.

290 800 391 870 lx).
424 797 718 856 Possumus
741 794 886 850 viam
920 801 1126 850 rectam
1158 791 1432 848 Christum
1469 790 1790 861 intelligere,
1820 791 1875 845 in

291 906 398 963 qua
426 889 736 961 quicunque
763 885 1134 950 ambulaverit,
1167 899 1274 941 non
1301 883 1580 956 impinget.
1617 901 1636 935 ι
1675 882 1876 939 Factus

292 962 436 1048 sum,
473 981 568 1046 ait,
602 978 787 1036 Israeli
815 986 972 1049 pater
995 977 1086 1048 qui
1111 975 1368 1032 reductus
1401 984 1506 1042 est,
1533 981 1589 1030 et
1613 973 1872 1045 Ephraim

289 1070 682 1144 primogenitus
725 1082 881 1125 meus
931 1077 1038 1124 est.
1087 1088 1106 1121 ι
1161 1086 1181 1120 ‹
1236 1065 1339 1123 Ubi
1401 1066 1546 1122 enim
1595 1064 1871 1137 quondam

292 1163 584 1218 abundavit
622 1169 926 1233 peccatum,
971 1156 1428 1230 superabundavit
1473 1156 1649 1229 gratia
1693 1154 1868 1227 (Rom.

291 1251 368 1323 v).
413 1273 432 1306 ι
463 1253 720 1323 Ephraim
750 1260 930 1308 autem
953 1233 1160 1322 in'typo
1179 1263 1300 1306 esse
1319 1248 1506 1320 populi
1533 1249 1599 1305 de
1621 1248 1872 1320 gentibus

292 1345 620 1415 congregati,
655 1342 936 1414 Scriptura
966 1350 1213 1398 testatur.

291 1451 302 1491 ἑ
362 1435 487 1490 Fuit
513 1436 654 1491 enim
682 1434 951 1505 posterior
971 1433 1113 1491 filius
1131 1433 1351 1506 Iosepa,
1397 1443 1452 1490 et
1474 1449 1535 1490 su
1553 1448 1697 1504 mpu
1722 1432 1876 1503 tpri-

1977 609 2191 682 xrvm).
2219 607 2326 665 Sed
2355 609 2412 664 in
2455 610 2718 681 mysterio
2756 611 2933 668 crucis
2961 613 3260 670 decussalis
3288 617 3560 686 manibus,

1977 700 2070 771 qui
2115 700 2297 755 stabat
2323 701 2390 756 ad
2419 700 2697 756 sinistram
2723 698 2907 763 Iacob.
2965 704 3201 760 dexterae
3227 722 3419 764 manus
3445 708 3564 779 ejus

1978 792 2213 861 suscepit
2235 791 2688 859 benedictionem,
2719 802 2776 849 et
2799 793 2892 864 qui
2924 801 3150 851 steterat
3184 797 3252 852 ad
3279 798 3563 855 dexteram

1977 883 2196 938 sinistra
2210 881 2544 948 benedictus,
2565 883 2616 937 in
2633 884 2925 939 secundum
2943 884 3194 942 redactus
3205 895 3288 942 est
3302 889 3527 958 gradum
3547 907 3560 943 :

1975 974 2046 1030 Et
2066 973 2337 1045 quomodo
2375 971 2543 1030 Iacob
2587 974 2751 1040 Esau,
2797 976 2876 1030 sic
2901 975 3160 1046 Ephraim
3191 977 3438 1034 Manasse
3479 994 3566 1034 ra-

1975 1070 2096 1138 puit
2113 1065 2490 1138 primogenita.
2523 1064 2818 1138 Omnisque
2846 1068 3076 1137 populus
3103 1069 3289 1124 decem
3325 1069 3564 1126 tribuum

1977 1165 2202 1215 vocatus
2227 1165 2312 1214 est
2337 1157 2616 1229 Ephraim,
2645 1157 2772 1228 quia
2804 1156 3056 1213 Ierobam
3082 1157 3225 1214 filius
3256 1157 3466 1215 Nabath
3497 1176 3565 1216 ex

1978 1251 2081 1306 hac
2109 1249 2255 1306 tribu
2293 1263 2518 1320 regnum
2544 1248 2754 1323 primus
2779 1248 3013 1305 obtinuit
3035 1249 3087 1304 in
3117 1247 3365 1306 Samaria
3406 1247 3561 1322 (Gen.
3618 1310 3621 1311 ν

1980 1340 2178 1412 xxv").

1373 1655 1675 1733 LIBER
1733 1650 2434 1732 DUODECIMUS.

1718 1798 2130 1822 ὴ

301 1881 321 1892 ”
365 1877 568 1934 Partim
612 1857 892 1950 prophetia
936 1879 1214 1945 Ieremite,
1259 1877 1475 1949 quando
1513 1877 1881 1934 reversionem
1908 1885 1959 1944 Β
1986 1886 2092 1945 est,
2122 1878 2179 1935 in
2207 1877 2485 1935 Ecclesia:
2521 1897 2540 1931 ι
2575 1878 2642 1934 Et
2679 1878 2950 1936 confluent
2981 1881 3048 1936 ad
3075 1882 3217 1937 bona
3255 1882 3505 1951 Domini,
3538 1899 3566 1940 ι

295 1969 602 2026 Iudaeorum
647 1971 924 2041 praedicit,
969 1970 1286 2028 historicum
1331 1969 1566 2026 reditum
1605 1969 1725 2039 ejus
1757 1978 1884 2040 post

295 2061 663 2132 captivitatem
691 2062 744 2116 in
773 2069 971 2117 terram
996 2061 1134 2118 Iuda
1160 2061 1534 2118 demonstrat:
1557 2061 1756 2133 partim
1777 2060 1885 2131 spi-

296 2151 510 2207 ritalem
542 2153 951 2209 conversionem
977 2150 1094 2222 ejus
1122 2152 1190 2208 ad
1232 2150 1392 2209 fidem
1430 2162 1554 2223 post
1590 2151 1882 2207 adventum

297 2240 520 2308 Christi,
547 2241 762 2312 quando
792 2241 1031 2312 reliquis:
1062 2240 1224 2297 salva:
1246 2240 1405 2296 factae
1423 2249 1572 2308 sunt,
1597 2239 1879 2312 designat:

295 2333 493 2402 partim
519 2332 682 2387 etiam
710 2340 1037 2388 conventum
1069 2331 1307 2404 gentium
1335 2331 1404 2386 ab
1439 2345 1626 2386 errore
1654 2328 1881 2385 idolola-

297 2421 418 2478 tria:
443 2423 510 2477 ad
539 2421 700 2477 fidem
728 2421 953 2488 Christi,
990 2430 1045 2476 et
1068 2437 1254 2477 veram
1283 2421 1598 2492 religionem
1626 2434 1883 2490 praanun-

300 2513 424 2571 tiat.
456 2513 611 2571 Unde
643 2530 790 2570 nunc
814 2523 1102 2586 postquam
1143 2514 1342 2586 prioris
1378 2512 1559 2584 populi
1597 2510 1886 2568 credulita-

300 2615 413 2664 tetu
429 2607 1076 2674 ostenderat,sermonem
1101 2608 1366 2662 convertit
1381 2607 1448 2660 ad
1462 2612 1652 2676 gentes
1667 2645 1682 2669 ,
1700 2617 1887 2660 earum

303 2697 530 2752 salutem
551 2697 822 2753 veraciter
837 2697 892 2752 in
911 2697 1128 2754 Christo
1143 2699 1256 2752 lieri
1277 2709 1640 2768 praeconatur,
1656 2695 1882 2751 dicens:

379 2805 398 2840 ι
427 2789 624 2844 Audite
652 2788 877 2844 verbum
905 2789 1139 2855 Domini,
1177 2797 1382 2860 gentes,
1407 2795 1463 2844 et
1489 2787 1805 2843 annuntiate
1833 2787 1890 2842 in

309 2899 330 2935 ι
369 2879 560 2938 insulis
601 2896 722 2953 quae
761 2881 948 2952 procul
996 2891 1154 2949 sunt,
1182 2890 1237 2937 et
1269 2882 1468 2938 dicite:
1509 2879 1612 2948 Qui
1637 2879 1892 2950 dispersit

311 2991 331 3026 ι
366 2973 531 3029 Israel
579 2975 931 3046 congregabit
975 2989 1136 3041 eum,
1176 2981 1231 3028 et
1270 2973 1540 3029 custodiet
1583 2987 1708 3027 eum
1751 2971 1892 3026 sicut

311 3083 330 3116 ‹
361 3071 547 3135 pastor
571 3079 788 3136 gregem
813 3079 990 3118 suum.
1013 3063 1149 3129 Quia
1167 3063 1397 3119 redemit
1425 3062 1684 3117 Dominus
1702 3059 1890 3128 Iacob,

313 3172 334 3207 ι
362 3163 413 3212 et
437 3155 686 3212 liberavit
707 3171 830 3212 eum
852 3156 918 3212 de
939 3170 1100 3210 manu
1121 3155 1443 3226 potentioris
1457 3154 1582 3227 (sive
1605 3151 1890 3224 fortioris),

1988 1984 2171 2025 rerum
2200 1970 2445 2025 omnium
2475 1968 2883 2036 abundantiam,
2915 1986 3034 2041 qua:
3061 1986 3168 2026 non
3206 1972 3258 2026 in
3292 1971 3569 2043 frugibus,

1985 2070 2040 2118 et
2065 2061 2202 2118 cibis
2226 2061 2410 2118 carnis
2436 2061 2612 2127 istius,
2644 2062 2738 2118 sed
2776 2062 2832 2117 in
2859 2062 3121 2117 virtutum
3151 2062 3412 2118 varietate
3441 2078 3570 2118 scn-

1987 2152 2140 2208 titur.
2177 2169 2196 2203 r
2229 2150 2404 2222 Super
2431 2150 2736 2218 frumento,
2770 2152 2974 2223 inquit,
3025 2160 3080 2207 et
3120 2153 3247 2208 vino
3276 2162 3331 2208 et
3354 2153 3504 2220 oleo;
3545 2172 3564 2206 ι
3629 2139 3634 2143 ’

1984 2244 2052 2299 de
2079 2257 2187 2313 quo
2211 2241 2496 2298 coniicitur
2519 2243 2674 2312 panis
2694 2240 2927 2308 Domini,
2951 2251 3007 2297 et
3030 2242 3308 2313 sanguinis
3327 2243 3442 2312 ejus
3465 2243 3569 2297 im-

1984 2334 2162 2405 pletur
2191 2340 2351 2406 typus
2381 2350 2394 2386 :
2427 2341 2484 2388 et
2521 2331 2829 2388 benedictio
2861 2331 3307 2396 sanctificationis
3335 2333 3571 2388 ostendi-

1989 2436 2097 2490 tur,
2145 2422 2360 2479 dicente
2407 2421 2724 2494 Scriptura:
2762 2441 2780 2473 ι
2810 2421 2978 2478 Unxit
3024 2429 3075 2478 te
3112 2421 3257 2478 Deus
3297 2430 3422 2477 tuus
3451 2421 3614 2478 oleo.

1984 2515 2185 2572 laetitia:
2203 2531 2314 2586 prae
2333 2515 2675 2573 consortibus
2697 2517 2803 2572 tuis
2824 2513 2996 2587 (Psat.
3029 2515 3196 2588 κων).
3241 2534 3259 2568 ι
3300 2535 3318 2567 ι
3353 2516 3417 2571 Ει
3438 2515 3570 2572 factu

1987 2620 2270 2676 pecorum,
2305 2623 2324 2656 ι
2356 2605 2449 2675 qui
2495 2605 2549 2660 in
2587 2604 2828 2661 Ecclesia
2864 2604 3136 2675 simplices
3161 2608 3325 2660 sunt.’
3346 2604 3465 2659 «Et
3487 2620 3570 2660 ar-

1990 2706 2322 2765 mentorum,
2353 2717 2373 2751 »
2398 2712 2518 2768 quae
2548 2706 2774 2753 cornuta
2805 2705 2931 2753 sunt
2956 2705 3010 2753 et
3033 2697 3377 2753 adversarios
3405 2696 3572 2752 venti«

1988 2789 2123 2845 lant.
2143 2789 2216 2846 Ut
2237 2798 2414 2845 autem
2437 2790 2673 2846 sciamus
2693 2789 3096 2873 hpnedictioncs
3114 2789 3214 2845 has
3235 2804 3574 2860 nequaquam

1992 2883 2060 2938 ad
2106 2897 2332 2953 corpus,
2382 2882 2478 2939 sed
2524 2883 2594 2938 ad
2641 2883 2878 2938 animam
2926 2882 3235 2952 pertinere,
3284 2883 3573 2952 sequitur:

1999 2994 2016 3026 ‹
2051 2974 2276 3046 Eritqne
2317 2975 2498 3030 anima
2527 2989 2717 3030 eorum
2762 2974 2917 3045 quasi
2947 2975 3138 3030 hortus
3165 2973 3434 3044 irriguus,
3459 2971 3580 3028 'sive
3641 3048 3646 3052 ι

1993 3067 2149 3137 quasi
2179 3066 2382 3138 lignum
2407 3063 2790 3138 fructiferum),
2831 3083 2850 3116 ι
2881 3064 3024 3134 quod
3054 3063 3355 3135 plantatum
3379 3071 3462 3118 est
3487 3077 3576 3117 se-

1996 3171 2093 3212 cus
2126 3157 2389 3212 decursus
2417 3170 2704 3225 aquarum,
2722 3161 2780 3209 et
2802 3153 3090 3226 paradisus
3117 3152 3330 3208 Domini
3354 3151 3584 3208 dilectus

315 3265 334 3298 ι
367 3256 423 3303 et
449 3248 667 3304 venient
695 3257 749 3304 et
767 3245 1061 3303 laudabunt
1087 3247 1143 3302 in
1167 3255 1348 3302 monte
1371 3245 1526 3313 Sion,
1548 3256 1601 3302 et
1623 3245 1895 3302 conﬂuent
1920 3256 1965 3319 ρ
1999 3249 2077 3324 [in
2107 3249 2363 3324 deliciis].
2400 3270 2418 3301 ‹
2450 3250 2517 3305 Et
2544 3250 2708 3315 ultra,
2739 3249 2846 3312 ait,
2878 3263 2986 3302 non
3021 3247 3280 3302 esurient.
3316 3264 3335 3297 ι
3370 3244 3584 3316 Nequa-

317 3356 337 3389 ι
370 3337 437 3392 ad
468 3337 608 3393 bona
634 3337 848 3393 Domini
878 3353 1040 3408 super
1065 3336 1366 3402 frumento,
1392 3336 1551 3402 vino,
1585 3347 1640 3391 et
1662 3335 1812 3402 oleo,
1841 3343 1896 3390 et

314 3449 334 3482 ι
369 3429 480 3485 fetu
507 3445 766 3500 pecorum
792 3437 848 3485 et
875 3438 1264 3484 armentorum.
1313 3427 1536 3498 Eritque
1584 3428 1762 3480 anima
1801 3439 1894 3480 eo-

319 3537 338 3568 ι
373 3533 493 3572 rum
519 3517 674 3587 quasi
704 3517 896 3572 hortus
920 3517 1181 3587 irriguus,
1223 3516 1336 3572 sive
1371 3515 1526 3586 quasi
1550 3515 1752 3586 lignum
1778 3514 1895 3568 fru-

319 3628 339 3661 ι
377 3609 696 3683 ctiferqm),
725 3619 782 3664 et
821 3608 963 3664 ultra
1010 3625 1119 3663 non
1148 3608 1408 3674 esurient.
1441 3608 1591 3662 'I‘unc
1628 3607 1898 3662 lmtabitur

322 3721 340 3754 ι
376 3703 531 3772 virgo
578 3701 633 3756 in
669 3700 837 3756 choro
875 3701 1001 3773 (sive
1037 3701 1318 3772 virgines),
1359 3701 1619 3771 juvenes,
1649 3715 1715 3754 ac
1741 3715 1898 3756 senes

322 3813 342 3846 ι
379 3793 539 3849 simul
565 3810 579 3848 :
611 3801 665 3849 et
690 3800 1002 3848 convertam
1026 3792 1231 3848 luctum
1251 3807 1438 3848 eorum
1461 3793 1515 3847 in
1539 3792 1816 3864 gaudium,
1843 3800 1900 3848 et

325 3903 343 3937 ι
378 3883 699 3940 consolabor
731 3898 847 3950 eos,
877 3891 934 3941 et
969 3883 1284 3939 laetiﬁcabor
1311 3899 1343 3939 a
1371 3883 1553 3940 dolore
1577 3899 1696 3950 suo,
1727 3893 1781 3940 et
1816 3885 1901 3941 in-

325 3995 342 4028 i
376 3975 598 4032 cbriabo
629 3975 864 4030 animam
910 3974 1251 4031 sacerdotum
1305 3974 1431 4048 (sive
1475 3975 1707 4032 filiorum
1745 3976 1898 4050 Levi)

324 4083 344 4116 ι
379 4065 724 4136 pinguedine,
747 4073 802 4120 et
823 4057 1050 4136 populus
1075 4079 1228 4120 meus
1247 4065 1404 4121 bonis
1427 4066 1561 4122 meis
1582 4065 1900 4137 adimplebi-

324 4175 344 4208 ‹
377 4164 495 4222 tur,
536 4156 612 4210 ait
656 4154 933 4211 Dominus.
973 4175 992 4208 ι
1039 4153 1330 4227 (Ηὶενοη.)
1357 4155 1648 4227 Perspicue
1687 4155 1901 4221 vocatio

319 4246 560 4315 gentium
590 4246 1022 4315 demonstratur,
1054 4246 1266 4302 dicente
1295 4246 1574 4317 Scriptura
1603 4265 1614 4300 :
1659 4266 1678 4298 ι
1707 4246 1901 4302 Audite

319 4337 544 4392 verbum
577 4336 814 4405 Domini,
844 4347 1050 4408 gentes,
1069 4346 1125 4393 et
1145 4339 1458 4393 annuntiate
1488 4339 1540 4393 in
1571 4339 1760 4396 insulis
1782 4354 1903 4410 qua:

319 4425 508 4496 procul
534 4434 680 4494 sunt,
699 4435 754 4482 et
774 4427 956 4483 dicite.
994 4447 1013 4480 ι
1045 4427 1184 4494 Quid
1204 4430 1524 4484 annuntient
1549 4430 1761 4497 insulis,
1784 4445 1904 4502 qua:

323 4517 510 4588 procul
536 4517 652 4574 sita:
674 4519 840 4574 sunt?
867 4519 1012 4588 quod
1039 4518 1300 4574 Dominus
1321 4520 1414 4589 qui
1442 4520 1693 4590 dispersit
1713 4521 1896 4588 Israel,

1996 3357 2159 3412 quam
2207 3355 2272 3396 ea
2319 3340 2498 3395 esurie
2541 3339 2609 3394 de
2656 3353 2762 3408 qua
2805 3338 3067 3408 scriptum
3095 3345 3214 3392 est:
3257 3354 3275 3387 ί
3311 3336 3459 3391 Beati
3487 3335 3582 3405 qui

1996 3433 2242 3489 esuriunt
2269 3439 2324 3486 et
2347 3431 2534 3486 sitiunt
2554 3430 2820 3501 justitiam
2847 3429 3063 3500 (Matth.
3093 3428 3170 3500 v),
3206 3447 3224 3480 ι
3255 3429 3350 3483 sed
3376 3443 3440 3484 ea
3461 3443 3583 3498 quae

1997 3522 2287 3578 saturitate
2316 3529 2576 3585 mutatur,
2604 3528 2660 3575 et
2684 3535 2866 3576 rerum
2891 3519 3131 3574 omnium
3155 3519 3393 3574 excludit
3417 3535 3584 3590 penu-

1997 3615 2157 3670 riam.
2187 3633 2206 3666 ‹
2237 3613 2388 3668 Tunc
2417 3613 2686 3668 lmtabitur
2708 3612 2861 3682 virgo
2882 3612 2936 3666 in
2959 3612 3123 3666 choro
3157 3630 3203 3676 ι,
3236 3612 3301 3666 de
3322 3627 3427 3681 qua
3449 3613 3582 3667 scri-

1996 3704 2078 3760 bit
2101 3703 2430 3775 Apostolus:
2470 3722 2488 3754 (
2527 3702 2796 3773 Despondi
2828 3701 2974 3756 enim
3004 3716 3102 3756 vos
3144 3701 3236 3755 uni
3276 3698 3392 3755 viro
3419 3700 3584 3770 virgi-

1997 3811 2124 3852 nem
2155 3802 2362 3850 eastam
2389 3793 2645 3849 exhibere
2664 3791 2880 3848 Christo
2903 3790 2990 3863 (II
3016 3789 3139 3846 Cor.
3166 3789 3264 3863 xi).
3295 3810 3313 3842 ι
3345 3790 3411 3845 Et
3431 3791 3584 3861 juve—
3667 3818 3684 3833 -

1999 3900 2098 3942 nes
2129 3886 2198 3940 ad
2222 3899 2359 3955 quos
2380 3883 2619 3954 loquitur
2642 3882 2910 3939 Ioannes:
2949 3901 2969 3934 ‹
3003 3881 3196 3938 Scribo
3223 3881 3396 3947 vobis,
3421 3882 3581 3953 juve-

2000 3992 2120 4043 nes,
2151 3975 2407 4047 quoniam
2449 3975 2657 4030 vicistis
2693 3973 2988 4046 malignum
3036 3971 3100 4044 (Ι
3125 3973 3287 4027 Joan.
3319 3971 3435 4045 ιι);
3475 3992 3493 4024 ι
3530 3981 3584 4029 et

2000 4082 2192 4131 senes,
2242 4067 2310 4121 ad
2357 4081 2492 4136 quos
2542 4065 2686 4120 idem
2737 4065 2963 4135 mystico
3013 4079 3262 4120 sermone
3314 4072 3579 4120 testatur:

2007 4177 2026 4210 ‹
2066 4157 2260 4213 Scribe
2283 4156 2457 4221 vobis,
2484 4163 2686 4226 patres,
2711 4155 2962 4225 quoniam
2990 4154 3320 4227 cegnovistis
3343 4171 3464 4234 eum
3489 4156 3582 4227 qui

2001 4250 2071 4307 ab
2101 4250 2255 4306 initio
2283 4257 2363 4304 est
2397 4247 2608 4320 (lbid.).
2633 4267 2652 4300 ›
2687 4264 2706 4298 ι
2726 4246 2796 4302 Et
2820 4255 3153 4314 convertam,
3173 4247 3586 4317 inquit,luctum

2003 4325 2193 4399 eorum
2217 4342 2270 4398 in
2294 4341 2549 4413 gaudiutn
2576 4358 2596 4392 ›
2625 4355 2642 4408 ;
2673 4347 2734 4395 ut
2754 4354 2891 4410 quos
2919 4348 3191 4396 torruerat
3215 4355 3365 4406 crux,
3406 4340 3584 4395 laetiti-

2004 4440 2092 4488 cet
2118 4432 2466 4488 resurrectio.
2510 4449 2530 4482 c
2565 4430 2635 4486 Et
2672 4430 2994 4487 consolabor
3036 4444 3162 4498 eos,
3197 4442 3253 4489 et
3299 4432 3585 4488 lmtiﬁcabo

2004 4544 2036 4582 a
2063 4528 2247 4584 dolore
2272 4543 2388 4595 suo,
2428 4547 2447 4580 ι
2473 4527 2628 4600 juxta
2656 4527 2786 4582 illud
2815 4527 2959 4598 quod
3001 4526 3263 4581 Dominus
3304 4524 3582 4595 loquitur:

323 4609 441 4680 ipse
467 4609 815 4681 congregabit
838 4624 982 4665 eum.
1018 4608 1369 4681 Nequaquam
1409 4627 1568 4682 ergo,
1602 4623 1663 4667 ut
1689 4613 1898 4683 disper-
1925 4609 1980 4669 D
2011 4637 2030 4672 ‹
2061 4619 2212 4674 Beati
2242 4618 2778 4688 lugentes,quoniam
2804 4617 2907 4687 ipsi
2929 4612 3581 4683 consolabuntur(Matth.

325 4706 604 4768 gerentur,
635 4698 890 4768 potentiae
933 4697 1034 4754 fuit
1078 4701 1540 4768 adversariorum,
1569 4703 1665 4758 sed
1691 4701 1904 4758 Domini

324 4786 613 4843 voluntas:
649 4807 668 4840 ‹
702 4788 771 4843 Ει
815 4789 1083 4846 custodiet
1119 4806 1242 4846 eum
1288 4791 1430 4846 sicut
1467 4800 1653 4862 pastor
1685 4807 1906 4865 gregem

325 4893 502 4933 suum.
534 4896 554 4932 ›
579 4877 774 4936 Pastor
793 4880 937 4935 enim
961 4879 1134 4936 bonus
1155 4881 1334 4952 posuit
1363 4881 1596 4938 animam
1627 4898 1781 4939 suam
1802 4897 1902 4954 pro

327 4970 518 5027 ovibus
538 4971 846 5044 suis(Ioan.
865 4972 944 5044 ι).
968 4993 987 5025 ι
1009 4973 1148 5042 Quia
1166 4974 1396 5031 redemit
1408 4975 1666 5034 Dominus
1689 4977 1856 5035 Iacob
1876 4997 1896 5032 ι

329 5064 500 5132 pretio
528 5065 804 5137 sanguinis
824 5065 937 5132 sui,
971 5086 990 5119 ι
1018 5075 1074 5122 et
1095 5068 1344 5125 liberavit
1365 5086 1489 5126 eum
1519 5072 1585 5128 de
1619 5056 1781 5128 manu
1808 5087 1904 5145 po-

329 5155 574 5212 tentioris
587 5155 711 5229 (sive
737 5156 1020 5230 fortioris).
1034 5179 1053 5212 ›
1071 5159 1176 5215 Per
1197 5176 1316 5232 quae
1340 5164 1697 5220 ostenduntur
1718 5164 1906 5222 fortio-

331 5259 421 5304 res
449 5249 772 5306 adversaria:
795 5259 1125 5322 potestates,
1155 5260 1346 5309 natura
1375 5249 1680 5328 fragilitatis
1715 5258 1906 5325 huma-
1937 5282 1948 5286 -

331 5344 507 5403 trahet
532 5350 789 5408 quantum
821 5341 876 5396 in
898 5343 1142 5414 utrisque
1167 5344 1362 5400 virium
1389 5354 1490 5413 est,
1510 5346 1627 5402 illas
1654 5345 1907 5404 fortiores

333 5437 456 5481 esse
477 5435 706 5484 natura:
747 5430 844 5488 sed
875 5447 976 5490 nos
1002 5433 1253 5490 fortiores
1282 5435 1408 5500 fide,
1429 5435 1473 5490 si
1499 5443 1677 5490 tamen
1702 5450 1908 5492 merea-

335 5529 458 5572 mur
496 5517 714 5575 liberari
763 5524 831 5577 ab
873 5539 972 5591 eo,
1001 5526 1090 5595 qui
1125 5533 1301 5596 potest
1346 5525 1566 5596 alligare
1612 5526 1827 5594 fortem,
1855 5537 1910 5584 et

339 5608 555 5664 domum
585 5609 700 5692 ejus
745 5613 994 5683 diripere.
1048 5635 1065 5668 ε
1097 5617 1162 5670 Et
1191 5617 1428 5680 venient,
1466 5635 1484 5668 ι
1527 5616 1730 5687 inquit,
1764 5620 1907 5673 haud

343 5697 562 5755 dubium
605 5703 733 5772 quin
775 5702 984 5758 liberati
1015 5706 1080 5760 de
1116 5722 1274 5760 manu
1302 5707 1620 5777 potentium,
1659 5727 1677 5759 ι
1714 5717 1768 5763 et
1796 5708 1910 5763 lau-

344 5785 548 5846 dabunt
579 5811 593 5842 ι
629 5792 968 5848 liberatorem
1012 5811 1167 5849 suum
1199 5817 1216 5847 ε
1253 5798 1304 5852 in
1348 5806 1530 5853 monte
1560 5797 1710 5864 Sion,
1751 5819 1768 5851 ι
1809 5799 1910 5855 hoc

660 5885 934 5947 Pariter.
992 5885 1153 5948 CXI.

2006 4707 2084 4778 v).
2121 4727 2140 4760 ι
2177 4725 2196 4758 ι
2230 4707 2300 4762 Et
2325 4705 2607 4762 inebriabo
2651 4706 2888 4760 animam
2933 4704 3272 4759 sacerdotum
3311 4721 3331 4754 ›
3362 4701 3452 4771 qui
3484 4702 3585 4754 ha-

2005 4771 2136 4853 bent
2163 4795 2444 4852 scientiam
2485 4793 2602 4860 Dei,
2628 4795 2695 4850 de
2723 4809 2955 4864 quorum
2983 4806 3080 4848 ore
3125 4792 3460 4861 interrogant
3504 4788 3583 4845 It.L
3659 4771 3672 4789 ⁸

2009 4903 2130 4960 gem
2156 4887 2370 4943 Domini
2395 4885 2486 4958 qui
2515 4887 2742 4942 credunt
2769 4886 2822 4941 in
2850 4900 2974 4940 eum
2993 4924 3008 4951 ,
3041 4883 3110 4940 ad
3136 4897 3294 4955 quem
3316 4881 3585 4952 Propheta

2010 4979 2193 5036 canit:
2236 4998 2255 5032 ι
2299 4979 2380 5034 Tu
2415 4992 2475 5034 es
2503 4978 2757 5034 sacerdos
2798 4976 2851 5031 in
2881 4984 3144 5032 aeternum
3170 4973 3462 5030 secundum
3496 4988 3587 5029 or-

2009 5071 2190 5129 dinem
2229 5069 2620 5126 Melchisedech
2650 5067 2822 5142 (Psat.
2861 5069 2996 5138 cu).
3049 5087 3070 5122 ι
3101 5065 3254 5135 Quod
3290 5073 3469 5123 autem
3500 5080 3588 5121 se-

2010 5165 2196 5237 quitur
2213 5163 2368 5234 juxta
2401 5162 2567 5228 LXX,
2600 5181 2620 5213 ε
2654 5161 2885 5216 ﬁliorum
2906 5158 3038 5215 Levi
3067 5177 3086 5212 ›
3114 5159 3168 5213 in
3190 5156 3454 5213 Hebraico
3476 5170 3586 5212 non

2011 5254 2268 5319 habetur;
2292 5262 2348 5308 et
2370 5255 2714 5323 perspicuum
2749 5259 2833 5306 est
2875 5262 3212 5322 nequaquam
3240 5248 3330 5303 hic
3353 5247 3457 5302 dici
3475 5287 3490 5314 ,
3521 5247 3590 5304 de

2010 5343 2096 5398 his
2137 5342 2509 5398 sacerdotibus
2531 5340 2623 5411 qui
2665 5348 2792 5395 sunt
2819 5339 2914 5394 ﬁlii
2958 5339 3122 5404 Levi,
3167 5339 3262 5394 sed
3291 5337 3358 5393 de
3397 5338 3482 5392 his
3531 5337 3587 5392 in

2011 5448 2240 5503 quorum
2268 5442 2452 5504 typum
2479 5432 2758 5503 praecessit
2777 5431 3187 5487 Melchisedech.
3211 5431 3464 5487 Ebrietas
3490 5445 3588 5486 au-

2019 5536 2125 5581 tem
2153 5526 2492 5600 sacerdotum
2513 5535 2568 5582 et
2589 5525 2644 5579 in
2663 5525 2934 5594 Apostolis
2959 5525 3606 5599 comprobatumquando

2018 5612 2298 5672 fervebant
2330 5616 2435 5671 fide
2462 5624 2519 5671 et
2554 5623 2734 5670 musto
2770 5615 2911 5685 pleni
2959 5614 3275 5670 dicebautur
3315 5612 3461 5681 (Act.
3494 5612 3590 5684 ιι).

2019 5708 2172 5764 Unde
2214 5718 2270 5763 et
2308 5708 2458 5764 locus
2498 5709 2553 5762 iu
2599 5722 2705 5778 quo
2733 5708 3156 5777 comprehensus
3184 5714 3268 5762 cst
3294 5705 3588 5770 Dominus,

2017 5806 2241 5854 vocatur
2265 5797 2635 5863 Gctbsemani,
2656 5799 2799 5868 quod
2831 5799 3006 5870 lingua
3043 5806 3226 5853 nostra
3256 5793 3436 5852 vallem
3473 5797 3560 5867 pin

3077 5889 3154 5947 33
