4044 6326
450 377 592 436 ἵῡδὸ

1098 370 1162 426 n.
1199 365 1455 425 RABA'NI
1490 329 1710 421 manu]
1749 354 2047 415 ARCHIEP
2109 353 2419 413 nouum.
2459 353 2746 414 OPERUM
2775 354 2963 412 rans
2997 351 3088 411 Ill.

3596 349 3775 413 1036

451 489 688 563 gnedim’s
727 491 903 544 sonat.
945 483 1188 554 Cumque
1218 481 1526 538 sacerdotes
1561 479 1788 548 pingues
1835 470 2039 527 fuerint
2063 469 2116 533 Α
2149 490 2167 523 ι
2199 472 2414 528 minus:
2446 481 2501 529 et
2520 457 2868 528 revertentur
2897 469 2992 526 ﬁlii
3017 471 3084 526 ad
3110 467 3374 526 terminos
3394 485 3542 528 suos.
3573 492 3592 526 ι
3625 471 3771 545 Hae

449 555 700 635 doctrina
744 573 994 642 Domini,
1037 581 1095 628 et
1152 570 1403 630 inebriati
1443 570 1495 624 in
1541 566 1788 624 convivio
1837 561 2039 632 Ioseph
2140 564 2296 634 juxta
2323 565 2558 620 litteram
2610 564 2840 620 necdum
2869 555 3070 618 factum
3095 572 3219 619 est:
3258 578 3434 634 neque
3455 565 3604 646 enim
3638 565 3766 623 de-

455 673 692 729 dixerint
725 687 741 724 :
781 689 799 721 t
832 667 985 726 Calix
1026 673 1152 722 tuus
1198 664 1502 728 inebrians,
1533 675 1696 733 quam
1744 657 2042 730 praeclarus

454 759 630 835 (Ρσαι.
661 757 837 832 ιιιι)ῒ
885 775 903 810 ι
945 765 1074 812 tunc
1097 755 1202 811 erit
1225 761 1282 809 et
1308 753 1410 807 hoc
1440 750 1580 822 quod
1613 764 1756 806 nunc
1781 747 2042 803 Dominus

425 832 744 926 2pollicetur
768 869 782 906 :
818 869 837 902 ι
869 849 938 904 Et
962 847 1190 921 populus
1217 845 1370 902 meus
1395 843 1552 900 bonis
1579 840 1978 913 adimplehitur.
2014 859 2034 894 ι

458 945 590 1014 Quae
613 943 796 1000 omnia
830 957 975 996 nunc
1009 945 1256 1008 ex‘parte
1283 936 1630 992 tribuuntur:
1682 940 1811 986 tunc
1857 938 2042 985 autem

462 1039 736 1096 dabuntur
767 1033 821 1089 in
851 1033 1042 1104 pleno,
1070 1029 1284 1102 quando
1322 1025 1620 1082 viderimus
1661 1021 1800 1082 facie
1845 1021 1913 1076 ad
1947 1019 2041 1075 ’fa-

463 1129 624 1194 ciem,
647 1133 703 1182 et
739 1137 934 1196 corpus
977 1119 1298 1178 humilitatis
1325 1125 1543 1190 nostrae
1582 1113 1748 1169 fuerit
1799 1127 2043 1168 resurre-

463 1219 659 1275 ctionis
682 1216 850 1289 gloria
870 1221 1280 1271 commutatum.

540 1327 560 1360 ι
595 1307 720 1362 Hmc
753 1305 883 1362 dicit
917 1304 1211 1360 Dominus:
1251 1300 1366 1356 Vox
1396 1300 1450 1354 in
1480 1297 1698 1354 excelso
1739 1295 1923 1351 audita
1960 1302 2047 1349 est

468 1420 487 1451 ι
524 1396 953 1460 lamentationis,
983 1394 1163 1449 luctus
1201 1399 1258 1448 et
1294 1391 1484 1456 ﬂetus,
1532 1388 1736 1444 Rachel
1781 1385 2044 1456 plorantis

470 1511 488 1543 ι
510 1491 662 1546 πῐὶοε
683 1505 831 1556 suos,
847 1493 901 1548 et
925 1486 1101 1542 noluit
1127 1483 1396 1540 consolari
1423 1496 1584 1552 super
1611 1479 1736 1533 ﬁliis
1763 1477 1899 1542 suis,
1919 1491 2047 1546 quo-

470 1603 489 1636 ι
527 1582 673 1640 niam
702 1591 984 1649 nonsunt.
1019 1598 1037 1632 ι
1069 1575 1459 1648 Septuaginta:
1515 1593 1533 1624 ‹
1704 1570 2048 1628 ἁίοίιᾟοηιί-

471 1695 489 1729 ‹
516 1691 618 1732 nus
643 1693 658 1729 :
687 1675 806 1731 Vox
836 1673 892 1728 in
918 1670 1090 1726 Rama
1118 1668 1299 1724 audita
1330 1673 1436 1730 est,
1471 1660 1786 1718 lamentatio
1810 1668 1865 1716 et
1892 1658 2050 1714 ﬂetus

469 1789 488 1821 ι
522 1777 578 1822 et
625 1766 803 1824 luctus
836 1761 1043 1818 Rachel
1087 1757 1354 1831 plorantis
1399 1755 1539 1810 ﬁlios
1584 1767 1740 1817 suos,
1791 1759 1846 1807 et
1878 1749 2050 1806 noluit

2146 676 2264 717 cem
2298 659 2472 716 tribus
2496 674 2617 730 qua:
2637 657 2692 714 in
2717 656 3023 714 civitatibus
3042 656 3321 720 Medorum
3349 658 3625 726 exsulant,
3653 663 3765 716 at-

2146 749 2252 822 que
2277 748 2593 816 Persarum,
2623 763 2873 805 reversos
2900 747 2953 806 in
2985 755 3185 806 terram
3217 745 3460 805 Iudaeam
3485 748 3761 820 legimus.

2135 837 2255 898 'Sed
2266 839 2425 912 juxta
2455 841 2724 912 spiritum,
2751 849 2808 895 et
2827 835 2882 895 in
2903 839 3152 909 passione
3169 837 3386 896 Domini
3412 839 3764 911 completum

2147 941 2252 1000 est,
2288 941 2344 989 et
2379 931 2659 1004 hucusque
2705 931 3044 1005 completur:
3070 929 3302 1003 quando
3347 931 3415 988 de
3461 940 3578 989 toto
3605 935 3763 992 urbe

2149 1023 2389 1080 salvetur
2422 1023 2611 1080 Israel.
2654 1024 2722 1080 Et
2757 1023 2983 1080 Racheli
3029 1009 3264 1098 dicitur:
3299 1041 3318 1077 ι
3355 1023 3614 1094 Quiescat
3644 1042 3764 1084 vox

2149 1125 2242 1172 tua
2273 1132 2303 1170 a
2329 1115 2562 1188 ploratu,
2589 1125 2644 1171 et
2692 1115 2832 1173 oculi
2861 1117 2937 1171 tui
2971 1131 3002 1170 a
3037 1114 3312 1188 lacrymis.
3348 1135 3367 1168 ›
3400 1116 3470 1174 Et
3502 1126 3589 1174 est
3615 1133 3763 1174 sen-

2149 1223 2279 1264 sus:
2313 1205 2534 1264 Plorare
2577 1207 2816 1264 desiste:
2857 1209 3041 1280 priora
3069 1207 3215 1263 enim
3240 1222 3408 1278 opera
3437 1216 3527 1263 tua
3561 1223 3764 1278 respe-

2149 1301 2230 1356 xit
2261 1300 2562 1355 Dominus:
2605 1319 2624 1350 ι
2662 1299 2729 1354 Ει
2755 1308 3098 1358 revertentur
3134 1299 3230 1356 ﬁlii
3257 1301 3334 1355 tui
3373 1299 3442 1356 de
3469 1307 3617 1356 terra
3645 1301 3758 1355 ini-

2151 1391 2302 1455 mici,
2340 1411 2359 1444 ι
2396 1407 2464 1446 ne
2486 1391 2737 1462 praesenti
2767 1391 2951 1448 dolore
2981 1390 3246 1446 tenearis:
3283 1409 3302 1442 ‹
3337 1401 3423 1447 est
3445 1393 3593 1447 enim
3625 1407 3766 1462 spes

2151 1483 2461 1540 novissimis
2500 1483 2624 1549 tuis,
2655 1481 2731 1537 ait
2763 1481 3058 1538 Dominus:
3091 1489 3146 1536 et
3170 1490 3514 1537 revertentur
3541 1480 3636 1536 ﬁlii
3674 1480 3764 1534 tui

2153 1574 2220 1631 ad
2249 1575 2514 1638 terminos
2553 1587 2714 1640 suos,
2747 1595 2766 1628 ›
2800 1589 2936 1645 quos
2965 1573 3271 1630 habuerunt
3305 1583 3491 1648 patres
3517 1589 3720 1629 eorum
3741 1613 3761 1640 ,

2148 1667 2464 1734 Abraham,
2499 1665 2653 1722 Isaac
2679 1674 2734 1722 et
2761 1664 2948 1722 Jacob.
2978 1662 3168 1721 Melius
3209 1673 3393 1722 autem
3417 1664 3484 1722 de
3505 1667 3766 1737 parvulis

2151 1759 2524 1832 mteuigimus,
2553 1760 2698 1832 quod
2717 1759 3024 1816 mercedem
3045 1758 3282 1815 habeant
3299 1758 3454 1816 eﬂ‘usi
3475 1774 3577 1830 pro
3596 1761 3770 1818 Chri-

471 1879 488 1910 ι
526 1855 942 1926 conquiescere.
967 1851 1093 1922 qnia
1121 1863 1227 1904 non
1259 1856 1460 1936 suun)
1491 1843 1602 1936 Nec
1631 1841 1786 1915 juxta
1825 1839 2051 1936 Hebrai-
2077 1858 2240 1936 Bsto
2270 1850 2578 1923 sanguinis,
2608 1861 2666 1906 et
2690 1866 2790 1921 pro
2832 1859 2980 1908 terra
3025 1850 3254 1908 Herodis
3291 1851 3495 1914 inimici
3525 1860 3766 1906 teneant

466 1961 614 2012 cum,
646 1957 747 1999 nec
773 1943 930 2014 juxta
957 1938 1310 2011 Septuaginta
1330 1979 1346 2004 ,
1387 1934 1671 1990 Mattheus
1709 1931 1938 2002 sumpsit
1965 1937 2085 2012 te—k

466 2035 797 2092 stimonium.
827 2033 1082 2106 Legimus
1109 2030 1255 2086 enim
1296 2028 1350 2082 in
1385 2041 1451 2082 eo
1481 2033 1607 2098 post
1633 2022 2050 2095 descriptionem

466 2125 754 2182 infantium
776 2122 957 2180 necis:
1001 2141 1020 2174 ί
1053 2118 1205 2190 Τυηο
1233 2116 1508 2190 impletum
1549 2122 1634 2170 est
1666 2113 1811 2185 quod
1849 2113 2050 2169 dictum

464 2229 549 2278 est
567 2234 666 2291 per
684 2216 976 2274 Jeremiam
994 2187 1325 2286 prdphetani
1339 2209 1636 2266 dicentem:
1657 2203 1780 2261 Vox
1801 2205 1855 2260 in
1879 2203 2052 2258 Rama

465 2313 648 2369 audita
669 2317 778 2380 est,
802 2309 1046 2383 ploratus
1065 2314 1118 2362 et
1139 2303 1372 2360 ululatus
1411 2299 1612 2356 multus
1635 2297 1850 2354 Rachel
1877 2295 2054 2353 ﬂentis

465 2407 607 2463 ﬁlios
636 2399 785 2474 sues,
815 2410 870 2461 et
899 2400 1071 2458 noluit
1096 2397 1363 2456 consolari
1389 2395 1515 2468 quia
1546 2409 1654 2450 non
1687 2401 1814 2450 sunt
1835 2389 2050 2465 (Matth.

465 2500 552 2573 ιι).
590 2522 610 2554 ι
641 2497 724 2555 Ex
753 2511 868 2570 quo
886 2493 1230 2568 perspicuum
1261 2497 1346 2546 est
1371 2485 1730 2560 evangelistas
1756 2493 1812 2540 et
1839 2492 2056 2554 aposto-

465 2572 546 2648 los
575 2603 918 2664 nequaquam
947 2603 1014 2644 ex
1038 2583 1268 2644 Hebraeo
1301 2572 1802 2652 interpretationem
1827 2573 2054 2644 alicujus

464 2693 710 2752 secutos,
752 2681 847 2738 sed
878 2677 1035 2753 quasi
1061 2675 1318 2734 Hebraeos
1354 2690 1422 2729 ex
1451 2670 1693 2727 Hebrteis
1730 2668 1878 2748 quod,
1910 2667 2058 2738 lege-

463 2779 596 2835 bant
631 2773 896 2832 Hebraice
937 2772 1052 2828 suis
1089 2766 1432 2826 sermonibus
1467 2762 1820 2833 expressisse.
1851 2757 2058 2815 Rachel

465 2877 638 2925 mater
657 2861 859 2937 Ioseph
901 2879 1024 2920 cum
1063 2861 1276 2918 veniret
1316 2857 1628 2922 Bethleem,
1661 2853 1841 2910 subito
1869 2860 2057 2923 partus

467 2960 654 3015 dolore
675 2965 928 3028 correpta
953 2953 1166 3026 peperit
1192 2951 1382 3018 ﬁlium,
1407 2963 1566 3020 quem
1599 2946 1866 3003 obstetrix
1883 2985 1898 3011 ,
1931 2945 2058 3014 quia

467 3048 801 3106 moriebatur
826 3046 1064 3118 pariens,
1091 3043 1306 3100 vocavit
1332 3040 1578 3096 Bennoni
1599 3081 1614 3106 ,
1642 3039 1746 3094 hoc
1783 3045 1888 3103 est,
1914 3035 2058 3105 ﬁlius

468 3139 668 3196 doloris
691 3139 824 3205 mei;
840 3146 994 3208 pater
1015 3143 1195 3192 autem
1221 3133 1392 3192 Iacob
1414 3132 1642 3188 mutavit
1661 3128 1982 3186 vocabulum
2002 3136 2058 3184 et

2157 1959 2334 2016 regna.
2345 1943 2604 2006 ccelorum
2631 1963 2645 1998 :
2671 1953 2726 2000 et
2748 1943 3016 2006 reversuri
3034 1943 3144 1999 sint
3159 1944 3217 2000 in
3237 1945 3422 2002 sedem
3435 1943 3761 2014 mistinam.

2154 2035 2397 2105 quando,
2428 2050 2529 2106 pro
2565 2049 2792 2106 corpore
2835 2033 3190 2100 humilitatis,
3212 2049 3410 2105 corpus
3440 2033 3763 2104 receperint

2150 2128 2472 2208 gloriosum.
2503 2129 2612 2186 lsta
2637 2137 2719 2185 est
2749 2143 2872 2200 spes
2897 2127 3219 2194 novissima,
3243 2127 3458 2198 quando
3483 2123 3622 2194 justi
3645 2124 3763 2179 ful—

2147 2221 2360 2292 gebunt
2386 2221 2523 2278 sicel
2541 2219 2631 2278 sol
2661 2218 2810 2294 (Sep.
2840 2221 2944 2292 In).
2973 2219 3042 2276 Et
3065 2217 3300 2276 infantes
3325 2217 3597 2289 quendam
3625 2231 3765 2287 par-

2157 2312 2268 2366 vuli
2307 2319 2482 2386 atque
2513 2311 2778 2368 lactantes
2809 2311 3016 2382 absque
3057 2319 3276 2368 aetatum
3317 2309 3652 2365 incremento
3697 2315 3766 2368 et

2159 2399 2374 2470 injuriis
2401 2416 2466 2456 ac
2493 2401 2678 2458 labore
2703 2416 2968 2472 corporeo
2991 2409 3280 2472 resurgant
3297 2399 3354 2455 in
3381 2399 3558 2454 virum
3577 2395 3766 2468 perfe-

2151 2497 2325 2562 ctum,
2359 2495 2414 2552 in
2445 2499 2757 2548 mensuram
2781 2492 3136 2564 plenitudinis
3173 2486 3374 2548 Christi
3409 2489 3624 2560 (Eprius.
3645 2485 3759 2558 tv).

2237 2603 2255 2637 ι
2297 2585 2540 2648 Audiens
2579 2585 2764 2641 audivi
2807 2585 3062 2656 Ephraitn
3105 2583 3578 2655 transmigrametn
3609 2579 3761 2652 (sive

2165 2699 2184 2730 ι
2217 2676 2658 2750 lamentantem):
2683 2677 2968 2748 castigasti
2991 2685 3166 2744 mmet;
3179 2675 3430 2732 eruditus
3449 2689 3565 2730 sum
3587 2673 3760 2743 quasi

2165 2791 2184 2824 ι
2213 2768 2478 2844 jtivencus
2503 2769 2796 2829 indomitus
2823 2767 2948 2842 (sive
2986 2769 3126 2826 sicut
3155 2766 3412 2838 vitulus).
3450 2771 3504 2821 et
3529 2781 3634 2820 non
3669 2763 3764 2820 di-

2167 2881 2187 2914 c
2226 2861 2372 2918 dici:
2402 2870 2657 2918 converte
2683 2876 2769 2916 me
2799 2869 2852 2916 et
2880 2867 3188 2924 convertar,
3225 2858 3353 2928 quia
3392 2869 3482 2920 tu,
3527 2855 3762 2910 Domine

2168 2973 2188 3007 ι
2223 2955 2368 3011 Deus
2402 2970 2573 3010 meus.
2607 2953 2898 3024 Postquam
2927 2952 3077 3008 enim
3114 2949 3434 3006 convenisti
3485 2962 3569 3002 me
3611 2945 3762 3018 (sive

2149 3065 2186 3122 ,ι
2224 3054 2414 3116 captus
2435 3045 2602 3115 sum),
2617 3045 2701 3116 egi
2723 3043 3194 3116 poenitentiam,et
3209 3048 3500 3113 postquam
3523 3037 3762 3110 cognovi

2167 3157 2186 3190 ι
2227 3137 2350 3209 (sive
2379 3135 2663 3194 ostendisti
2688 3135 2866 3206 mihi),
2901 3134 3150 3206 percussi
3183 3133 3365 3193 femur
3403 3145 3586 3187 meum
3623 3129 3763 3202 (sire

467 3231 755 3304 appellavit
778 3245 903 3286 eum
927 3227 1350 3300 Benjamin,hoc
1375 3223 1637 3295 est,ﬁlius
1661 3224 1886 3278 dextera:
1901 3220 2055 3292 (Gen.
2087 3222 2133 3286 C
2171 3248 2190 3282 ι
2228 3227 2490 3300 ingemui)
2521 3246 2534 3281 ε
2589 3226 2844 3283 confusus
2873 3243 3014 3292 sum,
3067 3235 3123 3282 et
3169 3224 3364 3282 erubui
3393 3223 3520 3296 (εξυε
3561 3237 3627 3277 ex
3665 3220 3763 3276 die

468 3320 934 3394 xxxv).Quaeritur
946 3320 1128 3390 itaque
1141 3316 1412 3388 quomodo
1427 3314 1708 3370 Matthzeus
1719 3309 2060 3383 Evangelista

470 3412 840 3471 testimoniqu
866 3411 1152 3482 Propheta:
1173 3410 1242 3464 ad
1265 3405 1700 3462 interfectionem
1722 3401 2062 3458 transtulerit

469 3505 839 3577 parvulorum,
879 3519 1001 3559 cum
1033 3500 1318 3574 perspicue
1347 3499 1416 3554 de
1443 3497 1631 3552 decem
1657 3493 1905 3562 tribubus
1927 3493 2062 3548 scri-

468 3606 623 3668 ptum
654 3595 726 3652 sit
751 3614 765 3650 :
793 3610 1024 3666 quarum
1049 3594 1305 3665 princeps
1343 3589 1446 3644 fuit
1485 3589 1748 3660 Ephrata,
1776 3595 1832 3642 et
1857 3601 2063 3656 nequa-

468 3693 632 3758 quam
656 3687 728 3742 sit
755 3687 810 3742 in
848 3686 992 3741 tribu
1007 3685 1276 3755 .Ephraim
1299 3724 1313 3748 ,
1343 3681 1437 3737 sed
1467 3681 1522 3736 in
1559 3680 1704 3736 tribu
1739 3675 1909 3733 Juda:
1944 3677 2062 3748 ipsa

469 3791 556 3839 est
587 3781 734 3836 enim
775 3788 832 3836 et
876 3779 1150 3835 Bethleem
1177 3777 1496 3850 δυωνύμωςε
1535 3793 1554 3826 ι
1591 3774 1734 3830 unde
1759 3780 1815 3829 et
1839 3772 2063 3827 nomina

470 3875 754 3944 utriusque
786 3871 1138 3929 concordant.
1179 3870 1458 3928 Bethleem
1496 3877 1727 3925 vocatur
1752 3867 1938 3922 domus
1970 3881 2063 3936 pa-

471 3969 552 4024 nis
567 3985 586 4034 ;
609 3967 845 4038 Ephrata
867 3967 1214 4044 Καρποφορία,
1246 3980 1410 4034 quam
1433 3978 1534 4018 nos
1565 3961 1852 4016 ubertatem
1875 3973 2064 4028 possu-

469 4078 593 4119 mus
617 4063 815 4118 dicere.
850 4060 986 4129 Quia
1014 4061 1181 4131 igitur
1207 4057 1412 4114 Rachel
1449 4057 1506 4110 in
1528 4055 1788 4126 Ephrata,
1823 4053 1928 4108 hoc
1955 4059 2063 4122 est,

471 4154 528 4209 in
548 4149 826 4208 Bethleem
856 4147 1071 4205 condita
1100 4157 1184 4204 est
1201 4187 1219 4213 ,
1246 4147 1386 4202 sicut
1407 4145 1690 4215 Scriptura
1713 4150 1899 4200 sancta
1921 4149 1976 4196 et
1996 4141 2064 4197 ti-

473 4243 617 4298 tulus
647 4239 878 4312 sepulcri
913 4239 1030 4309 ejus
1059 4238 1326 4306 hodieque
1366 4243 1640 4292 testantur
1665 4251 1679 4289 :
1713 4235 1845 4290 ﬂere
1867 4233 2066 4290 dicitur

468 4349 702 4406 pueros.
733 4331 1006 4403 quijuxta
1045 4346 1103 4386 se
1138 4339 1194 4384 et
1215 4330 1273 4384 in
1297 4315 1755 4400 suis-regionibus
1788 4327 2066 4389 interfecti

473 4433 618 4482 sunt.
652 4422 882 4492 Quidam
919 4421 1229 4480 Judeorum
1267 4422 1418 4478 hunc
1453 4420 1635 4477 locum
1679 4421 1760 4499 sic
1800 4421 2067 4492 interpre-

473 4525 689 4584 tantur,
739 4515 883 4585 quod
916 4522 1070 4584 capta
1115 4513 1455 4571 Hierusalem
1483 4511 1586 4569 sub
1609 4512 1943 4583 Vespasiano
1955 4527 2068 4582 per

471 4610 615 4668 hanc
629 4607 772 4665 viam
793 4605 996 4662 Gazam
1009 4615 1066 4662 et
1080 4605 1468 4662 Alexandriam
1486 4605 1822 4677 captivorum
1835 4601 2064 4659 Romam
2089 4583 2145 4646 Ῑ)

472 4703 677 4760 directa
703 4701 848 4758 sint.
883 4699 991 4755 Alii
1031 4715 1159 4756 vero
1197 4699 1341 4769 quod
1375 4697 1564 4754 ultima
1607 4697 1920 4770 captivitate
1962 4697 2066 4752 sub

470 4795 737 4862 Adriano,
779 4793 999 4864 quando
1036 4801 1093 4848 et
1129 4793 1259 4848 urbs
1305 4793 1565 4848 subversa
1606 4799 1690 4848 est
1725 4791 2066 4848 Hierusalem

419 4959 427 4968 ο
471 4886 885 4944 iturumerahilis
914 4885 1148 4956 populus
1181 4885 1411 4940 diversae
1455 4883 1633 4939 aetatis
1677 4892 1734 4940 et
1783 4883 2066 4952 utriusque

475 4993 638 5034 sexus
657 4979 728 5034 .iu
759 4985 1002 5046 mercato
1033 4976 1324 5032 terebinthi
1353 4974 1696 5032 venundatus
1727 4975 1850 5031 :sit:
1886 4984 1949 5032 et
1975 4975 2068 5032 tid-

473 5069 624 5125 circo
649 5069 986 5127 exsecrabile
1029 5083 1152 5125 esse
1193 5067 1396 5123 Judaeis
1437 5075 1735 5124 mercatum
1763 5066 2070 5125 .celeherni-

471 5179 627 5220 mum
653 5164 850 5222 visere.
875 5163 1068 5222 Dicant
1097 5163 1174 5220 illi
1200 5163 1345 5235 quod
1366 5163 1573 5230 volunt,
1605 5179 1710 5220 nos
1733 5173 1885 5224 recte
1909 5165 2066 5224 testi-

475 5257 720 5312 monium
745 5257 1044 5328 summisse
1065 5257 1306 5314 dicemus
1327 5257 1724 5328 Evangelistam
1751 5257 2064 5314 Matthaeum
2099 5303 2110 5310 .

475 5362 578 5418 pro
601 5345 723 5402 loco
745 5348 803 5404 in
827 5362 936 5418 quo
973 5347 1178 5405 Rachel
1217 5350 1564 5415 eonditaest,
1598 5358 1659 5406 ut
1681 5349 1980 5406 vicitmim
2007 5349 2063 5406 in

490 5439 710 5498 rit-cuitu
733 5439 984 5496 villarum
1009 5441 1150 5499 ﬁlios
1170 5445 1328 5514 quasi
1353 5459 1480 5501 suos
1506 5443 1734 5501 ﬂeverit.

551 5549 574 5584 ι
607 5529 738 5588 Hac
761 5531 894 5588 dicit
919 5531 1179 5590 Dominus
1204 5553 1218 5588 :
1246 5533 1502 5603 Quiescat
1521 5549 1626 5590 vox
1655 5543 1746 5590 tua
1771 5550 1806 5590 a
1827 5535 2064 5606 ploratu,

485 5647 505 5680 ι
537 5633 594 5684 et
620 5625 762 5684 oculi
794 5623 872 5681 tui
895 5640 926 5680 a
949 5625 1228 5696 lacrymis,
1252 5628 1380 5698 quia
1403 5636 1487 5684 est
1523 5643 1736 5685 merces
1774 5631 1925 5699 operi
1951 5638 2063 5696 tuo,

485 5736 506 5770 ι
537 5719 614 5774 ait
636 5716 897 5774 Dominus
920 5734 934 5771 :
975 5724 1031 5772 et
1057 5725 1396 5773 revertentur
1425 5719 1491 5773 de
1518 5727 1666 5774 terra
1695 5719 1898 5774 inimici
1929 5719 2068 5790 (sive

490 5830 508 5859 c
545 5811 947 5885 inimicorum),
974 5820 1030 5869 et
1066 5818 1150 5866 est
1187 5827 1308 5882 spes
1345 5813 1656 5870 novissimis
1686 5815 1825 5880 tuis,
1859 5813 1934 5868 ait
1964 5815 2068 5868 Do-

2173 3340 2192 3372 l
2225 3320 2604 3390 confusionis),
2633 3328 2690 3376 et
2727 3320 2940 3376 ostendi
2975 3329 3047 3385 te,
3089 3319 3348 3390 quoniam
3389 3315 3619 3373 sustinui
3655 3328 3761 3384 op—

2173 3431 2192 3464 t
2224 3406 2506 3483 probrium
2555 3411 2626 3467 ab
2657 3412 3032 3468 adolescentia
3080 3425 3222 3469 mea.
3251 3431 3280 3464 ο»
3313 3409 3578 3478 Loquitur
3609 3405 3760 3461 Deus

2165 3505 2311 3574 quod
2339 3503 2596 3574 Ephraim
2646 3503 2912 3560 dicentem
2963 3502 3200 3558 audierit
3240 3508 3298 3556 et
3344 3499 3750 3554 lamentantem.

2167 3595 2310 3650 Nulli
2328 3606 2506 3652 autem
2531 3596 2754 3651 dubium
2772 3596 2907 3666 quin
2929 3595 3126 3654 decent
3149 3593 3320 3650 tribus
3341 3591 3626 3664 significet,
3639 3589 3757 3659 qui-

2140 3687 2268 3748 .bus
2291 3687 2502 3758 primus
2536 3686 2822 3758 imperavit
2867 3686 3152 3742 Jeroboam
3197 3683 3348 3742 illius
3386 3682 3632 3748 Nabath,
3663 3681 3760 3752 qui

2167 3789 2224 3838 et
2259 3780 2460 3836 vitulos
2489 3796 2686 3838 aureos
2709 3781 2844 3836 fecit
2880 3780 2938 3836 in
2965 3780 3078 3836 Dan
3119 3787 3178 3838 et
3216 3777 3427 3844 Bethel,
3450 3785 3512 3832 ut
3535 3779 3642 3833 hoc
3663 3792 3762 3848 po-

2165 3873 2324 3946 pulus
2347 3889 2535 3929 errore
2555 3873 2837 3941 seductus,
2862 3873 3037 3930 Deum
3059 3871 3225 3930 Israel
3249 3869 3432 3932 colere
3451 3877 3508 3926 et
3527 3867 3760 3926 adorare

2149 3967 2472 4023 desisteret.
2493 3987 2510 4017 ι
2539 3966 2829 4039 Castigasti
2853 3983 2970 4033 me.
2996 3965 3273 4036 mitiget
3285 3963 3542 4022 eruditus
3565 3976 3754 4018 sum.»

2167 4061 2356 4119 anuus
2381 4062 2652 4134 correptio
2673 4063 2894 4134 proiicit
2920 4062 2974 4117 in
2997 4061 3256 4126 salutem,
3280 4073 3405 4130 qua
3428 4059 3498 4114 ad
3518 4071 3762 4129 presens

2165 4152 2384 4210 videtur
2412 4167 2533 4210 esse
2558 4154 2815 4219 tristitia,
2843 4163 2902 4210 et
2925 4161 3113 4226 postea
3149 4153 3364 4208 tractus
3403 4149 3564 4206 aﬂ‘ert
3589 4164 3760 4220 paca-

2164 4243 2428 4302 tissimos.
2459 4243 2742 4316 Quodque,
2763 4246 2859 4308 ait,
2891 4265 2914 4297 ι
2945 4245 3106 4317 quasi
3125 4245 3390 4314 iuvencus
3409 4242 3710 4298 indomitus
3736 4260 3756 4292 ι

2159 4339 2284 4394 sive
2311 4338 2542 4406 vitulus,
2572 4349 2691 4424 μοι
2727 4355 2842 4395 non
2885 4339 3048 4399 didici
3070 4358 3136 4405 ,.›
3168 4338 3272 4393 hoc
3300 4334 3582 4408 signiﬁcat
3613 4331 3762 4404 quod

2157 4432 2340 4490 multo
2385 4433 2574 4490 labore
2623 4442 2784 4504 atque
2824 4433 3147 4489 verberilns
3187 4432 3430 4488 eruditus
3469 4429 3572 4495 ait,
3603 4438 3665 4485 ut
3689 4429 3759 4486 al

2170 4525 2543 4598 pmnitenu'am
2572 4535 2877 4584 verteretur
2899 4568 2915 4593 ,
2943 4535 3008 4582 -et
3049 4541 3156 4581 non
3197 4525 3514 4596 profecerit.
3533 4542 3577 4610 ⁸α
3610 4521 3757 4578 Cou-

2169 4630 2342 4686 verte,
2372 4620 2567 4690 inquit,
2597 4635 2686 4676 me
2703 4628 2760 4676 et
2781 4623 3088 4676 conivertar.
3121 4640 3140 4672 ι
3161 4618 3304 4691 Ergo
3323 4628 3383 4674 et
3401 4619 3590 4688 iipsum
3613 4615 3755 4686 qqu

2170 4711 2384 4782 agimus
2401 4710 2810 4782 paenitentiam,
2837 4710 2951 4766 .nisi
2994 4709 3088 4764 Dei
3134 4710 3372 4764 nitamur
3399 4707 3622 4771 auxilio,
3651 4706 3758 4760 im-

2164 4802 2319 4874 plere
2333 4818 2450 4858 non
2477 4789 2785 4873 possumus.
2809 4803 3102 4871 Postquam
3119 4801 3266 4856 enim
3291 4799 3628 4855 converteris
3649 4811 3757 4858 me.

2160 4903 2228 4950 tot
2249 4896 2327 4952 ad
2345 4903 2409 4951 te
2439 4909 2735 4950 comma
2777 4893 2961 4960 fuero,
3001 4903 3130 4952 tunc
3156 4907 3476 4965 cognoscam
3503 4891 3634 4962 quia
3668 4899 3726 4944 tu
3743 4929 3758 4954 ,

2153 4989 2436 5053 Domine,
2466 4988 2610 5044 Deus
2626 5003 2788 5043 .meus
2811 5001 2879 5042 es
2896 5028 2910 5051 ,
2941 4994 2998 5042 et
3026 5001 3375 5056 nequaquam
3401 4997 3624 5040 ermres
3651 4982 3758 5037 mei

2155 5091 2336 5154 atque
2361 5091 2584 5153 peccata
2617 5081 2956 5136 intertinient
2997 5093 3124 5136 me:
3165 5097 3186 5130 ‹
3231 5087 3288 5132 et
3307 5085 3598 5149 postquam
3629 5089 3759 5129 con-

2153 5175 2506 5239 vertistiane,
2527 5173 2612 5242 egi
2633 5169 3203 5243 puertiteutiamuV/«ide
3223 5177 3487 5240 quantum
3517 5166 3760 5224 sitouxi-

2163 5265 2300 5321 lium
2327 5265 2444 5331 Dei,
2471 5273 2527 5319 et
2550 5279 2710 5334 quam
2737 5263 2956 5335 fragilis
2969 5263 3210 5319 humana
3253 5260 3492 5318 conditio
3509 5299 3525 5326 ,
3559 5266 3630 5312 ut
3647 5257 3758 5311 hoc

2153 5359 2346 5430 ipsum
2377 5356 2520 5428 quod
2549 5357 2761 5429 agimus
2788 5354 3162 5427 paenitentiam
3182 5395 3196 5420 ,
3218 5353 3330 5410 nisi
3355 5351 3631 5408 “Dominus
3657 5365 3761 5405 nos

2171 5457 2330 5504 antea
2379 5447 2742 5513 converterit,
2793 5452 3132 5516 nequaquam
3180 5445 3408 5516 implere
3455 5442 3756 5498 valeamus.

2175 5560 2194 5591 ι
2227 5541 2296 5596 Et
2324 5548 2636 5612 postquam,
2655 5538 2750 5604 ait,
2773 5536 3066 5594 “ostendisti
3086 5537 3242 5602 mihi,
3269 5555 3297 5588 -ι
3329 5535 3412 5592 vel
3439 5535 3615 5607 ipsam
3641 5543 3759 5604 pte-

2170 5635 2476 5700 nitentiam,
2514 5632 2598 5688 vel
2634 5631 2710 5686 tui
2753 5630 3022 5697 notitiam,
3060 5629 3174 5684 sive
3199 5628 3426 5700 cognovi
3456 5635 3543 5692 te,
3581 5643 3601 5678 ι
3635 5635 3763 5696 per-

2167 5729 2312 5781 cussi
2338 5727 2509 5780 femur
2531 5738 2732 5789 meum,
2765 5723 2955 5791 rqnod
2982 5721 3210 5776 dolentis
3229 5728 3286 5775 et
3313 5718 3637 5790 plangentis,
3667 5728 3764 5771 su-

2168 5832 2267 5886 per
2294 5831 2484 5883 qrrore
2507 5813 2737 5886 pristino
2765 5811 3028 5882 plorantis
3053 5810 3310 5868 indicium
3345 5817 3432 5866 est
3449 5848 3467 5878 ,
3491 5817 3553 5865 ut
3581 5807 3764 5864 femur
