4044 6326
312 409 457 467 λίθω

1223 393 1587 455 Ειιιιοειτιθ
1625 392 1850 451 SUPER
1880 389 2250 451 EREMIAM.
2286 420 2361 437 --
2392 394 2521 452 LIB.
2562 394 2677 452 Xil.
2724 408 2730 415 '

3441 396 3580 456 1058

314 535 486 577 manu
507 514 793 591 percutiat,
827 517 880 566 et
910 507 1138 566 motum
1164 523 1228 565 se
1255 516 1385 563 ante
1424 507 1595 562 fuisse
1639 502 1897 561 fateatur.
1922 509 1973 570 Α
1998 505 2251 577 plurimis
2275 486 2555 565 beneﬁciis
2595 516 2653 564 et
2685 506 2841 564 donis
2883 507 3130 585 miriﬁcis
3172 509 3314 566 inter
3354 520 3581 572 caneras

316 609 524 685 (ϐυ-ες.)
572 607 711 677 Quid
756 604 899 660 enim
938 604 994 659 in
1036 602 1281 667 femore,
1311 599 1418 655 nisi
1444 599 1691 669 voluptas
1717 597 1897 654 carnis

316 702 606 773 accipitur.
636 697 705 754 Et
729 695 856 767 quid
878 702 965 750 est
997 692 1143 763 quod
1164 690 1278 746 ait:
1318 709 1340 742 ι
1375 689 1673 759 Postquam
1713 695 1897 743 osten-

318 792 447 850 disti
487 789 650 854 mihi,
676 784 918 859 percussi
947 783 1125 839 femur
1156 794 1376 846 meum;
1408 798 1437 832 ο
1471 779 1575 834 nisi
1610 784 1899 849 postquam

316 895 553 953 superna
577 876 894 949 spiritaliter
912 872 1082 939 vidit,
1109 873 1290 928 omnia
1320 872 1468 943 quod
1496 870 1723 926 inferius
1748 870 1807 924 in
1836 882 1896 924 se

320 974 612 1033 carnaliter
636 970 852 1025 vivebat
864 966 1158 1024 exstinxit:
1180 972 1241 1021 ut
1264 972 1467 1035 quanto
1486 963 1661 1035 magis
1686 976 1898 1018 smnma

316 1074 680 1142 patescerent,
708 1070 861 1119 tanto
899 1060 1129 1132 amplius
1170 1059 1278 1113 ima
1323 1072 1445 1128 quae
1470 1063 1762 1111 tenuerant
1782 1067 1897 1110 non

318 1156 590 1215 liberem?
628 1154 765 1210 Nam
808 1159 1012 1231 quanto
1040 1150 1210 1221 magis
1238 1148 1428 1219 incipit
1472 1148 1697 1217 quisque
1734 1159 1896 1214 supe—

318 1252 433 1307 rius
460 1250 672 1315 vivere,
721 1254 876 1301 tanto
918 1245 1141 1300 inchoat
1182 1241 1411 1297 inferius
1448 1241 1692 1296 interire.
1737 1238 1901 1294 quta

319 1340 571 1396 affectum
608 1351 841 1408 namque
874 1334 1115 1391 carnalis
1158 1333 1515 1403 operationis,
1559 1332 1737 1386 omnis
1774 1344 1902 1387 eam

321 1432 470 1488 Pauli
515 1431 675 1488 simul
716 1429 997 1484 interierat
1028 1440 1160 1481 cum
1198 1424 1445 1481 dicebat:
1491 1442 1510 1476 ι
1559 1424 1697 1479 Vivo
1722 1422 1903 1478 autem

316 1522 429 1594 jam
453 1537 561 1577 non
596 1536 728 1591 ego,
760 1518 895 1573 vivit
933 1530 1065 1574 vero
1096 1516 1158 1570 in
1200 1529 1285 1569 me
1312 1512 1561 1569 Christus
1587 1509 1727 1583 (Gal.
1756 1511 1838 1583 ιι).
1868 1528 1929 1585 DV

324 1615 570 1685 Hieron.)
611 1632 631 1664 ί
661 1611 931 1668 Confusus
952 1624 1101 1674 sum,
1146 1607 1353 1676 inquit,
1383 1614 1439 1660 et
1457 1604 1649 1661 erubui
1678 1604 1806 1674 (sive
1834 1617 1904 1658 ex

319 1706 408 1763 die
419 1702 797 1775 confusionis).
822 1724 840 1755 ι
856 1701 1012 1769 Quod
1028 1701 1173 1757 etum
1184 1706 1396 1768 tempus
1410 1711 1517 1752 non
1532 1705 1616 1751 est
1630 1694 1905 1752 confusio-
1929 1706 1942 1723 ι

322 1797 409 1853 nis
428 1795 660 1877 nostra}?
674 1794 732 1849 Si
749 1793 1096 1849 recordemur
1105 1790 1322 1860 antiqua
1334 1795 1650 1859 peccata,et
1661 1787 1903 1842 omnium

1996 607 2190 670 gentes
2216 599 2424 665 extulit,
2450 608 2614 672 atque
2637 603 2703 658 de
2731 598 2967 673 Egypto
3000 601 3056 656 in
3094 602 3279 659 multis
3303 604 3580 664 miraculis

1995 691 2208 747 eduxit.
2248 690 2331 748 De
2353 700 2460 763 quo
2487 707 2587 763 per
2607 690 2745 749 Osce
2771 692 3008 749 dicitur:
3043 710 3064 744 ι
3096 692 3233 763 Quia
3254 709 3390 765 puer
3413 686 3581 753 Israel

1998 784 2163 842 dilexi
2190 800 2339 853 eum,
2365 792 2421 840 et
2449 801 2517 842 ex
2538 784 2777 859 [Επειιο
2801 785 2988 842 vocavi
3019 783 3192 841 ﬁlium
3222 786 3404 843 meum
3426 787 3583 861 (Osee

1996 877 2111 949 xi),
2154 894 2173 928 ι
2198 890 2360 946 quem
2383 875 2504 947 lege
2536 890 2633 933 sua
2660 884 2716 932 et
2736 876 3132 951 prophetarum
3169 877 3404 935 oraculis
3444 880 3582 938 satis

1998 965 2296 1023 instruxit:
2334 967 2432 1022 sed
2456 966 2584 1038 quia
2612 980 2867 1036 perversa
2898 981 3118 1037 semper
3148 968 3236 1022 via
3272 976 3461 1025 contra
3488 984 3584 1027 vo-

2000 1059 2265 1115 luntatem
2292 1057 2782 1135 ejusgradiebatur
2799 1100 2814 1126 ,
2840 1074 2906 1115 ac
2947 1074 3087 1130 stupe
3120 1061 3428 1117 admonitus
3450 1062 3583 1119 obe-

2002 1150 2122 1206 dire
2154 1150 2206 1206 ei
2235 1149 2451 1205 noluit:
2496 1149 2787 1206 novissime
2811 1148 3008 1204 Filium
3044 1165 3200 1205 suum
3243 1152 3584 1224 unigenitum

2002 1241 2174 1306 misit,
2198 1241 2293 1311 qui
2327 1256 2451 1296 eum
2479 1242 2547 1296 ad
2570 1238 2942 1311 paenitentiam
2964 1250 3302 1311 provocaret,
3328 1251 3382 1298 et
3400 1244 3467 1299 ab
3495 1234 3584 1301 eré

2004 1346 2131 1389 rere
2154 1334 2482 1405 corrigeret,
2524 1332 2618 1404 qui
2654 1332 2710 1393 in
2748 1340 2958 1387 tantum
2983 1330 3099 1401 ejus
3128 1333 3359 1389 miseria:
3387 1336 3589 1391 condo-

2004 1424 2124 1489 luit,
2148 1431 2214 1478 ut
2240 1422 2421 1492 etiam
2448 1422 2662 1480 flevisse
2687 1439 2850 1495 super
2888 1421 3006 1493 ejus
3039 1425 3296 1480 duritiam
3328 1426 3381 1481 in
3411 1416 3586 1482 Even;

2004 1514 2146 1587 gelio
2168 1514 2407 1586 legatur,
2430 1514 2624 1571 dicens
2650 1514 2717 1569 ad
2745 1513 2897 1569 illum
2916 1532 2934 1568 :
2969 1533 2988 1565 ‹
3020 1511 3342 1581 Jerusalem,
3369 1513 3588 1595 Jerusag

2006 1605 2131 1671 lem,
2158 1621 2282 1676 (piae
2294 1605 2504 1663 occidis
2526 1605 2844 1677 prophetas,
2870 1616 2925 1662 et
2963 1605 3169 1678 lapidas
3191 1623 3285 1664 eos
3311 1610 3404 1681 qui
3431 1609 3499 1665 ad
3535 1618 3590 1665 te

2003 1700 2160 1756 missi
2204 1708 2371 1755 sunt:
2419 1701 2631 1770 quoties
2674 1699 2824 1755 volui
2867 1715 3194 1773 congregare
3246 1701 3387 1758 ﬁlios
3432 1711 3588 1770 tuos,

2005 1791 2459 1861 quer-admodum
2484 1789 2684 1862 gallina
2700 1801 2995 1862 congregat
3011 1791 3187 1861 pullos
3207 1806 3334 1848 suos
3361 1793 3460 1849 sub
3479 1794 3593 1851 alas

323 1902 442 1958 qua:
472 1868 619 1942 male
652 1886 904 1957 egimus:
938 1883 1225 1953 capiamus
1246 1880 1609 1958 memoriam?
1638 1879 1907 1949 Quodque
1934 1868 1983 1932 8
2010 1897 2159 1949 suas,
2188 1890 2249 1937 et
2272 1881 2531 1938 noluisti?
2560 1880 2706 1938 Ecce
2744 1881 3079 1951 relinquetur
3099 1881 3255 1937 vobis
3281 1882 3471 1939 domus
3494 1899 3592 1941 ve-

323 1946 512 2033 tlixet‘e
538 1946 919 2047 Scapti-agilia:
946 1992 975 2025 4
1000 1946 1073 2028 ἐι
1092 1970 1397 2037 ostendite,
1429 1988 1449 2022 ι
1472 1946 1744 2041 signiﬁcet

286 2098 293 2105 ν
323 2079 608 2141 postquam
635 2069 915 2140 ingemuit,
934 2074 995 2121 et
1028 2078 1130 2121 sua
1150 2064 1355 2119 delicta
1382 2064 1667 2135 cognovit,
1700 2071 1830 2117 tunc
1854 2062 1910 2117 in

326 2171 532 2218 tantum
551 2161 850 2233 profectum
876 2159 1216 2214 venerit....ll
1244 2156 1387 2227 quod
1410 2156 1487 2211 illi
1514 2155 1757 2211 fecerunt
1780 2155 1911 2211 irri-

324 2264 459 2324 tuut,
474 2265 529 2311 et
542 2252 1099 2327 proptereaDeminus
1117 2250 1351 2322 neglexit
1362 2264 1477 2305 eos.
1491 2248 1646 2304 Nunc
1658 2258 1837 2303 autem
1850 2248 1910 2303 in

322 2348 613 2421 Evangelio
636 2356 763 2419 post
787 2345 1239 2402 resurrectionem
1278 2351 1334 2398 et
1373 2343 1745 2399 ascensionem
1779 2343 1911 2398 dare

323 2454 382 2494 se
410 2447 631 2510 pactum
660 2437 845 2493 nonin
870 2436 1067 2492 tabulis
1090 2435 1339 2506 lapideis,
1366 2434 1460 2490 sed
1485 2434 1540 2489 in
1560 2433 1762 2490 tabulis
1783 2448 1912 2489 cor-

325 2529 407 2589 dis
451 2528 761 2585 carnalibus
800 2528 1106 2599 pollicetur.
1156 2526 1399 2597 Cumque
1444 2527 1703 2597 scriptum
1750 2525 1914 2581 fuerit

324 2620 537 2678 Domini
566 2627 948 2677 testamentum
966 2619 1026 2673 in
1047 2626 1231 2674 mente
1256 2617 1611 2683 credentium,
1635 2616 1811 2687 ipsum
1831 2616 1913 2673 eis

325 2728 445 2770 esse
472 2714 526 2768 in
565 2713 764 2778 Dentri,
802 2721 859 2767 et
887 2712 1006 2767 illos
1028 2710 1239 2767 essein
1281 2709 1567 2781 populum,
1607 2717 1668 2763 ut
1706 2723 1916 2778 nequa-

326 2817 489 2873 quam
532 2800 786 2858 Iudaicos
812 2808 1058 2873 queram
1084 2801 1372 2872 magistros
1411 2808 1465 2855 et
1512 2798 1832 2855 traditiones
1858 2806 1916 2853 et

326 2895 581 2969 mandata
602 2895 880 2950 hominum
898 2934 915 2959 ,
936 2894 1036 2949 sed
1058 2894 1357 2949 doceantur
1385 2908 1413 2948 a
1451 2891 1658 2963 Spiritu
1680 2898 1874 2947 sancto
1897 2906 1912 2945 :

326 2986 371 3040 si
397 2994 576 3041 tamen
604 2986 792 3042 audire
808 2993 1168 3040 mereantur:
1201 3003 1220 3037 ι
1248 2984 1530 3055 Templum
1558 2984 1652 3039 Dei
1675 2985 1832 3049 estis,
1862 2990 1917 3039 et

327 3078 549 3149 spiritus
567 3076 663 3134 Dei
682 3078 895 3162 habitat
916 3078 971 3132 in
984 3077 1140 3133 vobis
1155 3076 1208 3149 (Ι
1231 3075 1354 3132 Cor.
1384 3075 1489 3149 ιιι).
1519 3096 1538 3129 ι
1561 3076 1797 3148 Spiritus
1821 3090 1918 3131 au-

2010 1972 2363 2046 strMHatth.
2392 1972 2572 2046 xxiii).
2600 1992 2621 2024 ι
2652 1972 2829 2040 Quem
2860 1981 3038 2028 tamen
3064 1973 3278 2043 penitus
3312 1988 3342 2028 a
3386 1989 3444 2030 se
3483 1990 3593 2031 non

2012 2069 2232 2140 repulit,
2256 2067 2350 2124 sed
2380 2067 2699 2123 electionem
2722 2083 2792 2122 ex
2817 2081 2883 2122 eo
2908 2068 3184 2123 servavit:
3225 2083 3289 2124 ex
3327 2084 3434 2140 qua
3471 2077 3598 2125 sunt

2011 2158 2239 2230 apostoli
2283 2167 2340 2216 et
2384 2158 2745 2230 evangelista,
2786 2167 2841 2213 et
2886 2158 3161 2229 primitiva
3205 2161 3259 2215 in
3299 2157 3596 2217 Ierusalem

2011 2249 2292 2307 Ecclesia:
2340 2268 2359 2303 α
2410 2247 2714 2305 Novissime
2748 2246 2969 2319 quoqut
3006 2257 3290 2319 postquam
3318 2249 3595 2321 plenitudo

2012 2342 2250 2416 gentium
2275 2340 2682 2405 subintraverit,
2698 2349 2828 2394 tunc
2841 2338 3017 2394 omnis
3036 2338 3198 2394 Israel
3218 2339 3401 2395 salvus
3422 2339 3544 2395 crit.
3571 2361 3591 2394 ι

2084 2454 2106 2486 ‹
2138 2432 2331 2490 Statue
2356 2434 2458 2489 tibi
2478 2433 2790 2505 speculam,
2821 2447 2963 2503 pone
3001 2434 3097 2489 tibi
3143 2434 3557 2491 amaritudinem
3579 2479 3594 2504 ,

2018 2546 2039 2579 ‹
2073 2527 2245 2599 dirige
2283 2541 2379 2582 cor
2408 2535 2565 2581 tuum
2614 2526 2669 2581 in
2711 2526 2854 2581 viam
2894 2536 3131 2592 rectam,
3162 2526 3218 2581 in
3261 2541 3366 2597 qua
3409 2530 3598 2582 ambu-

2021 2633 2040 2668 ι
2078 2616 2221 2671 lasti.
2246 2634 2266 2666 ι
2284 2615 2549 2670 Promcat
2570 2615 2639 2669 ad
2664 2613 3112 2681 satisfactionem,
3128 2622 3190 2669 ut
3211 2615 3518 2672 consideret
3543 2619 3597 2672 in

2015 2707 2232 2780 quantis
2261 2708 2584 2778 deliquerit:
2620 2716 2674 2762 et
2705 2722 2869 2779 agens
2904 2708 3276 2778 paenitentiam
3315 2709 3380 2764 ad
3417 2709 3602 2780 pristi-

2016 2819 2143 2860 nam
2175 2803 2405 2875 gratiam
2427 2801 2923 2871 revertatur,.iuxta
2966 2803 3094 2858 illud
3121 2805 3264 2874 quod
3301 2804 3357 2860 in
3394 2805 3603 2877 Apoca—

2015 2894 2156 2966 lypsi
2178 2895 2444 2965 scriptum
2473 2902 2591 2949 est:
2618 2911 2638 2946 ι
2668 2892 2939 2950 Memento
2963 2894 3128 2966 igitur
3162 2896 3301 2952 unde
3335 2897 3604 2952 excideris

2016 2993 2073 3042 et
2097 3001 2196 3057 age
2214 2984 2617 3056 pmnitentiam,
2648 2994 2704 3041 et
2731 2986 2907 3055 prima
2936 3000 3098 3055 opera
3127 2985 3214 3042 fac
3243 2986 3427 3059 (Apoc.
3458 2988 3541 3052 ιι).
3578 3007 3596 3039 ι

2020 3076 2224 3152 (Greg.)
2247 3077 2408 3134 Juxta
2430 3077 2791 3149 tropologiam
2827 3093 2956 3135 vero
2996 3076 3417 3149 uniuscujusque
3446 3077 3608 3134 electi

325 3177 434 3225 tem
459 3169 549 3225 ubi
566 3170 685 3224 vult
710 3170 881 3241 spirat
907 3188 927 3222 ι
959 3177 1015 3225 et
1041 3170 1285 3224 diversas
1321 3169 1487 3226 habet
1501 3168 1736 3242 'gratias,
1770 3169 1915 3224 noti-
1949 3229 1989 3242 _
2019 3170 2258 3225 animam
2285 3170 2551 3240 propheta
2580 3169 2867 3236 admonet,
2914 3181 2976 3226 ut
3018 3170 3245 3242 provida
3285 3162 3609 3227 discretione

325 3261 510 3333 tiaque
531 3262 693 3317 uilius
719 3229 1078 3317 Deiomnium
1100 3261 1362 3316 virtutum
1378 3229 1653 3332 possessio
1676 3269 1777 3316 est.
1806 3281 1824 3313 ι
1848 3258 1917 3315 Et
1941 3229 1990 3294 Ο
2021 3257 2248 3315 sollicite
2275 3229 2703 3330 circumquaque
2733 3229 3037 3330 conspiciat
3068 3279 3079 3314 :
3109 3270 3164 3316 et
3198 3261 3352 3332 quasi
3397 3262 3450 3316 in
3482 3275 3610 3317 arce

325 3353 447 3417 hoc,
476 3353 673 3423 inquit,
704 3352 818 3419 ﬁet,
842 3353 967 3422 quia
995 3352 1260 3423 propitius
1282 3367 1379 3408 ero
1407 3351 1683 3423 iniquitati
1702 3367 1915 3417 eorum,

326 3456 381 3503 et
415 3448 625 3517 peccati
652 3463 843 3504 eorum
870 3463 979 3503 non
1008 3448 1341 3503 recordabar
1365 3447 1615 3517 amplius.
1646 3466 1665 3498 ι
1700 3447 1780 3501 Ex
1810 3461 1919 3517 quo

326 3537 670 3608 perspicuum
702 3545 823 3603 est,
865 3538 1161 3592 secundum
1200 3537 1363 3607 hujus
1402 3545 1683 3613 περικοπῆς
1719 3534 1919 3590 intelli-

329 3628 586 3699 gentiam,
620 3627 899 3698 superiora
938 3627 993 3681 in
1022 3627 1200 3698 primo
1238 3626 1585 3697 intelligenda
1622 3626 1920 3681 Salvatoris

331 3720 563 3777 adventu
581 3760 595 3787 ,
626 3718 847 3790 quando
870 3725 1099 3788 uterque
1123 3717 1228 3771 sibi
1254 3715 1485 3787 populus
1512 3715 1680 3771 Israel
1705 3724 1759 3770 et
1784 3714 1921 3771 Juda

332 3810 613 3881 copulatus
651 3820 755 3867 est.
798 3809 858 3866 Si
897 3810 983 3865 cui
1030 3817 1212 3866 autem
1254 3808 1564 3879 scrupulum
1597 3808 1726 3864 facit
1752 3824 1921 3879 quare

334 3902 568 3959 dixerit:
598 3922 625 3954 ‹
642 3902 935 3974 Disponam
951 3901 1144 3958 domui
1162 3901 1352 3968 lsrael,
1378 3909 1432 3958 et
1453 3901 1634 3957 domui
1657 3902 1793 3958 Juda
1820 3918 1919 3973 pa-

334 4001 504 4061 ctum,
535 3993 650 4050 sive
672 4000 1057 4049 testamentum
1084 4006 1285 4047 navum
1307 4034 1321 4059 ,
1358 4008 1466 4047 non
1497 3992 1791 4049 secundum
1822 4009 1919 4064 pa-

330 4068 502 4153 ctum,
534 4087 677 4159 quod
698 4086 875 4158 pepigi
901 4101 1023 4141 cum
1051 4085 1296 4156 patribus
1323 4085 1557 4140 vestris:
1604 4104 1624 4137 ι
1662 4084 1923 4155 intelligat

332 4180 564 4251 primam
590 4179 875 4237 ecclesiam
913 4177 1119 4235 Christi
1154 4192 1223 4234 ex
1255 4177 1478 4245 Iudaeis,
1504 4186 1557 4233 et
1584 4178 1651 4233 ad
1677 4177 1800 4233 illos
1826 4194 1922 4233 vc-

336 4272 481 4328 nissc
512 4272 797 4329 Dominum
825 4270 1151 4327 salvatorem
1178 4277 1341 4340 atque
1365 4269 1598 4325 dixisse:
1621 4289 1638 4320 ι
1658 4266 1775 4324 Νοιι
1799 4268 1924 4323 veni

337 4365 442 4431 nisi
473 4366 542 4422 ad
566 4378 693 4421 oves
721 4363 959 4420 perditas
996 4363 1189 4419 domus
1224 4361 1392 4417 ‘lsrael
1418 4359 1632 4432 (Matth.
1656 4358 1781 4432 xv);
1823 4382 1839 4411 ›
1870 4367 1926 4415 et

337 4456 391 4511 id
414 4456 591 4528 ipsum
613 4455 883 4524 apostolos
903 4454 1282 4509 continuasse:
1306 4469 1326 4503 ι
1344 4451 1508 4506 Vobis
1529 4451 1746 4521 quidem
1766 4466 1923 4521 opor-

337 4546 488 4600 tebat
519 4546 752 4615 primum
778 4543 925 4613 loqui
950 4543 1178 4598 verbum
1197 4542 1325 4597 Dei:
1355 4543 1450 4597 sed
1470 4543 1726 4613 quoniam
1752 4542 1925 4612 repel-

2019 3349 2489 3422 contemplationis
2516 3339 2744 3422 posita;
2768 3353 3082 3425 priusquam
3120 3354 3276 3426 culpa
3312 3356 3493 3410 veniat
3519 3356 3613 3411 de-

2018 3442 2352 3513 prehendat:
2383 3457 2614 3513 eamque
2644 3459 2755 3513 quo
2778 3444 3065 3516 vigilanter
3094 3453 3376 3517 praenotat,
3408 3461 3473 3503 eo
3500 3446 3609 3503 for-

2023 3532 2150 3586 titer
2170 3531 2422 3588 declinet.
2447 3531 2735 3603 Speculum
2760 3536 2957 3606 quippe
2979 3535 3080 3590 sibi
3112 3545 3467 3602 statuere,cst
3488 3552 3612 3592 ven-

2023 3632 2141 3677 tura
2163 3623 2420 3678 vitiorum
2447 3616 2748 3679 certamina
2771 3638 2838 3679 ex
2876 3626 2985 3680 alta
3013 3626 3445 3681 consideratione
3474 3642 3610 3695 prae-

2022 3729 2289 3772 noscere:
2337 3714 2550 3785 sibique
2599 3715 2757 3771 elccti
2798 3730 2954 3771 mens
2998 3717 3384 3771 amaritudines
3424 3717 3610 3786 ponit,
3680 3724 3685 3725 ί

2024 3810 2240 3881 quando
2263 3817 2316 3863 et
2343 3808 2399 3862 in
2419 3808 2679 3863 virtutum
2702 3823 2834 3879 pace
2864 3810 3177 3875 constituta,
3206 3810 3330 3864 dum
3360 3808 3498 3864 mala
3529 3809 3611 3863 iu-

2026 3900 2279 3957 sidiantia
2304 3900 2589 3971 conspicit,
2626 3915 2817 3957 secura
2860 3902 3141 3974 quiescere
3184 3918 3289 3958 non
3320 3903 3608 3959 consentit.

2026 3992 2208 4047 Primo
2236 4000 2416 4047 autem
2454 4007 2526 4047 ne
2563 3992 2703 4047 mala
2740 3994 2992 4063 quaelibet
3032 4004 3186 4066 agat:
3220 3996 3454 4051 secundo
3484 4010 3613 4051 vero

2026 4083 2145 4139 loco
2178 4083 2504 4150 considerat,
2534 4098 2603 4139 ne
2627 4085 2770 4140 bona
2793 4085 3005 4139 incaute
3029 4085 3225 4141 faciat:
3254 4094 3305 4142 et
3328 4098 3612 4159 postquam

2026 4191 2193 4247 prava
2229 4176 2526 4247 subegerit,
2557 4175 2671 4246 ipsa
2699 4176 2865 4232 etiam
2898 4177 3000 4233 sibi
3026 4176 3293 4247 subjicere
3320 4189 3465 4241 recta
3487 4195 3614 4233 con-

2028 4265 2235 4324 tendit:
2274 4283 2342 4324 ne
2363 4269 2409 4325 si
2432 4269 2631 4325 mentis
2658 4269 2954 4325 dominium
2980 4279 3254 4327 transeant
3279 4272 3333 4326 in
3360 4272 3609 4328 elationis

2029 4358 2241 4431 culpam
2262 4368 2566 4415 vertantur.
2596 4359 2733 4429 Quia
2766 4362 2912 4416 enim
2952 4362 3091 4418 sicut
3120 4364 3368 4436 superius
3407 4364 3613 4420 dictum

2029 4460 2112 4507 est
2136 4467 2149 4506 :
2186 4451 2505 4525 plerumque
2530 4469 2595 4510 ex
2628 4455 2801 4521 bonis,
2829 4470 2895 4511 ex
2918 4454 3141 4513 incurite
3169 4459 3323 4526 vitio,
3349 4459 3488 4514 mala
3514 4476 3612 4514 na-

2030 4555 2273 4612 scuntur,
2304 4546 2546 4618 vigilanti
2583 4549 2765 4603 studio
2794 4551 3219 4621 contemplatur,
3249 4555 3520 4624 quomodo
3547 4570 3615 4609 ex

338 4636 448 4691 litis
474 4606 603 4694 una
626 4643 686 4690 et
705 4606 955 4706 indignos
979 4649 1075 4689 vos
1098 4633 1357 4705 iudicatis
1379 4606 1597 4689 interna:
1620 4633 1769 4699 vitaz,
1796 4606 1925 4689 ecce
1953 4606 2006 4667 Β
2032 4606 2278 4691 doctrina
2299 4606 2632 4706 arrogantia,
2654 4652 2721 4692 ex
2743 4639 2952 4709 justitia
2982 4606 3296 4709 crudelitas:
3314 4606 3391 4697 eg
3416 4606 3617 4713 tibi;

340 4727 707 4785 convertimur
736 4726 804 4782 ad
828 4735 1012 4799 gentes
1042 4724 1181 4798 (Act.
1213 4725 1347 4797 xiv).
1392 4744 1411 4777 ι
1446 4724 1563 4780 Non
1585 4726 1731 4781 enim
1766 4740 1925 4796 opor-

345 4820 489 4878 tebat
507 4835 703 4894 panem
724 4819 963 4875 ﬁliorum
992 4820 1122 4875 dare
1148 4818 1373 4875 canibus
1410 4817 1625 4892 (Matth.
1654 4817 1746 4891 xv)
1774 4835 1787 4884 ;
1831 4820 1925 4875 sed

344 4915 465 4984 quia
501 4912 597 4970 ﬁlii
636 4924 845 4985 patrem
880 4914 934 4968 in
965 4928 1062 4969 sua
1090 4912 1399 4968 venientem
1441 4912 1715 4983 suscipere
1739 4911 1926 4968 nolue-

345 5013 497 5071 runt,
534 5005 682 5062 dedit
722 5005 972 5061 omnibus
1012 5012 1371 5075 potestatem,
1399 5013 1463 5061 ut
1502 5003 1595 5075 qui
1624 5003 1930 5075 receperint

340 5110 467 5152 eum
501 5096 633 5152 ﬁant
664 5095 759 5152 ﬁlii
786 5096 902 5153 Dei.

418 5207 439 5240 ι
468 5187 525 5245 Si
548 5188 690 5244 ﬁlius
710 5188 1039 5245 honorabilis
1065 5188 1194 5260 (sive
1217 5187 1465 5261 dilectus)
1492 5187 1627 5244 mihi
1647 5186 1923 5258 prraim,

358 5297 377 5331 ι
410 5280 455 5335 si
484 5297 619 5352 puer
643 5282 939 5338 delicatus:
972 5283 1099 5353 quia
1128 5298 1196 5338 ex
1234 5296 1342 5353 quo
1377 5282 1588 5337 locutus
1622 5295 1742 5336 sum
1772 5280 1838 5336 de
1863 5294 1929 5335 eo

354 5387 373 5420 ι
412 5368 536 5439 (sive
555 5372 719 5425 verba
739 5388 859 5428 mea
880 5372 938 5426 in
963 5372 1050 5444 eo)
1071 5373 1387 5437 recordans,
1411 5371 1587 5426 adhuc
1607 5369 1931 5427 recordabor

355 5477 375 5511 ‹
414 5458 568 5527 ejus:
598 5462 803 5518 idcirco
846 5465 1165 5520 conturbata
1212 5472 1340 5519 sunt
1373 5465 1582 5519 viscera
1623 5478 1743 5519 mea
1770 5478 1931 5534 super

357 5571 375 5604 ι
410 5566 572 5608 eum:
606 5555 887 5623 miserans,
932 5558 1233 5613 miserebor
1268 5555 1439 5628 ejus,
1476 5556 1551 5610 ait
1592 5555 1870 5610 Dominus.
1906 5573 1924 5606 ι

351 5640 520 5699 Filius
549 5646 881 5703 honorabilis
905 5649 1054 5717 prior
1080 5649 1307 5719 pupillus
1335 5648 1436 5703 fuit
1460 5647 1690 5702 Domino
1709 5688 1722 5712 ,
1768 5658 1929 5716 quem

2033 4727 2304 4794 remissio,
2331 4742 2398 4791 ex
2429 4728 2546 4783 zelo
2572 4728 2651 4783 ira
2669 4770 2683 4794 ,
2711 4741 2778 4783 ex
2818 4732 3227 4787 mansuetudine
3263 4740 3446 4802 torpor
3469 4735 3616 4790 oria-

2034 4830 2143 4876 tur.
2178 4819 2427 4891 Cumque
2476 4821 2615 4877 bona
2661 4821 2777 4877 haec
2816 4821 2963 4893 agit,
3007 4830 3139 4892 quot
3165 4823 3296 4879 hinc
3333 4832 3522 4880 contra
3560 4839 3621 4882 se

2035 4910 2219 4965 hostes
2258 4925 2356 4980 per
2393 4910 2510 4965 haec
2550 4925 2843 4983 exsurgere
2871 4910 3120 4980 valeant,
3149 4914 3453 4984 conspicit:
3490 4930 3618 4970 nam

2037 5014 2159 5057 cum
2190 5000 2557 5071 adipiscendis
2597 5003 2857 5058 doctrinae
2907 5002 3099 5060 studiis
3142 5004 3416 5074 elaborat,
3471 5022 3620 5063 men-

2036 5100 2145 5147 tem
2172 5091 2403 5148 sollicite
2431 5100 2619 5149 contra
2650 5102 2927 5150 certamen
2967 5096 3289 5168 arrogantiae
3330 5102 3617 5169 praeparat.

2038 5184 2172 5240 Cum
2209 5186 2397 5258 culpas
2437 5185 2859 5258 delinquentium
2892 5189 3039 5260 juste
3086 5188 3273 5245 ulcisci
3318 5190 3621 5258 desiderat,

2039 5280 2387 5351 sagacissime
2405 5281 2593 5347 evitat,
2620 5297 2688 5336 ne
2713 5282 2929 5336 modum
2949 5279 3175 5350 justititc
3194 5282 3484 5338 crudelitas
3505 5282 3623 5337 vin-

2040 5372 2196 5427 dicta:
2227 5373 2572 5427 transcendat
2612 5392 2624 5425 :
2662 5388 2783 5428 cum
2812 5372 3012 5442 pietate
3041 5372 3256 5429 frenare
3303 5388 3361 5428 se
3408 5373 3621 5438 nititur,

2034 5463 2281 5520 sollerter
2302 5464 2581 5534 prospicit,
2602 5479 2667 5518 ne
2693 5480 2797 5533 qua
2816 5463 3110 5534 disciplina:
3125 5462 3475 5519 dissolutione
3497 5462 3619 5517 vin-

2034 5564 2207 5612 catur.
2233 5557 2369 5611 Cum
2391 5573 2448 5611 se
2476 5556 2607 5612 recti
2640 5557 2739 5611 zeli
2779 5557 3008 5612 stimulis
3033 5558 3255 5622 excitat,
3284 5569 3625 5624 summopere

1994 5648 2301 5717 ,providet,
2318 5663 2385 5702 ne
2409 5648 2689 5719 plusquam
2719 5664 2938 5704 necesse
2964 5659 3046 5702 est
3067 5649 3159 5703 ira:
3180 5665 3237 5703 se
3259 5648 3471 5703 flamma
3504 5659 3618 5717 suc-

428 5775 451 5802 α
481 5762 609 5830 Qua)
640 5761 729 5817 hic
758 5764 950 5817 desunt
983 5765 1242 5827 inuenies,
1274 5765 1465 5833 lector,
1498 5761 1636 5833 apud
1667 5760 1861 5833 Euseb.
1891 5760 2292 5833 Hieronymum,
2326 5763 2627 5817 Comment.
2670 5762 2721 5815 in
2756 5760 2982 5825 Jerem.,
3012 5759 3105 5816 lib.
3139 5776 3215 5825 vt,
3248 5774 3366 5828 cap.
3398 5755 3484 5821 51,
3519 5752 3616 5815 l‘a-

357 5833 595 5905 trologite
624 5841 819 5889 nostra:
846 5843 974 5889 tom.
1006 5833 1194 5895 XXIV,
1225 5853 1252 5888 ει
1287 5835 1387 5887 col.
1421 5830 1548 5897 879,
1578 5832 1673 5884 lin.
1705 5830 1758 5893 4,
1796 5847 1967 5901 usque
1990 5832 2057 5887 ad
2089 5830 2185 5889 col.
2226 5836 2348 5898 881,
2382 5834 2475 5887 Ιζιι.
2514 5833 2590 5885 Η.
2628 5833 2788 5887 Eutr.
