4044 6326
281 384 422 450 40M.

1097 380 1100 383 ’
1135 382 1140 383 “
1203 370 1578 435 EXPOSITIG
1605 367 1829 432 SUPER
1865 368 2229 429 JEREMIAM.
2265 403 2337 413 —
2369 373 2498 429 LIB.
2542 373 2654 431 XII.

3404 371 3564 434 ’1042

287 498 438 562 omni
475 494 774 571 gente'qui
810 491 973 551 timet'
993 492 1188 560 Deum,
1221 473 1276 548 et
1307 499 1562 563 Operatur
1580 488 1871 561 justitiam,
1901 489 1952 550 Α
1978 494 2182 542 scente.
2234 485 2424 544 Solent
2447 502 2663 558 quoque
2692 486 2746 544 in
2801 488 2906 544 hoc
2941 485 3061 545 loco
3089 486 3331 547 lucretici
3355 493 3447 562 qui
3468 509 3567 550 ve-

286 598 547 662 acceptus
601 595 686 647 est
740 586 838 643 illi.
875 605 894 640 ι
923 585 1041 642 Non
1079 585 1226 642 enim
1254 591 1340 641 est
1379 582 1656 639 distinctio
1703 577 1874 636 Judaai

290 690 357 756 et.
385 663 580 747 Graeci,
617 677 844 736 Barbari
889 685 947 734 et
1000 675 1218 748 Scythi,
1240 674 1383 731 servi
1422 681 1479 729 et
1513 673 1670 729 liberi
1697 671 1875 743 (nam.

291 776 356 854 tt)
380 795 404 828 ι
432 793 450 830 -ε
482 775 580 832 sed
607 773 792 832 omnia
810 772 943 828 et-in
963 770 1216 828 omnibus
1235 777 1321 826 est
1347 768 1616 825 Christus.
1643 768 1716 824 Et
1735 767 1880 825 sicut

291 867 564 940 quondam
597 864 850 938 vigilavit
883 863 1167 930 Dominus,
1195 871 1258 918 ut
1280 862 1538 919 evelleret
1563 867 1620 918 et
1646 859 1878 932 dissipa-

293 969 399 1028 ret,
443 967 499 1015 et
546 958 902 1030 disperderet,
944 958 1005 1013 et
1029 952 1293 1028 affligeret
1319 969 1509 1013 omnes
1537 963 1724 1027 gentes
1750 969 1879 1026 pro-

291 1055 415 1125 pter
434 1051 929 1125 prazvarieationem
946 1050 1109 1122 primi
1135 1050 1389 1115 hominis,
1414 1056 1470 1106 et
1509 1042 1714 1106 scelera
1741 1045 1880 1103 mul-

294 1155 346 1200 ta
393 1144 681 1216 quaaipsa:
707 1142 1074 1199 addiderunt:
1117 1141 1197 1198 sic
1227 1157 1373 1197 nunc
1417 1149 1593 1198 morte
1649 1129 1875 1206 Christi,

291 1247 346 1292 et
406 1234 668 1292 elfusione
716 1233 996 1306 sanguinis
1057 1231 1172 1301 ejus
1222 1233 1468 1304 placatus
1528 1229 1717 1300 vigilat
1785 1244 1878 1284 su-

292 1342 388 1397 per
412 1341 530 1393 cos,
568 1334 644 1381 -ut
683 1325 931 1392 aediﬁcet,
980 1332 1036 1380 et
1087 1323 1312 1394 plantet,
1354 1331 1412 1378 et
1458 1328 1728 1393 praeparet
1775 1318 1879 1375 sibi

289 1416 544 1487 populum
569 1415 979 1487 acceptabilem,
994 1421 1321 1470 sectatorem
1342 1413 1609 1469 bonorum
1629 1425 1876 1482 operum.

301 1532 325 1566 εν
369 1528 386 1560 ε
411 1507 473 1562 In
489 1508 680 1564 diebus
711 1506 817 1562 illis
843 1523 951 1564 non
978 1507 1158 1564 dicent
1184 1505 1325 1561 ultra
1365 1522 1379 1561 :
1412 1505 1602 1560 Patres
1627 1503 1879 1559 comede-

297 1617 320 1651 ι
343 1607 489 1655 runt
522 1612 705 1654 -uvam
741 1599 1014 1664 acerbam,
1046 1604 1128 1654 et
1179 1597 1368 1653 dentes
1403 1594 1641 1672 ﬁliorum
1689 1594 1878 1650 obstu-

297 1703 319 1748 ε
347 1698 594 1760 puerunt
624 1690 767 1746 :‘sed
789 1689 1162 1760 unusquisque
1195 1689 1250 1743 in
1288 1688 1577 1757 iniquitate”
1620 1702 1718 1763 sua
1764 1701 1874 1740 ιηοι

297 1799 318 1841 t
364 1781 552 1836 rietur.
610 1800 628 1833 ι
679 1779 815 1836 Huic
842 1780 1126 1836 sententiae
1155 1778 1454 1835 concordat
1481 1777 1614 1833 illud
1654 1775 1877 1847 quodin
1913 1797 1922 1802 -

291 1869 576 1934 Ezechiele
618 1870 838 1942 legitur,
871 1869 961 1926 ubi
987 1870 1061 1925 ita
1095 1869 1368 1939 scriptum
1387 1877 1471 1924 est
1505 1887 1515 1922 :
1555 1886 1577 1919 ι
1612 1868 1680 1923 Ει
1707 1866 1882 1924 factus

292 1970 377 2018 est
423 1977 606 2018 sermo
649 1961 882 2018 Domini.
907 1961 976 2016 ad
1023 1975 1116 2016 me
1157 1960 1387 2017 dicens:
1417 1959 1556 2028 Quid
1596 1965 1695 2016 est'
1739 1958 1893 2030 quod:

292 2052 438 2109 inter
462 2068 559 2108 vos
601 2050 914 2123 parabolam
938 2051 1152 2107 vertitis
1176 2051 1234 2106 in
1256 2050 1608 2122 preverbium
1633 2051 1800 2116 istud,
1827 2049 1882 2104 in

293 2151 442 2200 terra
483 2142 680 2210 Israel,
727 2143 971 2199 dicentes
1019 2161 1034 2198 :
1077 2142 1268 2198 Patres
1319 2143 1672 2199 comederunt
1721 2141 1882 2196 uvam

292 2237 565 2302 acerbam,
588 2244 644 2293 et
671 2235 863 2291 dentes
883 2234 1118 2291 ﬁliorum
1139 2235 1572 2306 obstupuerunt?
1605 2232 1734 2290 Vivo
1757 2249 1899 2305 ego,

293 2327 727 2393 dicitDeminus,
783 2327 830 2383 si
874 2327 982 2382 erit
1003 2326 1157 2383 vobis
1196 2326 1340 2382 ultra
1387 2325 1645 2397 parabola
1689 2327 1804 2381 haec
1831 2326 1884 2380 in

292 2418 639 2488 proverbium
666 2419 723 2474 in
768 2417 953 2474 Israel.
995 2417 1136 2474 Ecce
1155 2433 1345 2474 omnes
1362 2418 1556 2474 animae
1578 2434 1712 2474 mete
1736 2425 1882 2484 sunt,

297 2516 358 2566 ut
379 2507 560 2564 anima
582 2509 776 2579 patris,
816 2509 893 2563 ita
920 2516 978 2564 et
1021 2508 1204 2562 anima
1235 2507 1330 2562 ﬁlii
1383 2520 1503 2564 mea
1538 2515 1644 2565 est.
1689 2507 1886 2561 Anima

292 2614 415 2668 qua:
437 2601 766 2671 peccaverit,
808 2601 925 2672 ipsa
977 2601 1242 2656 morietur
1274 2599 1492 2673 (Ezech.
1518 2599 1692 2671 xvut).
1729 2618 1747 2651 ι
1775 2599 1888 2655 Μο-

298 2699 391 2746 net
421 2697 604 2747 autem
630 2689 913 2762 Scriptura
939 2691 1120 2746 divina
1146 2690 1277 2746 illud
1304 2691 1450 2761 quod
1496 2691 1550 2744 in
1576 2690 1763 2746 Exodo
1803 2691 1889 2746 di-

296 2789 446 2836 ctum
492 2791 620 2838 est:
657 2801 676 2834 ι
708 2783 821 2854 Ego
840 2798 962 2839 sum
1006 2781 1150 2837 Deus
1199 2791 1345 2848 tuus,
1402 2783 1544 2838 Deus
1581 2781 1886 2850 aemulator;

296 2875 389 2944 qui
416 2875 584 2932 reddo
611 2884 836 2948 peccata
861 2883 1081 2948 patrum
1111 2890 1273 2947 super
1297 2875 1456 2942 ﬁlios,
1485 2891 1659 2946 usque
1681 2875 1748 2931 ad
1775 2883 1858 2931 ter
1880 2904 1889 2920 ι

299 2965 429 3028 tiam
455 2973 512 3022 et
548 2975 799 3038 quartam
825 2968 1230 3040 generationem
1257 2967 1344 3024 his
1376 2967 1468 3040 qui
1492 2968 1726 3024 oderunt
1756 2982 1842 3022 me
1868 2985 1882 3021 :

297 3061 357 3119 et
378 3053 520 3111 facio
545 3055 972 3113 misericordiam
997 3056 1054 3112 in
1089 3056 1257 3112 millia
1295 3057 1382 3113 his
1409 3057 1500 3128 qui
1525 3057 1756 3128 diligunt
1776 3071 1883 3124 me,

297 3153 354 3209 et
371 3148 692 3207 custodiunt
713 3157 983 3221 praecepta
1004 3164 1124 3205 mea
1148 3149 1346 3222 (Exod.
1370 3150 1494 3222 xx);
1521 3169 1540 3202 ι
1567 3158 1622 3206 et
1648 3149 1844 3205 iterum
1868 3165 1883 3204 :

304 3237 647 3297 «Descendit
677 3239 938 3300 Dominus
959 3240 1016 3297 in
1065 3242 1230 3310 nube,
1265 3241 1518 3297 etastitit
1551 3239 1709 3311 juxta
1741 3240 1890 3313 Moy-

300 3343 440 3390 sen:
471 3339 536 3386 et
559 3331 834 3388 invocavit
853 3330 1067 3404 Moyses
1087 3348 1286 3390 nomen
1310 3333 1547 3401 Domini,
1582 3339 1641 3390 et
1671 3332 1889 3390 transiit

300 3420 562 3479 Dominus
586 3431 718 3478 ante
741 3421 940 3480 faciem
957 3423 1097 3495 ejus,
1123 3433 1181 3484 et
1201 3425 1476 3482 invocavit
1502 3441 1626 3481 eum
1652 3426 1842 3485 dicens
1869 3441 1885 3482 :
1912 3498 1915 3499 γ

303 3512 564 3571 Βοωὶιιιιε
589 3512 735 3570 Deus
781 3511 1073 3572 miscrator
1115 3523 1172 3572 et
1208 3516 1546 3584 misericors,
1571 3517 1787 3588 patiens
1833 3524 1892 3574 et

304 3600 488 3660 multa:
520 3602 929 3674 misericordia,
961 3612 1022 3671 et
1048 3618 1239 3671 verax,
1268 3613 1324 3660 et
1348 3602 1614 3674 iustitiam
1640 3620 1887 3673 servans,

305 3700 362 3746 et
399 3691 828 3749 misericordiam
853 3693 910 3748 in
931 3693 1102 3748 millia
1145 3693 1398 3750 auferens
1450 3695 1788 3766 iniquitates,
1836 3703 1891 3752 et

305 3781 616 3852 industitias,
643 3793 709 3839 .et
752 3792 998 3856 peccata,
1024 3793 1080 3840 et
1100 3800 1208 3842 non
1230 3787 1546 3843 emundabit
1572 3803 1749 3856 reum,
1776 3787 1893 3844 red-

307 3874 442 3936 dens
465 3874 782 3946 iniquitates
831 3885 1045 3948 patrum
1073 3893 1239 3950 super
1271 3879 1432 3947 ﬁlios,
1459 3887 1518 3936 et
1545 3895 1710 3952 super
1749 3880 1892 3937 ﬁlios

307 3962 542 4024 ﬁliorum
567 3967 628 4022 in
648 3968 866 4024 tertiam
903 3977 960 4025 et
977 3978 1232 4041 quartam
1251 3972 1659 4044 generationem
1686 3970 1886 4045 (Exod.

308 4056 522 4129 xurv),
585 4076 608 4112 ι
649 4060 732 4116 sic
778 4060 952 4132 accipi
1003 4061 1219 4131 debere,
1263 4064 1422 4134 quasi
1461 4065 1777 4136 parabolam
1836 4073 1893 4122 et

307 4151 677 4220 proverbium,
698 4153 942 4210 ut‘aliud
962 4154 1018 4211 in
1042 4155 1223 4211 verbis
1250 4163 1428 4222 sonet,
1471 4155 1618 4212 aliud
1648 4157 1701 4211 in
1732 4171 1894 4213 sensu

311 4249 512 4299 teneat.
543 4243 749 4301 Et‘nos
775 4261 948 4317 usque
977 4246 1032 4302 in
1070 4255 1392 4318 praesentem
1429 4247 1756 4320 putabamus
1786 4247 1893 4304 duo

313 4337 622 4393 testimonia
650 4337 864 4406 Exodi,
919 4353 1040 4410 quae
1085 4355 1249 4411 supra
1295 4342 1596 4412 posuimus,
1627 4357 1734 4398 non
1771 4357 1895 4401 esse

309 4427 796 4498 parabolam,='sed
843 4427 1157 4502 simplicem'
1189 4431 1464 4502 explicare
1505 4435 1892 4490 sententiam:

229 4578 244 4586 ,
311 4532 714 4591 etzquanquam
757 4536 868 4578 non
895 4523 1219 4580 auderemus
1250 4525 1530 4594 quippiam
1583 4526 1765 4588 dicere
1793 4542 1895 4583 nec

318 4638 336 4670 ι
379 4633 476 4674 vas
501 4616 667 4674 ﬁctile
689 4617 837 4688 loqui
862 4626 1054 4674 contra
1085 4618 1330 4690 figulum,
1365 4601 1544 4687 Quare
1596 4620 1672 4676 ita
1697 4619 1783 4676 vel
1822 4620 1897 4675 ita

313 4709 487 4766 fecisti
525 4709 645 4765 me?
674 4729 694 4762 ι
726 4708 900 4780 (Rom.
931 4710 1034 4782 rx),
1059 4718 1245 4767 tamen
1301 4711 1613 4767 scandalum
1646 4713 1895 4784 patieba-

313 4813 435 4856 mur
481 4799 772 4867 occultum,
819 4802 964 4872 quod
999 4801 1264 4873 injustitia
1286 4803 1564 4858 videretur
1590 4803 1706 4869 Dei,
1729 4803 1897 4858 alium

312 4905 561 4964 peccare,
617 4899 675 4947 et
722 4891 887 4946 alium
929 4892 1079 4948 luere
1135 4903 1380 4964 peccata.
1420 4891 1481 4950 Si
1526 4894 1674 4950 enim
1719 4893 1898 4950 reddit

312 4992 536 5053 peccata
577 4990 794 5055 patrum
838 4998 1000 5054 super
1031 4982 1170 5040 ﬁlios
1198 4984 1253 5039 in
1285 4985 1500 5040 tertiam
1545 4993 1601 5040 et
1645 4993 1896 5056 quartam

314 5073 742 5146 generationem,
789 5084 856 5132 et
914 5074 1173 5146 iniustum
1230 5079 1470 5148 videtur,
1509 5087 1570 5134 ut
1602 5079 1744 5134 alius
1769 5094 1899 5149 pec-

315 5177 425 5235 cet,
455 5180 511 5226 et
546 5171 686 5226 alius
714 5159 991 5241 puniatur.
1039 5169 1146 5228 Sed
1191 5186 1260 5227 ex
1303 5186 1369 5228 eo
1415 5172 1558 5242 quod
1607 5172 1896 5242 sequitur:

321 5281 339 5312 ι
371 5261 466 5317 llis
504 5263 713 5332 quinte
762 5264 1014 5331 oderunt,
1051 5283 1072 5317 ι
1106 5264 1547 5320 comminationis
1603 5265 1719 5320 sive
1767 5279 1902 5334 prte-

317 5355 468 5425 ccpti
489 5356 814 5436 scandalum
827 5355 1080 5414 solvitur.
1111 5351 1230 5414 Non
1263 5357 1419 5413 enim
1453 5357 1572 5413 ideo
1604 5346 1902 5428 puniuntur

318 5447 596 5503 itii‘tertia'
621 5450 698 5504 et"
725 5447 938 5520 'quarta‘
966 5451 1376 5522 “generatione,
1401 5439 1529 5521 quia
1561 5450 1904 5520 deliquerunt

318 5539 738 5608 patres‘eorum,‘
920 5550 1102 5611 patres
1120 5542 1303 5614 potius
1329 5539 1422 5611 qui
1469 5533 1689 5596 fuerunt
1711 5539 1904 5611 pecca-
1930 5530 1932 5533 ’

320 5623 1061 5700 torosi’piltiiri"debiierint:
1107 5634 1206 5688 sed
1246 5632 1373 5703 quia
1401 5633 1620 5702 patrum
1679 5623 1907 5688 exstite-

321 5731 469 5778 rune'
501 5722 901 5790 t‘euiuliltores,”
927 5726 988 5780 πει
1040 5715 1273 5780 oderunt
1338 5724 1511 5781 neum
1558 5717 1938 5782 hmreditario'

1925 4580 1976 4640 D

1978 586 2068 634 tus
2095 593 2204 634 non
2229 576 2528 651 suscipiunt
2550 577 2996 646 Instrumentum,
3033 590 3220 637 contra
3245 582 3563 641 Creatorem

1975 674 2159 731 dicere
2188 672 2401 743 :‘Quam
2443 673 2618 730 bonus
2655 682 2712 730 et
2749 674 2928 745 justus
2978 674 3120 731 Deus
3159 675 3293 748 legis
3343 686 3398 733 et
3430 678 3567 735 Pro-

1974 765 2286 837 phetarum,
2316 765 2408 836 qui
2460 765 2751 836 quiescens
2783 767 2849 821 ad
2879 773 3101 836 peccata
3131 775 3352 854 patrum
3389 769 3570 827 reddit

1967 858 2065 915 'his
2091 861 2185 930 qui
2214 855 2321 914 non
2340 868 2704 930 peccaverunt
2733 879 2744 913 :
2776 861 2886 916 imo
2910 869 3115 932 quanta
3143 862 3199 917 in
3219 877 3286 918 eo
3330 863 3570 922 crudeli-

1975 959 2083 1020 tas,
2133 961 2192 1009 ut
2242 954 2380 1008 iram
2412 967 2566 1009 suam
2609 970 2780 1025 usque
2817 955 2886 1010 ad
2939 954 3153 1010 tertiam
3191 957 3466 1023 extendat,
3513 967 3571 1014 et

1975 1054 2230 1115 quartam
2260 1044 2705 1116 generationem?
2730 1044 2936 1114 Quibus
2961 1061 3060 1101 nos
3097 1046 3570 1118 respondebimus,

1976 1147 2035 1195 et
2071 1139 2126 1193 in
2173 1139 2276 1194 hoc
2327 1138 2423 1194 Dei
2468 1139 2732 1194 creatoris
2787 1137 3132 1194 clementiam
3178 1139 3570 1206 demonstrari.

1977 1229 2097 1286 Non
2121 1231 2266 1286 enim
2313 1231 2653 1286 truculenti-.0
2699 1240 2781 1286 est
2805 1239 2857 1285 et
2882 1232 3186 1287 severitatis
3221 1233 3356 1287 iram
3385 1242 3577 1290 tenere.

1979 1338 2152 1392 usque
2197 1322 2265 1376 ad
2319 1323 2538 1378 tertiam
2583 1332 2638 1378 ct
2686 1332 2935 1393 quartam
2984 1324 3432 1395 generationem:
3479 1325 3571 1379 sed

1980 1413 2191 1484 signum
2219 1413 2600 1468 misericordiae
2619 1428 2837 1483 ptenam
2861 1413 3078 1470 differre
3093 1415 3321 1485 peccati.
3340 1415 3567 1481 Quando

1981 1505 2124 1560 enim
2151 1505 2281 1561 dicit
2311 1491 2324 1560 ἐ
2353 1525 2372 1559 ‹
2408 1504 2668 1562 Dominus
2691 1508 2832 1562 Deus
2851 1508 3138 1563 miscrator
3158 1516 3210 1564 et
3235 1509 3565 1572 misericors,

1979 1594 2212 1664 patiens,
2245 1603 2300 1649 ct
2335 1595 2514 1650 multae
2544 1596 2927 1662 miserationis,
2967 1618 2985 1649 ›
3022 1607 3076 1653 et
3102 1598 3265 1653 infert
3297 1600 3572 1655 «reddens

1984 1684 2327 1755 iniquitatem
2355 1679 2571 1757 patrum
2601 1703 2763 1758 super
2808 1688 2965 1754 ﬁlios,
2996 1698 3045 1744 ei
3075 1690 3210 1746 ﬁlios
3237 1691 3468 1746 ﬁliorum
3493 1708 3507 1756 ;
3545 1711 3564 1744 ι

1983 1777 2086 1833 hoc
2136 1778 2340 1834 indicat
2383 1779 2525 1850 quod
2580 1788 2747 1835 tantae
2796 1781 3181 1837 misericordiae
3221 1783 3310 1848 sit,
3362 1791 3421 1837 ut
3465 1769 3571 1837 nun

1987 1871 2170 1925 statim
2215 1872 2425 1942 puniat,
2451 1869 2545 1926 Sed
2575 1872 2897 1928 sententiam
2916 1873 3139 1950 differat
3164 1874 3441 1945 puniendi.
3473 1873 3569 1929 Sin

1986 1965 2165 2018 autem
2195 1962 2431 2019 vindicta
2482 1965 2818 2034 peccantium
2861 1964 3108 2021 differtur
3147 1967 3199 2020 in
3252 1968 3467 2022 tertiam
3519 1975 3575 2021 et

1986 2061 2233 2120 quartam
2267 2052 2668 2122 generationem
2700 2071 2712 2105 :
2751 2069 2872 2106 cum
2901 2052 3062 2122 justis
3105 2055 3416 2124 sanctisque
3444 2053 3572 2123 quid

1989 2143 2222 2214 amplius
2279 2139 2464 2198 facit?
2491 2133 2750 2214 Sequitur
2779 2164 2790 2198 :
2823 2164 2840 2195 ι
2872 2146 2940 2200 Et
2973 2156 3155 2201 servat
3202 2146 3470 2216 justitiam
3515 2154 3572 2201 ct

1986 2234 2413 2290 misericordiam
2473 2232 2528 2288 in
2565 2235 2732 2289 multa
2769 2236 2956 2302 millia,
3018 2238 3100 2291 his
3142 2237 3234 2308 qui
3263 2237 3574 2293 custodiunt

1987 2324 2240 2378 mandata
2267 2324 2407 2394 ejus,
2430 2331 2484 2379 et
2510 2322 2714 2380 faciunt
2743 2336 3012 2396 prrecepta
3046 2327 3208 2381 illius.
3244 2346 3261 2377 ι
3292 2325 3567 2397 Scriptum

1988 2426 2072 2472 est
2117 2417 2171 2471 in
2197 2415 2548 2472 Proverbiis:
2585 2436 2602 2468 ι
2645 2417 2798 2473 Sicut
2836 2435 2939 2473 uva
2977 2419 3174 2475 acerba
3199 2419 3451 2474 dentibus
3476 2433 3572 2473 no-

1987 2505 2077 2559 xia
2106 2515 2208 2572 est,
2241 2515 2295 2561 et
2329 2505 2507 2562 fumus
2530 2507 2722 2572 oculis,
2773 2508 2851 2563 sic
2886 2508 3142 2578 iniquitas
3166 2509 3250 2564 his
3296 2509 3387 2579 qui
3419 2515 3574 2562 utun-

1991 2603 2082 2649 tur
2123 2610 2187 2650 ea
2235 2594 2418 2668 (Prov.
2461 2595 2540 2666 χ).
2602 2616 2620 2648 ›
2670 2595 2748 2650 Ex
2788 2612 2895 2665 quo
2940 2598 3284 2668 perspicuum
3319 2604 3419 2661 est,
3463 2612 3572 2650 non

1989 2690 2219 2746 aliorum
2249 2690 2432 2745 dolere
2480 2689 2692 2756 dentes,
2733 2699 2784 2744 et
2817 2691 3218 2762 obstupescere,
3247 2691 3341 2747 sed
3381 2705 3571 2746 eorum

1989 2781 2081 2852 qui
2128 2796 2288 2836 uvam
2318 2781 2569 2836 acerbam
2602 2781 2971 2837 comederunt.
3010 2782 3106 2837 Est
3147 2791 3329 2837 autem
3357 2781 3460 2837 loci
3499 2781 3572 2835 is-

1990 2871 2097 2927 tius
2125 2871 2213 2926 hic
2240 2886 2432 2927 sensus
2459 2912 2474 2938 ,
2513 2873 2783 2942 quomodo
2813 2873 2856 2927 si
2894 2872 3016 2943 quis
3042 2871 3170 2927 velit
3214 2872 3397 2927 dicere
3427 2889 3439 2924 :
3472 2870 3576 2925 Pa—

1991 2972 2103 3021 tres
2131 2980 2292 3020 uvam
2347 2965 2598 3021 acerbam
2627 2966 3000 3034 comederunt,
3031 2976 3086 3022 et
3113 2968 3302 3023 dentes
3337 2967 3574 3022 ﬁliorum

1990 3057 2387 3127 obstupuerunt
2425 3073 2438 3110 :
2471 3055 2774 3111 Ridiculum
2827 3067 2933 3125 est,
2995 3066 3050 3113 et
3112 3058 3312 3114 nullam
3366 3059 3572 3113 habens

1993 3149 2439 3220 consequentiam
2482 3166 2495 3203 :
2532 3150 2611 3204 sTc
2653 3150 2893 3220 iniquum
2945 3159 3030 3205 est
3055 3159 3216 3222 atque
3257 3165 3579 3221 perversum

1913 3223 1962 3289 C
1982 3253 2222 3310 peccare
2246 3248 2450 3311 patres,
2476 3247 2530 3295 et
2560 3240 2698 3296 ﬁlios
2735 3251 3061 3312 nepotesque
3111 3242 3363 3298 cruciari.
3401 3261 3421 3295 ‹
3448 3242 3578 3298 0m-

1989 3344 2109 3397 nes,
2157 3330 2353 3400 inquit,
2406 3331 2600 3386 anima:
2638 3348 2771 3386 mea:
2807 3340 2952 3398 sunt,
2993 3353 3010 3384 ι
3038 3332 3192 3404 juxta
3243 3342 3576 3400 creaturam,

1993 3441 2109 3488 non.
2156 3425 2313 3496 juxta
2375 3425 2651 3490 meritum,
2709 3434 2768 3480 ut
2821 3425 3032 3498 Moyses
3072 3425 3371 3497 appellatur
3417 3427 3582 3482 homo

1991 3516 2111 3583 Dei,
2159 3517 2226 3572 de
2268 3533 2376 3587 quo
2408 3516 2668 3586 scriptum
2725 3526 2809 3572 est
2847 3536 2860 3571 :
2894 3537 2912 3570 ι
2964 3519 3139 3572 oratio
3191 3518 3358 3589 Moysi
3401 3519 3578 3573 homi-

1990 3606 2076 3662 nis
2105 3607 2233 3672 Dei;
2286 3625 2304 3657 ι
2364 3616 2420 3662 et
2470 3607 2613 3662 Elias
2661 3607 2754 3680 qui
2793 3609 2859 3662 ad
2909 3609 3300 3679 quinquaginta
3344 3607 3576 3662 militum

1991 3698 2292 3770 principem
2338 3699 2659 3774 loquebatur
2687 3721 2700 3754 :
2736 3719 2756 3753 ε
2798 3700 2866 3755 Et
2892 3701 2937 3756 si
2967 3700 3126 3756 homo
3161 3700 3278 3764 Dei,
3307 3715 3406 3769 ego
3435 3715 3577 3764 sum,
3643 3768 3646 3770 η

1995 3785 2286 3844 descendat
2313 3789 2453 3862 ignis
2501 3807 2664 3862 super
2691 3800 2764 3858 te,
2795 3799 2848 3847 et
2885 3808 3048 3863 super
3077 3793 3468 3864 quinquaginta
3492 3792 3577 3846 vi-

1995 3900 2087 3940 ros
2134 3884 2241 3956 (IV
2291 3884 2420 3956 Reg.
2462 3885 2524 3958 ι).
2557 3906 2574 3938 ι
2601 3886 2774 3943 llomo
2827 3903 2954 3944 vero
2999 3889 3210 3959 peccati
3235 3898 3289 3944 et
3320 3889 3460 3944 ﬁlius
3482 3889 3578 3943 ini-

1995 3975 2219 4046 quitatis
2283 3992 2389 4031 non
2447 3985 2673 4033 vocatur
2713 3979 2874 4035 homo
2945 3980 3060 4045 Dei,
3114 3980 3254 4035 sicut
3294 3995 3484 4035 servus
3525 3987 3580 4035 et

1996 4065 2229 4122 famulus
2267 4065 2362 4123 Dei
2389 4067 2445 4123 hi
2482 4068 2839 4138 appellantur,
2883 4069 2949 4125 de
2981 4070 3176 4141 quibus
3207 4069 3310 4125 dici
3349 4085 3453 4125 non
3481 4085 3578 4141 po-

1997 4158 2123 4224 test,
2148 4159 2336 4215 Omnis
2381 4160 2473 4232 qui
2529 4159 2658 4217 facit
2704 4171 3008 4233 peccatum,
3059 4178 3250 4218 servus
3297 4171 3377 4218 est
3444 4177 3574 4233 pec-

1997 4242 2102 4306 cati
2127 4266 2140 4304 :
2167 4250 2235 4304 Et
2265 4251 2461 4307 iterum
2489 4269 2504 4306 :
2531 4250 2576 4307 A
2600 4267 2708 4323 quo
2741 4253 2884 4308 enim
2908 4254 3030 4326 quis
3057 4254 3313 4320 vincitur,
3351 4253 3469 4324 ejus
3521 4263 3593 4328 ct.

1908 4351 1956 4376 -’
1998 4358 2188 4400 servus
2214 4352 2316 4400 est.
2348 4343 2499 4400 Sicut
2548 4355 2771 4417 peccata
2817 4347 3050 4404 ﬁliorum
3099 4363 3206 4402 non
3236 4355 3430 4404 nocent
3473 4362 3576 4418 pa-

1999 4435 2196 4502 tribus,
2258 4435 2336 4492 sic
2383 4447 2603 4507 peccata
2673 4447 2885 4509 patrum
2958 4454 3065 4494 non
3129 4437 3433 4494 redundant
3507 4439 3577 4492 ari

2003 4527 2174 4594 ﬁlios;
2217 4529 2310 4585 sed
2357 4530 2536 4584 anima
2582 4547 2702 4600 qum
2769 4533 3096 4602 peccaverit,
3151 4531 3267 4602 ipsa
3323 4531 3586 4586 morietur

2003 4634 2108 4673 non
2147 4619 2437 4675 abolitione
2460 4621 2798 4687 substantiae,
2828 4623 2920 4677 sed
2950 4638 3014 4677 ex
3047 4621 3165 4690 ejus
3189 4621 3465 4677 consortio
3487 4621 3582 4690 qui
3673 4609 3684 4628 ’

2003 4710 2152 4773 dicit,
2189 4728 2206 4760 ‹
2243 4709 2355 4780 Ego
2383 4725 2502 4765 sum
2527 4711 2633 4765 vita
2660 4727 2675 4776 ;
2713 4731 2731 4764 ι
2764 4712 2859 4768 sed
2889 4712 3013 4767 alibi
3045 4711 3322 4782 loquitur:
3357 4728 3374 4761 ‹
3397 4709 3586 4765 Omnis

2003 4803 2095 4874 qui
2118 4802 2251 4856 vivit
2273 4810 2323 4859 et
2349 4803 2524 4858 credit
2544 4802 2597 4858 in
2618 4818 2724 4868 tne,
2752 4819 2856 4859 non
2881 4803 3143 4858 morietur
3170 4802 3223 4857 in
3245 4798 3526 4857 aeternum.
3559 4820 3578 4853 ι

2081 4913 2099 4946 ‹
2163 4887 2352 4948 Omnis
2396 4893 2558 4951 homo
2615 4895 2706 4964 qui
2757 4894 3056 4950 comederit
3105 4909 3266 4950 uvam
3307 4893 3585 4958 acerbam,

2009 5003 2029 5038 ι
2071 4985 2454 5057 obstupescent
2501 4987 2690 5042 dentes
2715 4987 2852 5058 ejus.
2904 4985 3108 5058 (Grcg.)
3141 5005 3159 5039 ι
3193 4984 3331 5053 Quid
3355 5000 3586 5054 namque

2004 5078 2201 5133 acerba
2227 5093 2328 5132 uva
2352 5119 2366 5143 ,
2397 5078 2499 5134 nisi
2541 5087 2819 5148 peccatum
2842 5079 2967 5133 est?
3013 5078 3129 5134 Uva
3156 5077 3355 5148 quippe
3387 5075 3584 5132 acerba

2003 5179 2088 5226 est
2130 5171 2339 5228 fructus
2397 5181 2521 5228 ante
2559 5180 2789 5242 tempus.
2838 5171 3076 5242 Quisque
3104 5171 3250 5227 enim
3301 5168 3588 5242 prmsentis

2003 5257 2126 5318 vitae
2155 5262 2600 5321 delectationibus
2630 5261 2815 5318 satiari
2840 5261 3128 5329 desiderat,
3176 5261 3332 5332 quasi
3381 5259 3590 5316 fructus

2006 5360 2131 5411 ante
2157 5358 2370 5426 tempus
2390 5345 2674 5411 comedere
2699 5354 2936 5410 festinat.
2954 5354 3053 5423 Qui
3081 5355 3246 5426 igitur
3265 5369 3421 5408 uvam
3444 5368 3572 5410 acer

2005 5431 2130 5503 bam
2177 5448 2432 5513 comedit,
2483 5447 2672 5503 dentes
2712 5447 2828 5516 ejus
2864 5448 3253 5519 obstupescunt
3285 5466 3298 5502 :
3327 5447 3452 5518 quia
3499 5445 3589 5517 qui

2006 5541 2293 5610 praesentis
2331 5539 2517 5594 mundi
2547 5539 2908 5595 delectatione
2931 5541 3195 5610 pascitur,
3244 5538 3442 5595 interni
3473 5539 3613 5607 ejus.

2005 5632 2199 5707 vasus
2255 5631 2505 5703 ligantur,
2550 5641 2610 5711 ut
2647 5631 2759 5701 jam
2791 5633 3054 5704 spiritalia
3083 5633 3359 5697 mandere,
3406 5631 3457 5685 id
3506 5639 3594 5685 est

1977 5739 1985 5746 ·
2011 5719 2306 5794 intelligere
2320 5732 2619 5804 nequeant:
2647 5719 2773 5795 quia
2800 5727 2938 5781 unde
2960 5725 3014 5780 in
3045 5724 3406 5782 exterioribus
3443 5719 3591 5776 dele-

323 5812 465 5870 inalo
490 5821 545 5869 et
563 5813 867 5886 impietate,“
897 5813 950 5870 in
975 5827 1178 5873 ramos
1193 5811 1412 5888 quoque
1443 5816 1512 5874 'de
1550 5817 1740 5873 "radice
1789 5821 1908 5875 cre-'
1940 5813 1945 5824 “
2011 5806 2141 5874 cta'ti
2162 5824 2308 5885 sunt,
2341 5813 3172 5894 indein'iutimisbbslupcscunt.
3198 5815 3267 5870 Et
3307 5814 3435 5872 dum
3466 5821 3598 5883 pec-
