4044 6326
444 315 587 374 1045

979 355 982 359 ,
1087 309 1150 365 Β.
1190 304 1444 365 RABANI
1481 301 1702 362 MAURI
1740 295 2058 356 ARCHIEP.

2099 291 2411 350 MOGUNT.
2452 285 2742 347 OPERUM
2775 283 2957 339 PARS
2985 280 3072 338 Ill.
3573 274 3779 332 ,1044

446 437 570 485 cato
633 425 810 482 anima
864 423 1138 496 pascitur,
1203 434 1397 491 panem
1448 416 1673 488 iustitia:
1715 413 1878 472 edere
1923 424 2031 466 non
2055 405 2278 478 Apulis
2310 404 2417 460 ait:
2452 423 2473 496 ι
2508 401 2628 473 Ipse
2659 396 3240 496 vos‘docebitfm'nta
3290 390 3688 496 (lgonj‘xtvpi
3743 410 3770 444 ι

419 519 590 576 'valet
618 541 629 575 :
659 517 916 589 quoniam
937 515 1088 588 ligati
1108 515 1296 571 dentes
1307 527 1371 568 ex
1387 510 1594 582 peccati
1614 501 2030 570 consuetudine,

440 613 649 686 justum
677 610 822 682 quod
843 611 990 675 intus
1027 607 1200 681 sapiat
1231 606 1394 662 edere
1417 619 1757 676 nequaquam
1783 605 2030 686 possunt.

426 684 454 718 ’ί
523 721 550 758 ‹
573 703 716 760 Ecce
745 703 862 759 dies
894 701 1132 768 venient,
1173 699 1306 757 dicit
1327 699 1616 765 Dominus,
1643 704 1697 752 et
1721 684 1916 750 feriam
1941 689 2033 746 do-

455 815 478 850 r
517 796 631 852 mni
681 793 866 862 l‘srael‘,
900 800 956 850 et
987 792 1167 849 domui
1191 790 1328 849 Juda
1357 787 1534 848 foedus
1557 795 1779 852 noVum,
1808 800 1918 841 non
1943 791 2034 838 se-

454 907 476 941 c
523 886 766 946 cundum
806 895 1046 959 pactum,
1079 883 1222 956 quod
1270 881 1450 955 pepigi
1485 896 1608 939 cum
1648 880 1894 952 patribus
1946 889 2038 932 ve-

455 997 478 1032 ‹
523 978 673 1046 stris,
712 977 769 1033 in
798 975 888 1033 die
925 991 1034 1048 qua
1089 973 1419 1046 apprehendi
1465 987 1686 1028 manum
1739 987 1953 1040 eorum,
1979 979 2040 1030 ut

457 1090 476 1124 ι
523 1072 808 1128 educerem
856 1085 952 1126 eos
1002 1069 1068 1125 de
1114 1078 1260 1124 terra
1317 1065 1561 1139 Egypti,
1620 1074 1839 1137 pactum
1895 1065 2041 1139 quod

456 1180 475 1213 ι
519 1161 730 1217 irritum
756 1160 1022 1228 fecerunt,
1052 1165 1107 1215 et
1129 1175 1229 1230 ego
1255 1158 1564 1215 dominatus
1579 1174 1697 1215 sum
1723 1173 1936 1225 eorum,
1965 1157 2042 1214 ait

458 1271 478 1304 ‹
521 1252 800 1308 Dominus.
852 1271 872 1304 ι
913 1251 1190 1307 Promittit
1235 1265 1296 1308 se
1334 1251 1596 1308 Dominus
1649 1249 1905 1306 daturum
1946 1263 2042 1321 po-

449 1347 578 1417 pqu
606 1361 704 1403 suo
754 1343 932 1402 ftedus
983 1359 1204 1410 novum,
1245 1345 1348 1400 hoc
1373 1355 1484 1411 est,
1523 1343 1701 1400 foedus
1740 1343 2041 1416 Evangelii,

449 1435 595 1508 quod
621 1452 723 1510 per
762 1434 1025 1508 Spiritum
1073 1443 1317 1492 sanctum
1365 1434 1728 1491 conscribitur
1756 1435 1812 1490 in
1859 1435 2040 1491 cordi-

447 1527 553 1584 bus
571 1529 928 1595 credentium,
947 1543 1055 1583 non
1083 1523 1264 1584 fcedus
1278 1525 1414 1600 legis
1435 1526 1690 1597 antiquae,
1713 1526 1858 1598 quod
1883 1526 1937 1580 in
1962 1535 2044 1581 ta-

447 1618 592 1676 bulis
612 1619 840 1691 lapideis
867 1619 1234 1691 conscriptum
1262 1619 1411 1674 durae
1440 1618 1648 1674 nationi
1671 1626 1726 1674 et
1753 1618 2044 1675 incredulae

451 1711 639 1767 datum
665 1720 769 1778 est,
793 1711 939 1784 quod
971 1717 1026 1766 et
1052 1710 1155 1782 ipsi
1187 1709 1402 1766 irritum
1429 1709 1712 1777 fecerunt,
1741 1719 1796 1766 et
1821 1725 1920 1782 pro
1939 1710 2044 1767 hoc

453 1801 692 1858 debitam
710 1803 1009 1858 vindictam
1025 1807 1403 1872 susceperunt.
1423 1799 1578 1858 Unde
1601 1801 1733 1857 dicit
1757 1819 1770 1856 :
1802 1819 1822 1852 ί
1853 1801 1922 1857 Et
1946 1816 2046 1872 ego

453 1890 766 1946 dominatus
792 1906 912 1948 sum
941 1905 1153 1958 eorum,
1178 1891 1312 1946 dicit
1342 1889 1626 1956 Dominus,
1662 1911 1681 1944 ι
1710 1891 1812 1946 hoc
1837 1899 1942 1956 est,
1966 1890 2048 1947 ul-

453 1982 872 2054 tionemjustam
899 1984 954 2039 in
979 1983 1078 2050 eis,
1096 1983 1252 2055 juxta
1277 1985 1425 2056 quod
1449 1991 1788 2050 meruerunt,
1813 1983 2042 2054 explevi.

529 2093 550 2125 ι
594 2073 681 2130 Et:
705 2075 810 2131 hoc
849 2076 954 2131 erit
1018 2084 1236 2146 pactum
1281 2075 1426 2146 quod
1465 2074 1658 2132 feriam
1705 2091 1827 2130 cum
1885 2075 2046 2131 domo

459 2183 480 2217 r
523 2164 710 2221 lsrael.
738 2164 867 2222 Post
889 2166 1005 2222 dies
1031 2166 1172 2234 illos,
1219 2166 1352 2222 dicit
1395 2165 1682 2232 Dominus,
1705 2166 1844 2222 dabo
1871 2165 2043 2237 legem

459 2273 482 2308 ι
522 2271 701 2313 meam
743 2257 798 2313 in
835 2260 1135 2316 visceribus
1190 2275 1400 2326 eorum,
1433 2268 1498 2314 et
1532 2276 1587 2314 ιη
1635 2261 1799 2336 corde
1854 2275 2044 2317 eorum

459 2367 480 2402 ι
521 2350 755 2406 scribam
793 2367 946 2408 eam:
999 2360 1056 2408 et
1088 2367 1184 2408 ero
1213 2351 1292 2408 eis
1329 2351 1383 2407 in
1419 2349 1614 2418 Deum,
1660 2361 1716 2407 et
1744 2351 1844 2421 ipsi
1885 2359 2043 2408 erunt

460 2459 479 2491 α
520 2441 654 2496 mihi
698 2441 754 2497 in
798 2441 1078 2513 populum.
1109 2461 1128 2494 ι
1165 2441 1460 2516 (ΜΑυιιυε.)
1489 2443 1564 2498 De
1595 2442 1700 2498 hac
1739 2445 1855 2514 lege
1887 2451 1942 2500 et
1988 2442 2046 2500 in

451 2531 592 2587 Isaia
641 2532 903 2602 scriptum
937 2540 1020 2589 est
1054 2551 1068 2588 :
1106 2551 1126 2586 ι
1179 2534 1254 2589 De
1290 2532 1422 2590 Sion
1473 2531 1644 2587 exibit
1671 2533 1779 2598 lex,
1823 2540 1878 2588 et
1918 2546 2045 2588 ver-

453 2622 585 2680 b'um
630 2625 844 2681 Domini
893 2627 960 2682 de
1005 2626 1338 2684 Hierusalem
1374 2622 1536 2701 (Isai.
1573 2625 1659 2698 ιι).
1709 2646 1728 2678 ι
1778 2625 1846 2682 Et
1876 2626 2044 2682 item:

462 2733 481 2769 ι
503 2717 700 2776 Audite
719 2735 806 2774 me
825 2719 917 2792 qui
935 2721 1090 2798 scitis
1107 2719 1338 2790 justum,
1358 2720 1589 2791 populus
1603 2734 1758 2775 meus
1783 2735 1798 2772 :
1815 2717 1902 2775 lex
1924 2731 2046 2774 mea

455 2808 512 2864 in
554 2809 718 2866 corde
747 2825 968 2866 eorum:
1019 2809 1185 2866 nolite
1217 2811 1410 2866 timere
1466 2808 1816 2881 opprobrium
1871 2807 2049 2863 homi-

457 2905 609 2966 num,
661 2909 717 2956 et
769 2899 1132 2970 blasphemias
1179 2915 1370 2956 eorum
1435 2915 1502 2956 ne
1568 2899 1844 2956 metuatis.
1906 2897 2047 2966 (Ira.

458 2990 592 3062 LXI).
644 3008 664 3043 ι
701 2989 970 3064 (Hier-on.)
1007 2991 1123 3048 Hoc
1170 2992 1376 3048 indicat
1411 2993 1558 3064 quod
1597 2991 1823 3063 populus
1858 3007 2031 3048 novus

362 3143 372 3154 Ι
459 3093 802 3154 nequaquam
823 3083 964 3139 ultra
979 3084 1129 3139 vivat
1147 3084 1302 3156 juxta
1325 3083 1584 3149 litteram,
1605 3085 1698 3140 sed
1705 3082 1859 3152 juxta
1883 3084 2046 3154 spiri-

462 3183 600 3241 tum,
625 3175 994 3232 instaurantes
1022 3175 1325 3232 naturalem
1353 3173 1526 3248 legem
1543 3177 1598 3231 in
1627 3175 1883 3232 cordibus
1907 3176 2048 3243 suis,

460 3266 530 3322 de
586 3281 693 3338 qua
755 3265 946 3322 scribit
978 3274 1034 3324 et
1069 3266 1398 3340 Apostolus:
1440 3286 1460 3318 ι
1507 3263 1642 3324 Cum
1671 3269 1814 3324 enim
1863 3275 2054 3340 gentes

465 3373 588 3430 quae
625 3375 729 3415 non
786 3359 992 3416 habent
1033 3361 1214 3433 legem
1263 3361 1606 3428 naturaliter,
1646 3377 1709 3419 ea
1752 3378 1872 3434 quae
1920 3363 2055 3434 legis

466 3459 596 3505 sunt
657 3449 892 3507 faciunt:
927 3452 1015 3508 isti
1068 3452 1242 3525 legem
1295 3469 1401 3510 non
1458 3455 1742 3518 habentes,
1797 3453 1900 3510 sibi
1949 3455 2056 3526 ipsi

464 3550 592 3599 sunt
622 3543 734 3611 lex,
769 3544 863 3616 qui.
899 3543 1192 3601 ostendunt
1235 3560 1372 3616 opus
1399 3542 1537 3618 legis
1565 3545 1827 3617 scriptum
1851 3545 1903 3600 in
1932 3559 2054 3601 cor-

463 3633 624 3692 dibus
658 3636 770 3692 suis
799 3635 974 3708 (Rom.
1008 3637 1094 3710 ιι).
1131 3657 1150 3691 ι
1191 3637 1270 3694 De
1296 3653 1403 3708 qua
1449 3637 1566 3708 lege
1621 3631 1958 3707 signiﬁcatur
2001 3636 2060 3692 in

462 3727 714 3800 psalmo:
755 3745 774 3780 ‹
808 3726 1037 3799 Osjusti
1091 3725 1447 3787 meditabitur
1500 3732 1848 3800 sapientiam,
1897 3731 2058 3786 alin-

465 3825 570 3893 g’ua
601 3821 717 3892 ejus
744 3821 998 3892 loquetur
1030 3821 1294 3892 judicium
1325 3841 1338 3878 :
1381 3823 1468 3879 lex
1497 3822 1593 3879 Dei
1623 3819 1762 3892 ejus,
1814 3823 1868 3878 in
1893 3823 2062 3879 corde

465 3913 632 3979 illius,
683 3921 738 3970 et
770 3927 879 3970 non
921 3914 1410 3987 supplantabuntur
1459 3929 1680 3988 gressus
1721 3913 1836 3984 ejus
1883 3912 2060 3987 (Psal.

465 4006 644 4076 Lxut).
695 4025 712 4057 ι
751 4003 888 4062 Huic
916 4007 1216 4064 concordat
1241 4007 1384 4079 quod
1432 4007 1486 4063 in
1517 4007 1802 4064 Ezechiele
1830 4009 2057 4079 legitur:

477 4113 498 4147 ι
544 4097 693 4152 Dabo
727 4097 881 4154 vobis
925 4113 1021 4154 cor
1056 4113 1275 4164 novum,
1323 4106 1379 4154 et
1415 4099 1669 4170 spiritum
1717 4115 1914 4156 novum
1965 4115 2064 4171 po-

2135 473 2266 570 quia
2291 493 2398 552 nisi
2449 492 2620 550 isdem
2649 489 2871 562 spiritus
2913 485 3068 543 cordi
3092 473 3234 570 adsit
3255 473 3528 538 audientis
3545 521 3560 548 ,
3585 481 3780 534 otio—

2134 567 2234 652 sus
2254 598 2339 648 est
2381 603 2561 648 sermo
2591 583 2848 642 doctoris.
2889 578 3092 655 (ῦπαρ.)
3140 567 3310 635 Nemo
3335 591 3466 648 ergo
3515 575 3778 632 docenti

2135 685 2343 744 homini
2384 683 2613 747 tribuat,
2631 677 2775 750 quod
2801 691 2874 732 ex.
2897 687 2993 730 ore
3018 671 3262 729 docentis
3289 669 3586 741 intelligat:
3611 667 3776 738 quia

2135 780 2242 837 nisi
2282 775 2544 834 intussit
2592 771 2685 844 qui
2712 769 2924 834 doceat,
2973 775 3029 822 et
3060 763 3300 820 doctoris
3349 761 3538 844 lingua
3586 767 3776 826 exte-

2136 871 2254 927 rius
2281 869 2335 924 in
2381 880 2607 922 vacuum
2642 861 2876 919 laborat.
2914 849 3025 936 Nec
3054 863 3239 912 tamen.
3286 853 3475 909 doctor
3521 866 3772 906 cessare

2077 955 2080 958 ’
2139 955 2322 1029 debet,
2350 957 2480 1031 quin
2517 955 2666 1028 quod
2701 952 2850 1010 valet
2876 943 3064 1015 faciat,
3083 941 3244 1018 juxta
3273 943 3329 1008 id
3357 943 3507 1016 quod
3533 941 3768 1000 Paulus

2140 1055 2250 1111 ait:
2291 1073 2318 1106 ι.
2346 1051 2459 1124 Ego
2507 1046 2768 1123 plantavi,
2822 1041 3015 1118 Apollo
3070 1037 3292 1112 rigavit,
3345 1035 3494 1092 Deus
3556 1043 3769 1090 autem

2141 1146 2537 1202 incrementum
2583 1141 2733 1198 dedit
2754 1137 2808 1213 (Ι
2843 1133 2968 1193 Cor.
3018 1132 3122 1207 tu).
3180 1127 3500 1206 [Bernard.]
3553 1127 3771 1183 Potest

2141 1247 2197 1293 et
2221 1237 2310 1294 hic
2337 1229 2490 1292 locus
2525 1232 2826 1290 ad‘futurae
2855 1228 2980 1284 vita:
3023 1222 3533 1294 contemplationem
3560 1228 3771 1272 trans-

2143 1327 2314 1386 ferri:
2358 1329 2452 1384 ubl
2503 1321 2665 1383 corda
2718 1321 2920 1379 munda
2965 1317 3262 1374 electorum
3310 1314 3368 1369 in
3418 1304 3594 1384 gloria
3647 1323 3768 1364 sua

2144 1421 2655 1492 contemplabuntur
2679 1416 2881 1472 Deum:
2919 1431 2937 1465 ι
2971 1411 3123 1472 Beati
3154 1409 3300 1465 enim
3327 1406 3528 1462 mundo
3548 1403 3763 1467 corde,

2144 1513 2402 1587 quoniam
2461 1509 2562 1582 ipsi
2616 1507 2785 1563 Deum
2832 1505 3091 1560 videbunt
3137 1499 3355 1572 (Matth.
3397 1496 3474 1570 ν).
3513 1515 3535 1548 ι
3587 1494 3766 1587 Tunc

2145 1585 2292 1660 enim
2335 1601 2604 1658 veraciter
2640 1597 2738 1654 Dei
2767 1597 2854 1653 lex
2886 1595 2939 1650 in
2971 1593 3223 1650 cordibus
3266 1589 3502 1646 ﬁdelium
3549 1585 3766 1642 scribi-

2141 1681 2240 1750 tur
2262 1735 2278 1762 ,
2335 1693 2550 1765 quando
2594 1687 2836 1762 perfecta
2886 1685 2983 1742 Dei
3023 1683 3216 1740 notitia
3267 1681 3374 1736 illis
3425 1678 3696 1736 tribuitur
3741 1694 3761 1730 2

2072 1779 2122 1842 B
2150 1796 2388 1857 tuncque
2419 1785 2535 1858 ipse
2583 1783 2687 1840 erit
2715 1781 2820 1837 illis
2862 1779 2917 1835 in
2947 1777 3140 1842 Deum,
3175 1783 3232 1831 et
3259 1773 3364 1845 ipsi
3391 1781 3554 1828 erunt
3582 1769 3668 1825 illi
3697 1769 3763 1824 in

2146 1879 2439 1952 populum:
2473 1876 2690 1948 quando
2732 1872 2866 1928 nihil
2893 1871 2999 1928 erit
3027 1867 3172 1942 quod
3200 1881 3296 1923 eos
3322 1871 3544 1937 separat
3572 1879 3605 1918 a
3632 1859 3763 1916 Deo

2149 1949 2281 2030 suo:
2335 1971 2431 2027 sed
2477 1969 2844 2040 implebuntur
2893 1963 3091 2037 gaudio
3142 1975 3280 2017 cum.
3311 1959 3464 2015 vultu
3516 1971 3648 2022 suo,
3697 1965 3762 2011 et

2149 2063 2560 2120 delectabuntur
2609 2061 2665 2116 in
2691 2060 2918 2116 dextera
2964 2055 3083 2127 ejus
3125 2067 3300 2126 usque
3329 2052 3390 2107 in
3439 2051 3630 2106 tinent.
3673 2048 3761 2104 De

2148 2175 2257 2232 quo
2286 2167 2340 2216 et
2380 2158 2557 2246 adhuc
2583 2154 2830 2212 subditur
2857 2169 2872 2207 :

2155 2561 2176 2598 ι
2220 2557 2396 2615 usque
2440 2541 2510 2598 ad
2539 2540 2858 2605 maximum,
2887 2537 2972 2594 sit
2991 2535 3282 2592 Dominus:
3323 2530 3462 2602 quia
3478 2527 3758 2600 propitii-

2157 2653 2187 2688 «ε
2218 2635 2320 2691 bor
2339 2631 2718 2704 iniquitatibus
2737 2643 2948 2696 eorum,
2975 2625 3260 2698 εὑρεσιωά
3281 2631 3482 2680 eorum
3497 2635 3610 2677 non
3625 2633 3754 2674 me-

2155 2745 2182 2778 ι
2227 2723 2744 2794 moraboramplius.
2774 2741 2796 2776 ι
2815 2718 3398 2794 (Maus.)lllonem’m
3411 2714 3590 2788 egebit
3617 2721 3757 2768 tuo

2150 2817 2274 2890 quis
2311 2815 2514 2872 abalio
2541 2814 2767 2880 erudiri,
2795 2812 3014 2884 quando
3039 2825 3234 2867 omnes
3276 2809 3434 2864 electi
3480 2813 3643 2862 erum
3688 2803 3758 2859 in

2155 2908 2609 2980 contemplatione
2640 2906 2915 2974 veritatis,
2935 2913 2992 2961 et
3019 2904 3198 2960 Deum
3220 2902 3482 2958 videbunt
3505 2897 3650 2953 faeie
3671 2894 3755 2950 ad

2154 2999 2376 3056 faciem.
2407 2999 2564 3058 Unde
2599 2998 2804 3055 Paulus
2827 2999 2944 3054 ait:
2981 3017 3004 3050 ο
3037 2997 3296 3053 Videmus
3324 3007 3476 3049 nunc
3500 2999 3756 3064 perspe-

2155 3095 2338 3152 culum
2367 3103 2424 3150 et
2449 3095 2504 3151 in
2533 3093 2846 3166 aenigmate,
2873 3100 3004 3149 tunc
3029 3101 3214 3156 suum
3237 3089 3378 3146 faeie
3431 3088 3506 3144 ad
3526 3085 3754 3142 Mem.

2155 3185 2310 3242 Num
2329 3201 2603 3259 cognosco
2623 3202 2692 3242 ex
2706 3193 2884 3256 parte,
2909 3191 3248 3240 truncantem
3265 3192 3590 3253 cognoscam
3608 3179 3761 3234 sicut

2094 3341 2099 3346 _
2157 3286 2216 3333 et
2231 3277 2481 3348 cog-nitus
2502 3291 2622 3333 sum
2653 3275 2706 3348 (,1
2733 3273 2860 3331 Cor.
2885 3273 3032 3345 ιιιι).
3065 3293 3090 3326 ν
3116 3271 3257 3328 Hine
3279 3281 3339 3328 et
3362 3270 3598 3328 horines
3627 3269 3708 3322 ait
3729 3283 3748 3320 :

2163 3385 2182 3420 ι
2217 3365 2558 3433 Charissimi,
2587 3365 2850 3427 nuncﬁlii
2882 3364 2984 3421 Dei
3011 3377 3200 3422 smnus
3226 3371 3286 3419 et
3309 3361 3550 3418 milia
3581 3371 3752 3430 appa-

2157 3451 2426 3528 ruit‘quid
2451 3458 2686 3514 erimus.-
2713 3455 2934 3514 Scimus
2960 3455 3228 3527 quoniam.
3251 3468 3380 3510 cu.
3412 3449 3746 3524 apparuerit,

2163 3549 2370 3604 similes
2413 3549 2470 3604 ei
2511 3549 2716 3604 erimus
2739 3587 2753 3612 ,
2787 3547 3046 3618 quoniam
3093 3545 3396 3604 videbit-ns
3417 3559 3544 3600 eum
3587 3541 3752 3600 sicuti

2161 3651 2248 3698 est
2283 3639 2470 3712 (Joau.
2513 3639 2616 3713 ιιι).
2655 3661 2680 3694 ι
2706 3641 2774 3696 Et
2813 3641 2917 3696 hoc
2945 3636 3398 3710 quoqne‘Paulus
3415 3637 3540 3692 etiis
3583 3633 3754 3706 expli-

2162 3741 2256 3792 cat
2281 3731 2492 3788 verbis:
2537 3750 2557 3783 ι
2608 3729 2745 3788 Οιιιιιι
2796 3731 3078 3796 Christus,
3121 3729 3392 3800 inquiens,
3439 3727 3756 3801 apparuerit

2162 3822 2278 3878 vita
2303 3833 2508 3890 vestra,
2547 3832 2674 3878 tune
2701 3831 2762 3881 et
2779 3837 2880 3879 vos
2901 3820 3232 3892 apparebitis
3265 3835 3396 3876 cum
3413 3821 3534 3890 ipso
3561 3820 3616 3874 in
3643 3818 3750 3890 glo-

2164 3913 2267 3984 ria.
2303 3912 2544 3978 Similes,
2591 3913 2790 3984 inquit,
2835 3913 2887 3969 ei
2933 3909 3210 3983 erimusﬂ
3241 3907 3367 3965 Cor.
3412 3907 3540 3980 ut):
3578 3928 3598 3961 ι
3629 3909 3754 3980 quia

2167 4021 2297 4062 sum.
2319 4005 2684 4062 immutabiles
2727 4013 2785 4062 et
2810 4014 3028 4062 aeternae
3075 4003 3384 4060 divinitatis
3423 4001 3757 4072 contempla-

2165 4096 2319 4152 tione
2353 4096 2716 4166 perfruentur,
2765 4110 2870 4152 nos
2913 4108 3130 4166 quoque
3159 4090 3501 4148 immortales
3529 4090 3756 4155 erimus,

469 4201 596 4242 nam
644 4189 696 4242 in
736 4188 914 4244 medio
954 4189 1143 4257 vestri,
1179 4197 1236 4244 et
1277 4187 1520 4246 auferam
1555 4205 1651 4246 cor
1706 4189 1978 4261 lapideum
1997 4191 2068 4249 de
2167 4198 2224 4252 et
2275 4188 2481 4245 similes
2531 4189 2748 4259 quidem
2797 4188 3002 4246 erimus
3033 4223 3052 4255 ,
3092 4187 3223 4258 quia
3254 4185 3440 4242 beati:
3487 4193 3544 4241 et
3577 4191 3757 4240 umeri

471 4294 638 4336 carne
667 4291 867 4348 vestra,
915 4291 970 4338 et
1022 4282 1162 4339 dabo
1205 4280 1360 4339 vobis
1387 4300 1481 4338 cor
1522 4299 1802 4351 carneum,
1848 4293 1904 4340 et
1952 4284 2063 4355 spi-
2168 4281 2416 4340 Creatori
2453 4282 2662 4338 similes
2685 4297 2793 4338 non
2825 4281 3066 4347 erimus,
3093 4280 3224 4352 quia
3249 4285 3503 4335 creatura
3546 4289 3756 4334 minus.

471 4372 639 4428 ritum
675 4388 854 4428 meum
907 4389 1104 4446 ponam
1136 4375 1189 4430 in
1218 4375 1394 4432 medio
1420 4377 1610 4443 vestri,
1647 4398 1666 4430 ι
1701 4386 1808 4434 etc.
1842 4379 2060 4451 (Ezech.
2170 4376 2304 4444 Quis
2326 4376 2472 4432 enim
2501 4374 2702 4432 similis
2730 4373 2838 4430 erit
2881 4373 2995 4430 Deo
3021 4373 3168 4428 inter
3200 4371 3347 4426 filios
3379 4369 3530 4452 Dei?
3573 4367 3761 4436 (ἔθεθ’

474 4463 684 4554 xxxw).
712 4463 1184 4567 Fonsiderandum
1211 4467 1355 4538 quod
1383 4482 1479 4524 cor
1509 4483 1730 4536 novum,
1758 4477 1814 4526 et
1841 4471 2068 4542 spiritus
2091 4505 2146 4567 ι)
2173 4486 2338 4544 quam
2394 4469 2570 4542 possit
2595 4470 2700 4526 hoe
2746 4469 2913 4524 etiam
2939 4468 3020 4524 de:
3053 4465 3465 4522 immortalitate
3514 4461 3764 4567 corporis

473 4550 648 4612 novus
693 4557 852 4636 detur
889 4573 991 4630 per
1033 4557 1376 4625 effusionem,
1407 4567 1461 4616 et
1485 4560 1858 4632 aspersionem
1885 4577 2062 4632 aqum.

473 4648 700 4718 Quando
729 4658 910 4708 autem
951 4667 1050 4708 cor
1078 4669 1278 4708 novum
1302 4652 1489 4708 datum
1513 4651 1700 4722 fuerit,
1739 4662 1794 4709 et
1843 4654 2065 4725 spiritus

471 4759 668 4811 novus,
697 4751 828 4801 tunc
850 4743 1130 4801 auferetur
1159 4743 1226 4801 de
1251 4745 1418 4801 corde
1451 4742 1681 4802 Iudaico
1707 4746 1886 4803 omnis
1923 4745 2068 4802 duri-

472 4833 573 4903 tia,
619 4853 739 4907 qua:
779 4835 942 4908 lapidi
999 4845 1364 4908 comparatur,
1411 4846 1467 4892 et
1496 4853 1594 4908 pro
1640 4837 1852 4908 lapideo
1901 4839 2066 4894 corde

379 4915 384 4923 ’
474 4925 539 4982 fit
575 4942 669 4982 cor
719 4943 977 4984 carneum
1022 4927 1182 4984 molle
1211 4937 1267 4985 et
1303 4937 1590 4986 tenerum:
1626 4931 1771 5000 quod
1811 4930 2070 5001 spiritum

475 5015 574 5072 Dei
607 5017 659 5071 in
690 5035 748 5074 se
791 5019 963 5092 possit
992 5022 1256 5092 recipere,
1287 5029 1344 5077 et
1388 5022 1607 5078 inscribi
1639 5021 1837 5079 litteris
1863 5022 2069 5078 saluta-

2174 4563 2378 4620 dictum
2399 4562 2591 4618 videri.
2618 4561 2684 4616 Et
2707 4561 2764 4616 in
2791 4561 2895 4618 hac
2918 4559 3120 4632 quippe
3145 4556 3352 4613 similes
3381 4553 3590 4611 erimus
3609 4551 3723 4607 Deo
3742 4561 3780 4604 :'

2172 4654 2276 4712 sed
2315 4653 2689 4710 tantummodo
2716 4651 2848 4718 tilio,
2875 4651 2976 4723 qui
3008 4649 3159 4708 solus
3185 4649 3243 4704 in
3273 4646 3520 4704 trinitate
3564 4658 3764 4713 corpus

2173 4747 2384 4818 accepit
2415 4747 2468 4802 in
2514 4761 2624 4818 quo
2671 4761 2704 4800 a
2747 4745 2986 4802 mortuis
3012 4741 3332 4808 resurrexit,
3384 4749 3549 4810 atque
3594 4737 3650 4792 id
3693 4735 3764 4790 ad

2175 4859 2418 4914 superna.
2468 4843 2736 4914 provexit.
2798 4840 2932 4896 Esse
2983 4838 3131 4896 enim
3183 4846 3270 4892 est
3325 4834 3448 4901 Dei,
3499 4841 3766 4890 retentum

2175 4939 2324 4996 hunc
2354 4943 2518 5005 atque
2566 4931 3066 4990 incommutabilem
3095 4940 3437 5000 permanat.
3493 4923 3648 4980 Unde
3693 4923 3766 4978 ad

2175 5009 2396 5100 llloysen
2436 5025 2602 5082 dicit:
2638 5043 2658 5077 ι
2693 5025 2810 5095 Ego
2853 5038 2982 5079 sum
3012 5021 3104 5093 qui
3155 5033 3310 5086 sum,
3361 5026 3420 5074 et
3445 5017 3599 5073 dices
3639 5014 3770 5070 ﬁliis

473 5109 646 5165 ribus.
681 5109 830 5167 lianc
879 5113 1110 5186 gratiam
1140 5115 1378 5187 Spiritus
1407 5115 1582 5184 sancti
1625 5131 1790 5186 quam
1835 5115 2071 5172 infundit
2175 5119 2376 5177 Israel:
2405 5117 2507 5186 Qui
2531 5124 2632 5182 est,
2671 5115 2819 5172 misit
2855 5129 2946 5171 me
2972 5113 3046 5168 ad
3068 5127 3186 5168 vos.
3225 5131 3249 5165 ι·
3295 5107 3610 5166 Videbimus
3635 5121 3769 5176 ergo

475 5197 624 5255 Deus
667 5203 721 5256 in
769 5205 1023 5262 cordibus
1083 5207 1460 5274 credentium,
1499 5203 1739 5264 Joannes
1787 5207 2070 5278 apostolus
2178 5227 2302 5268 eum
2353 5210 2494 5266 sicut
2527 5216 2634 5274 est,
2674 5206 2895 5277 quando
2926 5205 3070 5260 hunc
3122 5202 3178 5258 in
3225 5201 3343 5272 ipsa
3381 5199 3604 5256 deitatis
3654 5213 3770 5252 sua:

479 5293 534 5349 in
573 5292 809 5362 Epistola
861 5309 957 5353 sua
1005 5301 1316 5358 unctionem
1365 5300 1630 5368 nominat,
1663 5301 1892 5358 dicens:
1949 5320 1970 5354 ι
2003 5303 2077 5358 Ει
2179 5301 2484 5359 substantia
2505 5290 3010 5369 contemplabimur.
3047 5293 3208 5363 Quod
3254 5294 3320 5349 in.
3355 5293 3460 5348 Inc
3486 5291 3600 5347 vita
3636 5288 3770 5344 mili

483 5399 579 5440 vos
627 5387 934 5444 unctionem
993 5406 1158 5462 quam
1212 5393 1500 5465 accepistis
1551 5394 1619 5450 ab
1665 5407 1732 5450 eo
1781 5401 1963 5450 manet
2015 5395 2070 5450 in
2177 5408 2403 5465 prorsus
2430 5390 2728 5446 electorum
2759 5386 3094 5452 conceditur,
3127 5399 3252 5442 cum
3277 5383 3446 5440 etiam
3475 5383 3591 5454 ipse
3613 5379 3774 5451 legis-

478 5477 667 5545 vais;
719 5488 776 5536 et
819 5498 928 5538 non
967 5499 1189 5542 necesse
1234 5488 1447 5544 habetis
1472 5527 1490 5554 ,
1534 5496 1596 5544 ut
1642 5487 1838 5560 aliquis
1881 5490 2074 5546 doceat
2179 5485 2319 5540 lator
2359 5483 2646 5539 Dominum
2702 5494 2866 5550 quem
2890 5479 2946 5534 in
2996 5475 3240 5549 angelica
3289 5474 3477 5547 specie
3521 5481 3772 5529 contem-

478 5582 620 5672 ΥΞ)εὲ
683 5571 776 5629 sed
824 5574 968 5631 sicut
1013 5579 1200 5636 unctio
1229 5578 1347 5649 ejus
1377 5581 1538 5638 docet
1585 5597 1682 5638 vos
1723 5583 1790 5638 de
1817 5582 2048 5638 omnibu:

2177 5577 2316 5648 plari
2368 5574 2618 5639 solebat,
2665 5573 2958 5628 obsecrans
2983 5609 3000 5636 ,
3053 5569 3345 5638 dicensque
3381 5584 3396 5621 :
3445 5583 3464 5616 ι
3517 5563 3776 5672 Domine,

481 5660 538 5738 (1
566 5659 728 5720 Joan.
757 5665 841 5740 ιι).
871 5687 890 5721 ι
927 5665 1120 5726 Merito
1145 5671 1294 5727 addit
1331 5671 1398 5728 de
1441 5673 1684 5729 omnibus
1708 5675 1981 5745 quomodo
2015 5654 2092 5730 in.
2179 5668 2406 5730 ostende
2455 5666 2588 5722 mihi
2635 5663 2980 5734 temetipsum
3022 5660 3220 5734 (Exod.
3265 5657 3388 5731 ut),
3445 5665 3508 5711 ut
3557 5654 3776 5710 videam

481 5751 776 5832 Evangelio
803 5759 1062 5820 Dominus
1089 5762 1157 5822 de
1197 5763 1388 5822 eodem
1417 5761 1624 5838 Spiritu
1649 5765 1875 5840 loquens
1904 5767 2072 5824 disci-
2181 5773 2260 5834 te,
2311 5783 2331 5818 ι
2366 5762 2436 5820 ab
2470 5759 2660 5820 eodem
2707 5756 2936 5816 Domino
2989 5755 3221 5814 audierit
3263 5770 3277 5810 :
3330 5768 3352 5806 ι
3399 5749 3574 5808 Nemo
3618 5745 3775 5826 vide;
