4044 6326
314 326 459 383 ἀοιδ-

1220 320 1577 380 ωοειτιθ
1614 319 1842 377 SUPER
1876 316 2239 375 JERIMIAM.
2277 346 2349 359 -—
2386 318 2514 374 LIB.
2559 317 2667 380 ιω.

3445 315 3584 371 ἂῦὧῧ

312 441 396 498 bit
441 438 636 496 faciem
668 452 848 495 meam
875 442 935 492 et
978 435 1124 491 vivet
1149 433 1367 507 ωερε).
1401 452 1419 484 ι
1455 431 1553 487 Cui
1583 441 1763 487 tamen
1794 446 1892 500 pro
1922 436 1974 497 Α
2004 449 2021 479 ι
2051 427 2134 482 Tu
2175 437 2357 485 autem
2406 429 2555 484 idem
2591 429 2707 497 ipse
2729 392 2815 492 es,
2840 436 2895 482 et
2925 406 3053 483 anni
3089 428 3165 485 tui
3192 436 3301 484 non
3330 427 3587 485 deﬁcient

312 532 509 595 merito
546 546 757 602 magnae
800 528 1123 594 sanctitatis,
1177 527 1295 589 ait:
1341 545 1361 578 ι
1392 524 1684 582 Ostendam
1733 540 1896 579 omne

312 624 513 683 bonum
567 622 694 689 tibi;
735 622 925 677 thiac-
963 630 1022 676 et
1050 618 1257 675 Paulus
1303 619 1382 674 ait
1411 636 1425 672 :
1452 634 1498 669 ·‹
1549 615 1705 672 Nunc
1748 614 1899 671 vide-

313 730 435 771 mus
459 728 556 785 per
575 711 881 784 moenium,
898 720 953 766 et
977 710 1032 766 in
1052 710 1369 781 aenigmate:
1397 718 1531 764 tunc
1551 716 1730 763 autem
1759 705 1898 761 facie

316 806 385 862 ad
422 804 613 863 faciem
661 804 711 877 (1
741 803 864 859 Cor.
915 804 1061 875 xm).
1091 823 1113 855 i
1176 801 1330 858 Unde
1381 802 1531 871 quod
1578 814 1901 869 responsum

317 904 405 952 est
435 896 631 968 Moysi,
656 910 844 952 verum
873 903 979 959 est,
1009 893 1152 963 quod
1176 908 1336 949 nemo
1364 900 1545 962 potest
1580 890 1779 946 faciem
1803 890 1901 945 Dei

316 989 501 1047 videre
523 997 578 1044 et
600 987 881 1054 vivere,“
900 995 1004 1061 est,
1026 1000 1184 1041 nemo
1206 994 1390 1058 potest
1414 1000 1545 1042 eum
1571 985 1627 1039 in
1658 985 1762 1040 hac
1788 983 1898 1037 vita

316 1080 503 1136 vivens
532 1080 714 1137 videre
736 1077 899 1135 sicuti
932 1085 1061 1135 est:
1108 1092 1233 1132 nam
1281 1077 1435 1132 multi
1480 1076 1757 1141 viderunt,
1802 1073 1902 1130 sed

317 1171 463 1242 quod
489 1170 737 1227 voluntas
770 1170 866 1226 Dei
892 1169 1071 1241 elegit,
1105 1184 1211 1225 non
1238 1170 1383 1239 quod
1410 1176 1601 1223 natura
1626 1166 1897 1222 formavit.

317 1263 384 1319 Et
435 1262 564 1318 illud
607 1263 754 1332 quod
802 1259 1038 1318 Joannes
1069 1261 1176 1317 ait:
1222 1279 1241 1312 ι
1286 1260 1555 1328 Quoniam
1597 1258 1905 1314 videbimus

318 1369 443 1413 eum
473 1353 635 1409 sicuti
657 1359 761 1420 est,
796 1372 818 1406 ι
849 1367 959 1409 non
1006 1353 1148 1409 sicut
1173 1367 1298 1407 eum
1332 1352 1583 1407 homines
1607 1349 1919 1406 viderunt:.

317 1448 571 1519 quoniam
591 1447 839 1519 apparuit
861 1448 921 1502 in
939 1447 1118 1518 specie
1137 1462 1244 1517 qua
1264 1446 1459 1510 voluit,
1482 1461 1591 1501 non
1614 1445 1667 1500 in
1685 1451 1917 1509 natura,

317 1555 479 1609 quam
520 1538 581 1593 in
615 1539 907 1608 semetipso
930 1526 1097 1594 etiam
1118 1552 1247 1597 cum
1285 1537 1560 1593 videretur
1590 1535 1781 1592 latuit:
1809 1535 1909 1591 sed

318 1631 459 1687 sicut
506 1638 612 1697 est,
657 1631 803 1702 quod
836 1630 907 1689 ab
934 1644 1007 1686 eo
1045 1646 1077 1686 a
1105 1629 1279 1701 Moysi
1323 1630 1642 1701 petebatur,
1680 1626 1901 1685 eumsi

316 1724 587 1780 diceretur
629 1739 647 1779 :
706 1742 727 1775 ι
784 1722 1023 1781 Ostende
1079 1723 1211 1779 mihi
1274 1723 1620 1794 temetipsum
1647 1763 1662 1788 ,
1730 1741 1753 1774 »π
1810 1718 1906 1791 qui

2003 516 2178 592 (Psal.
2201 519 2313 591 et);
2349 518 2618 589 quomodo
2662 524 2846 574 semen
2892 517 3057 575 Israel
3086 527 3261 590 potest
3313 534 3431 576 esse
3460 533 3583 589 per-

2000 608 2265 679 petuum?
2315 607 2423 663 Aut
2447 609 2594 664 enim
2636 606 2989 679 pereuntibus
3017 610 3168 665 caelis
3189 610 3388 679 peribit
3414 616 3472 663 et
3499 624 3586 665 se—

2000 714 2126 756 men
2151 698 2338 756 Israel.
2390 699 2498 755 Ant
2532 699 2579 755 si
2609 698 2771 756 fuerit
2797 710 3141 772 perpetuum,
3168 715 3299 773 ergo
3322 713 3423 756 nec
3459 698 3580 756 caeli

2001 794 2271 861 peribunt.
2319 793 2469 860 Quod
2511 793 2555 847 si
2588 791 2868 863 Scriptura
2910 793 3128 849 mentiri
3168 808 3274 848 non
3300 800 3497 864 potest,
3531 802 3588 846 et

2002 882 2231 954 perituri
2271 891 2399 939 sunt
2437 884 2588 949 coeli,
2630 884 2833 953 peribit
2878 885 3040 954 igitur
3075 893 3130 939 et
3170 899 3350 940 semen
3394 884 3581 950 Israel,

2002 974 2241 1034 maxime
2264 990 2387 1030 cum
2417 982 2473 1029 et
2491 974 2661 1031 Iacob
2681 975 2931 1045 loquatur
2956 977 3026 1032 ad
3050 976 3189 1032 ﬁlios
3214 993 3227 1029 :
3258 995 3277 1027 ι
3312 975 3500 1032 Venite
3528 983 3585 1030 et

2005 1067 2336 1123 annuntiabo
2377 1068 2532 1124 vobis
2579 1068 2711 1139 quid
2761 1067 3002 1123 futurum
3054 1070 3127 1126 sit
3174 1070 3233 1124 in
3278 1068 3587 1125 novissimis

2006 1160 2196 1217 diebus
2221 1158 2372 1233 (Gen.
2398 1160 2571 1234 xcrx).
2600 1182 2618 1214 ι
2652 1161 2877 1231 Quando
2906 1170 3088 1218 autem
3111 1163 3330 1230 dicitur,
3368 1182 3387 1215 ‹
3410 1164 3464 1219 in
3489 1180 3586 1218 no-

2002 1251 2242 1311 vissimis
2265 1253 2477 1319 diebus,
2517 1273 2534 1304 ι
2575 1268 2704 1325 ergo
2728 1254 2957 1310 mundus
2979 1269 3098 1311 esse
3121 1242 3458 1323 cessabig'et
3480 1256 3583 1311 alia

2005 1344 2100 1401 fiet
2129 1362 2308 1402 rerum
2334 1347 2683 1418 dispensatio.
2743 1347 2859 1403 Hoc
2892 1349 3176 1404 adversum
3211 1349 3350 1405 illos.
3415 1349 3587 1406 Caete-

2004 1455 2128 1497 rum
2175 1439 2378 1495 nostris
2425 1440 2686 1503 mundum
2734 1440 2897 1504 istum
2931 1456 3043 1497 non
3079 1456 3202 1498 esse
3245 1448 3585 1512 perpetuum,

2004 1531 2170 1588 etiam
2193 1530 2545 1601 Evangelium
2584 1532 2941 1601 demonstrat,
2974 1533 3197 1589 dieeus:
3244 1552 3267 1585 ι
3297 1532 3505 1591 (Erulum
3532 1541 3590 1590 et

2007 1630 2154 1682 terra
2183 1622 2588 1693 pertransibunt
2618 1622 2832 1696 (Matth.
2876 1624 3048 1697 xxxv).
3072 1645 3090 1677 ι
3129 1625 3198 1681 Et
3227 1644 3241 1681 :
3269 1644 3291 1678 ι
3319 1626 3459 1682 Ecce
3488 1641 3588 1698 ego

2007 1713 2285 1770 vobiscum
2333 1729 2455 1770 sum
2496 1715 2747 1771 omnibus
2803 1716 2991 1772 diebus
3036 1732 3207 1787 usque
3242 1717 3307 1772 ad
3339 1732 3590 1773 consum-

318 1832 447 1872 (tum
471 1816 560 1872 illo
598 1815 739 1873 facie
774 1818 843 1873 ad
880 1816 1075 1873 faciem
1102 1816 1425 1886 loquebatur
1461 1833 1474 1869 :
1507 1830 1632 1871 mm
1662 1815 1757 1870 Dei
1786 1814 1902 1884 pte-
1934 1802 1982 1862 Β
2006 1806 2303 1863 nationem
2350 1805 2535 1863 saeculi
2575 1805 2790 1877 (Matth.
2826 1807 3041 1879 xxviii).
3082 1827 3100 1860 ι
3135 1808 3388 1864 Dicamus
3416 1814 3473 1865 et
3499 1806 3593 1863 ali-

315 1906 616 1962 nitudinem
667 1898 957 1979 quisquam
1015 1921 1123 1962 non
1185 1905 1358 1962 solum
1422 1905 1593 1962 oculis
1641 1905 1911 1976 corporis,

315 1998 410 2054 sed
497 2014 601 2058 nee
674 1999 791 2070 ipsa
860 2006 1043 2055 mente
1112 1998 1403 2068 aliquando
1473 1998 1906 2067 comprehendit.

314 2087 477 2144 Aliud
519 2096 607 2144 est
663 2090 813 2145 enim
858 2089 1084 2155 videre,
1133 2089 1280 2145 aliud
1330 2099 1416 2145 est
1446 2096 1620 2145 totum
1669 2090 1917 2147 videndo-

314 2181 790 2251 comprehendere.
817 2180 1083 2249 Quoniam
1106 2183 1323 2252 quidem
1349 2183 1403 2238 id
1431 2182 1643 2239 videtur
1670 2197 1911 2253 praesens

314 2282 379 2329 ut
399 2275 757 2346 quodcunque
795 2275 1071 2331 sentitur:
1122 2284 1296 2331 totum
1327 2283 1510 2331 autem
1539 2278 1910 2346 comprehen-

315 2366 459 2424 ditur
500 2368 761 2434 videndo,
783 2369 927 2439 quod
954 2368 1028 2423 ita
1062 2368 1312 2433 videtur,
1334 2377 1396 2423 ut
1424 2369 1560 2423 nihil
1586 2368 1701 2438 eius
1725 2369 1913 2425 viden-

314 2467 424 2514 tem
445 2459 635 2525 lateat,
661 2467 766 2515 aut'
780 2459 943 2530 cujus
964 2458 1099 2515 lines
1116 2459 1460 2529 cireumspiei
1491 2467 1737 2528 possunt.
1762 2458 1920 2516 Sicut

316 2558 373 2606 te
393 2551 526 2607 nihil
548 2551 684 2608 latet
704 2550 987 2620 praesentis
1009 2550 1299 2607 voluntatis
1324 2558 1429 2605 tuae
1454 2568 1471 2604 :
1493 2549 1917 2622 circumspicere

317 2649 499 2697 autem
541 2648 698 2712 potes
735 2639 874 2696 fines
916 2640 1101 2699 annuli
1128 2640 1208 2695 tui
1233 2658 1251 2694 :
1294 2640 1531 2711 exemi
1573 2640 1783 2712 gratia,
1807 2640 1919 2695 duo

317 2733 493 2803 posui,
528 2746 762 2803 quorum
789 2731 1027 2787 alterum
1051 2732 1118 2788 ad
1153 2732 1357 2789 mentis
1379 2732 1649 2800 obtutum,
1684 2732 1919 2790 alterum

322 2822 393 2879 ad
419 2822 733 2893 corporales
752 2821 939 2879 oculos
964 2823 1221 2892 pertinet.
1252 2821 1414 2880 Visus
1436 2824 1581 2882 enim
1606 2824 1675 2880 ad
1700 2833 1917 2881 utrum-

319 2912 756 2984 querel‘erendus
773 2922 878 2980 est,
912 2912 1085 2980 idest,
1103 2920 1159 2968 et
1179 2913 1252 2969 ad
1270 2914 1476 2982 oculos,
1494 2924 1550 2971 et
1564 2916 1635 2972 ad
1655 2924 1919 2972 mentem.

320 3004 483 3073 Quod.
522 3011 704 3061 autem
734 3003 884 3070 dicit,
939 3021 958 3054 σ
1009 3005 1141 3074 quia
1164 3006 1497 3076 propitiabor
1536 3007 1917 3079 iniquitatibus

322 3108 535 3161 eorum,
565 3107 619 3153 et
644 3098 853 3168 peccati
883 3097 1070 3157 eorum
1098 3114 1215 3156 non
1238 3102 1584 3160 memorabor
1609 3104 1863 3176 amplius,
1890 3125 1910 3158 ι

2009 1897 2400 1966 ter:Quan‘diu
2446 1897 2680 1954 mundus
2731 1900 2831 1955 iste
2870 1899 3035 1955 fuerit
3079 1916 3263 1957 semen
3305 1901 3492 1968 Israel,
3537 1910 3593 1958 et

2008 1997 2223 2060 gentem
2272 1987 2554 2046 Iudaicam
2600 2005 3010 2060 permansuram
3041 2033 3055 2057 ,
3116 2008 3224 2048 non
3269 1993 3326 2048 in
3370 1994 3455 2048 bis
3500 1994 3592 2065 qui

2006 2094 2154 2136 nunc
2178 2080 2442 2137 increduli
2470 2092 2618 2148 sunt,
2645 2082 2740 2138 sed
2760 2083 2813 2137 in
2844 2084 2928 2140 liis
2956 2085 3047 2140 oui
3075 2101 3197 2143 cum
3225 2085 3519 2158 Apostolis,
3539 2095 3596 2142 et

2008 2185 2105 2240 per
2135 2172 2404 2242 apostolos
2444 2174 2813 2240 crediderunt,
2846 2184 2906 2230 ut
2930 2179 3168 2248 reliquiae
3192 2179 3353 2234 salvas
3377 2179 3593 2236 ﬁerent.

2087 2282 2104 2315 ι
2152 2262 2279 2319 Ilmc
2324 2264 2455 2320 dicit
2497 2266 2755 2322 Dominus
2793 2283 2805 2319 :
2858 2268 2915 2322 Si
2966 2271 3271 2326 mensurari
3319 2271 3594 2340 potuerint

2017 2374 2039 2432 ς
2082 2356 2203 2411 οωιὶ
2251 2373 2507 2424 sursum,
2562 2367 2617 2415 et
2665 2359 2977 2431 investigari
3037 2360 3387 2418 fundamenta
3436 2371 3596 2418 terra:

2018 2466 2038 2509 ς
2083 2449 2335 2503 deorsum
2383 2466 2397 2503 :
2451 2456 2509 2506 et
2559 2464 2659 2521 ego
2716 2450 2963 2520 abjiciam
3028 2453 3343 2508 universum
3407 2468 3595 2509 semen

2019 2558 2043 2592 ι
2081 2539 2273 2607 Israel,
2307 2551 2527 2612 propter
2565 2543 2745 2597 omnia
2770 2559 2889 2613 qua:
2936 2544 3203 2612 fecerunt,
3241 2545 3374 2602 dicit
3408 2544 3597 2601 Domi-

2019 2650 2040 2685 ι
2085 2648 2208 2688 nus.
2244 2653 2262 2685 ι
2299 2632 2480 2689 LXX:
2529 2654 2549 2688 ι
2578 2634 2703 2691 Haec
2745 2636 2877 2692 dicit
2901 2636 3199 2695 Dominus:
3244 2637 3302 2694 Si
3329 2639 3596 2696 elevatutn

2019 2745 2043 2779 ο
2082 2725 2247 2782 fuerit
2261 2726 2456 2783 caelum
2479 2727 2783 2796 sublimius,
2803 2739 2861 2784 et
2886 2730 2935 2786 si
2958 2731 3601 2802 humiliatumpavimeu—

2023 2836 2043 2873 ς
2090 2827 2205 2874 tum
2226 2828 2384 2875 terrae
2407 2820 2681 2887 deorsum,
2721 2831 2779 2878 et
2810 2837 2913 2895 ego
2947 2838 3059 2879 non
3098 2825 3399 2894 reprobabo
3425 2839 3603 2896 genus

2022 2931 2043 2966 ι
2083 2912 2269 2979 Israel,
2296 2915 2431 2970 dicit
2448 2914 2853 2987 Dominus,.pro
2874 2918 3127 2974 omnibus
3149 2934 3269 2989 qua
3288 2917 3555 2975 fecerunt.
3576 2937 3597 2971 ι

2016 3002 2240 3059 Multum
2286 3006 2341 3061 in
2387 3007 2490 3062 hoc
2529 3007 2657 3064 loco
2677 3008 2843 3064 distat
2885 3008 3208 3065 Hebraicum
3252 3011 3332 3066 ab
3363 3010 3605 3067 editione
3644 3036 3651 3045 ο

2018 3095 2256 3167 vulgata.
2310 3097 2565 3155 Dicamus
2597 3099 2831 3170 primum
2874 3101 3031 3171 juxta
3061 3100 3428 3158 Hebraicum:
3477 3120 3496 3154 σ
3541 3101 3601 3157 Si

322 3156 562 3245 ostemit
586 3156 884 3259 perfectam
934 3191 1270 3248 curationem
1324 3202 1660 3261 sanauit-um,
1698 3156 1919 3266 quando
1943 3156 1989 3219 δ
2021 3156 2325 3244 mensurari
2369 3156 2643 3260 potuerint
2677 3191 2798 3247 caeli
2841 3156 3080 3259 sursum,
3102 3212 3123 3245 ι
3155 3202 3217 3248 et
3247 3209 3439 3249 eorum
3475 3193 3601 3253 alti-

325 3278 395 3339 ab
412 3280 561 3337 omni
582 3280 705 3337 labe
716 3291 1065 3353 peccatorum
1078 3286 1351 3353 mandati,
1371 3296 1431 3343 et
1444 3296 1621 3345 morte
1640 3289 1781 3359 ipsa,
1794 3303 1919 3360 quae

325 3386 487 3429 causa
534 3384 884 3443 peccatorum
919 3378 1117 3442 evenit,
1162 3397 1183 3430 α
1231 3376 1567 3449 Stipendium
1598 3380 1745 3436 enim
1790 3396 1916 3452 pee-

327 3462 431 3520 Cati
461 3478 611 3518 mors
632 3463 822 3535 (Rom.
860 3468 971 3539 γι),
1007 3488 1025 3522 ι
1059 3469 1273 3538 penitus
1297 3478 1599 3541 assumpta,
1631 3471 1914 3529 immorta-

328 3548 481 3611 litate
507 3553 837 3622 vestiuntur,
870 3566 927 3611 et
953 3557 1151 3628 gaudio
1192 3559 1546 3629 perfruuntur
1569 3568 1794 3618 aeterno.

406 3664 429 3696 ο
470 3643 597 3702 Haec
637 3646 769 3703 dicit
810 3647 1095 3717 Dominus,
1140 3653 1241 3722 qui
1282 3653 1375 3709 dat
1417 3655 1586 3710 solem
1634 3656 1691 3710 in
1716 3655 1925 3712 lumine

336 3754 358 3795 t
403 3738 531 3805 diei,
566 3740 814 3797 ordinem
860 3742 1003 3799 luam
1049 3752 1106 3803 et
1132 3744 1411 3802 stellarum
1459 3748 1521 3801 in
1561 3747 1763 3803 limine
1816 3763 1918 3804 no-

340 3849 363 3887 t
404 3832 530 3899 etis,
560 3832 652 3903 qui
679 3833 867 3893 turbat
885 3848 1041 3892 litare
1063 3845 1121 3894 et
1145 3845 1339 3893 sonant
1357 3837 1553 3894 ﬂuenta
1574 3838 1717 3910 eius,
1738 3841 1922 3896 Dorul-

340 3943 363 3979 t
406 3942 513 3982 nus
541 3927 883 3986 exercituum
916 3944 1119 3987 nomen
1162 3929 1236 3987 illi
1265 3947 1280 3987 :
1321 3932 1369 3987 si
1396 3933 1735 3990 ocemrerint
1770 3934 1921 4007 leges

339 4037 360 4074 ο
404 4020 526 4077 ista:
552 4020 681 4091 (sive
714 4028 921 4078 statuta
945 4022 1084 4094 hac)
1110 4037 1295 4080 coram
1331 4039 1443 4091 me,
1473 4023 1607 4081 dicit
1629 4024 1919 4083 Dominus:

340 4129 369 4169 te
406 4119 535 4168 tunc
552 4119 608 4167 et
626 4127 815 4169 semen
834 4113 1003 4170 Israel
1017 4113 1262 4181 deﬁciet,
1276 4122 1341 4170 ut
1358 4130 1469 4171 non
1489 4115 1560 4171 sit
1584 4130 1718 4187 gens
1739 4126 1923 4173 coram

340 4216 365 4255 ο
407 4216 494 4257 me
518 4203 728 4259 cunctis
748 4201 957 4259 diebus.
986 4202 1379 4276 rLHieron.)Et
1394 4205 1447 4261 in
1473 4205 1704 4262 Genesis
1718 4206 1922 4279 princi-

335 4293 429 4367 pio
452 4294 705 4365 legimus,
733 4294 903 4352 solem
940 4295 997 4352 in
1026 4288 1427 4367 coeloﬁpositum
1466 4297 1520 4353 in
1552 4297 1756 4355 lumine
1783 4298 1919 4355 diei:

2020 3278 2150 3336 tudo
2183 3268 2455 3352 cognosci,
2493 3302 2511 3335 ‹
2539 3281 2627 3338 vel
2649 3282 2963 3354 investigari
2992 3282 3349 3340 fundamenta.
3370 3274 3553 3351 terrae,
3574 3305 3596 3339 ι

2017 3377 2077 3427 et
2110 3380 2355 3427 extrema
2384 3388 2573 3428 eorum
2622 3374 2834 3431 ratione
2876 3377 3258 3447 comprehendi
3284 3395 3297 3431 :
3328 3397 3346 3430 ι
3378 3386 3436 3434 et
3477 3393 3600 3449 ego,

2019 3459 2217 3532 inquit,
2238 3461 2495 3534 abjiciam
2534 3464 2851 3527 universum
2893 3482 3081 3525 semen
3126 3469 3292 3525 Israel
3315 3511 3331 3537 ,
3382 3480 3605 3542 propter

2020 3552 2200 3617 omnia
2249 3568 2370 3624 qua:
2410 3554 2700 3624 fecerunt,
2754 3558 2884 3615 dicit
2927 3561 3209 3617 Dominus.
3250 3581 3270 3613 ι
3322 3561 3605 3630 Quomodo

2020 3643 2125 3701 hoc
2162 3644 2291 3700 illud
2337 3647 2668 3717 impossibile
2702 3659 2807 3717 est,
2840 3659 2900 3707 ut
2922 3652 3185 3710 calorum
3214 3656 3521 3723 summitas,
3549 3667 3606 3713 et

2022 3744 2182 3793 terrae
2216 3738 2565 3796 fundamenta
2602 3757 2890 3800 noscamus
2917 3762 2931 3797 :
2957 3746 3037 3802 sic
3060 3755 3115 3802 et
3141 3748 3249 3803 hoc
3272 3747 3607 3819 impossibile

2021 3831 2152 3897 erit,
2173 3841 2237 3887 ut
2264 3831 2512 3903 abjieiam
2537 3835 3065 3895 universum‘semen
3090 3838 3278 3896 Israel.
3302 3838 3399 3896 Sin
3424 3848 3607 3896 autem

2022 3918 2273 3989 abiecero
2304 3922 2615 3980 universum
2638 3940 2823 3983 semen
2850 3927 3016 3994 Israel
3053 3946 3070 3986 :
3112 3946 3244 4003 ergo
3272 3933 3610 3988 mensurabi-

2024 4016 2115 4069 tur
2141 4011 2402 4069 cmlorum
2449 4016 2755 4084 summitas,
2789 4026 3126 4076 et‘extrema
3170 4032 3463 4078 terrarum.
3507 4024 3607 4080 Hic

2025 4103 2367 4175 syllogismus
2391 4115 2448 4162 et
2474 4107 2529 4162 in
2540 4108 2836 4183 Evangelia
2862 4112 3087 4179 texitur,
3108 4114 3325 4184 tutando
3354 4116 3606 4191 impossi-

2023 4195 2134 4253 bile
2153 4198 2475 4270 impossibili
2491 4211 2856 4274 comparatur.
2873 4203 3112 4261 Facilius
3126 4205 3365 4265 camelus
3385 4208 3610 4265 intrabit

2024 4303 2124 4360 per
2151 4288 2396 4348 foramen
2443 4308 2593 4360 acus,
2631 4310 2791 4366 quam
2837 4297 2991 4355 dives
3036 4298 3090 4353 in
3133 4314 3300 4371 regna
3347 4301 3609 4358 calorum

336 4384 522 4466 Ima;
552 4402 769 4458 quoque
806 4396 862 4444 et
892 4387 1082 4444 stellas
1120 4389 1177 4444 in
1226 4390 1403 4445 uacus
1458 4389 1660 4447 lumine
1703 4407 1719 4447 ς
1764 4398 1820 4446 οι
1869 4390 1925 4447 in
2030 4381 2251 4454 (Matth.
2272 4384 2408 4458 xu).
2431 4383 2711 4453 Quomodo
2728 4389 2872 4444 enim
2902 4389 3230 4460 impossibile
3252 4392 3494 4449 Iierinon
3517 4408 3613 4465 po-

337 4480 586 4551 pulith
621 4498 640 4531 ι
667 4480 799 4536 Dies
819 4479 926 4535 diei
951 4481 1239 4536 annuntiat
1267 4482 1493 4536 verbum
1513 4522 1533 4548 ,
1555 4491 1611 4536 et
1638 4496 1745 4538 non
1779 4483 1927 4539 nocti
1952 4523 2005 4551 η
2031 4482 2159 4542 test,
2182 4475 2261 4531 sic
2277 4486 2382 4533 nec
2399 4478 2505 4534 hoc
2522 4478 2638 4547 ﬁeri
2661 4482 2883 4550 poterit.
2898 4481 3051 4550 Quod
3068 4485 3122 4547 si
3151 4485 3255 4540 hoc
3278 4484 3480 4541 factum
3504 4485 3616 4542 fue-

340 4568 547 4627 indicat
559 4568 839 4624 scientiam
856 4566 1029 4641 (Psal.
1044 4568 1223 4640 svnt),
1243 4588 1264 4623 ι
1283 4570 1429 4639 quod
1442 4569 1675 4649 invicem
1694 4572 1799 4627 sibi
1811 4570 1927 4633 dies
1949 4566 2003 4587 δ’
2030 4568 2125 4635 rit,
2145 4582 2274 4641 ergo
2292 4570 2386 4626 (let
2402 4570 2553 4639 illud,
2575 4573 2719 4643 quod
2739 4574 3068 4645 impossibile
3088 4579 3398 4647 putabatur.
3419 4578 3616 4634 Errant

340 4671 559 4727 nosque
589 4657 899 4715 succedant.
946 4656 1247 4725 Quomodo,
1276 4659 1481 4729 inquit,
1501 4674 1687 4715 rerum
1724 4670 1781 4716 et
1805 4677 1923 4717 ma-
2029 4672 2158 4730 ergo
2192 4660 2282 4729 qui
2314 4662 2458 4715 hunc
2498 4661 2677 4717 locum
2716 4663 2874 4719 aliter
2899 4666 3223 4733 edisserunt,
3257 4676 3523 4736 ponentes
3558 4676 3614 4722 et

342 4749 489 4807 xime
507 4748 811 4807 ctelestium
831 4757 1101 4807 astrorum
1128 4765 1235 4805 non
1262 4758 1442 4821 potest
1460 4750 1594 4807 ordo
1621 4753 1845 4817 mutari,
1872 4762 1928 4809 et
2029 4749 2161 4805 illud
2183 4751 2579 4819 testimonium,
2589 4753 2979 4824 quodpotuerit
2995 4765 3181 4826 petere
3191 4757 3404 4814 Patrem
3420 4758 3613 4826 Filius,

345 4838 592 4896 sonantis
613 4838 787 4905 maris
798 4837 995 4895 ﬂuctus
1006 4838 1295 4895 volvuntur
1316 4840 1612 4909 adlittora,
1635 4841 1927 4913 fragm-que
2030 4849 2089 4898 et
2131 4841 2412 4898 duodecim
2442 4842 2680 4915 legiones
2710 4846 3025 4917 angelorum
3055 4848 3324 4905 adducere
3356 4849 3412 4905 in
3455 4865 3613 4906 suum

346 4932 622 5005 gurgitum
648 4938 704 4987 et
730 4930 1001 4987 undarum-
1042 4931 1523 4989 itttumeseeutium
1547 4933 1809 4992 terribilis
1833 4950 1929 4996 att-
2035 4933 2297 4991 ainilium
2345 4934 2564 5009 (Matth.
2614 4938 2768 5011 xxv).
2836 4937 2975 4996 Huic
3025 4941 3210 4998 sensui
3264 4940 3615 5013 Septuaginta

347 5021 517 5078 ditur.
557 5020 671 5079 Nec
693 5030 872 5093 potest
892 5022 1032 5077 ultra
1055 5023 1371 5094 procedere,
1391 5040 1554 5101 quam
1573 5024 1667 5081 Dei
1682 5025 1928 5096 juSsioae
1960 5070 1963 5077 .
2034 5026 2371 5082 contrarium
2404 5028 2813 5094 transtulerunt,
2848 5030 3127 5091 dicentes:
3174 5051 3195 5086 σ
3224 5030 3283 5089 Si
3313 5033 3612 5091 exaltatum

349 5121 683 5187 praeceptum
713 5121 816 5178 est,
856 5110 1017 5183 juxta
1059 5112 1195 5169 illud
1229 5131 1247 5168 :
1290 5131 1310 5166 ς
1341 5114 1655 5172 Terminum
1700 5118 1930 5188 posuisti
2036 5115 2203 5173 fuerit
2227 5118 2424 5175 cmlum
2449 5119 2754 5188 sublimius,
2784 5130 2839 5178 et
2860 5122 3203 5180 humiliatum
3246 5126 3615 5197 pavimentum

352 5222 515 5282 quem
570 5222 676 5263 non
714 5206 1024 5263 transibunt
1069 5221 1247 5278 neque
1294 5218 1677 5266 convertentur
1719 5212 1932 5282 operire
2039 5214 2201 5267 terra:
2233 5208 2485 5264 deorsum
2525 5227 2539 5263 :
2569 5219 2625 5265 et
2646 5204 2780 5282 ego,
2822 5212 3022 5282 inquit,
3061 5228 3171 5271 non
3206 5216 3505 5287 reprobubo
3533 5233 3619 5274 se-

350 5303 557 5355 terram
589 5295 761 5369 (Psal.
788 5296 927 5370 cui).
958 5316 977 5349 ι
1038 5295 1153 5364 Sic,
1201 5297 1395 5369 inquit,
1445 5314 1628 5355 semen
1673 5308 1729 5355 et
1762 5316 1932 5374 genus
2039 5315 2164 5357 men
2206 5299 2393 5367 Israel,
2422 5300 2555 5356 dicit
2584 5301 2843 5357 Dominus
2870 5313 3095 5375 propter
3115 5306 3297 5362 omnia
3323 5322 3443 5377 qua:
3470 5306 3615 5365 fece-

351 5383 521 5446 Israel
543 5386 756 5458 Domini
800 5388 906 5443 erit
944 5387 1219 5444 voluntate
1246 5396 1587 5460 perpetuum,
1616 5405 1792 5462 neque
1838 5393 1935 5448 ali-
2043 5395 2189 5443 runt.
2228 5407 2247 5440 ι
2293 5388 2445 5457 Quod
2492 5390 2538 5446 si
2584 5390 2659 5445 ita
2698 5402 2807 5457 est,-
2846 5394 3221 5462 reprobabitur
3262 5412 3393 5469 gens
3430 5396 3615 5453 Israel.

355 5479 573 5551 quando
600 5478 830 5534 deﬁciet.
874 5478 1046 5551 Leges
1072 5488 1256 5536 autem
1283 5481 1374 5537 hic
1412 5496 1521 5537 non
1555 5481 1805 5538 Mosaicae
1849 5485 1936 5540 in-
2043 5479 2320 5545 Quomﬂdo
2355 5479 2499 5534 enim
2526 5479 2723 5535 cmlum
2760 5496 2868 5537 non
2900 5491 3078 5553 potest
3117 5486 3351 5556 eo-quod
3380 5494 3462 5542 est
3500 5500 3621 5542 esse

359 5569 665 5642 telligendm
689 5578 841 5635 sunt,
868 5571 965 5626 sed
991 5572 1307 5628 constitutio
1332 5581 1388 5627 et
1412 5574 1547 5629 ordo
1571 5583 1798 5632 natura.
1841 5577 1939 5633 In-
2043 5570 2347 5635 sublimius,
2386 5586 2486 5626 nec
2526 5580 2669 5627 terra
2695 5573 2955 5629 humilior
2989 5590 3113 5631 esse
3145 5591 3212 5632 eo
3238 5577 3383 5647 quod
3410 5583 3514 5642 est,
3539 5576 3620 5632 sic

361 5670 700 5733 teri-agemus
743 5660 956 5716 Iudaeos
1000 5680 1016 5717 :
1063 5662 1117 5718 Si
1167 5664 1293 5735 cteli
1337 5664 1613 5737 peribunt,
1656 5675 1707 5723 et
1752 5684 1940 5727 omnes
2045 5674 2102 5720 et
2142 5680 2313 5735 genus
2378 5662 2546 5720 Israel
2605 5680 2947 5738 nequaquam
3005 5670 3205 5739 poterit
3256 5667 3617 5739 comprobari.

360 5752 521 5821 quasi
556 5752 934 5809 vestimentum
956 5760 1317 5825 veterascent,
1346 5763 1403 5813 et
1425 5756 1495 5813 ad
1514 5758 1687 5824 Deum
1712 5760 1937 5821 dicitur:
2049 5757 2109 5818 Si
2127 5756 2644 5818 viderimusludzeos
2662 5756 2821 5831 juxta
2839 5757 3166 5819 Hebraieum
3190 5760 3293 5819 hoc
3313 5756 3624 5819 testimonio
