4044 6326
482 313 616 369 1047-

1119 309 1179 365 B.
1221 309 1472 365 RABANI
1509 307 1728 366 MAURI
1768 307 2088 366 ARCHIEP.
2118 307 2440 368 'MOGUNT.
2481 307 2768 366 OPERUM
2805 307 2986 364 PARS
3022 308 3108 364 Ill.

3607 310 3762 364 1048

476 423 694 496 gloriari
727 441 741 478 :
783 422 1145 480 assentiamur
1190 424 1269 479 eis
1318 424 1463 493 quod
1509 439 1617 479 non
1661 423 1734 478 sit
1776 421 2049 492 abjcctum
2079 426 2134 488 Α,
2153 438 2338 480 sumus
2373 419 2668 494 possidere,
2699 426 2792 481 sed
2815 425 2868 479 in
2897 423 3092 496 angulo
3121 429 3348 489 stamus,
3375 432 3431 480 et
3451 423 3644 480 fractis
3680 425 3758 479 li-

475 516 787 572 uuiversum
816 529 996 570 semen
1042 513 1226 569 Israel.
1258 513 1443 584 Neque
1470 516 1614 571 enim
1639 529 1829 570 omnes
1854 514 2052 585 abiecti

472 627 556 685 sur
579 619 619 674 t,
645 610 740 666 sed
767 609 821 665 hi
850 616 1058 664 tantum
1091 608 1183 678 qui
1211 607 1428 663 luerunt
1455 608 1734 664 increduli.

488 767 489 770 η
545 719 564 752 ι
587 702 727 758 Ecce
753 701 868 758 dies
890 700 1135 765 veniunt,
1161 700 1293 756 dicit
1313 699 1592 767 Dominus,
1615 707 1672 755 et
1698 698 2054 755 aedificabitur

472 813 492 846 ι
538 795 728 851 civitas
749 793 999 859 Domino,
1020 808 1052 847 a
1075 799 1222 848 turre
1240 789 1519 846 Ananehel
1557 805 1726 860 usque
1749 789 1815 844 ad
1839 796 2051 859 portam

470 904 503 940 τ
535 885 718 956 anguli
765 902 780 940 :
827 892 884 942 et
942 884 1113 942 exibit
1176 884 1318 938 ultra
1396 897 1588 938 norma
1666 881 1685 953 (
1728 882 1834 936 sive
1892 880 2052 950 juxta

470 997 491 1032 ‹
537 978 914 1050 Symmachum
960 975 1230 1032 funiculus
1267 975 1286 1048 )
1351 989 1614 1030 mensurae
1667 974 1812 1044 ejus,
1860 981 2051 1028 contra

469 1095 489 1129 ι
533 1090 653 1131 eam
685 1088 848 1143 super
876 1071 1067 1128 collem
1095 1069 1297 1136 Garcb,
1322 1079 1376 1124 et
1404 1068 1654 1125 circuibit
1681 1067 1893 1124 Goatha
1925 1064 2052 1137 (sive

469 1187 487 1218 ε
526 1165 684 1237 juxta
713 1163 1076 1235 Septuaginta,
1102 1164 1168 1218 de
1197 1161 1386 1216 electis
1404 1159 1713 1231 lapidibus).
1737 1157 1806 1213 Et
1830 1172 2050 1213 omnem

468 1279 486 1312 ‹
529 1259 723 1315 vallem
751 1259 1029 1314 ruinarum
1059 1257 1174 1329 (pro
1199 1256 1384 1328 quibus
1414 1255 1699 1310 Tlteodotio
1726 1255 1900 1334 ipsum
1933 1268 2051 1307 ver-

469 1373 486 1403 ‹
531 1352 651 1406 bum
667 1351 984 1407 Hebraicum
1004 1349 1178 1422 posuit
1199 1347 1397 1420 BHE)
1421 1355 1477 1402 et
1497 1347 1727 1410 cineres,
1753 1355 2048 1400 eLomnem

467 1461 485 1492 ς
532 1440 852 1497 Aseremoth
883 1439 1044 1513 (quod
1066 1439 1253 1494 melius
1298 1437 1517 1510 legimus
1536 1445 1794 1503 mm,
1820 1454 1913 1507 pro
1941 1452 2045 1507 quo

467 1554 484 1583 σ
531 1531 723 1604 Aquila
752 1531 1064 1588 suburbana
1103 1532 1475 1598 interpretatus
1508 1527 1604 1599 est)
1636 1542 1806 1597 usque
1836 1527 1904 1582 ad
1939 1534 2049 1582 tor—

466 1646 483 1678 ‹
531 1636 740 1682 rentem
767 1625 999 1691 Cedron,
1025 1634 1082 1680 et
1113 1639 1284 1694 usque
1310 1623 1377 1679 ad
1404 1623 1656 1695 angulum
1685 1630 1854 1692 portae
1882 1636 2047 1692 equo-

467 1739 486 1772 ι
533 1737 652 1776 rum
675 1720 977 1777 orientalis.
1010 1719 1273 1776 Sanctum
1302 1718 1544 1785 Domini,
1571 1733 1675 1773 non
1707 1717 1969 1774 evelletur
1992 1725 2046 1779 et

2155 519 2290 584 neis,
2327 518 2545 588 exitque
2569 518 2708 573 ultra
2731 518 3000 575 funiculus
3028 531 3295 573 mensura:
3313 527 3503 574 contra
3523 533 3671 583 eam,
3695 519 3759 575 id

2154 617 2260 673 est,
2281 617 2492 680 portam
2519 609 2722 681 anguli,
2749 623 2910 681 super
2928 609 3120 666 collem
3141 607 3342 676 Garcb,
3365 609 3539 679 quiin
3562 608 3762 680 lingua

2152 708 2339 756 nostra
2393 701 2644 768 vertitur,
2688 708 2782 756 aut
2826 701 3110 768 incolatus,
3153 708 3248 756 aut
3282 701 3503 767 scabies,
3544 709 3606 756 ut
3653 704 3762 756 uo—

2154 800 2314 847 ceant
2338 806 2436 847 nos
2457 792 2692 848 advenas
2716 806 2836 848 esse
2861 801 3022 861 atque
3049 792 3387 864 peregrinos,
3413 799 3467 847 et
3493 806 3602 848 non
3644 809 3751 848 au-

2155 885 2304 940 ribus
2332 886 2656 956 prurientes,
2687 896 2743 941 et
2771 886 2838 942 ad
2873 885 3171 940 novitatem
3219 885 3532 954 dogmatum
3568 886 3751 957 pessi-

2154 991 2385 1044 morum,
2416 976 2574 1032 facile
2615 991 2721 1031 non
2761 977 3006 1046 praebere
3046 991 3390 1033 consensum.
3447 974 3657 1049 (Greg.)
3687 977 3752 1034 In

2153 1065 2352 1137 angulo
2395 1074 2577 1122 autem
2622 1066 2817 1137 duplex
2856 1068 3036 1138 paries
3073 1066 3339 1139 jungitur,
3380 1067 3574 1124 civitas
3613 1083 3753 1140 ergo

2154 1157 2366 1212 Domini
2401 1173 2432 1212 a
2465 1166 2614 1212 turre
2637 1157 2917 1213 Ananehel
2967 1171 3140 1228 usque
3181 1159 3250 1214 ad
3297 1168 3513 1230 portam
3561 1159 3750 1230 anguli

2151 1246 2421 1302 aediﬁcare
2445 1247 2782 1316 perhibetur,
2810 1248 2936 1317 quia
2971 1255 3162 1305 sancta
3184 1248 3428 1304 Ecclesia
3458 1264 3490 1304 a
3518 1249 3750 1304 celsitu-

2151 1338 2280 1395 dine
2306 1355 2552 1410 supernae
2582 1340 2770 1410 gratiae
2802 1339 3085 1406 inchoans,
3117 1355 3287 1410 usque
3316 1341 3385 1396 ad
3435 1340 3750 1412 ingressum

2151 1433 2660 1503 susceptionemque
2671 1432 3006 1490 construitur
3022 1441 3376 1504 utrorumque
3393 1433 3747 1504 populorum,

2150 1521 2360 1582 Judaici
2394 1525 2641 1580 videlicet
2677 1532 2839 1595 atque
2867 1524 3104 1596 gentilis.
3157 1523 3263 1580 Sed
3292 1524 3420 1594 quia
3451 1524 3508 1579 in
3531 1539 3598 1580 ea
3625 1538 3754 1580 cre-

2152 1625 2337 1676 scente
2370 1615 2716 1672 multitudine
2754 1615 2917 1672 etiam
2969 1615 3186 1686 reprobi
3239 1615 3588 1687 colliguntur,
3620 1625 3753 1686 apte

2152 1710 2440 1767 subditur:
2473 1728 2493 1762 ‹
2526 1717 2582 1764 et
2607 1707 2778 1762 exivit
2805 1706 2947 1762 ultra
2985 1722 3175 1761 norma
3206 1720 3474 1762 mensurae
3505 1723 3520 1760 :
3558 1725 3578 1758 s
3614 1706 3754 1776 quia-

469 1832 486 1864 ι
534 1828 640 1868 non
687 1815 996 1868 destruetur
1049 1826 1221 1880 usque
1264 1810 1316 1864 in
1355 1819 1639 1864 aeternum.
1676 1829 1694 1860 ι
1747 1807 1849 1875 Qui
1898 1808 2045 1864 mille
2075 1789 2122 1848 Β
2152 1816 2321 1872 usque
2349 1801 2419 1856 ad
2443 1815 2540 1856 eos
2563 1814 2780 1871 Quoque
2817 1798 3150 1865 exlendilur,
3179 1797 3275 1868 qui
3306 1813 3555 1853 normam
3578 1796 3752 1865 justi-

461 1919 726 1958 annorum
760 1903 814 1958 in
841 1911 984 1958 terra
1027 1901 1211 1957 Iudaea
1242 1917 1467 1972 regnum
1509 1899 1712 1956 Christi
1758 1899 2041 1970 recipiunt,

461 1994 627 2050 Judzri
681 1995 971 2064 videlicet,
1027 2004 1082 2051 et
1135 1995 1307 2050 nostri
1364 1993 1712 2049 Judaizantes
1781 1999 2046 2048 conantur

461 2088 746 2142 ostendere
789 2095 992 2144 turrem
1037 2086 1359 2152 Ananehel,
1403 2094 1458 2142 et
1495 2094 1707 2157 portam
1757 2085 1958 2154 anguli,
1991 2091 2046 2139 et

459 2179 650 2234 collem
701 2179 878 2235 Garcb
917 2187 972 2235 et
1020 2178 1251 2245 Goatha,
1285 2186 1341 2233 et
1387 2177 1580 2234 vallem
1622 2177 1944 2248 Phagarim,
1990 2181 2046 2230 et

459 2287 674 2326 onmem
705 2271 1055 2338 Asedemoth,
1098 2282 1154 2327 et
1181 2280 1477 2328 torrentem
1507 2271 1741 2335 Cedron,
1778 2279 1833 2326 et
1869 2270 2046 2324 locum

458 2362 639 2433 anguli
695 2371 864 2432 porta:
912 2378 1175 2432 equorum
1229 2363 1505 2418 orientalis
1548 2377 1563 2416 :
1610 2370 1665 2417 et
1715 2362 1786 2415 ibi
1837 2361 2043 2426 dicunt,

458 2455 829 2510 sanctuarium
865 2455 1100 2520 Domini,
1133 2455 1187 2510 id
1218 2464 1324 2521 est,
1359 2454 1618 2525 templum
1660 2468 1780 2508 esse
1809 2452 2047 2508 conden-

456 2544 585 2599 dum
635 2560 1061 2615 mansurumque
1113 2545 1168 2600 in
1212 2552 1553 2616 perpetuum.
1587 2543 1743 2611 Quod
1770 2544 1898 2613 quia
1922 2551 2048 2614 post

456 2635 825 2705 captivitatem
876 2635 1208 2707 temporibus
1257 2635 1555 2707 Zorpbabel
1622 2644 1678 2690 et
1745 2635 1898 2691 Ezrzc
1937 2650 2046 2691 non

454 2734 683 2796 possunt
706 2733 1011 2783 monstrare
1046 2727 1397 2798 completum,
1431 2734 1717 2784 transeunt
1746 2726 1814 2782 ad
1839 2725 2044 2782 Christi

457 2825 721 2889 tempora,
745 2834 906 2890 quem
927 2820 982 2876 in
1007 2821 1473 2877 consummatione
1501 2820 1685 2875 mundi
1719 2819 1904 2875 dicunt
1925 2835 2047 2876 esse

452 2921 760 2975 venturum.
804 2922 882 2969 ιιι·
909 2929 1072 2970 aurea
1106 2923 1267 2986 atque
1307 2920 1573 2986 gemmata
1604 2911 1759 2983 juxta
1784 2911 2047 2983 Apocaly-

455 3004 593 3072 psim
635 3002 859 3060 Joannis
903 3005 1197 3062 descendat
1232 3004 1609 3060 Hierusalem:
1647 3012 1703 3060 et
1743 3003 1846 3059 hoc
1887 3011 2046 3058 terrae

453 3092 654 3163 Spatia,
686 3093 789 3150 hoc
827 3104 934 3162 est,
974 3097 1042 3151 ab
1078 3095 1168 3152 illo
1207 3095 1326 3152 loco
1361 3109 1534 3165 usque
1573 3096 1639 3151 ad
1678 3094 1825 3150 illum
1866 3093 2042 3149 locum

453 3180 753 3238 aediﬁcetur
778 3197 878 3254 per
913 3183 1202 3240 circuitum
1227 3184 1412 3257 (Apoc.
1443 3184 1580 3256 xxi).
1619 3182 2041 3254 Suspicationis-

453 3286 568 3341 que
624 3286 735 3327 sua:
791 3273 934 3329 hanc
1003 3273 1248 3330 aurulam
1316 3274 1578 3346 capiunt,
1620 3273 1764 3344 quod
1817 3289 1848 3328 a
1893 3281 2046 3330 turre

451 3363 712 3431 Anathot,
743 3381 864 3435 qua:
905 3366 1065 3422 hodie
1094 3367 1394 3438 appellatur
1435 3365 1704 3434 Jeremiaa,
1758 3366 1934 3423 tribus
1975 3366 2044 3424 ab

456 3452 796 3510 Hierusalem
848 3455 1084 3513 millibus
1120 3465 1369 3528 separata
1418 3473 1588 3530 usque
1631 3459 1701 3515 ad
1749 3466 2045 3514 torrentem

455 3544 689 3612 Cedron,
719 3548 814 3618 qui
842 3549 1102 3604 scribitur
1148 3549 1204 3605 in
1235 3551 1526 3621 Evangelio
1563 3551 1744 3623 (Joan.
1778 3551 1960 3624 xvm),
1989 3550 2044 3607 id

454 3643 560 3701 est,
606 3635 661 3690 in
711 3635 850 3692 valle
890 3635 1181 3709 Josaphat,
1223 3638 1314 3694 ubi
1360 3641 1552 3697 hortus
1594 3648 1731 3706 erat,
1777 3640 1831 3695 in
1859 3656 1966 3712 quo
1991 3648 2047 3695 et

454 3727 623 3786 ludas
655 3729 905 3801 proditor
938 3731 1162 3787 tradidit
1187 3730 1549 3799 Salvatorem,
1577 3733 1817 3790 civitatis
1851 3733 2046 3788 funda-

453 3828 633 3876 menta
659 3821 955 3892 jaciantur.
999 3822 1250 3889 Lecturi,
1284 3822 1568 3894 inquiunt,
1589 3815 1789 3881 sumus
1824 3824 1880 3879 in
1915 3839 2045 3880 con-

454 3923 804 3991 sequentibus
823 3922 1123 3979 Anamehel
1145 3921 1314 3977 lilium
1343 3921 1525 3978 Salom
1551 3921 1851 4005 patruelem
1879 3921 2046 3976 fuisse

449 4010 721 4078 Jeremiae,
749 4013 904 4084 cujus
936 4013 1069 4069 emit
1101 4028 1312 4084 agrum.
1345 4013 1412 4068 Et
1437 4014 1554 4070 haec
1576 4021 1662 4072 est
1709 4013 1877 4070 turris
1900 4013 2045 4068 Ana-

455 4103 635 4171 nehel,
687 4105 998 4176 ignorantes
1046 4104 1372 4161 Hebraicam
1401 4106 1706 4164 veritatem.
1750 4105 1849 4162 Hic
1895 4105 2042 4160 enim

447 4199 602 4268 juxta
644 4197 970 4254 Hebraicum
1008 4199 1265 4255 scribitur
1311 4215 1341 4254 a
1391 4209 1543 4255 turre
1579 4199 1857 4255 Ananehel
1891 4214 1989 4269 per
2011 4211 2040 4260 Ξ

449 4288 704 4344 videlicet
732 4289 966 4344 mediam
1007 4289 1265 4355 litteram,
1302 4290 1376 4346 ibi
1425 4301 1606 4346 autem
1637 4310 1650 4346 :
1683 4310 1701 4344 ‹
1730 4290 1868 4347 Ecce
1893 4289 2036 4347 Ana-

450 4378 627 4433 mehel
681 4377 824 4434 ﬁlius
866 4379 1070 4435 Sellum
1109 4381 1374 4451 patruelis
1418 4389 1541 4436 tuus
1572 4383 1756 4438 veniat
1803 4383 1872 4438 ad
1901 4391 1975 4448 te,
2009 4401 2031 4436 ι

448 4484 549 4539 per
592 4469 827 4561 mediam
886 4480 939 4530 Β
983 4470 1239 4526 litteram.
1287 4471 1607 4530 lnvocantes
1650 4474 1813 4546 igitur
1852 4475 2035 4531 Domi-
2061 4500 2116 4561 D

450 4573 578 4612 num
639 4557 1002 4626 salvatorem,
1055 4561 1148 4631 qui
1207 4561 1370 4618 habet
1431 4563 1635 4620 clavem
1685 4564 1890 4631 David,
1942 4565 2036 4636 qui

449 4651 624 4721 aperit
651 4661 706 4708 et
735 4660 894 4708 nemo
922 4651 1143 4720 claudit,
1174 4662 1229 4712 et
1257 4655 1350 4726 qui
1379 4655 1601 4724 claudit,
1630 4666 1686 4714 et
1715 4673 1872 4713 nemo
1910 4672 2037 4727 ape-

450 4744 520 4798 rit
559 4742 745 4817 (Apoc.
767 4741 887 4818 1n),
940 4747 1033 4817 qui
1074 4748 1346 4819 signatum
1393 4765 1610 4820 quoque
1649 4750 1800 4806 Isaia:
1837 4749 2036 4805 librum

447 4845 502 4890 et
529 4837 769 4892 omnium
797 4839 1184 4910 prophetarum
1215 4841 1448 4912 aperuit,
1475 4849 1531 4896 et
1571 4842 1933 4897 adoraverunt
1957 4840 2038 4896 vi-

452 4929 586 4999 ginti
608 4941 841 5000 quatuor
863 4934 1124 4999 seniores,
1154 4943 1398 4990 tenentes
1423 4935 1699 5006 cytharas,
1721 4935 1866 5003 quod
1891 4932 2038 4989 solus

452 5020 686 5088 potuerit
710 5021 891 5076 divina
917 5037 1168 5079 reserare
1195 5025 1476 5094 mysteria,
1509 5024 1888 5095 aggrediamur
1913 5025 2038 5080 acdi-

449 5095 634 5164 iiciitm
671 5109 923 5176 civitatis,
953 5113 1020 5167 ad
1045 5129 1207 5183 quam
1252 5114 1599 5184 pr0pheticus
1630 5131 1811 5171 sermo
1851 5116 2036 5189 dirigi-

450 5205 576 5252 tur:
607 5216 625 5248 ε
659 5197 902 5257 Gloriosa
942 5203 1086 5258 dicta
1132 5213 1259 5259 sunt
1287 5204 1355 5260 de
1386 5212 1457 5269 te,
1489 5204 1682 5261 civitas
1712 5205 1805 5260 Dei
1858 5205 2032 5277 (Psal.

453 5291 705 5361 mm);
741 5309 760 5343 ‹
792 5293 892 5348 Et:
919 5312 937 5346 ›
966 5293 1202 5351 ﬂuminis
1237 5297 1468 5367 impetus
1495 5297 1731 5354 Iretilicat
1760 5298 2034 5354 civitatem

451 5379 546 5436 Dei
577 5378 747 5452 (l’sal.
774 5385 920 5456 XLV).
949 5405 968 5438 ι
995 5385 1320 5442 Ᾱίἀίῐίρειιιη·
1348 5389 1531 5459 itaque
1554 5389 1790 5445 Ecclesia
1823 5405 1851 5444 a
1885 5399 2036 5446 turre

451 5471 756 5527 obedientiar
781 5475 892 5530 sive
919 5477 1122 5546 gratim,
1151 5488 1205 5534 et
1230 5479 1486 5535 donorum
1533 5482 1659 5554 (hoc
1688 5483 1830 5538 enim
1863 5484 2032 5538 inter-

451 5571 692 5634 pretatur
721 5565 1038 5637 Ananehel),
1081 5584 1252 5639 usque
1287 5573 1353 5628 ad
1381 5582 1590 5644 portam
1639 5574 1817 5645 anguli
1854 5593 1867 5626 :
1910 5589 2030 5643 qua}

447 5654 573 5711 licet
602 5656 843 5712 videatur
869 5659 1078 5714 initium
1101 5662 1298 5719 habere
1323 5667 1569 5731 sublime,
1587 5669 1818 5738 quandiu
1844 5667 1895 5722 in
1925 5668 2026 5722 ista

447 5762 612 5806 carne
633 5749 1000 5819 consistimus,
1031 5761 1232 5808 rectam
1258 5757 1501 5814 veritatis
1544 5759 1738 5815 lineam
1768 5773 1870 5813 non
1903 5773 2028 5829 pos-

2069 3139 2116 3202 C

2149 1897 2237 1952 tiae
2293 1903 2676 1960 transeuntes,
2723 1893 2884 1948 intra
2936 1907 3207 1948 mensurae
3257 1892 3494 1949 ctelestis
3542 1906 3745 1948 nume-

2148 2003 2267 2042 rum
2295 2001 2402 2042 non
2434 1993 2578 2042 sunt.
2611 1983 2883 2058 (Ηὶενοη.)
2920 2002 2940 2036 t
2969 1983 3037 2038 Et
3069 1984 3339 2046 circuibit,
3370 1983 3563 2054 inquit,
3599 1981 3750 2038 Coa-

2149 2081 2259 2145 tha,
2299 2098 2317 2132 ι
2348 2093 2448 2150 pro
2495 2092 2603 2150 quo
2632 2077 2975 2146 interpretati
3009 2084 3138 2130 sunt
3164 2074 3538 2146 Septuaginta,
3589 2093 3607 2125 α
3643 2090 3750 2144 per

2147 2185 2361 2242 gyrum,
2395 2189 2415 2222 υ
2470 2168 2660 2224 electis
2693 2167 2984 2237 lapidibus,
3017 2166 3110 2236 qui
3139 2165 3432 2220 volvuntur
3466 2180 3632 2236 super
3661 2164 3746 2219 fa-

2147 2263 2284 2318 ciem
2325 2271 2507 2325 terrm,
2539 2269 2594 2316 et
2623 2257 2867 2329 angulari
2908 2257 3086 2327 lapide
3151 2257 3626 2328 constringuntur,
3657 2255 3744 2311 di-

2148 2364 2304 2411 cente
2337 2354 2582 2426 apostolo
2604 2354 2796 2409 Petro:
2831 2371 2848 2402 ε
2880 2351 2947 2407 Et
2972 2352 3074 2422 ipsi
3104 2361 3361 2424 tanquam
3386 2352 3594 2423 lapides
3630 2351 3744 2409 vivi
3806 2361 3809 2363 '

2147 2447 2651 2519 super-.edilicamini
2677 2447 2869 2501 domos
2894 2445 3186 2516 spiritales,
3223 2444 3588 2502 sacerdotium
3615 2459 3747 2500 san—

2148 2549 2317 2606 ctum,
2355 2539 2643 2595 offerentes
2685 2538 2956 2610 spiritales
2996 2538 3234 2604 hostias,
3276 2546 3334 2594 et
3376 2537 3748 2609 acceptabiles

2148 2635 2258 2689 Deo
2283 2648 2381 2704 per
2405 2631 2589 2688 Jesum
2615 2630 2892 2687 Christum
2942 2629 2994 2690 ll
3023 2628 3141 2686 Pet.
3171 2629 3255 2702 ιι).
3291 2649 3312 2682 s
3376 2648 3394 2680 ‹
3430 2628 3499 2684 Et
3519 2643 3744 2685 omnem

2145 2724 2362 2790 vallem,
2389 2723 2584 2794 inquit,
2613 2723 2927 2795 Phagarim,
2959 2741 2978 2776 ι
3019 2721 3164 2794 quod
3193 2721 3582 2791 interpretatur
3619 2719 3740 2773 rui-

2146 2834 2369 2884 narum;
2421 2825 2477 2872 et
2520 2817 2753 2882 cineres,
2779 2815 3102 2872 subauditur
3140 2813 3414 2871 circuibit.
3465 2813 3536 2871 Ut
3563 2829 3744 2884 quan-

2146 2923 2308 2979 quam
2358 2906 2517 2964 nobis
2560 2907 2843 2962 videamur
2889 2905 3244 2972 in-collibus,
3294 2912 3477 2959 tamen
3523 2917 3743 2974 semper

2147 3001 2433 3055 timeamus
2479 2999 2665 3054 ruinas
2688 3005 2743 3053 et
2777 2994 3184 3053 consideremus
3217 2995 3455 3061 cineres,
3487 3002 3542 3049 et
3563 2993 3742 3065 pomi-

2148 3099 2325 3146 tentes
2367 3090 2613 3147 dicamus
2641 3104 2763 3146 cum
2789 3087 2959 3144 David
3002 3105 3017 3144 :
3065 3106 3084 3140 ι
3131 3087 3267 3155 Quia
3308 3087 3548 3142 cinerem
3577 3083 3739 3156 quasi

2147 3199 2344 3256 panem
2374 3181 2693 3238 manducavi
2719 3189 2775 3238 et
2800 3181 3054 3253 poculum
3096 3194 3278 3235 meum
3317 3194 3443 3235 cum
3473 3176 3600 3234 ﬂetu
3635 3176 3742 3232 mi-

2146 3264 2365 3332 scebam
2411 3273 2584 3345 (Psal.
2633 3273 2730 3347 (τι).
2775 3295 2793 3328 ι
2842 3273 2994 3331 Unde
3044 3281 3101 3329 et
3138 3272 3450 3346 iacentibus
3506 3271 3735 3328 dicitur:

2153 3387 2172 3420 ‹
2214 3366 2467 3437 Nunquid
2488 3366 2579 3437 qui
2602 3366 2769 3431 cadit,
2799 3380 2907 3421 non
2931 3364 3186 3436 resurgit,
3219 3363 3354 3420 dicit
3382 3362 3684 3419 Dominus?
3707 3379 3728 3415 ι

2146 3457 2283 3531 (Jer.
2306 3457 2426 3530 vm)
2475 3475 2493 3509 ι
2527 3457 2596 3512 Et
2633 3456 2968 3521 universum,
3010 3454 3205 3526 inquit,
3237 3453 3561 3520 Sademoth,
3592 3451 3733 3522 quod

2146 3567 2245 3609 nos
2273 3552 2535 3608 vertimus
2578 3551 2634 3606 in
2677 3551 2938 3621 regionem
2980 3549 3182 3616 mortis,
3225 3563 3392 3604 unum
3437 3561 3634 3603 nomen
3679 3545 3734 3601 in

2145 3646 2251 3702 duo
2275 3645 2441 3702 verba
2470 3644 2770 3700 dividentes
2794 3652 2881 3701 τω
2917 3641 3062 3712 quod
3089 3640 3288 3696 dicitur
3324 3639 3494 3712 regio,
3527 3646 3584 3694 et
3618 3645 3734 3699 mo

2146 3739 2292 3812 quod
2334 3738 2723 3809 interpretatur
2768 3735 3001 3802 mortis,
3045 3749 3146 3806 pro
3183 3748 3290 3804 quo
3333 3731 3528 3804 Aquila
3574 3730 3736 3786 vertit

2147 3830 2479 3896 suburbana,
2516 3827 2631 3885 sive
2662 3841 2795 3883 arva
2830 3835 2887 3882 et
2918 3841 3067 3882 rura.
3118 3825 3288 3898 Regio
3313 3832 3496 3881 autem
3520 3823 3732 3889 mortis,

2146 3921 2296 3991 regio
2327 3929 2675 3992 peccatorum
2703 3927 2808 3985 est,
2841 3926 2900 3975 et
2942 3918 3277 3984 suburbana,
3307 3916 3460 3988 regio
3481 3916 3748 3988 volupta-

2146 4024 2280 4082 tum,
2310 4031 2432 4087 qute
2475 4015 2651 4086 pergit
2689 4027 2863 4083 usque
2909 4012 2979 4069 ad
3023 4018 3322 4068 torrentem
3363 4009 3599 4074 Cedron,
3643 4009 3736 4066 ubi

2145 4109 2380 4165 traditus
2431 4116 2516 4163 cst
2564 4106 2860 4173 Dominus,
2903 4104 2999 4176 qui
3043 4104 3433 4174 interpretatur
3473 4102 3732 4158 tenebrae.

2145 4198 2279 4256 Vide
2307 4207 2508 4269 quanta
2532 4197 2728 4254 habeat
2754 4196 2872 4252 loca
2891 4194 3136 4252 Ecclesia
3172 4211 3186 4249 :
3224 4202 3278 4251 et
3304 4194 3578 4265 quomodo
3603 4192 3757 4249 illud

2142 4290 2540 4362 Apostolicum,
2573 4310 2592 4342 ς
2620 4298 2682 4345 ut
2709 4291 2780 4346 sit
2805 4290 2922 4346 sine
2947 4289 3159 4344 macula
3177 4329 3192 4355 ,
3215 4297 3273 4345 et
3302 4304 3432 4361 ruga
3451 4331 3468 4357 ,
3514 4280 3534 4342 ὼ
3567 4289 3621 4344 in
3649 4289 3738 4345 lu-

2143 4391 2297 4447 turo,
2330 4389 2387 4437 et
2428 4380 2485 4436 in
2531 4380 2844 4438 coelestibus
2891 4388 3222 4436 reservetur.
3267 4379 3438 4436 Audis
3480 4381 3732 4453 angulos,

2141 4471 2296 4527 audis
2319 4459 2586 4539 scabiem,
2609 4471 2764 4528 audis
2794 4471 3000 4538 ruinas,
3030 4479 3086 4528 et
3115 4470 3345 4540 cineres,
3377 4475 3436 4529 et
3455 4474 3733 4544 regionem

2141 4563 2335 4621 mortis
2349 4604 2364 4630 ,
2390 4572 2448 4618 et
2467 4562 2748 4630 tenebras,
2771 4571 2827 4619 et
2845 4562 2911 4619 de
2936 4571 3028 4619 tua
3046 4563 3246 4620 virtute
3262 4604 3277 4632 ,
3299 4572 3356 4621 et
3373 4564 3734 4638 impeccantia

2143 4654 2434 4725 gloriaris?
2467 4653 2708 4723 Denique
2737 4653 3020 4724 sequitur:
3053 4671 3072 4705 ι
3098 4654 3166 4710 Et
3185 4671 3356 4726 usque
3379 4657 3448 4712 ad
3470 4656 3729 4729 angulum

2142 4755 2342 4817 portae:
2367 4767 2386 4801 ι
2413 4756 2467 4803 et
2485 4747 2574 4802 hic
2597 4746 2844 4818 angulus,
2865 4760 2934 4800 ne
2956 4745 3062 4800 ulla
3086 4760 3212 4803 vera
3230 4746 3459 4819 iustitia,
3493 4766 3561 4808 ne
3583 4759 3730 4808 certa

2142 4839 2369 4894 victoria
2419 4839 2472 4893 in
2519 4837 2623 4894 isto
2669 4837 2866 4894 saeculo
2891 4838 3310 4896 demonstretur.
3353 4841 3474 4914 ipse
3513 4857 3731 4915 quoque

2146 4929 2374 5000 angulus
2407 4938 2579 5000 porta:
2603 4946 2914 5002 quanquam
2947 4931 3020 4986 sit
3043 4932 3346 5001 orientalis,
3374 4933 3518 4990 unde
3546 4935 3729 4993 lumen

2141 5021 2434 5091 egreditur,
2479 5028 2659 5076 tamen
2699 5036 2963 5092 equorum
3008 5022 3328 5093 appellatur,
3379 5033 3442 5081 ut
3487 5025 3732 5098 indigere

2141 5128 2241 5169 nos
2281 5114 2473 5170 doceat
2512 5129 2676 5170 cursu
2721 5123 2885 5190 atque
2913 5117 3248 5172 certamine:
3275 5126 3330 5184 et
3359 5118 3576 5174 tandem
3604 5133 3728 5175 cum

2139 5204 2366 5260 Domino
2405 5205 2594 5261 audire
2620 5219 2965 5260 mereamur:
2997 5224 3016 5257 ‹
3044 5205 3347 5263 Ascendisti
3382 5221 3549 5278 equos
3580 5217 3727 5276 tuos,

2135 5305 2190 5352 et
2206 5299 2468 5369 equitatio
2482 5306 2569 5353 tua
2591 5296 2755 5352 salus.
2769 5318 2788 5350 ι
2806 5297 2862 5353 1η
2879 5307 3034 5368 porta
3054 5298 3326 5366 orientali,
3343 5300 3396 5354 in
3417 5310 3570 5371 porta
3592 5317 3728 5373 qua-

2141 5386 2414 5457 drigarum
2461 5387 2817 5444 sanctiﬁcatio
2846 5389 3058 5444 Domini
3093 5399 3200 5457 est,
3230 5399 3290 5446 ut
3313 5400 3444 5447 tunc
3475 5408 3570 5447 nos
3598 5407 3726 5464 per-

2140 5478 2311 5534 fectos
2339 5479 2698 5544 arbitremur,
2721 5480 2936 5549 quando
2963 5481 3259 5538 dixerimus
3287 5483 3356 5542 ad
3393 5483 3678 5540 Dominum
3702 5499 3724 5543 :

2144 5588 2162 5619 ε
2184 5569 2387 5624 Currus
2403 5571 2494 5624 Dei
2518 5572 2702 5626 decem
2718 5570 2882 5625 millia
2906 5573 3182 5644 multiplex
3205 5573 3370 5629 millia
3391 5575 3721 5644 laetantium;

2136 5662 2397 5716 Dominus
2425 5662 2477 5716 in
2511 5661 2589 5715 cis
2617 5658 2787 5732 (Psnl.
2816 5662 3003 5725 van).
3036 5683 3053 5713 ι
3082 5663 3388 5720 Istiusmodi
3435 5665 3725 5724 aediﬁcatio

2132 5768 2253 5825 quae
2291 5767 2452 5822 super
2495 5752 2900 5809 {inlidanteutum
2935 5753 3132 5811 Christi
3173 5756 3347 5828 posita
3379 5766 3484 5829 cst,
3513 5759 3582 5815 de
3607 5773 3718 5834 qua
