4044 6326
296 357 320 413 1
329 354 431 412 049

1168 358 1175 361 “
1210 343 1576 404 EXPOSITIO
1613 342 1841 405 SUPER
1874 335 2243 405 IEBEMIAM.
2280 334 2515 406 --7LlB.
2553 342 2666 406 XII.

3412 351 3552 411 £050

294 470 534 542 loquitur
566 474 623 522 et
642 462 973 537 Apostolus:
1003 480 1022 515 ι
1055 460 1127 519 Ut
1154 462 1373 534 sapiens
1395 462 1725 519 architectus
1745 459 1872 516 fun-
1900 462 1954 528 Α
1979 478 2098 519 sum
2122 462 2423 540 Chaldaeos,
2451 463 2583 519 nihil
2609 462 2929 536 presperum
2962 460 3270 521 habebitis:
3301 484 3321 517 ι
3368 465 3424 521 in
3450 464 3552 523 Se-

296 564 608 619 dantentum
625 556 780 628 posui
804 553 889 628 (II
910 553 1033 611 Cor.
1052 554 1190 629 111),»
1216 569 1503 626 nunquam
1535 554 1867 619 destruetur,

1969 554 2251 626 ptuaginta
2298 570 2407 613 non
2450 557 2701 613 habetur.
2772 554 3181 627 Prudenterque
3229 558 3554 616 sententiam

296 652 392 711 sed
408 648 646 707 manebit
664 649 719 705 in
743 656 1084 720 perpetuum.
1104 646 1348 705 Obscura
1366 656 1423 704 et
1440 645 1675 703 difﬁcilia
1706 646 1872 703 latius
1973 645 2313 716 temperavit,
2339 660 2460 717 qua:
2488 645 2555 701 ad
2580 646 2777 702 bonam
2803 652 2860 701 et
2887 644 2967 727 ‘ad
2992 643 3191 701 malam
3214 653 3429 727 partem
3463 661 3554 704 re-

297 741 611 800 dissersnda
658 742 804 807 sunt,
833 750 894 796 ut
914 738 1204 797 manifesta
1226 737 1444 795 brevius
1465 750 1867 811 percurramus.

281 832 287 843 ’
843 853 1072 941 CAPUjr
1109 852 1325 912 xxxu.

298 967 567 1042 Ieremias
602 970 660 1026 in
690 985 916 1042 carcere
962 968 1236 1042 prapltetat
1271 950 1571 1042 iSeideciam.
1617 971 1876 1042 captivum

365 1041 661 1096 ducendum
681 1041 737 1095 in
749 1039 1087 1112 Babylonem,
1111 1050 1161 1112 e_t
1179 1041 1299 1096 emit
1323 1056 1508 1112 agrum
1530 1042 1588 1096 in
1608 1039 1873 1112 Attat/tot;

311 1128 321 1153 τ
363 1120 482 1181 orat
508 1127 605 1180 pro
626 1110 829 1181 populo
859 1110 879 1165 ἐ
914 1126 1086 1165 sermo
1108 1110 1322 1166 Domini
1345 1110 1410 1166 de
1438 1111 1679 1167 incendio
1710 1110 1874 1167 Jeru-

312 1205 317 1208 ο
366 1179 531 1237 salem
554 1188 603 1236 et
626 1179 932 1239 liberatione
954 1181 1297 1252 captivorum.
1443 1251 1457 1261 ἢ

368 1310 389 1344 ι
439 1290 670 1348 Verbum
702 1289 846 1361 quod
891 1289 1097 1346 factum
1140 1298 1226 1347 est
1258 1290 1328 1347 ad
1364 1289 1659 1348 Jeremtam
1710 1306 1742 1346 a
1766 1290 1876 1347 Do-

300 1399 322 1437 ι
364 1381 536 1449 mino,
566 1382 621 1436 in
656 1361 799 1441 auiti)
834 1380 1050 1438 decimo
1099 1380 1341 1438 Sedeciae
1383 1382 1528 1455 regis
1565 1380 1729 1448 Juda,
1761 1382 1878 1453 ipse

299 1490 325 1539 ς
344 1480 451 1530 est
523 1487 699 1528 annus
762 1480 991 1539 octavus
1049 1471 1294 1529 decimus
1357 1470 1873 1530 Nabuchodonosor.

301 1581 321 1615 ε
346 1561 522 1619 .Tunc
547 1562 825 1618 exercitus
866 1562 1013 1635 regis
1042 1560 1335 1634 Babylonis
1361 1562 1648 1620 obsidebat
1686 1562 1881 1619 Hieru-

1971 734 2100 793 ferri
2150 743 2349 808 potest.
2388 735 2641 792 Visitatio
2684 737 2855 804 enim,
2892 725 2960 792 ut
2998 751 3140 808 saepe
3172 735 3287 807 jam
3327 725 3463 806 dixi,
3499 745 3557 794 et

1959 826 2394 911 consolationem
2420 827 2690 898 signiﬁcat
2710 836 2767 885 et
2786 827 3127 900 supplicium.

2004 960 2007 961 ν
2049 937 2069 971 ‹
2111 917 2181 975 Et
2208 918 2347 974 dixit
2378 916 2645 975 Jeremias
2670 937 2684 974 :
2709 918 2937 976 Factum
2966 928 3051 977 est
3076 919 3304 977 verbum
3342 918 3555 977 Domini

1979 1032 2000 1069 ι
2044 1013 2112 1070 ad
2140 1027 2246 1079 me,
2279 1013 2501 1070 dicens:
2526 1013 2667 1069 Ecce
2691 1012 2991 1069 Anamehel
3016 1012 3161 1069 ﬁlius
3200 1012 3403 1069 Selium
3431 1010 3561 1084 (sive

1980 1125 2001 1161 ι
2042 1104 2251 1178 Sallon)
2279 1104 2538 1177 patruelis
2566 1111 2690 1160 tuus
2716 1102 2876 1177 (quod
2902 1102 3160 1160 Hebraice
3185 1104 3382 1160 dicitur
3404 1101 3555 1187 Tm)

1982 1215 2002 1249 ι
2044 1197 2228 1253 veniet
2245 1195 2315 1251 ad
2337 1205 2408 1262 te,
2426 1195 2642 1252 dicens:
2666 1196 2799 1250 Eme
2819 1194 2916 1249 tibi
2938 1210 3127 1266 agrum
3151 1195 3460 1265 meum,qui
3475 1200 3560 1250 est

1983 1307 2005 1341 σ
2046 1289 2101 1343 in
2125 1288 2367 1343 Anathot
2399 1305 2415 1342 :
2458 1287 2553 1342 tibi
2596 1286 2741 1343 enim
2767 1286 3028 1357 competit
3053 1300 3123 1341 ex
3160 1285 3561 1355 propinquitate

1982 1402 2009 1435 «ν
2046 1382 2322 1451 emptio.)
2358 1378 2639 1437 Occultum
2672 1376 2740 1433 ad
2765 1376 3057 1434 Jeremiam
3086 1375 3285 1433 factum
3314 1377 3411 1433 Dei
3440 1389 3564 1432 esse

1978 1484 2284 1530 sermonem
2329 1488 2489 1529 nemo
2529 1472 2671 1528 scire
2694 1478 2947 1543 poterat,
2979 1468 3085 1526 nisi
3120 1468 3239 1538 ipso
3266 1467 3577 1534 indicante,-

1978 1565 2046 1621 ad
2070 1581 2233 1637 quem
2260 1564 2435 1621 factus
2464 1564 2663 1632 fuerat,
2693 1571 2750 1620 et
2768 1562 3079 1636 praedicitur
3104 1561 3175 1627 ei,
3201 1560 3345 1632 quod
3368 1565 3565 1616 ventu-

301 1672 323 1704 σ
366 1652 556 1719 salem,
586 1646 644 1708 et
662 1650 925 1709 Jeremias
946 1652 1208 1724 pmpheta
1237 1662 1358 1709 erat
1403 1653 1620 1710 clausus
1656 1654 1710 1708 in
1739 1654 1881 1709 atrio
1978 1672 2073 1712 rus
2097 1657 2172 1713 sit
2201 1657 2269 1713 ad
2304 1671 2431 1712 eum
2450 1655 2748 1712 Anamehel
2770 1642 3031 1727 patruelis
3071 1669 3222 1720 suus,
3259 1661 3317 1709 et
3352 1665 3566 1724 posses-

300 1761 323 1797 ε
354 1741 623 1809 "carceris,
648 1742 741 1812 qui
778 1750 898 1798 erat
938 1742 995 1798 in
1031 1741 1194 1799 domo
1230 1743 1375 1815 regis
1401 1740 1559 1799 Juda.
1599 1742 1915 1799 Clauserat‘
1980 1751 2189 1809 sionem
2221 1750 2338 1824 agri
2366 1751 2460 1821 qui
2505 1766 2636 1807 suus
2679 1749 2858 1806 fuerat
2881 1748 3182 1804 delaturos.
3227 1747 3358 1802 Esse
3385 1752 3564 1800 autem

300 1853 323 1886 ι
365 1834 512 1891 enim
537 1834 794 1891 Sedecias
822 1850 921 1891 rex
939 1832 1079 1890 Juda
1105 1834 1331 1892 dicens:
1355 1834 1537 1910 Quare
1562 1835 1880 1893 vaticinaris
1906 1824 1954 1884 Β
1982 1842 2158 1913 ipsum
2204 1840 2383 1899 locum
2427 1842 2482 1897 in
2511 1841 2790 1897 Anathoth
2829 1840 2897 1897 de
2940 1837 3282 1903 suburbanis,
3313 1851 3433 1908 qua:
3474 1850 3567 1891 sa-

301 1944 333 1977 «μ
354 1926 579 1982 dicens:
603 1924 730 1982 Haec
758 1925 890 1982 dicit
907 1925 1185 1982 Dominus.
1214 1944 1235 1979 ›
1261 1924 1533 1997 (Ηίενοη.)
1558 1925 1678 1982 Non
1704 1925 1880 1982 solum

1993 1935 2306 1991 eerdotibus'
2322 1950 2420 2005 per
2464 1934 2705 2006 singulas
2732 1933 2907 1989 tribus
2945 1940 3002 1987 et
3027 1930 3278 1986 civitates
3301 1927 3569 1984 dabantur

295 2019 482 2083 verba:
528 2015 625 2071 sed
667 2023 724 2072 ει
762 2030 928 2086 Opera
989 2015 1376 2086 Prophetarum
1435 2016 1592 2072 ηοδίε
1633 2016 1882 2087 exempla
1982 2042 2050 2083 ex
2078 2027 2195 2099 lege
2215 2024 2406 2099 (Num.
2432 2026 2604 2099 xxvn)
2631 2043 2643 2080 :
2668 2040 2771 2081 nec
2792 2023 3003 2081 licitum
3030 2028 3147 2079 erat
3172 2019 3589 2092 possessionem.

298 2116 426 2165 sunt
471 2107 538 2165 ad
564 2109 845 2165 virtutem.
878 2104 1400 2164 Poterat‘Jeremias
1441 2123 1700 2180 prospera
1744 2124 1884 2167 nun—
1983 2118 2049 2174 de
2071 2119 2217 2173 tribu
2257 2117 2491 2173 transire
2517 2117 2586 2172 ad
2612 2115 2833 2183 tribum,
2861 2129 2963 2172 nec
2988 2113 3056 2170 de
3085 2111 3287 2167 familia
3314 2110 3382 2167 ad
3409 2109 3571 2164 aliam

299 2198 457 2264 tiare,
493 2205 550 2253 et
576 2197 731 2270 regis
775 2195 1016 2253 Sedecia:
1062 2195 1170 2252 frui
1213 2197 1473 2263 amicitia,
1512 2198 1607 2253 sed
1649 2196 1885 2253 malebat

1993 2207 2266 2265 familiam.
2304 2209 2457 2266 Unde
2493 2217 2549 2264 et
2592 2208 2716 2265 ﬁlia:
2746 2207 3020 2279 Salphaad
3061 2205 3334 2276 accipiunt
3367 2213 3571 2260 sortem

298 2288 409 2349 Deo
436 2288 607 2361 magis
635 2288 857 2345 obedire
876 2303 1039 2359 quam
1069 2288 1403 2355 hominibus,
1430 2296 1485 2345 et
1510 2289 1559 2347 ei
1585 2289 1678 2360 qui
1704 2295 1886 2360 potest

1993 2303 2127 2358 inter
2168 2301 2369 2359 fratres
2393 2317 2522 2358 suos
2543 2301 2730 2374 (Levii.
2753 2300 2882 2373 xxv)
2909 2317 2925 2354 :
2957 2300 3336 2372 praecipueque
3377 2298 3574 2353 subur-

296 2387 352 2447 α
376 2381 613 2447 animam
643 2388 700 2436 ει
725 2394 923 2452 corpus
951 2380 1203 2436 οεοίάεΐθ
1240 2380 1297 2435 in
1322 2381 1586 2454 εθιιθηυθι
1618 2396 1782 2451 quam
1808 2379 1885 2435 illi
1984 2392 2126 2448 bana
2154 2392 2498 2448 sacerdotum
2528 2392 2659 2448 nulli
2687 2391 2780 2448 alii
2806 2399 3058 2463 poterant
3079 2389 3377 2445 venundari
3402 2400 3575 2458 usque

296 2473 391 2544 qui
435 2480 645 2530 tantum
697 2473 752 2528 in
791 2488 989 2543 corpus
1034 2472 1237 2531 habere
1282 2480 1500 2544 poterat
1538 2478 1883 2543 potestatem.

1993 2485 2071 2540 ad,
2099 2500 2305 2540 annum
2346 2483 2841 2559 remissionis~nisi
2894 2484 2944 2539 ei
2990 2496 3151 2552 quem
3200 2478 3575 2552 propinquitas

297 2566 365 2633 Ει
406 2568 511 2625 hoc
554 2567 1013 2629 considerandum
1057 2567 1225 2639 quod.
1252 2567 1496 2625 decimus
1545 2583 1722 2624 annus
1768 2575 1890 2623 erat
1987 2574 2269 2643 sanguinis
2294 2574 2604 2644 expetebat.
2652 2573 2812 2630 Venit
2855 2566 2986 2644 ergo
3033 2572 3103 2629 ad
3147 2585 3273 2627 eum
3315 2568 3576 2642 patruelis

298 2659 721 2730 regniSedeciae
761 2658 986 2733 obsessa
1023 2659 1139 2730 jam
1182 2659 1542 2727 Hierusalem,
1584 2668 1641 2717 et
1685 2660 1886 2733 gladio,
1988 2666 2159 2723 frater
2179 2681 2333 2733 suus,
2356 2673 2413 2721 et
2434 2663 2595 2721 oﬁ‘ert
2617 2664 2970 2735 emptionem,
2999 2677 3122 2733 qua:
3150 2661 3226 2717 illi
3259 2674 3327 2718 ex
3354 2659 3579 2733 propiu-

296 2750 461 2818 fm:
499 2767 565 2809 ac
601 2759 756 2822 Ρθθιθ
782 2760 1144 2825 consumptam
1169 2760 1227 2809 el-
1250 2752 1566 2822 αΨΙ-ίνίιωθ
1593 2751 1798 2819 “Cilla,
1832 2759 1915 2808 BtI
1989 2758 2219 2831 quitate'
2260 2757 2508 2823 debetur,
2548 2755 2802 2811 Helchias
2843 2763 2899 2812 et
2947 2753 3148 2810 Selium
3182 2751 3381 2807 fratres
3426 2750 3577 2806 fuere

298 2851 483 2906 tamen
531 2841 788 2907 sedecies
829 2843 1146 2914 perstatin
1192 2842 1483 2910 sententia,
1531 2850 1589 2897 et
1631 2858 1709 2901 ex
1732 2854 1893 2914 parte

1993 2849 2255 2924 germani.
2286 2847 2524 2905 Helchiae
2550 2847 2694 2903 [ilius
2707 2844 3007 2902 Jeremias:
3033 2843 3236 2901 Selium
3257 2839 3595 2897 Anamchel-

300 2934 482 3005 aliqua
512 2934 658 2993 illius
684 2934 992 2992 Clementia
1034 2935 1465 3000 demonstratum
1511 2936 1655 3006 quod
1685 2949 1898 3005 nequa-.
1988 2941 2247 3005 Helchias
2281 2940 2671 3010 interpretatur
2692 2951 2822 3009 pars
2848 2932 3378 3002 Domini,.Jeremias
3412 2930 3579 2988 subli-

299 3032 464 3098 quam
493 3039 621 3087 eum
648 3025 705 3082 in
730 3040 975 3093 carcere,
1008 3025 1110 3081 sed
1152 3024 1504 3081 inuvestibulo
1532 3024 1747 3081 recludi
1762 3022 1905 3093 ejus-1
1988 3031 2169 3087 mites.
2198 3028 2432 3086 Domini.
2482 3028 2760 3099 Recteque
2810 3025 3037 3082 altitudo
3066 3024 3280 3080 Domini
3322 3023 3395 3080 de
3426 3028 3583 3094 parte
3646 3032 3651 3037 ·

299 3117 433 3179 δξιέὶι
460 3114 937 3193 carcerisi‘lihﬂa
959 3113 1212 3173 Videlicet
1245 3115 1516 3182 CllSlOdiai
1544 3122 1605 3173 ιιι
1626 3129 1734 3171 ιιοη
1764 3127 1890 3184 Ροε-
1924 3168 1971 3193 ,τ
1991 3122 2206 3182 Domini
2249 3121 2511 3178 nascitur.
2544 3119 2765 3175 Selium
2802 3115 2934 3175 vero
2974 3117 3029 3173 in
3061 3116 3306 3188 linguam
3335 3120 3591 3171 nostram

301 3216 387 3269 set
411 3190 694 3281 -_etl‘ugcre,
738 3207 899 3281 quasi
920 3222 1061 3267 -non~
1094 3207 1273 3265 Omnis
1315 3206 1652 3265 Hierusalem
1701 3206 1891 3265 clausa

1993 3216 2222 3273 vertitur
2264 3228 2391 3285 pax,
2441 3212 2557 3267 sive
2595 3210 2897 3281 paciﬁcus;
2924 3168 3228 3263 Anameiiel
3267 3205 3467 3261 donum
3493 3201 3582 3259 vel

304 3301 716 3368 munitionibus,
751 3300 1055 3359 communis
1089 3316 1281 3360 carcer
1319 3298 1487 3357 fuerit
1507 3299 1888 3373 habitantium.

300 3390 418 3464 ipse
448 3401 535 3449 est
562 3406 736 3448 annus
765 3391 1243 3451 duodevicesinius.
1277 3392 1432 3463 regni
1462 3391 1892 3448 Nabuchodono-

303 3491 416 3550 sbr,
449 3482 545 3554 qui
567 3493 761 3554 quarto
785 3498 927 3540 anno
952 3483 1095 3553 regis
1119 3481 1370 3541 Joacbim
1404 3482 1550 3553 cepit
1577 3481 1888 3552 imperium.

303 3574 516 3637 Omnes.
546 3582 727 3633 autem
771 3588 950 3635 causae
997 3573 1093 3630 ira:
1138 3574 1283 3646 regis
1309 3581 1602 3633 erantcur
1637 3573 1893 3643 loquatur

304 3680 381 3729 es.
397 3664 507 3721 Dei,
525 3663 765 3733 nomine,
790 3678 913 3734 quae
936 3658 999 3723 ei
1026 3663 1251 3731 fuerant
1281 3664 1567 3735 imperata.

334 3776 401 3821 μς
446 3757 589 3815 Ecce
614 3771 717 3830 ego
744 3755 885 3819 dabo
913 3755 1191 3815 civitatem
1220 3756 1383 3813 istam
1422 3756 1491 3815 in
1510 3770 1711 3835 manus.
1747 3754 1894 3827 regis

311 3849 767 3924 cgﬁabylonis,,et
810 3849 993 3922 capiet
1016 3864 1161 3909 eam.
1191 3849 1263 3906 Et
1291 3848 1585 3907 Sedeehias
1624 3865 1729 3907 res
1754 3848 1893 3906 Juda

312 3940 733 4014 unoneﬂugiet
781 3943 1039 4001 demanu
1068 3940 1468 4009 Chaldaeorum,
1509 3941 1608 3997 sed
1652 3940 1895 3997 tradetur

313 4048 347 4101 «ί
378 4034 434 4091 in
459 4050 655 4099 manus
676 4034 820 4107 regis
842 4033 1155 4109 Babylonis,
1181 4043 1238 4092 et
1255 4034 1506 4106 loquetur
1533 4049 1597 4095 os
1621 4031 1740 4103 ejus
1769 4047 1893 4088 cum

278 4198 279 4201 η
313 4141 473 4192 cgere
506 4126 683 4195 illius,
710 4135 768 4184 et
820 4127 965 4184 oculi
1009 4126 1126 4198 ejus
1171 4127 1359 4186 oculos
1387 4127 1555 4195 illius
1584 4127 1891 4185 videbunt.

312 4219 446 4281 trrEt
476 4220 534 4278 in
560 4220 895 4294 Babylonem
916 4222 1077 4281 ducet
1123 4220 1427 4289 Sedeciam,
1458 4231 1522 4279 .et
1553 4221 1627 4279 ibi
1656 4221 1763 4278 erit
1792 4221 1893 4278 do-

1992 3308 2168 3382 gratia
2197 3306 2314 3363 Dei.
2344 3304 2457 3361 Nec
2482 3303 2824 3369 mirabimur,
2860 3300 3007 3373 quod
3035 3299 3138 3356 sibi
3183 3312 3291 3369 pax
3324 3296 3585 3386 jungatur

1991 3407 2054 3456 et.
2071 3396 2269 3470 gratia,
2294 3410 2416 3453 cum
2446 3394 2615 3449 etiam
2639 3391 3073 3464 Apostolicarum
3109 3387 3456 3467 epistolarum
3480 3386 3603 3441 hoc

1990 3488 2319 3559 principium
2360 3486 2519 3541 situ
2555 3483 2743 3541 Gratia
2787 3482 2942 3539 vobis
2987 3490 3045 3538 et
3084 3479 3426 3552 parmam.
3456 3478 3521 3549 ι).
3554 3495 3577 3531 ι

1990 3578 2240 3637 Primum
2264 3592 2395 3649 ergo
2430 3591 2620 3647 pacem
2669 3590 2943 3631 meremur
2984 3573 3100 3638 Dei,
3151 3580 3207 3628 et
3242 3573 3579 3642 post'pacem

1902 3722 1909 3731 ε
1992 3672 2152 3728 nobis
2179 3665 2354 3743 gratia
2380 3668 2625 3724 nascitur
2648 3680 2769 3738 qua:
2797 3680 2907 3721 non
2930 3666 2991 3720 in
3018 3663 3365 3735 possidentis,
3393 3661 3488 3718 sed
3516 3662 3580 3717 in

1993 3748 2248 3819 Mutis
2271 3756 2501 3814 arbitrio
2527 3765 2631 3813 est.
2664 3755 2853 3812 Defert
2876 3760 3061 3809 autem
3091 3748 3423 3823 emptionem
3457 3764 3593 3822 graa

1986 3836 2126 3909 tiam
2151 3852 2265 3908 Dei
2308 3850 2406 3917 illi,
2446 3850 2541 3919 qui
2579 3849 2634 3903 in
2662 3847 2986 3911 sublimibus
3016 3844 3314 3901 collocatus
3341 3849 3428 3899 est
3470 3858 3484 3896 :
3524 3850 3587 3895 ut

1994 3945 2243 4017 quamvis
2273 3943 2523 3999 videatur
2560 3940 2828 4006 excelsus,
2872 3946 3056 3994 tamen
3096 3936 3271 4010 gratia
3298 3935 3401 3991 Dei:
3441 3931 3583 3989 indi-

1993 4047 2137 4111 geat.
2164 4036 2299 4093 illud
2326 4035 2473 4107 quod
2509 4034 2564 4090 in
2588 4032 2816 4089 Cantico
2839 4046 2986 4102 sarpe
3010 4036 3262 4087 cantatur
3284 4044 3317 4083 a
3348 4041 3581 4098 sponsa:

1999 4151 2018 4185 ι
2036 4128 2341 4187 Eratruelis
2352 4142 2505 4183 meus
2525 4123 2792 4199 (Camn),
2817 4143 2836 4176 ι
2854 4123 2907 4178 id
2921 4130 3024 4189 est,
3041 4121 3068 4179 ὃ
3087 4118 3367 4195 ἀδιλφῶόος
3386 4125 3509 4192 poi,
3528 4118 3584 4173 in

1994 4220 2223 4279 Hebraeo
2249 4226 2363 4281 t'm
2393 4218 2612 4274 dicitur.
2641 4215 2784 4287 Ergo
2818 4229 2929 4270 non
2949 4211 3247 4278 fratruelis,
3275 4210 3371 4267 sed
3388 4209 3586 4287 πατρά-

316 4328 337 4363 ‹
360 4326 481 4380 μεθ
509 4311 722 4373 visitem
760 4328 925 4379 eum,
952 4313 1030 4369 ait
1056 4313 1336 4371 Dominus.
1367 4311 1522 4380 Quod
1550 4312 1598 4371 si
1624 4326 1896 4385 pugnave—
1996 4312 2282 4387 63190;,“
2311 4319 2413 4378 est,
2455 4308 2715 4382 patruelis
2764 4307 3024 4365 dicendus
3052 4313 3157 4362 est.
3188 4304 3377 4360 Fuisse
3405 4309 3586 4358 autem

315 4402 502 4483 utilis
527 4410 720 4461 contra
740 4402 1053 4471 Chaldaeos,
1066 4404 1203 4465 nihil
1221 4418 1541 4475 prosperum
1567 4403 1890 4467 habebitis.»
1996 4402 2290 4463 Jeremiam
2314 4403 2481 4459 ﬁlium
2505 4400 2742 4461 Helchia:
2766 4400 2836 4457 de
2873 4397 3269 4465 sacerdotibus,
3302 4395 3397 4468 qui
3427 4402 3586 4452 erant

314 4492 506 4563 «Illaec
533 4502 659 4549 erat
676 4509 844 4551 causa
872 4494 969 4549 irae
996 4494 1187 4566 regiae,
1224 4508 1395 4566 quare
1431 4494 1720 4564 pmferret
1739 4508 1895 4553 men-
1917 4499 2053 4567 __.~in
2071 4499 2315 4555 Anathot
2358 4498 2415 4553 in
2462 4505 2609 4553 terra
2646 4493 2957 4567 Beniamin,
2996 4501 3055 4550 et
3087 4489 3382 4550 voluminis
3424 4487 3589 4561 hujus

1998 4601 2231 4650 testatur
2261 4591 2568 4650 exordium.
2765 4619 2771 4628 ι
3115 4603 3121 4633 ς
3214 4604 3221 4615 ς-

504 4585 811 4651 veritatem,
840 4592 913 4649 et.
955 4556 1086 4640 tam.
1106 4556 1298 4643 urbem
1329 4556 1686 4652 Hierusalem,
1713 4601 1893 4657 quam
1917 4556 1973 4618 D

311 4677 593 4757 Sedeciam
626 4690 809 4751 regem
842 4677 1063 4737 diceret
1101 4692 1222 4735 esse
1246 4678 1611 4751 capiendum,
1644 4679 1896 4751 quodque

311 4770 535 4843 gravius.
551 4778 658 4837 est,
687 4771 933 4836 visurum
965 4786 1088 4829 eum
1113 4785 1210 4827 ora
1235 4771 1380 4843 regis
1404 4770 1711 4844 Babylonis,
1737 4780 1794 4827 et
1816 4771 1898 4827 lo-

312 4871 565 4931 cuturum
610 4863 871 4925 humilem
924 4874 1088 4935 atque
1115 4865 1389 4937 captivum
1410 4905 1427 4933 ,
1455 4864 1897 4937 impotentissimi

312 4953 458 5025 regis
482 4952 712 5017 insania.
756 4952 988 5012 Gravior
1013 4955 1159 5014 enim
1186 4963 1363 5019 terror
1390 4964 1476 5012 est
1500 4957 1685 5014 videre
1733 4971 1897 5027 quem
1914 4970 1929 4979 ’-

252 5046 253 5049 “
314 5045 531 5123 timeas,
559 5054 617 5114 et
642 5054 768 5107 ante
784 5046 1224 5120 :increpationem
1244 5050 1747 5121 verborum,.quam
1781 5062 1900 5122 pm-

313 5152 505 5207 narum
527 5139 799 5201 sustinere
825 5140 1153 5201 cruciatum.
1184 5158 1207 5197 t
1236 5140 1307 5211 Et
1340 5140 1396 5197 in
1416 5140 1769 5214 Babylonem,
1808 5141 1897 5197 in-

313 5232 455 5303 quit,
478 5234 639 5295 ducet
666 5233 1049 5301 Sede‘ciam,et
1076 5234 1169 5291 libi
1217 5235 1347 5292 erit:
1370 5253 1389 5287 ι
1422 5250 1521 5306 pro
1540 5250 1657 5307 qua
1673 5234 1901 5307 Septua-

314 5325 469 5399 ginta
510 5328 944 5387 transtulerunt:
992 5346 1012 5381 ι
1051 5327 1139 5385 Et
1163 5328 1218 5384 in
1255 5327 1596 5401 Babylonem
1634 5328 1905 5400 ingredle~

317 5425 432 5486 tum
458 5437 483 5485 ε
518 5420 1296 5489 (tuorumaiterum’invitum
1327 5420 1473 5476 trahi
1497 5420 1778 5476 :--aiterum‘
1802 5434 1915 5476 vo-r

316 5506 525 5567 luntate
562 5524 793 5581 peregre
834 5512 1124 5583 signiﬁcat.
1169 5524 1192 5563 4‘
1228 5512 1295 5567 Et
1330 5512 1425 5579 ibi,
1455 5512 1652 5581 inquit,
1695 5512 1839 5568 erit:
1870 5532 1890 5567 ι

315 5598 547 5657 verbum
568 5602 720 5671 ponit
764 5603 1094 5673 atnbiguum,
1142 5620 1211 5659 nc
1245 5604 1494 5659 videatur
1520 5604 1815 5671 cruciatus,
1842 5612 1898 5661 et

315 5691 564 5748 tttiset‘ia‘s
607 5693 949 5764 prophetare.
1008 5693 1268 5765 Quodque
1325 5696 1612 5766 sequitur:
1665 5716 1684 5749 ι
1714 5696 1895 5753 Donec

316 5784 530 5844 visitem
557 5800 702 5856 eum,
733 5785 810 5843 ait
839 5784 1098 5848 Dominus
1149 5786 1215 5842 Et
1238 5786 1282 5845 si
1312 5787 1678 5857 pugnaveritis
1706 5789 1897 5846 adver-

2040 4703 2095 4738 ~l
2139 4685 2210 4740 Et
2246 4683 2398 4739 venit
2436 4683 2516 4737 ad
2548 4695 2637 4736 me
2681 4677 2983 4735 Anamehel
3037 4676 3179 4732 filius
3224 4672 3406 4745 patrui
3452 4669 3583 4738 mei,

2005 4795 2025 4829 ι
2070 4775 2365 4832 secundum
2406 4773 2631 4829 verbum
2659 4769 2926 4836 Domini,
2975 4768 3044 4823 ad
3080 4763 3407 4822 vestibulum
3458 4760 3614 4834 (sive

2004 4885 2025 4919 ε
2071 4864 2320 4937 atrium)
2377 4863 2639 4929 carceris,
2690 4869 2747 4918 et
2779 4860 2859 4923 ait
2902 4859 2974 4915 ad
3018 4873 3147 4914 me:
3188 4853 3414 4912 Posside
3459 4852 3587 4925 (sive

2006 4979 2025 5014 ι
2070 4960 2211 5032 eme)
2251 4973 2443 5031 agrum
2480 4971 2687 5024 meum,
2727 4954 2827 5026 qui
2853 4960 2940 5010 est
2966 4952 3025 5009 in
3054 4950 3296 5007 Anathot
3336 4947 3393 5004 in
3440 4957 3586 5002 terra

2005 5071 2025 5106 ε
2068 5050 2391 5122 Beniamin:
2417 5051 2547 5122 quia
2570 5049 2666 5105 tibi
2691 5047 2949 5120 competit
2971 5044 3267 5103 hereditas
3288 5048 3347 5098 et
3370 5048 3426 5097 tu
3455 5052 3587 5112 pro-

2005 5165 2025 5201 ‹
2069 5146 2303 5217 pinquus
2323 5160 2384 5201 es
2405 5154 2466 5200 ut
2482 5143 2760 5216 possideas
2771 5140 2900 5215 (sive
2922 5136 3149 5210 emas)»
3166 5135 3320 5205 Quod
3343 5133 3583 5189 futurum

1997 5238 2278 5311 prophetae
2324 5237 2552 5293 verbum
2583 5234 2798 5290 Domini
2834 5231 3143 5297 nuntiarat,
3193 5229 3375 5286 statim
3422 5238 3587 5297 opere

2000 5330 2326 5401 completum
2354 5333 2476 5384 est.
2529 5325 2777 5390 LVeuit,
2806 5324 3003 5395 inquit,
3046 5322 3115 5379 ad
3150 5335 3249 5377 :me
3284 5315 3584 5375 Anameltel

2000 5424 2174 5495 gratia
2202 5421 2496 5488 Dei,.fllius
2518 5418 2704 5491 patrui
2722 5417 2858 5483 mei,
2898 5437 2917 5470 ι
2953 5417 3060 5473 hoc
3084 5422 3191 5482 est,
3226 5412 3371 5483 [ilius
3406 5410 3585 5483 pacis:

1997 5513 2377 5568 venitrautem
2423 5530 2443 5563 ι
2499 5510 2554 5565 in
2593 5508 2866 5565 vestibulo
2912 5506 3149 5563 carceris
3192 5522 3207 5560 :
3247 5503 3491 5573 dixitque
3515 5498 3585 5557 ad

1997 5620 2084 5661 me
2104 5624 2125 5658 ι
2146 5618 2213 5660 ea
2232 5617 2353 5675 quae
2371 5602 2629 5657 Dominus
2650 5600 2719 5655 ab
2746 5614 2812 5656 eo
2845 5598 3068 5675 dicenda
3088 5596 3430 5669 praedixerat.
3443 5592 3587 5662 Ager

1997 5705 2177 5752 autem
2226 5695 2328 5751 iste
2386 5694 2759 5760 sacerdotalis,
2789 5693 2942 5764 cujus
2994 5690 3198 5762 emptio
3244 5698 3407 5758 atque
3458 5696 3587 5755 pos-

1996 5788 2168 5848 sessio
2201 5784 2449 5844 Jeremize
2472 5784 2836 5855 deferebatur,
2867 5785 2921 5841 in
2949 5784 3191 5840 Anathot
3222 5786 3324 5847 est,
3353 5778 3409 5833 in
3437 5782 3589 5835 terra
