  <div class='ocr_page' id='page_1' title='image "/cluster/home/n/w/nwhite01/storage/ocr_20150623/111/hvd.32044009716333/534.png"; bbox 0 0 4044 6326; ppageno 0'>
   <div class='ocr_carea' id='block_1_1' title="bbox 362 380 502 448">
    <p class='ocr_par' dir='ltr' id='par_1_1' title="bbox 362 380 502 448">
     <span class='ocr_line' id='line_1_1' title="bbox 362 380 502 448; baseline 0 0"><span class='ocrx_word' id='word_1_1' title='bbox 362 380 502 448; x_wconf 65' lang='lat' dir='ltr'><strong>m</strong></span> 
     </span>
    </p>
   </div>
   <div class='ocr_carea' id='block_1_2' title="bbox 1272 384 2734 447">
    <p class='ocr_par' dir='ltr' id='par_1_2' title="bbox 1272 384 2734 447">
     <span class='ocr_line' id='line_1_2' title="bbox 1272 384 2734 447; baseline 0.002 -3"><span class='ocrx_word' id='word_1_2' title='bbox 1272 384 1632 446; x_wconf 75' lang='lat' dir='ltr'><strong>EXPOSITIO</strong></span> <span class='ocrx_word' id='word_1_3' title='bbox 1669 386 1894 446; x_wconf 84' lang='lat' dir='ltr'><strong>SUPER</strong></span> <span class='ocrx_word' id='word_1_4' title='bbox 1932 386 2302 445; x_wconf 75' lang='lat' dir='ltr'><strong>JEREMIAM.</strong></span> <span class='ocrx_word' id='word_1_5' title='bbox 2342 416 2414 431; x_wconf 81' lang='lat'><strong>-—-</strong></span> <span class='ocrx_word' id='word_1_6' title='bbox 2447 389 2574 446; x_wconf 87' lang='lat' dir='ltr'><strong>LIB.</strong></span> <span class='ocrx_word' id='word_1_7' title='bbox 2617 388 2734 447; x_wconf 81' lang='lat' dir='ltr'><strong>XII.</strong></span> 
     </span>
    </p>
   </div>
   <div class='ocr_carea' id='block_1_3' title="bbox 3484 388 3622 444">
    <p class='ocr_par' dir='ltr' id='par_1_3' title="bbox 3484 388 3622 444">
     <span class='ocr_line' id='line_1_3' title="bbox 3484 388 3622 444; baseline 0 0"><span class='ocrx_word' id='word_1_8' title='bbox 3484 388 3622 444; x_wconf 68' lang='lat' dir='ltr'><strong>l054</strong></span> 
     </span>
    </p>
   </div>
   <div class='ocr_carea' id='block_1_4' title="bbox 366 479 3619 554">
    <p class='ocr_par' dir='ltr' id='par_1_4' title="bbox 366 479 3619 554">
     <span class='ocr_line' id='line_1_4' title="bbox 366 479 3619 554; baseline -0.002 -16"><span class='ocrx_word' id='word_1_9' title='bbox 366 499 397 538; x_wconf 73' lang='grc' dir='ltr'><strong><em>ι</em></strong></span> <span class='ocrx_word' id='word_1_10' title='bbox 431 494 620 537; x_wconf 86' lang='lat' dir='ltr'><strong>eorum</strong></span> <span class='ocrx_word' id='word_1_11' title='bbox 669 489 795 551; x_wconf 85' lang='lat' dir='ltr'><strong>post</strong></span> <span class='ocrx_word' id='word_1_12' title='bbox 851 494 963 538; x_wconf 86' lang='lat' dir='ltr'><strong>eos.</strong></span> <span class='ocrx_word' id='word_1_13' title='bbox 1022 480 1340 537; x_wconf 70' lang='lat' dir='ltr'><strong>Fortissime</strong></span> <span class='ocrx_word' id='word_1_14' title='bbox 1362 522 1376 545; x_wconf 92' lang='lat'><strong>,</strong></span> <span class='ocrx_word' id='word_1_15' title='bbox 1446 496 1641 553; x_wconf 80' lang='lat' dir='ltr'><strong>magne</strong></span> <span class='ocrx_word' id='word_1_16' title='bbox 1666 521 1681 547; x_wconf 91' lang='lat'><strong>,</strong></span> <span class='ocrx_word' id='word_1_17' title='bbox 1753 488 1946 551; x_wconf 89' lang='lat' dir='ltr'><strong>potens</strong></span> <span class='ocrx_word' id='word_1_18' title='bbox 1978 482 2034 544; x_wconf 78' lang='grc' dir='ltr'>Α</span> <span class='ocrx_word' id='word_1_19' title='bbox 2057 481 2623 551; x_wconf 77' lang='lat' dir='ltr'><strong>manifestavinomen</strong></span> <span class='ocrx_word' id='word_1_20' title='bbox 2658 492 2810 535; x_wconf 90' lang='lat' dir='ltr'><strong>tuum</strong></span> <span class='ocrx_word' id='word_1_21' title='bbox 2839 480 3147 537; x_wconf 86' lang='lat' dir='ltr'><strong>hominibus</strong></span> <span class='ocrx_word' id='word_1_22' title='bbox 3184 479 3367 554; x_wconf 64' lang='lat' dir='ltr'><strong>(loco.</strong></span> <span class='ocrx_word' id='word_1_23' title='bbox 3406 482 3561 553; x_wconf 84' lang='lat' dir='ltr'><strong>xvn).</strong></span> <span class='ocrx_word' id='word_1_24' title='bbox 3600 500 3619 533; x_wconf 74' lang='grc' dir='ltr'><strong>ο</strong></span> 
     </span>
    </p>
   </div>
   <div class='ocr_carea' id='block_1_5' title="bbox 368 570 1939 648">
    <p class='ocr_par' dir='ltr' id='par_1_5' title="bbox 368 570 1939 648">
     <span class='ocr_line' id='line_1_5' title="bbox 368 570 1939 648; baseline -0.001 -20"><span class='ocrx_word' id='word_1_25' title='bbox 368 591 395 628; x_wconf 79' lang='lat'><strong>¢</strong></span> <span class='ocrx_word' id='word_1_26' title='bbox 432 573 594 648; x_wconf 67' lang='lat' dir='ltr'><strong>(quod</strong></span> <span class='ocrx_word' id='word_1_27' title='bbox 632 570 886 628; x_wconf 55' lang='grc' dir='ltr'><strong>Βαναία</strong></span> <span class='ocrx_word' id='word_1_28' title='bbox 908 572 1101 627; x_wconf 71' lang='lat' dir='ltr'><strong>dicim-</strong></span> <span class='ocrx_word' id='word_1_29' title='bbox 1120 572 1295 645; x_wconf 60' lang='grc' dir='ltr'><strong>πολ)</strong></span> <span class='ocrx_word' id='word_1_30' title='bbox 1327 573 1587 628; x_wconf 82' lang='lat' dir='ltr'><strong>Dominus</strong></span> <span class='ocrx_word' id='word_1_31' title='bbox 1606 572 1939 627; x_wconf 77' lang='lat' dir='ltr'><strong>exercituum</strong></span> 
     </span>
    </p>
   </div>
   <div class='ocr_carea' id='block_1_6' title="bbox 368 661 1941 736">
    <p class='ocr_par' dir='ltr' id='par_1_6' title="bbox 368 661 1941 736">
     <span class='ocr_line' id='line_1_6' title="bbox 368 661 1941 736; baseline -0.001 -18"><span class='ocrx_word' id='word_1_32' title='bbox 368 682 393 718; x_wconf 70' lang='grc' dir='ltr'><strong><em>ι</em></strong></span> <span class='ocrx_word' id='word_1_33' title='bbox 452 663 585 736; x_wconf 71' lang='lat' dir='ltr'><strong>(sive</strong></span> <span class='ocrx_word' id='word_1_34' title='bbox 623 663 905 735; x_wconf 77' lang='lat' dir='ltr'><strong>virtutum)</strong></span> <span class='ocrx_word' id='word_1_35' title='bbox 946 677 1145 719; x_wconf 82' lang='lat' dir='ltr'><strong>nomen</strong></span> <span class='ocrx_word' id='word_1_36' title='bbox 1199 663 1316 717; x_wconf 81' lang='lat' dir='ltr'><strong>tibi.</strong></span> <span class='ocrx_word' id='word_1_37' title='bbox 1368 661 1595 733; x_wconf 77' lang='lat' dir='ltr'><strong>Magnus</strong></span> <span class='ocrx_word' id='word_1_38' title='bbox 1627 662 1855 718; x_wconf 77' lang='lat' dir='ltr'><strong>consilio</strong></span> <span class='ocrx_word' id='word_1_39' title='bbox 1885 671 1941 717; x_wconf 91' lang='lat' dir='ltr'><strong>et</strong></span> 
     </span>
    </p>
   </div>
   <div class='ocr_carea' id='block_1_7' title="bbox 360 751 1941 828">
    <p class='ocr_par' dir='ltr' id='par_1_7' title="bbox 360 751 1941 828">
     <span class='ocr_line' id='line_1_7' title="bbox 360 751 1941 828; baseline 0 -19"><span class='ocrx_word' id='word_1_40' title='bbox 360 776 391 809; x_wconf 63' lang='grc'><strong><em>4</em></strong></span> <span class='ocrx_word' id='word_1_41' title='bbox 435 755 997 828; x_wconf 79' lang='lat' dir='ltr'><strong>incomprehensibilis</strong></span> <span class='ocrx_word' id='word_1_42' title='bbox 1039 753 1305 825; x_wconf 83' lang='lat' dir='ltr'><strong>cogitatu,</strong></span> <span class='ocrx_word' id='word_1_43' title='bbox 1374 751 1530 822; x_wconf 85' lang='lat' dir='ltr'><strong>cujus</strong></span> <span class='ocrx_word' id='word_1_44' title='bbox 1580 753 1721 810; x_wconf 82' lang='lat' dir='ltr'><strong>oeuli</strong></span> <span class='ocrx_word' id='word_1_45' title='bbox 1769 754 1941 824; x_wconf 74' lang='lat' dir='ltr'><strong>aperti</strong></span> 
     </span>
    </p>
   </div>
   <div class='ocr_carea' id='block_1_8' title="bbox 369 843 1941 920">
    <p class='ocr_par' dir='ltr' id='par_1_8' title="bbox 369 843 1941 920">
     <span class='ocr_line' id='line_1_8' title="bbox 369 843 1941 920; baseline -0.002 -18"><span class='ocrx_word' id='word_1_46' title='bbox 369 867 390 902; x_wconf 72' lang='grc' dir='ltr'><strong><em>ο</em></strong></span> <span class='ocrx_word' id='word_1_47' title='bbox 432 856 562 905; x_wconf 84' lang='lat' dir='ltr'><strong>sunt</strong></span> <span class='ocrx_word' id='word_1_48' title='bbox 604 863 767 920; x_wconf 88' lang='lat' dir='ltr'><strong>super</strong></span> <span class='ocrx_word' id='word_1_49' title='bbox 792 860 982 903; x_wconf 87' lang='lat' dir='ltr'><strong>omnes</strong></span> <span class='ocrx_word' id='word_1_50' title='bbox 1007 845 1127 900; x_wconf 83' lang='lat' dir='ltr'><strong>vias</strong></span> <span class='ocrx_word' id='word_1_51' title='bbox 1151 845 1385 899; x_wconf 72' lang='lat' dir='ltr'><strong>filiorum</strong></span> <span class='ocrx_word' id='word_1_52' title='bbox 1410 843 1585 899; x_wconf 72' lang='lat' dir='ltr'><strong>Adam</strong></span> <span class='ocrx_word' id='word_1_53' title='bbox 1614 845 1743 916; x_wconf 70' lang='lat' dir='ltr'><strong>(sive</strong></span> <span class='ocrx_word' id='word_1_54' title='bbox 1766 845 1941 900; x_wconf 85' lang='lat' dir='ltr'><strong>homi-</strong></span> 
     </span>
    </p>
   </div>
   <div class='ocr_carea' id='block_1_9' title="bbox 369 938 1943 1010">
    <p class='ocr_par' dir='ltr' id='par_1_9' title="bbox 369 938 1943 1010">
     <span class='ocr_line' id='line_1_9' title="bbox 369 938 1943 1010; baseline 0.002 -19"><span class='ocrx_word' id='word_1_55' title='bbox 369 957 392 991; x_wconf 72' lang='grc' dir='ltr'>ι</span> <span class='ocrx_word' id='word_1_56' title='bbox 432 939 607 1010; x_wconf 89' lang='lat' dir='ltr'><strong>num),</strong></span> <span class='ocrx_word' id='word_1_57' title='bbox 629 948 692 995; x_wconf 82' lang='lat' dir='ltr'><strong>ut</strong></span> <span class='ocrx_word' id='word_1_58' title='bbox 719 939 917 995; x_wconf 80' lang='lat' dir='ltr'><strong>reddas</strong></span> <span class='ocrx_word' id='word_1_59' title='bbox 940 938 1229 1007; x_wconf 83' lang='lat' dir='ltr'><strong>unicuique</strong></span> <span class='ocrx_word' id='word_1_60' title='bbox 1249 939 1542 994; x_wconf 77' lang='lat' dir='ltr'><strong>secundum</strong></span> <span class='ocrx_word' id='word_1_61' title='bbox 1572 939 1693 993; x_wconf 85' lang='lat' dir='ltr'><strong>vias</strong></span> <span class='ocrx_word' id='word_1_62' title='bbox 1709 953 1855 1003; x_wconf 85' lang='lat' dir='ltr'><strong>suas,</strong></span> <span class='ocrx_word' id='word_1_63' title='bbox 1887 948 1943 994; x_wconf 87' lang='lat' dir='ltr'><strong>et</strong></span> 
     </span>
    </p>
   </div>
   <div class='ocr_carea' id='block_1_10' title="bbox 369 1030 1944 1088">
    <p class='ocr_par' dir='ltr' id='par_1_10' title="bbox 369 1030 1944 1088">
     <span class='ocr_line' id='line_1_10' title="bbox 369 1030 1944 1088; baseline 0.002 -4"><span class='ocrx_word' id='word_1_64' title='bbox 369 1050 393 1084; x_wconf 83' lang='grc'><em>‹</em></span> <span class='ocrx_word' id='word_1_65' title='bbox 435 1033 729 1088; x_wconf 82' lang='lat' dir='ltr'><strong>secundum</strong></span> <span class='ocrx_word' id='word_1_66' title='bbox 756 1031 991 1087; x_wconf 81' lang='lat' dir='ltr'><strong>fructum</strong></span> <span class='ocrx_word' id='word_1_67' title='bbox 1011 1030 1455 1088; x_wconf 75' lang='lat' dir='ltr'><strong>adinventionum</strong></span> <span class='ocrx_word' id='word_1_68' title='bbox 1484 1047 1727 1087; x_wconf 67' lang='lat' dir='ltr'><strong>suarum.</strong></span> <span class='ocrx_word' id='word_1_69' title='bbox 1766 1053 1786 1085; x_wconf 74' lang='grc' dir='ltr'><strong><em>ι</em></strong></span> <span class='ocrx_word' id='word_1_70' title='bbox 1814 1032 1944 1088; x_wconf 88' lang='lat' dir='ltr'><strong>Post</strong></span> 
     </span>
    </p>
   </div>
   <div class='ocr_carea' id='block_1_11' title="bbox 358 1124 1942 1198">
    <p class='ocr_par' dir='ltr' id='par_1_11' title="bbox 358 1124 1942 1198">
     <span class='ocr_line' id='line_1_11' title="bbox 358 1124 1942 1198; baseline -0.003 -16"><span class='ocrx_word' id='word_1_71' title='bbox 358 1128 692 1196; x_wconf 77' lang='lat' dir='ltr'><strong>emptionem</strong></span> <span class='ocrx_word' id='word_1_72' title='bbox 714 1126 829 1198; x_wconf 84' lang='lat' dir='ltr'><strong>agri</strong></span> <span class='ocrx_word' id='word_1_73' title='bbox 855 1124 982 1195; x_wconf 83' lang='lat' dir='ltr'><strong>jure</strong></span> <span class='ocrx_word' id='word_1_74' title='bbox 1006 1126 1355 1189; x_wconf 72' lang='lat' dir='ltr'><strong>celebratam,</strong></span> <span class='ocrx_word' id='word_1_75' title='bbox 1387 1134 1443 1180; x_wconf 89' lang='lat' dir='ltr'><strong>et</strong></span> <span class='ocrx_word' id='word_1_76' title='bbox 1467 1133 1595 1195; x_wconf 87' lang='lat' dir='ltr'><strong>post</strong></span> <span class='ocrx_word' id='word_1_77' title='bbox 1619 1124 1942 1179; x_wconf 79' lang='lat' dir='ltr'><strong>sententiam</strong></span> 
     </span>
    </p>
   </div>
   <div class='ocr_carea' id='block_1_12' title="bbox 364 1215 1944 1288">
    <p class='ocr_par' dir='ltr' id='par_1_12' title="bbox 364 1215 1944 1288">
     <span class='ocr_line' id='line_1_12' title="bbox 364 1215 1944 1288; baseline -0.002 -16"><span class='ocrx_word' id='word_1_78' title='bbox 364 1216 597 1282; x_wconf 86' lang='lat' dir='ltr'><strong>Domini,</strong></span> <span class='ocrx_word' id='word_1_79' title='bbox 645 1233 749 1288; x_wconf 86' lang='lat' dir='ltr'><strong>qua</strong></span> <span class='ocrx_word' id='word_1_80' title='bbox 798 1216 1069 1288; x_wconf 78' lang='lat' dir='ltr'><strong>pollicitus</strong></span> <span class='ocrx_word' id='word_1_81' title='bbox 1092 1225 1176 1272; x_wconf 88' lang='lat' dir='ltr'><strong>est</strong></span> <span class='ocrx_word' id='word_1_82' title='bbox 1201 1217 1410 1280; x_wconf 72' lang='lat' dir='ltr'><strong>domos,</strong></span> <span class='ocrx_word' id='word_1_83' title='bbox 1456 1230 1635 1286; x_wconf 77' lang='lat' dir='ltr'><strong>agros,</strong></span> <span class='ocrx_word' id='word_1_84' title='bbox 1672 1224 1729 1270; x_wconf 89' lang='lat' dir='ltr'><strong>et</strong></span> <span class='ocrx_word' id='word_1_85' title='bbox 1757 1215 1944 1270; x_wconf 85' lang='lat' dir='ltr'><strong>vineas</strong></span> 
     </span>
    </p>
   </div>
   <div class='ocr_carea' id='block_1_13' title="bbox 363 1305 1941 1380">
    <p class='ocr_par' dir='ltr' id='par_1_13' title="bbox 363 1305 1941 1380">
     <span class='ocr_line' id='line_1_13' title="bbox 363 1305 1941 1380; baseline -0.003 -17"><span class='ocrx_word' id='word_1_86' title='bbox 363 1309 619 1379; x_wconf 82' lang='lat' dir='ltr'><strong>deinceps</strong></span> <span class='ocrx_word' id='word_1_87' title='bbox 650 1308 1003 1380; x_wconf 85' lang='lat' dir='ltr'><strong>possidendus</strong></span> <span class='ocrx_word' id='word_1_88' title='bbox 1033 1326 1046 1362; x_wconf 90' lang='lat'><strong>:</strong></span> <span class='ocrx_word' id='word_1_89' title='bbox 1093 1318 1214 1363; x_wconf 85' lang='lat' dir='ltr'><strong>orat</strong></span> <span class='ocrx_word' id='word_1_90' title='bbox 1241 1308 1505 1379; x_wconf 81' lang='lat' dir='ltr'><strong>propheta</strong></span> <span class='ocrx_word' id='word_1_91' title='bbox 1536 1307 1605 1362; x_wconf 90' lang='lat' dir='ltr'><strong>ad</strong></span> <span class='ocrx_word' id='word_1_92' title='bbox 1633 1305 1941 1371; x_wconf 82' lang='lat' dir='ltr'><strong>Dominum,</strong></span> 
     </span>
    </p>
   </div>
   <div class='ocr_carea' id='block_1_14' title="bbox 364 1396 1944 1471">
    <p class='ocr_par' dir='ltr' id='par_1_14' title="bbox 364 1396 1944 1471">
     <span class='ocr_line' id='line_1_14' title="bbox 364 1396 1944 1471; baseline -0.003 -16"><span class='ocrx_word' id='word_1_93' title='bbox 364 1401 683 1456; x_wconf 51' lang='lat' dir='ltr'><strong>etrdolorem</strong></span> <span class='ocrx_word' id='word_1_94' title='bbox 708 1401 999 1471; x_wconf 78' lang='lat' dir='ltr'><strong>gemitibus</strong></span> <span class='ocrx_word' id='word_1_95' title='bbox 1029 1399 1288 1470; x_wconf 82' lang='lat' dir='ltr'><strong>exprimit</strong></span> <span class='ocrx_word' id='word_1_96' title='bbox 1310 1399 1531 1454; x_wconf 84' lang='lat' dir='ltr'><strong>dicens:</strong></span> <span class='ocrx_word' id='word_1_97' title='bbox 1576 1415 1597 1449; x_wconf 71' lang='grc' dir='ltr'><strong>ς</strong></span> <span class='ocrx_word' id='word_1_98' title='bbox 1654 1396 1792 1462; x_wconf 80' lang='lat' dir='ltr'><strong>lien,</strong></span> <span class='ocrx_word' id='word_1_99' title='bbox 1817 1397 1944 1460; x_wconf 83' lang='lat' dir='ltr'><strong>heu,</strong></span> 
     </span>
    </p>
   </div>
   <div class='ocr_carea' id='block_1_15' title="bbox 362 1486 1949 1559">
    <p class='ocr_par' dir='ltr' id='par_1_15' title="bbox 362 1486 1949 1559">
     <span class='ocr_line' id='line_1_15' title="bbox 362 1486 1949 1559; baseline -0.004 -13"><span class='ocrx_word' id='word_1_100' title='bbox 362 1490 491 1555; x_wconf 87' lang='lat' dir='ltr'><strong>heu,</strong></span> <span class='ocrx_word' id='word_1_101' title='bbox 536 1491 761 1545; x_wconf 81' lang='lat' dir='ltr'><strong>Domine</strong></span> <span class='ocrx_word' id='word_1_102' title='bbox 807 1491 991 1555; x_wconf 85' lang='lat' dir='ltr'><strong>Deus;</strong></span> <span class='ocrx_word' id='word_1_103' title='bbox 1036 1509 1061 1542; x_wconf 83' lang='grc'><strong>›</strong></span> <span class='ocrx_word' id='word_1_104' title='bbox 1109 1504 1209 1559; x_wconf 77' lang='lat' dir='ltr'><strong>pro</strong></span> <span class='ocrx_word' id='word_1_105' title='bbox 1248 1486 1736 1559; x_wconf 83' lang='lat' dir='ltr'><strong>quoSeptuaginta</strong></span> <span class='ocrx_word' id='word_1_106' title='bbox 1770 1493 1949 1539; x_wconf 86' lang='lat' dir='ltr'><strong>trans-</strong></span> 
     </span>
    </p>
   </div>
   <div class='ocr_carea' id='block_1_16' title="bbox 366 1572 1946 1649">
    <p class='ocr_par' dir='ltr' id='par_1_16' title="bbox 366 1572 1946 1649">
     <span class='ocr_line' id='line_1_16' title="bbox 366 1572 1946 1649; baseline -0.003 -16"><span class='ocrx_word' id='word_1_107' title='bbox 366 1580 627 1644; x_wconf 89' lang='lat' dir='ltr'><strong>tulerunt,</strong></span> <span class='ocrx_word' id='word_1_108' title='bbox 658 1580 687 1636; x_wconf 82' lang='grc' dir='ltr'>ὁ</span> <span class='ocrx_word' id='word_1_109' title='bbox 713 1581 799 1643; x_wconf 74' lang='grc' dir='ltr'><strong>ὧν,</strong></span> <span class='ocrx_word' id='word_1_110' title='bbox 833 1580 886 1633; x_wconf 87' lang='lat' dir='ltr'><strong>id</strong></span> <span class='ocrx_word' id='word_1_111' title='bbox 916 1586 1020 1643; x_wconf 91' lang='lat' dir='ltr'><strong>est,</strong></span> <span class='ocrx_word' id='word_1_112' title='bbox 1058 1579 1256 1649; x_wconf 80' lang='lat' dir='ltr'><strong>quies,</strong></span> <span class='ocrx_word' id='word_1_113' title='bbox 1299 1578 1546 1641; x_wconf 72' lang='lat' dir='ltr'><strong>Domine,</strong></span> <span class='ocrx_word' id='word_1_114' title='bbox 1581 1577 1745 1640; x_wconf 88' lang='lat' dir='ltr'><strong>Dens,</strong></span> <span class='ocrx_word' id='word_1_115' title='bbox 1792 1572 1946 1642; x_wconf 73' lang='lat' dir='ltr'><strong>juxta</strong></span> 
     </span>
    </p>
   </div>
   <div class='ocr_carea' id='block_1_17' title="bbox 365 1666 1944 1742">
    <p class='ocr_par' dir='ltr' id='par_1_17' title="bbox 365 1666 1944 1742">
     <span class='ocr_line' id='line_1_17' title="bbox 365 1666 1944 1742; baseline -0.006 -13"><span class='ocrx_word' id='word_1_116' title='bbox 365 1673 498 1729; x_wconf 90' lang='lat' dir='ltr'><strong>illud</strong></span> <span class='ocrx_word' id='word_1_117' title='bbox 519 1674 665 1742; x_wconf 62' lang='lat' dir='ltr'><strong>qud</strong></span> <span class='ocrx_word' id='word_1_118' title='bbox 680 1672 849 1742; x_wconf 64' lang='lat' dir='ltr'><strong>Moysi</strong></span> <span class='ocrx_word' id='word_1_119' title='bbox 872 1671 1070 1727; x_wconf 89' lang='lat' dir='ltr'><strong>dicitur</strong></span> <span class='ocrx_word' id='word_1_120' title='bbox 1099 1689 1113 1725; x_wconf 91' lang='lat'><strong>:</strong></span> <span class='ocrx_word' id='word_1_121' title='bbox 1147 1691 1167 1722; x_wconf 70' lang='grc' dir='ltr'><strong><em>ι</em></strong></span> <span class='ocrx_word' id='word_1_122' title='bbox 1206 1669 1385 1735; x_wconf 62' lang='grc' dir='ltr'><strong>νεὼν</strong></span> <span class='ocrx_word' id='word_1_123' title='bbox 1406 1670 1493 1724; x_wconf 92' lang='lat' dir='ltr'><strong>dic</strong></span> <span class='ocrx_word' id='word_1_124' title='bbox 1518 1666 1900 1740; x_wconf 69' lang='lat' dir='ltr'><strong>populodsrael</strong></span> <span class='ocrx_word' id='word_1_125' title='bbox 1928 1683 1944 1720; x_wconf 90' lang='lat'><strong>:</strong></span> 
     </span>
    </p>
   </div>
   <div class='ocr_carea' id='block_1_18' title="bbox 362 1755 1943 1833">
    <p class='ocr_par' dir='ltr' id='par_1_18' title="bbox 362 1755 1943 1833">
     <span class='ocr_line' id='line_1_18' title="bbox 362 1755 1943 1833; baseline -0.005 -15"><span class='ocrx_word' id='word_1_126' title='bbox 362 1763 467 1831; x_wconf 70' lang='lat' dir='ltr'><strong>Qui</strong></span> <span class='ocrx_word' id='word_1_127' title='bbox 490 1773 573 1817; x_wconf 87' lang='lat' dir='ltr'><strong>est</strong></span> <span class='ocrx_word' id='word_1_128' title='bbox 594 1762 743 1818; x_wconf 83' lang='lat' dir='ltr'><strong>misit</strong></span> <span class='ocrx_word' id='word_1_129' title='bbox 765 1776 852 1817; x_wconf 87' lang='lat' dir='ltr'><strong>me</strong></span> <span class='ocrx_word' id='word_1_130' title='bbox 880 1761 1073 1833; x_wconf 67' lang='lat' dir='ltr'><strong>(Exod.</strong></span> <span class='ocrx_word' id='word_1_131' title='bbox 1092 1761 1196 1828; x_wconf 85' lang='lat' dir='ltr'><strong>ut).</strong></span> <span class='ocrx_word' id='word_1_132' title='bbox 1235 1779 1253 1811; x_wconf 73' lang='grc' dir='ltr'><strong><em>ι</em></strong></span> <span class='ocrx_word' id='word_1_133' title='bbox 1278 1758 1394 1813; x_wconf 84' lang='lat' dir='ltr'><strong>Non</strong></span> <span class='ocrx_word' id='word_1_134' title='bbox 1415 1760 1563 1828; x_wconf 84' lang='lat' dir='ltr'><strong>quod</strong></span> <span class='ocrx_word' id='word_1_135' title='bbox 1578 1772 1687 1811; x_wconf 86' lang='lat' dir='ltr'><strong>non</strong></span> <span class='ocrx_word' id='word_1_136' title='bbox 1705 1756 1816 1812; x_wconf 81' lang='lat' dir='ltr'><strong>sint</strong></span> <span class='ocrx_word' id='word_1_137' title='bbox 1832 1755 1943 1820; x_wconf 87' lang='lat' dir='ltr'><strong>alii,</strong></span> 
     </span>
    </p>
   </div>
   <div class='ocr_carea' id='block_1_19' title="bbox 2050 572 3623 645">
    <p class='ocr_par' dir='ltr' id='par_1_19' title="bbox 2050 572 3623 645">
     <span class='ocr_line' id='line_1_19' title="bbox 2050 572 3623 645; baseline 0.001 -20"><span class='ocrx_word' id='word_1_138' title='bbox 2050 591 2071 625; x_wconf 69' lang='grc' dir='ltr'>ι</span> <span class='ocrx_word' id='word_1_139' title='bbox 2116 572 2341 643; x_wconf 76' lang='lat' dir='ltr'><strong>Magnus</strong></span> <span class='ocrx_word' id='word_1_140' title='bbox 2366 573 2612 629; x_wconf 83' lang='lat' dir='ltr'><strong>consilio.</strong></span> <span class='ocrx_word' id='word_1_141' title='bbox 2648 594 2667 625; x_wconf 76' lang='grc' dir='ltr'><strong><em>ι</em></strong></span> <span class='ocrx_word' id='word_1_142' title='bbox 2731 572 2800 627; x_wconf 82' lang='grc' dir='ltr'><strong>Ει</strong></span> <span class='ocrx_word' id='word_1_143' title='bbox 2820 572 2985 628; x_wconf 88' lang='lat' dir='ltr'><strong>audet</strong></span> <span class='ocrx_word' id='word_1_144' title='bbox 3018 588 3077 628; x_wconf 85' lang='lat' dir='ltr'><strong>se</strong></span> <span class='ocrx_word' id='word_1_145' title='bbox 3100 574 3385 645; x_wconf 79' lang='lat' dir='ltr'><strong>quisquam</strong></span> <span class='ocrx_word' id='word_1_146' title='bbox 3410 572 3623 628; x_wconf 83' lang='lat' dir='ltr'><strong>Domini</strong></span> 
     </span>
    </p>
   </div>
   <div class='ocr_carea' id='block_1_20' title="bbox 2043 664 3627 753">
    <p class='ocr_par' dir='ltr' id='par_1_20' title="bbox 2043 664 3627 753">
     <span class='ocr_line' id='line_1_20' title="bbox 2043 664 3627 753; baseline 0 -33"><span class='ocrx_word' id='word_1_147' title='bbox 2043 666 2287 721; x_wconf 82' lang='lat' dir='ltr'><strong>inserere</strong></span> <span class='ocrx_word' id='word_1_148' title='bbox 2316 673 2553 753; x_wconf 64' lang='lat' dir='ltr'><strong>secretoz</strong></span> <span class='ocrx_word' id='word_1_149' title='bbox 2597 665 2903 721; x_wconf 87' lang='lat' dir='ltr'><strong>etdeiliius</strong></span> <span class='ocrx_word' id='word_1_150' title='bbox 2940 664 3158 735; x_wconf 74' lang='lat' dir='ltr'><strong>iudiciis</strong></span> <span class='ocrx_word' id='word_1_151' title='bbox 3179 667 3454 737; x_wconf 81' lang='lat' dir='ltr'><strong>judicare!</strong></span> <span class='ocrx_word' id='word_1_152' title='bbox 3507 684 3527 717; x_wconf 75' lang='grc' dir='ltr'>ι</span> <span class='ocrx_word' id='word_1_153' title='bbox 3559 665 3627 721; x_wconf 84' lang='lat' dir='ltr'><strong>Et</strong></span> 
     </span>
    </p>
   </div>
   <div class='ocr_carea' id='block_1_21' title="bbox 2040 756 3624 829">
    <p class='ocr_par' dir='ltr' id='par_1_21' title="bbox 2040 756 3624 829">
     <span class='ocr_line' id='line_1_21' title="bbox 2040 756 3624 829; baseline -0.001 -16"><span class='ocrx_word' id='word_1_154' title='bbox 2040 756 2871 829; x_wconf 83' lang='lat' dir='ltr'><strong>incomprehensibiliscogitatu.</strong></span> <span class='ocrx_word' id='word_1_155' title='bbox 2895 775 2917 810; x_wconf 71' lang='grc' dir='ltr'><strong>ι</strong></span> <span class='ocrx_word' id='word_1_156' title='bbox 2943 757 3115 825; x_wconf 75' lang='lat' dir='ltr'><strong>Quem</strong></span> <span class='ocrx_word' id='word_1_157' title='bbox 3138 771 3249 813; x_wconf 88' lang='lat' dir='ltr'><strong>non</strong></span> <span class='ocrx_word' id='word_1_158' title='bbox 3266 757 3624 827; x_wconf 82' lang='lat' dir='ltr'><strong>comprehen-</strong></span> 
     </span>
    </p>
   </div>
   <div class='ocr_carea' id='block_1_22' title="bbox 2043 850 3625 923">
    <p class='ocr_par' dir='ltr' id='par_1_22' title="bbox 2043 850 3625 923">
     <span class='ocr_line' id='line_1_22' title="bbox 2043 850 3625 923; baseline -0.003 -15"><span class='ocrx_word' id='word_1_159' title='bbox 2043 853 2122 908; x_wconf 86' lang='lat' dir='ltr'><strong>dit</strong></span> <span class='ocrx_word' id='word_1_160' title='bbox 2145 853 2413 923; x_wconf 77' lang='lat' dir='ltr'><strong>cogitatio,</strong></span> <span class='ocrx_word' id='word_1_161' title='bbox 2432 852 2701 922; x_wconf 86' lang='lat' dir='ltr'><strong>quomodo</strong></span> <span class='ocrx_word' id='word_1_162' title='bbox 2721 860 2900 923; x_wconf 78' lang='lat' dir='ltr'><strong>potest</strong></span> <span class='ocrx_word' id='word_1_163' title='bbox 2923 864 3107 909; x_wconf 84' lang='lat' dir='ltr'><strong>sermo</strong></span> <span class='ocrx_word' id='word_1_164' title='bbox 3127 850 3583 921; x_wconf 75' lang='lat' dir='ltr'><strong>comprehendere</strong></span> <span class='ocrx_word' id='word_1_165' title='bbox 3600 852 3625 903; x_wconf 87' lang='lat'><strong>?</strong></span> 
     </span>
    </p>
   </div>
   <div class='ocr_carea' id='block_1_23' title="bbox 2048 942 3617 1015">
    <p class='ocr_par' dir='ltr' id='par_1_23' title="bbox 2048 942 3617 1015">
     <span class='ocr_line' id='line_1_23' title="bbox 2048 942 3617 1015; baseline -0.001 -18"><span class='ocrx_word' id='word_1_166' title='bbox 2048 960 2075 997; x_wconf 73' lang='grc' dir='ltr'><strong>ι’</strong></span> <span class='ocrx_word' id='word_1_167' title='bbox 2112 943 2277 1015; x_wconf 87' lang='lat' dir='ltr'><strong>Cujus</strong></span> <span class='ocrx_word' id='word_1_168' title='bbox 2312 943 2454 999; x_wconf 88' lang='lat' dir='ltr'><strong>oeuli</strong></span> <span class='ocrx_word' id='word_1_169' title='bbox 2486 944 2669 1013; x_wconf 82' lang='lat' dir='ltr'><strong>aperti</strong></span> <span class='ocrx_word' id='word_1_170' title='bbox 2684 951 2809 998; x_wconf 89' lang='lat' dir='ltr'><strong>sunt</strong></span> <span class='ocrx_word' id='word_1_171' title='bbox 2831 956 2993 1013; x_wconf 84' lang='lat' dir='ltr'><strong>super</strong></span> <span class='ocrx_word' id='word_1_172' title='bbox 3017 957 3203 998; x_wconf 82' lang='lat' dir='ltr'><strong>omnes</strong></span> <span class='ocrx_word' id='word_1_173' title='bbox 3238 943 3356 997; x_wconf 84' lang='lat' dir='ltr'><strong>vias</strong></span> <span class='ocrx_word' id='word_1_174' title='bbox 3388 942 3617 996; x_wconf 76' lang='lat' dir='ltr'><strong>[illorum</strong></span> 
     </span>
    </p>
   </div>
   <div class='ocr_carea' id='block_1_24' title="bbox 2041 1032 3627 1107">
    <p class='ocr_par' dir='ltr' id='par_1_24' title="bbox 2041 1032 3627 1107">
     <span class='ocr_line' id='line_1_24' title="bbox 2041 1032 3627 1107; baseline -0.003 -15"><span class='ocrx_word' id='word_1_175' title='bbox 2041 1037 2232 1092; x_wconf 86' lang='lat' dir='ltr'><strong>Adam.</strong></span> <span class='ocrx_word' id='word_1_176' title='bbox 2280 1056 2298 1088; x_wconf 73' lang='grc' dir='ltr'><strong><em>ι</em></strong></span> <span class='ocrx_word' id='word_1_177' title='bbox 2349 1034 2575 1091; x_wconf 80' lang='lat' dir='ltr'><strong>Frustra</strong></span> <span class='ocrx_word' id='word_1_178' title='bbox 2615 1049 2744 1106; x_wconf 86' lang='lat' dir='ltr'><strong>ergo</strong></span> <span class='ocrx_word' id='word_1_179' title='bbox 2794 1037 2958 1091; x_wconf 89' lang='lat' dir='ltr'><strong>homo</strong></span> <span class='ocrx_word' id='word_1_180' title='bbox 2998 1043 3151 1107; x_wconf 85' lang='lat' dir='ltr'><strong>putat</strong></span> <span class='ocrx_word' id='word_1_181' title='bbox 3199 1048 3258 1091; x_wconf 92' lang='lat' dir='ltr'><strong>se</strong></span> <span class='ocrx_word' id='word_1_182' title='bbox 3302 1032 3396 1089; x_wconf 84' lang='lat' dir='ltr'><strong>Dei</strong></span> <span class='ocrx_word' id='word_1_183' title='bbox 3450 1034 3627 1088; x_wconf 83' lang='lat' dir='ltr'><strong>celare</strong></span> 
     </span>
    </p>
   </div>
   <div class='ocr_carea' id='block_1_25' title="bbox 2043 1126 3625 1198">
    <p class='ocr_par' dir='ltr' id='par_1_25' title="bbox 2043 1126 3625 1198">
     <span class='ocr_line' id='line_1_25' title="bbox 2043 1126 3625 1198; baseline -0.003 -14"><span class='ocrx_word' id='word_1_184' title='bbox 2043 1130 2314 1185; x_wconf 81' lang='lat' dir='ltr'><strong>notitiam.</strong></span> <span class='ocrx_word' id='word_1_185' title='bbox 2351 1128 2611 1198; x_wconf 80' lang='lat' dir='ltr'><strong>Quodque</strong></span> <span class='ocrx_word' id='word_1_186' title='bbox 2670 1126 2831 1183; x_wconf 71' lang='lat' dir='ltr'><strong>infert</strong></span> <span class='ocrx_word' id='word_1_187' title='bbox 2864 1145 2878 1182; x_wconf 89' lang='lat'><strong>:</strong></span> <span class='ocrx_word' id='word_1_188' title='bbox 2915 1147 2934 1179; x_wconf 84' lang='grc'><em>‹</em></span> <span class='ocrx_word' id='word_1_189' title='bbox 2983 1127 3053 1183; x_wconf 85' lang='lat' dir='ltr'><strong>Ut</strong></span> <span class='ocrx_word' id='word_1_190' title='bbox 3089 1128 3287 1183; x_wconf 84' lang='lat' dir='ltr'><strong>reddas</strong></span> <span class='ocrx_word' id='word_1_191' title='bbox 3334 1126 3625 1195; x_wconf 80' lang='lat' dir='ltr'><strong>unicuique</strong></span> 
     </span>
    </p>
   </div>
   <div class='ocr_carea' id='block_1_26' title="bbox 2044 1217 3622 1284">
    <p class='ocr_par' dir='ltr' id='par_1_26' title="bbox 2044 1217 3622 1284">
     <span class='ocr_line' id='line_1_26' title="bbox 2044 1217 3622 1284; baseline -0.003 -8"><span class='ocrx_word' id='word_1_192' title='bbox 2044 1220 2343 1276; x_wconf 77' lang='lat' dir='ltr'><strong>secundum</strong></span> <span class='ocrx_word' id='word_1_193' title='bbox 2397 1219 2513 1275; x_wconf 88' lang='lat' dir='ltr'><strong>vias</strong></span> <span class='ocrx_word' id='word_1_194' title='bbox 2558 1234 2706 1284; x_wconf 91' lang='lat' dir='ltr'><strong>suas,</strong></span> <span class='ocrx_word' id='word_1_195' title='bbox 2748 1226 2804 1274; x_wconf 88' lang='lat' dir='ltr'><strong>et</strong></span> <span class='ocrx_word' id='word_1_196' title='bbox 2840 1220 3137 1274; x_wconf 87' lang='lat' dir='ltr'><strong>secundum</strong></span> <span class='ocrx_word' id='word_1_197' title='bbox 3178 1217 3416 1273; x_wconf 84' lang='lat' dir='ltr'><strong>fructum</strong></span> <span class='ocrx_word' id='word_1_198' title='bbox 3462 1218 3622 1271; x_wconf 87' lang='lat' dir='ltr'><strong>adiu-</strong></span> 
     </span>
    </p>
   </div>
   <div class='ocr_carea' id='block_1_27' title="bbox 2043 1307 3621 1378">
    <p class='ocr_par' dir='ltr' id='par_1_27' title="bbox 2043 1307 3621 1378">
     <span class='ocr_line' id='line_1_27' title="bbox 2043 1307 3621 1378; baseline -0.004 -12"><span class='ocrx_word' id='word_1_199' title='bbox 2043 1311 2357 1366; x_wconf 80' lang='lat' dir='ltr'><strong>ventionnm</strong></span> <span class='ocrx_word' id='word_1_200' title='bbox 2391 1323 2633 1373; x_wconf 83' lang='lat' dir='ltr'><strong>suarum,</strong></span> <span class='ocrx_word' id='word_1_201' title='bbox 2700 1328 2720 1361; x_wconf 72' lang='grc' dir='ltr'><strong>ι</strong></span> <span class='ocrx_word' id='word_1_202' title='bbox 2773 1310 2876 1366; x_wconf 88' lang='lat' dir='ltr'><strong>hoc</strong></span> <span class='ocrx_word' id='word_1_203' title='bbox 2914 1308 3114 1364; x_wconf 85' lang='lat' dir='ltr'><strong>indicat</strong></span> <span class='ocrx_word' id='word_1_204' title='bbox 3152 1308 3295 1378; x_wconf 91' lang='lat' dir='ltr'><strong>quod</strong></span> <span class='ocrx_word' id='word_1_205' title='bbox 3355 1307 3621 1361; x_wconf 79' lang='lat' dir='ltr'><strong>interdum</strong></span> 
     </span>
    </p>
   </div>
   <div class='ocr_carea' id='block_1_28' title="bbox 2043 1396 3622 1470">
    <p class='ocr_par' dir='ltr' id='par_1_28' title="bbox 2043 1396 3622 1470">
     <span class='ocr_line' id='line_1_28' title="bbox 2043 1396 3622 1470; baseline -0.003 -16"><span class='ocrx_word' id='word_1_206' title='bbox 2043 1412 2146 1468; x_wconf 85' lang='lat' dir='ltr'><strong>pro</strong></span> <span class='ocrx_word' id='word_1_207' title='bbox 2193 1400 2359 1454; x_wconf 86' lang='lat' dir='ltr'><strong>nimia</strong></span> <span class='ocrx_word' id='word_1_208' title='bbox 2392 1399 2657 1470; x_wconf 83' lang='lat' dir='ltr'><strong>sapientia</strong></span> <span class='ocrx_word' id='word_1_209' title='bbox 2674 1397 2878 1468; x_wconf 88' lang='lat' dir='ltr'><strong>judicia</strong></span> <span class='ocrx_word' id='word_1_210' title='bbox 2910 1399 3029 1469; x_wconf 88' lang='lat' dir='ltr'><strong>ejus</strong></span> <span class='ocrx_word' id='word_1_211' title='bbox 3079 1397 3364 1453; x_wconf 82' lang='lat' dir='ltr'><strong>videantur</strong></span> <span class='ocrx_word' id='word_1_212' title='bbox 3402 1396 3622 1466; x_wconf 85' lang='lat' dir='ltr'><strong>injusta.</strong></span> 
     </span>
    </p>
   </div>
   <div class='ocr_carea' id='block_1_29' title="bbox 2048 1485 3624 1559">
    <p class='ocr_par' dir='ltr' id='par_1_29' title="bbox 2048 1485 3624 1559">
     <span class='ocr_line' id='line_1_29' title="bbox 2048 1485 3624 1559; baseline -0.004 -15"><span class='ocrx_word' id='word_1_213' title='bbox 2048 1488 2221 1556; x_wconf 82' lang='lat' dir='ltr'><strong>Quem</strong></span> <span class='ocrx_word' id='word_1_214' title='bbox 2267 1489 2453 1545; x_wconf 85' lang='lat' dir='ltr'><strong>locum</strong></span> <span class='ocrx_word' id='word_1_215' title='bbox 2487 1488 2781 1559; x_wconf 82' lang='lat' dir='ltr'><strong>Apostolus</strong></span> <span class='ocrx_word' id='word_1_216' title='bbox 2804 1488 3016 1559; x_wconf 88' lang='lat' dir='ltr'><strong>plenius</strong></span> <span class='ocrx_word' id='word_1_217' title='bbox 3057 1487 3292 1558; x_wconf 81' lang='lat' dir='ltr'><strong>explicat</strong></span> <span class='ocrx_word' id='word_1_218' title='bbox 3335 1486 3403 1542; x_wconf 85' lang='lat' dir='ltr'><strong>ad</strong></span> <span class='ocrx_word' id='word_1_219' title='bbox 3428 1485 3624 1540; x_wconf 78' lang='lat' dir='ltr'><strong>Roma-</strong></span> 
     </span>
    </p>
   </div>
   <div class='ocr_carea' id='block_1_30' title="bbox 2055 1576 3629 1649">
    <p class='ocr_par' dir='ltr' id='par_1_30' title="bbox 2055 1576 3629 1649">
     <span class='ocr_line' id='line_1_30' title="bbox 2055 1576 3629 1649; baseline -0.005 -13"><span class='ocrx_word' id='word_1_220' title='bbox 2055 1596 2158 1636; x_wconf 86' lang='lat' dir='ltr'><strong>nos</strong></span> <span class='ocrx_word' id='word_1_221' title='bbox 2190 1598 2204 1635; x_wconf 91' lang='lat'><strong>:</strong></span> <span class='ocrx_word' id='word_1_222' title='bbox 2248 1600 2273 1631; x_wconf 72' lang='lat' dir='ltr'><strong>c</strong></span> <span class='ocrx_word' id='word_1_223' title='bbox 2319 1581 2541 1649; x_wconf 77' lang='lat' dir='ltr'><strong>Ignoras</strong></span> <span class='ocrx_word' id='word_1_224' title='bbox 2564 1579 2823 1649; x_wconf 86' lang='lat' dir='ltr'><strong>quoniam</strong></span> <span class='ocrx_word' id='word_1_225' title='bbox 2861 1578 3169 1649; x_wconf 78' lang='lat' dir='ltr'><strong>benignitas</strong></span> <span class='ocrx_word' id='word_1_226' title='bbox 3203 1576 3299 1633; x_wconf 87' lang='lat' dir='ltr'><strong>Dei</strong></span> <span class='ocrx_word' id='word_1_227' title='bbox 3354 1577 3425 1631; x_wconf 90' lang='lat' dir='ltr'><strong>ad</strong></span> <span class='ocrx_word' id='word_1_228' title='bbox 3457 1576 3629 1646; x_wconf 67' lang='lat' dir='ltr'><strong>pleni-</strong></span> 
     </span>
    </p>
   </div>
   <div class='ocr_carea' id='block_1_31' title="bbox 2049 1668 3626 1729">
    <p class='ocr_par' dir='ltr' id='par_1_31' title="bbox 2049 1668 3626 1729">
     <span class='ocr_line' id='line_1_31' title="bbox 2049 1668 3626 1729; baseline -0.004 0"><span class='ocrx_word' id='word_1_229' title='bbox 2049 1674 2276 1729; x_wconf 85' lang='lat' dir='ltr'><strong>tentiam</strong></span> <span class='ocrx_word' id='word_1_230' title='bbox 2332 1680 2385 1728; x_wconf 91' lang='lat' dir='ltr'><strong>te</strong></span> <span class='ocrx_word' id='word_1_231' title='bbox 2429 1671 2726 1727; x_wconf 76' lang='lat' dir='ltr'><strong>hortatur?</strong></span> <span class='ocrx_word' id='word_1_232' title='bbox 2766 1671 3065 1728; x_wconf 86' lang='lat' dir='ltr'><strong>secundum</strong></span> <span class='ocrx_word' id='word_1_233' title='bbox 3123 1677 3304 1725; x_wconf 82' lang='lat' dir='ltr'><strong>autem</strong></span> <span class='ocrx_word' id='word_1_234' title='bbox 3372 1668 3626 1723; x_wconf 85' lang='lat' dir='ltr'><strong>duritiam</strong></span> 
     </span>
    </p>
   </div>
   <div class='ocr_carea' id='block_1_32' title="bbox 2052 1758 3630 1835">
    <p class='ocr_par' dir='ltr' id='par_1_32' title="bbox 2052 1758 3630 1835">
     <span class='ocr_line' id='line_1_32' title="bbox 2052 1758 3630 1835; baseline -0.005 -13"><span class='ocrx_word' id='word_1_235' title='bbox 2052 1776 2201 1822; x_wconf 74' lang='lat' dir='ltr'><strong>tuam</strong></span> <span class='ocrx_word' id='word_1_236' title='bbox 2232 1774 2287 1821; x_wconf 90' lang='lat' dir='ltr'><strong>et</strong></span> <span class='ocrx_word' id='word_1_237' title='bbox 2310 1763 2660 1835; x_wconf 73' lang='lat' dir='ltr'><strong>impmnitens</strong></span> <span class='ocrx_word' id='word_1_238' title='bbox 2689 1778 2789 1819; x_wconf 91' lang='lat' dir='ltr'><strong>cor</strong></span> <span class='ocrx_word' id='word_1_239' title='bbox 2814 1762 3150 1819; x_wconf 85' lang='lat' dir='ltr'><strong>thesaurizas</strong></span> <span class='ocrx_word' id='word_1_240' title='bbox 3175 1760 3274 1817; x_wconf 85' lang='lat' dir='ltr'><strong>tibi</strong></span> <span class='ocrx_word' id='word_1_241' title='bbox 3297 1759 3434 1815; x_wconf 71' lang='lat' dir='ltr'><strong>iram</strong></span> <span class='ocrx_word' id='word_1_242' title='bbox 3463 1760 3518 1815; x_wconf 91' lang='lat' dir='ltr'><strong>in</strong></span> <span class='ocrx_word' id='word_1_243' title='bbox 3544 1758 3630 1816; x_wconf 89' lang='lat' dir='ltr'><strong>die</strong></span> 
     </span>
    </p>
   </div>
   <div class='ocr_carea' id='block_1_33' title="bbox 365 1848 3625 1925">
    <p class='ocr_par' dir='ltr' id='par_1_33' title="bbox 365 1848 3625 1925">
     <span class='ocr_line' id='line_1_33' title="bbox 365 1848 3625 1925; baseline -0.002 -15"><span class='ocrx_word' id='word_1_244' title='bbox 365 1856 460 1910; x_wconf 89' lang='lat' dir='ltr'><strong>sed</strong></span> <span class='ocrx_word' id='word_1_245' title='bbox 481 1855 625 1910; x_wconf 88' lang='lat' dir='ltr'><strong>aliud</strong></span> <span class='ocrx_word' id='word_1_246' title='bbox 651 1862 735 1910; x_wconf 90' lang='lat' dir='ltr'><strong>est</strong></span> <span class='ocrx_word' id='word_1_247' title='bbox 762 1853 1038 1909; x_wconf 85' lang='lat' dir='ltr'><strong>Creatoris</strong></span> <span class='ocrx_word' id='word_1_248' title='bbox 1054 1867 1175 1907; x_wconf 87' lang='lat' dir='ltr'><strong>esse</strong></span> <span class='ocrx_word' id='word_1_249' title='bbox 1197 1850 1469 1906; x_wconf 74' lang='lat' dir='ltr'><strong>beneﬁcio</strong></span> <span class='ocrx_word' id='word_1_250' title='bbox 1489 1850 1633 1920; x_wconf 89' lang='lat' dir='ltr'><strong>quod</strong></span> <span class='ocrx_word' id='word_1_251' title='bbox 1659 1848 1944 1915; x_wconf 82' lang='lat' dir='ltr'><strong>subsistat,</strong></span> <span class='ocrx_word' id='word_1_252' title='bbox 1973 1858 2024 1922; x_wconf 69' lang='grc' dir='ltr'><strong>Β</strong></span> <span class='ocrx_word' id='word_1_253' title='bbox 2051 1858 2167 1925; x_wconf 65' lang='lat' dir='ltr'><strong>im,</strong></span> <span class='ocrx_word' id='word_1_254' title='bbox 2231 1867 2287 1912; x_wconf 67' lang='lat' dir='ltr'><strong>et</strong></span> <span class='ocrx_word' id='word_1_255' title='bbox 2312 1855 2661 1912; x_wconf 65' lang='lat' dir='ltr'><strong>revelatioms</strong></span> <span class='ocrx_word' id='word_1_256' title='bbox 2703 1855 2835 1924; x_wconf 71' lang='lat' dir='ltr'><strong>justi</strong></span> <span class='ocrx_word' id='word_1_257' title='bbox 2880 1854 3071 1925; x_wconf 64' lang='lat' dir='ltr'><strong>iudicii</strong></span> <span class='ocrx_word' id='word_1_258' title='bbox 3098 1853 3194 1908; x_wconf 83' lang='lat' dir='ltr'><strong>Dei</strong></span> <span class='ocrx_word' id='word_1_259' title='bbox 3249 1851 3430 1923; x_wconf 79' lang='lat' dir='ltr'><strong>(Rom.</strong></span> <span class='ocrx_word' id='word_1_260' title='bbox 3468 1850 3554 1922; x_wconf 84' lang='grc' dir='ltr'><strong>η).</strong></span> <span class='ocrx_word' id='word_1_261' title='bbox 3603 1869 3625 1903; x_wconf 75' lang='grc' dir='ltr'><strong><em>ι</em></strong></span> 
     </span>
    </p>
   </div>
   <div class='ocr_carea' id='block_1_34' title="bbox 366 1941 1947 2005">
    <p class='ocr_par' dir='ltr' id='par_1_34' title="bbox 366 1941 1947 2005">
     <span class='ocr_line' id='line_1_34' title="bbox 366 1941 1947 2005; baseline -0.004 -5"><span class='ocrx_word' id='word_1_262' title='bbox 366 1946 516 2000; x_wconf 80' lang='lat' dir='ltr'><strong>aliud</strong></span> <span class='ocrx_word' id='word_1_263' title='bbox 535 1945 834 1999; x_wconf 79' lang='lat' dir='ltr'><strong>aeternitate</strong></span> <span class='ocrx_word' id='word_1_264' title='bbox 854 1952 1079 1999; x_wconf 63' lang='lat' dir='ltr'><strong>naturae.</strong></span> <span class='ocrx_word' id='word_1_265' title='bbox 1110 1942 1318 1996; x_wconf 68' lang='lat' dir='ltr'><strong>Laueht</strong></span> <span class='ocrx_word' id='word_1_266' title='bbox 1346 1941 1540 2005; x_wconf 85' lang='lat' dir='ltr'><strong>Deum,</strong></span> <span class='ocrx_word' id='word_1_267' title='bbox 1571 1946 1627 1995; x_wconf 91' lang='lat' dir='ltr'><strong>et</strong></span> <span class='ocrx_word' id='word_1_268' title='bbox 1646 1954 1710 1995; x_wconf 78' lang='lat' dir='ltr'><strong>ex</strong></span> <span class='ocrx_word' id='word_1_269' title='bbox 1731 1947 1947 1994; x_wconf 84' lang='lat' dir='ltr'><strong>creatu-</strong></span> 
     </span>
    </p>
   </div>
   <div class='ocr_carea' id='block_1_35' title="bbox 366 2030 1946 2105">
    <p class='ocr_par' dir='ltr' id='par_1_35' title="bbox 366 2030 1946 2105">
     <span class='ocr_line' id='line_1_35' title="bbox 366 2030 1946 2105; baseline -0.003 -16"><span class='ocrx_word' id='word_1_270' title='bbox 366 2035 447 2090; x_wconf 80' lang='lat' dir='ltr'><strong>ris</strong></span> <span class='ocrx_word' id='word_1_271' title='bbox 483 2034 739 2105; x_wconf 73' lang='lat' dir='ltr'><strong>prmdicat</strong></span> <span class='ocrx_word' id='word_1_272' title='bbox 759 2034 1092 2089; x_wconf 85' lang='lat' dir='ltr'><strong>Creatorem.</strong></span> <span class='ocrx_word' id='word_1_273' title='bbox 1140 2032 1382 2086; x_wconf 87' lang='lat' dir='ltr'><strong>Primum</strong></span> <span class='ocrx_word' id='word_1_274' title='bbox 1424 2032 1607 2101; x_wconf 80' lang='lat' dir='ltr'><strong>itaque</strong></span> <span class='ocrx_word' id='word_1_275' title='bbox 1650 2030 1946 2101; x_wconf 87' lang='lat' dir='ltr'><strong>potentiam</strong></span> 
     </span>
    </p>
   </div>
   <div class='ocr_carea' id='block_1_36' title="bbox 363 2123 1948 2196">
    <p class='ocr_par' dir='ltr' id='par_1_36' title="bbox 363 2123 1948 2196">
     <span class='ocr_line' id='line_1_36' title="bbox 363 2123 1948 2196; baseline -0.003 -14"><span class='ocrx_word' id='word_1_276' title='bbox 363 2126 497 2196; x_wconf 86' lang='lat' dir='ltr'><strong>ejus,</strong></span> <span class='ocrx_word' id='word_1_277' title='bbox 542 2133 599 2181; x_wconf 86' lang='lat' dir='ltr'><strong>et</strong></span> <span class='ocrx_word' id='word_1_278' title='bbox 622 2126 1075 2191; x_wconf 75' lang='lat' dir='ltr'><strong>misericordiam,</strong></span> <span class='ocrx_word' id='word_1_279' title='bbox 1095 2135 1257 2196; x_wconf 83' lang='lat' dir='ltr'><strong>atque</strong></span> <span class='ocrx_word' id='word_1_280' title='bbox 1270 2125 1536 2193; x_wconf 83' lang='lat' dir='ltr'><strong>justitiam</strong></span> <span class='ocrx_word' id='word_1_281' title='bbox 1580 2126 1633 2179; x_wconf 88' lang='lat' dir='ltr'><strong>in</strong></span> <span class='ocrx_word' id='word_1_282' title='bbox 1667 2138 1826 2179; x_wconf 86' lang='lat' dir='ltr'><strong>omne</strong></span> <span class='ocrx_word' id='word_1_283' title='bbox 1851 2123 1948 2178; x_wconf 81' lang='lat' dir='ltr'><strong>ho-</strong></span> 
     </span>
    </p>
   </div>
   <div class='ocr_carea' id='block_1_37' title="bbox 365 2216 1948 2292">
    <p class='ocr_par' dir='ltr' id='par_1_37' title="bbox 365 2216 1948 2292">
     <span class='ocr_line' id='line_1_37' title="bbox 365 2216 1948 2292; baseline -0.001 -19"><span class='ocrx_word' id='word_1_284' title='bbox 365 2220 570 2274; x_wconf 64' lang='lat' dir='ltr'><strong>minus:</strong></span> <span class='ocrx_word' id='word_1_285' title='bbox 639 2234 808 2292; x_wconf 84' lang='lat' dir='ltr'><strong>genus</strong></span> <span class='ocrx_word' id='word_1_286' title='bbox 863 2220 1043 2274; x_wconf 82' lang='lat' dir='ltr'><strong>elevat</strong></span> <span class='ocrx_word' id='word_1_287' title='bbox 1108 2219 1353 2274; x_wconf 77' lang='lat' dir='ltr'><strong>vocibus.</strong></span> <span class='ocrx_word' id='word_1_288' title='bbox 1423 2219 1557 2273; x_wconf 85' lang='lat' dir='ltr'><strong>Dein</strong></span> <span class='ocrx_word' id='word_1_289' title='bbox 1627 2218 1823 2273; x_wconf 84' lang='lat' dir='ltr'><strong>transit</strong></span> <span class='ocrx_word' id='word_1_290' title='bbox 1878 2216 1948 2271; x_wconf 89' lang='lat' dir='ltr'><strong>ad</strong></span> 
     </span>
    </p>
   </div>
   <div class='ocr_carea' id='block_1_38' title="bbox 361 2309 1949 2384">
    <p class='ocr_par' dir='ltr' id='par_1_38' title="bbox 361 2309 1949 2384">
     <span class='ocr_line' id='line_1_38' title="bbox 361 2309 1949 2384; baseline -0.003 -17"><span class='ocrx_word' id='word_1_291' title='bbox 361 2312 547 2379; x_wconf 84' lang='lat' dir='ltr'><strong>Israel,</strong></span> <span class='ocrx_word' id='word_1_292' title='bbox 581 2321 639 2369; x_wconf 88' lang='lat' dir='ltr'><strong>et</strong></span> <span class='ocrx_word' id='word_1_293' title='bbox 666 2321 871 2384; x_wconf 85' lang='lat' dir='ltr'><strong>quanta</strong></span> <span class='ocrx_word' id='word_1_294' title='bbox 909 2314 958 2368; x_wconf 92' lang='lat' dir='ltr'><strong>ei</strong></span> <span class='ocrx_word' id='word_1_295' title='bbox 982 2313 1309 2382; x_wconf 69' lang='lat' dir='ltr'><strong>przestiterit.</strong></span> <span class='ocrx_word' id='word_1_296' title='bbox 1340 2312 1540 2367; x_wconf 86' lang='lat' dir='ltr'><strong>celebri</strong></span> <span class='ocrx_word' id='word_1_297' title='bbox 1568 2324 1820 2366; x_wconf 87' lang='lat' dir='ltr'><strong>sermone</strong></span> <span class='ocrx_word' id='word_1_298' title='bbox 1854 2309 1949 2364; x_wconf 89' lang='lat' dir='ltr'><strong>de-</strong></span> 
     </span>
    </p>
   </div>
   <div class='ocr_carea' id='block_1_39' title="bbox 361 2401 1948 2472">
    <p class='ocr_par' dir='ltr' id='par_1_39' title="bbox 361 2401 1948 2472">
     <span class='ocr_line' id='line_1_39' title="bbox 361 2401 1948 2472; baseline -0.003 -14"><span class='ocrx_word' id='word_1_299' title='bbox 361 2402 573 2458; x_wconf 82' lang='lat' dir='ltr'><strong>scribit.</strong></span> <span class='ocrx_word' id='word_1_300' title='bbox 611 2402 681 2457; x_wconf 87' lang='lat' dir='ltr'><strong>Et</strong></span> <span class='ocrx_word' id='word_1_301' title='bbox 706 2411 831 2472; x_wconf 82' lang='lat' dir='ltr'><strong>post</strong></span> <span class='ocrx_word' id='word_1_302' title='bbox 854 2411 1003 2457; x_wconf 74' lang='lat' dir='ltr'><strong>tanta</strong></span> <span class='ocrx_word' id='word_1_303' title='bbox 1034 2402 1295 2457; x_wconf 77' lang='lat' dir='ltr'><strong>beneﬁcia</strong></span> <span class='ocrx_word' id='word_1_304' title='bbox 1320 2401 1571 2456; x_wconf 88' lang='lat' dir='ltr'><strong>diciteos-</strong></span> <span class='ocrx_word' id='word_1_305' title='bbox 1602 2401 1948 2455; x_wconf 72' lang='lat' dir='ltr'><strong>immemores</strong></span> 
     </span>
    </p>
   </div>
   <div class='ocr_carea' id='block_1_40' title="bbox 361 2493 1949 2562">
    <p class='ocr_par' dir='ltr' id='par_1_40' title="bbox 361 2493 1949 2562">
     <span class='ocr_line' id='line_1_40' title="bbox 361 2493 1949 2562; baseline -0.003 -12"><span class='ocrx_word' id='word_1_306' title='bbox 361 2495 633 2550; x_wconf 68' lang='lat' dir='ltr'><strong>initiorum</strong></span> <span class='ocrx_word' id='word_1_307' title='bbox 666 2495 825 2560; x_wconf 87' lang='lat' dir='ltr'><strong>illius,</strong></span> <span class='ocrx_word' id='word_1_308' title='bbox 871 2495 1215 2550; x_wconf 77' lang='lat' dir='ltr'><strong>clementiam</strong></span> <span class='ocrx_word' id='word_1_309' title='bbox 1240 2494 1299 2549; x_wconf 87' lang='lat' dir='ltr'><strong>in</strong></span> <span class='ocrx_word' id='word_1_310' title='bbox 1317 2493 1729 2549; x_wconf 81' lang='lat' dir='ltr'><strong>amaritudinem</strong></span> <span class='ocrx_word' id='word_1_311' title='bbox 1755 2504 1949 2562; x_wconf 74' lang='lat' dir='ltr'><strong>prove-</strong></span> 
     </span>
    </p>
   </div>
   <div class='ocr_carea' id='block_1_41' title="bbox 362 2568 1947 2653">
    <p class='ocr_par' dir='ltr' id='par_1_41' title="bbox 362 2568 1947 2653">
     <span class='ocr_line' id='line_1_41' title="bbox 362 2568 1947 2653; baseline -0.004 -12"><span class='ocrx_word' id='word_1_312' title='bbox 362 2600 538 2651; x_wconf 83' lang='lat' dir='ltr'><strong>casse,</strong></span> <span class='ocrx_word' id='word_1_313' title='bbox 571 2588 640 2641; x_wconf 84' lang='lat' dir='ltr'><strong>ita</strong></span> <span class='ocrx_word' id='word_1_314' title='bbox 667 2593 729 2640; x_wconf 88' lang='lat' dir='ltr'><strong>ut</strong></span> <span class='ocrx_word' id='word_1_315' title='bbox 747 2586 1060 2641; x_wconf 79' lang='lat' dir='ltr'><strong>obsideatur</strong></span> <span class='ocrx_word' id='word_1_316' title='bbox 1082 2568 1292 2650; x_wconf 82' lang='lat' dir='ltr'><strong>civitas,</strong></span> <span class='ocrx_word' id='word_1_317' title='bbox 1323 2593 1381 2640; x_wconf 86' lang='lat' dir='ltr'><strong>et</strong></span> <span class='ocrx_word' id='word_1_318' title='bbox 1399 2593 1690 2653; x_wconf 85' lang='lat' dir='ltr'><strong>antequam</strong></span> <span class='ocrx_word' id='word_1_319' title='bbox 1711 2581 1947 2636; x_wconf 83' lang='lat' dir='ltr'><strong>hostium</strong></span> 
     </span>
    </p>
   </div>
   <div class='ocr_carea' id='block_1_42' title="bbox 364 2679 1950 2753">
    <p class='ocr_par' dir='ltr' id='par_1_42' title="bbox 364 2679 1950 2753">
     <span class='ocr_line' id='line_1_42' title="bbox 364 2679 1950 2753; baseline -0.002 -19"><span class='ocrx_word' id='word_1_320' title='bbox 364 2679 423 2734; x_wconf 69' lang='lat' dir='ltr'><strong>in</strong></span> <span class='ocrx_word' id='word_1_321' title='bbox 452 2694 513 2735; x_wconf 90' lang='lat' dir='ltr'><strong>ea</strong></span> <span class='ocrx_word' id='word_1_322' title='bbox 544 2680 709 2736; x_wconf 78' lang='lat' dir='ltr'><strong>fuerit</strong></span> <span class='ocrx_word' id='word_1_323' title='bbox 726 2682 975 2751; x_wconf 78' lang='lat' dir='ltr'><strong>irruptio,</strong></span> <span class='ocrx_word' id='word_1_324' title='bbox 1017 2681 1212 2753; x_wconf 83' lang='lat' dir='ltr'><strong>gladio,</strong></span> <span class='ocrx_word' id='word_1_325' title='bbox 1259 2688 1315 2734; x_wconf 90' lang='lat' dir='ltr'><strong>et</strong></span> <span class='ocrx_word' id='word_1_326' title='bbox 1338 2679 1497 2744; x_wconf 81' lang='lat' dir='ltr'><strong>fame,</strong></span> <span class='ocrx_word' id='word_1_327' title='bbox 1544 2688 1599 2733; x_wconf 93' lang='lat' dir='ltr'><strong>et</strong></span> <span class='ocrx_word' id='word_1_328' title='bbox 1625 2685 1787 2749; x_wconf 88' lang='lat' dir='ltr'><strong>peste</strong></span> <span class='ocrx_word' id='word_1_329' title='bbox 1820 2689 1950 2732; x_wconf 80' lang='lat' dir='ltr'><strong>eon-</strong></span> 
     </span>
    </p>
   </div>
   <div class='ocr_carea' id='block_1_43' title="bbox 366 2769 1949 2840">
    <p class='ocr_par' dir='ltr' id='par_1_43' title="bbox 366 2769 1949 2840">
     <span class='ocr_line' id='line_1_43' title="bbox 366 2769 1949 2840; baseline 0 -15"><span class='ocrx_word' id='word_1_330' title='bbox 366 2779 581 2840; x_wconf 82' lang='lat' dir='ltr'><strong>sumpta</strong></span> <span class='ocrx_word' id='word_1_331' title='bbox 606 2772 698 2826; x_wconf 81' lang='lat' dir='ltr'><strong>sit.</strong></span> <span class='ocrx_word' id='word_1_332' title='bbox 744 2771 869 2827; x_wconf 80' lang='lat' dir='ltr'><strong>Ilaec</strong></span> <span class='ocrx_word' id='word_1_333' title='bbox 895 2780 1074 2826; x_wconf 80' lang='lat' dir='ltr'><strong>autem</strong></span> <span class='ocrx_word' id='word_1_334' title='bbox 1109 2772 1363 2825; x_wconf 85' lang='lat' dir='ltr'><strong>universa</strong></span> <span class='ocrx_word' id='word_1_335' title='bbox 1409 2769 1690 2839; x_wconf 73' lang='lat' dir='ltr'><strong>praemisit,</strong></span> <span class='ocrx_word' id='word_1_336' title='bbox 1738 2775 1949 2825; x_wconf 60' lang='lat' dir='ltr'><strong>utconr-</strong></span> 
     </span>
    </p>
   </div>
   <div class='ocr_carea' id='block_1_44' title="bbox 367 2860 1952 2939">
    <p class='ocr_par' dir='ltr' id='par_1_44' title="bbox 367 2860 1952 2939">
     <span class='ocr_line' id='line_1_44' title="bbox 367 2860 1952 2939; baseline 0 -23"><span class='ocrx_word' id='word_1_337' title='bbox 367 2870 657 2930; x_wconf 76' lang='lat' dir='ltr'><strong>sequenter</strong></span> <span class='ocrx_word' id='word_1_338' title='bbox 684 2861 819 2916; x_wconf 89' lang='lat' dir='ltr'><strong>illud</strong></span> <span class='ocrx_word' id='word_1_339' title='bbox 849 2862 1093 2927; x_wconf 64' lang='lat' dir='ltr'><strong>inferret,</strong></span> <span class='ocrx_word' id='word_1_340' title='bbox 1122 2862 1269 2932; x_wconf 79' lang='lat' dir='ltr'><strong>quod</strong></span> <span class='ocrx_word' id='word_1_341' title='bbox 1310 2860 1825 2931; x_wconf 62' lang='lat' dir='ltr'><strong>inreprehensione</strong></span> <span class='ocrx_word' id='word_1_342' title='bbox 1865 2860 1952 2939; x_wconf 78' lang='lat' dir='ltr'><strong>di-</strong></span> 
     </span>
    </p>
   </div>
   <div class='ocr_carea' id='block_1_45' title="bbox 366 2952 1949 3021">
    <p class='ocr_par' dir='ltr' id='par_1_45' title="bbox 366 2952 1949 3021">
     <span class='ocr_line' id='line_1_45' title="bbox 366 2952 1949 3021; baseline 0.001 -16"><span class='ocrx_word' id='word_1_343' title='bbox 366 2952 507 3007; x_wconf 76' lang='lat' dir='ltr'><strong>vinae</strong></span> <span class='ocrx_word' id='word_1_344' title='bbox 541 2954 829 3009; x_wconf 72' lang='lat' dir='ltr'><strong>sententiae</strong></span> <span class='ocrx_word' id='word_1_345' title='bbox 857 2952 1038 3009; x_wconf 76' lang='lat' dir='ltr'><strong>facere</strong></span> <span class='ocrx_word' id='word_1_346' title='bbox 1066 2954 1379 3021; x_wconf 70' lang='lat' dir='ltr'><strong>videbatur,</strong></span> <span class='ocrx_word' id='word_1_347' title='bbox 1421 2963 1478 3011; x_wconf 91' lang='lat' dir='ltr'><strong>et</strong></span> <span class='ocrx_word' id='word_1_348' title='bbox 1509 2964 1567 3009; x_wconf 83' lang='lat' dir='ltr'><strong>tu</strong></span> <span class='ocrx_word' id='word_1_349' title='bbox 1595 2954 1730 3009; x_wconf 77' lang='lat' dir='ltr'><strong>dicis</strong></span> <span class='ocrx_word' id='word_1_350' title='bbox 1759 2953 1890 3009; x_wconf 87' lang='lat' dir='ltr'><strong>mihi</strong></span> <span class='ocrx_word' id='word_1_351' title='bbox 1928 2968 1949 3007; x_wconf 71' lang='grc' dir='ltr'><em>τ</em></span> 
     </span>
    </p>
   </div>
   <div class='ocr_carea' id='block_1_46' title="bbox 369 3044 1951 3116">
    <p class='ocr_par' dir='ltr' id='par_1_46' title="bbox 369 3044 1951 3116">
     <span class='ocr_line' id='line_1_46' title="bbox 369 3044 1951 3116; baseline -0.001 -16"><span class='ocrx_word' id='word_1_352' title='bbox 369 3044 595 3100; x_wconf 86' lang='lat' dir='ltr'><strong>Domine</strong></span> <span class='ocrx_word' id='word_1_353' title='bbox 635 3044 797 3112; x_wconf 88' lang='lat' dir='ltr'><strong>Deus,</strong></span> <span class='ocrx_word' id='word_1_354' title='bbox 823 3060 947 3100; x_wconf 86' lang='lat' dir='ltr'><strong>eme</strong></span> <span class='ocrx_word' id='word_1_355' title='bbox 967 3058 1154 3116; x_wconf 78' lang='lat' dir='ltr'><strong>agrum</strong></span> <span class='ocrx_word' id='word_1_356' title='bbox 1185 3053 1435 3115; x_wconf 75' lang='lat' dir='ltr'><strong>argento,</strong></span> <span class='ocrx_word' id='word_1_357' title='bbox 1475 3052 1531 3101; x_wconf 89' lang='lat' dir='ltr'><strong>et</strong></span> <span class='ocrx_word' id='word_1_358' title='bbox 1559 3045 1754 3099; x_wconf 84' lang='lat' dir='ltr'><strong>adhibe</strong></span> <span class='ocrx_word' id='word_1_359' title='bbox 1782 3051 1951 3099; x_wconf 83' lang='lat' dir='ltr'><strong>testes</strong></span> 
     </span>
    </p>
   </div>
   <div class='ocr_carea' id='block_1_47' title="bbox 368 3137 1951 3195">
    <p class='ocr_par' dir='ltr' id='par_1_47' title="bbox 368 3137 1951 3195">
     <span class='ocr_line' id='line_1_47' title="bbox 368 3137 1951 3195; baseline -0.001 -1"><span class='ocrx_word' id='word_1_360' title='bbox 368 3153 490 3195; x_wconf 89' lang='lat' dir='ltr'><strong>eum</strong></span> <span class='ocrx_word' id='word_1_361' title='bbox 518 3140 649 3195; x_wconf 80' lang='lat' dir='ltr'><strong>urbs</strong></span> <span class='ocrx_word' id='word_1_362' title='bbox 675 3140 801 3195; x_wconf 79' lang='lat' dir='ltr'><strong>data</strong></span> <span class='ocrx_word' id='word_1_363' title='bbox 819 3140 893 3194; x_wconf 88' lang='lat' dir='ltr'><strong>sit</strong></span> <span class='ocrx_word' id='word_1_364' title='bbox 914 3139 969 3193; x_wconf 83' lang='lat' dir='ltr'><strong>in</strong></span> <span class='ocrx_word' id='word_1_365' title='bbox 1002 3154 1192 3193; x_wconf 84' lang='lat' dir='ltr'><strong>manus</strong></span> <span class='ocrx_word' id='word_1_366' title='bbox 1217 3137 1612 3193; x_wconf 72' lang='lat' dir='ltr'><strong>Chald‘morem.</strong></span> <span class='ocrx_word' id='word_1_367' title='bbox 1645 3137 1771 3193; x_wconf 68' lang='lat' dir='ltr'><strong>Ilaec</strong></span> <span class='ocrx_word' id='word_1_368' title='bbox 1810 3137 1951 3192; x_wconf 82' lang='lat' dir='ltr'><strong>inte-</strong></span> 
     </span>
    </p>
   </div>
   <div class='ocr_carea' id='block_1_48' title="bbox 2052 1944 3627 2019">
    <p class='ocr_par' dir='ltr' id='par_1_48' title="bbox 2052 1944 3627 2019">
     <span class='ocr_line' id='line_1_48' title="bbox 2052 1944 3627 2019; baseline -0.004 -15"><span class='ocrx_word' id='word_1_369' title='bbox 2052 1950 2267 2018; x_wconf 81' lang='lat' dir='ltr'><strong>Quanto</strong></span> <span class='ocrx_word' id='word_1_370' title='bbox 2331 1950 2499 2019; x_wconf 79' lang='lat' dir='ltr'><strong>igitur</strong></span> <span class='ocrx_word' id='word_1_371' title='bbox 2569 1948 2745 2003; x_wconf 89' lang='lat' dir='ltr'><strong>serior</strong></span> <span class='ocrx_word' id='word_1_372' title='bbox 2808 1946 3047 2002; x_wconf 79' lang='lat' dir='ltr'><strong>vindicta</strong></span> <span class='ocrx_word' id='word_1_373' title='bbox 3099 1944 3438 2016; x_wconf 86' lang='lat' dir='ltr'><strong>peccantium</strong></span> <span class='ocrx_word' id='word_1_374' title='bbox 3493 1952 3577 1998; x_wconf 86' lang='lat' dir='ltr'><strong>est</strong></span> <span class='ocrx_word' id='word_1_375' title='bbox 3611 1983 3627 2010; x_wconf 98' lang='lat'><strong>,</strong></span> 
     </span>
    </p>
   </div>
   <div class='ocr_carea' id='block_1_49' title="bbox 2050 2034 3629 2110">
    <p class='ocr_par' dir='ltr' id='par_1_49' title="bbox 2050 2034 3629 2110">
     <span class='ocr_line' id='line_1_49' title="bbox 2050 2034 3629 2110; baseline -0.006 -13"><span class='ocrx_word' id='word_1_376' title='bbox 2050 2050 2202 2098; x_wconf 82' lang='lat' dir='ltr'><strong>tanto</strong></span> <span class='ocrx_word' id='word_1_377' title='bbox 2217 2040 2449 2110; x_wconf 89' lang='lat' dir='ltr'><strong>justior:</strong></span> <span class='ocrx_word' id='word_1_378' title='bbox 2481 2040 2536 2095; x_wconf 93' lang='lat' dir='ltr'><strong>in</strong></span> <span class='ocrx_word' id='word_1_379' title='bbox 2560 2038 2968 2095; x_wconf 89' lang='lat' dir='ltr'><strong>similitudinem</strong></span> <span class='ocrx_word' id='word_1_380' title='bbox 2994 2036 3315 2101; x_wconf 82' lang='lat' dir='ltr'><strong>Pharaonis,</strong></span> <span class='ocrx_word' id='word_1_381' title='bbox 3339 2034 3629 2105; x_wconf 84' lang='lat' dir='ltr'><strong>quideeem</strong></span> 
     </span>
    </p>
   </div>
   <div class='ocr_carea' id='block_1_50' title="bbox 2048 2130 3632 2205">
    <p class='ocr_par' dir='ltr' id='par_1_50' title="bbox 2048 2130 3632 2205">
     <span class='ocr_line' id='line_1_50' title="bbox 2048 2130 3632 2205; baseline -0.001 -18"><span class='ocrx_word' id='word_1_382' title='bbox 2048 2134 2225 2205; x_wconf 77' lang='lat' dir='ltr'><strong>plagis</strong></span> <span class='ocrx_word' id='word_1_383' title='bbox 2246 2134 2571 2198; x_wconf 83' lang='lat' dir='ltr'><strong>admonitus,</strong></span> <span class='ocrx_word' id='word_1_384' title='bbox 2618 2145 2727 2187; x_wconf 87' lang='lat' dir='ltr'><strong>non</strong></span> <span class='ocrx_word' id='word_1_385' title='bbox 2748 2132 2984 2202; x_wconf 85' lang='lat' dir='ltr'><strong>punitos,</strong></span> <span class='ocrx_word' id='word_1_386' title='bbox 3034 2138 3091 2186; x_wconf 85' lang='lat' dir='ltr'><strong>et</strong></span> <span class='ocrx_word' id='word_1_387' title='bbox 3123 2131 3179 2186; x_wconf 91' lang='lat' dir='ltr'><strong>in</strong></span> <span class='ocrx_word' id='word_1_388' title='bbox 3204 2130 3401 2185; x_wconf 79' lang='lat' dir='ltr'><strong>duritia</strong></span> <span class='ocrx_word' id='word_1_389' title='bbox 3449 2144 3632 2200; x_wconf 84' lang='lat' dir='ltr'><strong>perse—</strong></span> 
     </span>
    </p>
   </div>
   <div class='ocr_carea' id='block_1_51' title="bbox 2047 2209 3632 2290">
    <p class='ocr_par' dir='ltr' id='par_1_51' title="bbox 2047 2209 3632 2290">
     <span class='ocr_line' id='line_1_51' title="bbox 2047 2209 3632 2290; baseline -0.003 -10"><span class='ocrx_word' id='word_1_390' title='bbox 2047 2238 2265 2290; x_wconf 85' lang='lat' dir='ltr'><strong>verans,</strong></span> <span class='ocrx_word' id='word_1_391' title='bbox 2324 2226 2395 2279; x_wconf 89' lang='lat' dir='ltr'><strong>ad</strong></span> <span class='ocrx_word' id='word_1_392' title='bbox 2439 2233 2747 2280; x_wconf 77' lang='lat' dir='ltr'><strong>extremam</strong></span> <span class='ocrx_word' id='word_1_393' title='bbox 2792 2209 2965 2281; x_wconf 70' lang='lat' dir='ltr'><strong>Rubri</strong></span> <span class='ocrx_word' id='word_1_394' title='bbox 3018 2223 3186 2278; x_wconf 82' lang='lat' dir='ltr'><strong>maris</strong></span> <span class='ocrx_word' id='word_1_395' title='bbox 3238 2221 3491 2279; x_wconf 65' lang='lat' dir='ltr'><strong>hstibus</strong></span> <span class='ocrx_word' id='word_1_396' title='bbox 3547 2230 3632 2277; x_wconf 89' lang='lat' dir='ltr'><strong>est</strong></span> 
     </span>
    </p>
   </div>
   <div class='ocr_carea' id='block_1_52' title="bbox 2048 2314 2669 2387">
    <p class='ocr_par' dir='ltr' id='par_1_52' title="bbox 2048 2314 2669 2387">
     <span class='ocr_line' id='line_1_52' title="bbox 2048 2314 2669 2387; baseline -0.005 -16"><span class='ocrx_word' id='word_1_397' title='bbox 2048 2316 2276 2371; x_wconf 81' lang='lat' dir='ltr'><strong>obrutus</strong></span> <span class='ocrx_word' id='word_1_398' title='bbox 2323 2314 2499 2387; x_wconf 71' lang='lat' dir='ltr'><strong>(Exod</strong></span> <span class='ocrx_word' id='word_1_399' title='bbox 2533 2314 2669 2387; x_wconf 75' lang='lat' dir='ltr'><strong>xw).</strong></span> 
     </span>
    </p>
   </div>
   <div class='ocr_carea' id='block_1_53' title="bbox 2125 2401 3626 2477">
    <p class='ocr_par' dir='ltr' id='par_1_53' title="bbox 2125 2401 3626 2477">
     <span class='ocr_line' id='line_1_53' title="bbox 2125 2401 3626 2477; baseline -0.001 -18"><span class='ocrx_word' id='word_1_400' title='bbox 2125 2425 2145 2459; x_wconf 72' lang='grc' dir='ltr'><em>α</em></span> <span class='ocrx_word' id='word_1_401' title='bbox 2197 2406 2298 2473; x_wconf 83' lang='lat' dir='ltr'><strong>Qui</strong></span> <span class='ocrx_word' id='word_1_402' title='bbox 2326 2406 2551 2477; x_wconf 82' lang='lat' dir='ltr'><strong>posuisti</strong></span> <span class='ocrx_word' id='word_1_403' title='bbox 2576 2406 2735 2477; x_wconf 82' lang='lat' dir='ltr'><strong>signa</strong></span> <span class='ocrx_word' id='word_1_404' title='bbox 2757 2412 2815 2461; x_wconf 91' lang='lat' dir='ltr'><strong>et</strong></span> <span class='ocrx_word' id='word_1_405' title='bbox 2836 2412 3091 2477; x_wconf 81' lang='lat' dir='ltr'><strong>portenta</strong></span> <span class='ocrx_word' id='word_1_406' title='bbox 3143 2404 3198 2459; x_wconf 88' lang='lat' dir='ltr'><strong>in</strong></span> <span class='ocrx_word' id='word_1_407' title='bbox 3236 2410 3379 2458; x_wconf 81' lang='lat' dir='ltr'><strong>terra</strong></span> <span class='ocrx_word' id='word_1_408' title='bbox 3410 2401 3626 2474; x_wconf 69' lang='lat' dir='ltr'><strong>Egypti</strong></span> 
     </span>
    </p>
   </div>
   <div class='ocr_carea' id='block_1_54' title="bbox 2054 2493 3629 2568">
    <p class='ocr_par' dir='ltr' id='par_1_54' title="bbox 2054 2493 3629 2568">
     <span class='ocr_line' id='line_1_54' title="bbox 2054 2493 3629 2568; baseline -0.002 -18"><span class='ocrx_word' id='word_1_409' title='bbox 2054 2515 2075 2550; x_wconf 72' lang='grc' dir='ltr'><strong><em>ι</em></strong></span> <span class='ocrx_word' id='word_1_410' title='bbox 2116 2513 2290 2568; x_wconf 81' lang='lat' dir='ltr'><strong>usque</strong></span> <span class='ocrx_word' id='word_1_411' title='bbox 2308 2500 2376 2553; x_wconf 88' lang='lat' dir='ltr'><strong>ad</strong></span> <span class='ocrx_word' id='word_1_412' title='bbox 2401 2499 2542 2553; x_wconf 89' lang='lat' dir='ltr'><strong>diem</strong></span> <span class='ocrx_word' id='word_1_413' title='bbox 2568 2498 2731 2563; x_wconf 80' lang='lat' dir='ltr'><strong>hanc,</strong></span> <span class='ocrx_word' id='word_1_414' title='bbox 2763 2496 2899 2553; x_wconf 77' lang='lat' dir='ltr'><strong>et‘in</strong></span> <span class='ocrx_word' id='word_1_415' title='bbox 2924 2495 3109 2563; x_wconf 87' lang='lat' dir='ltr'><strong>Israel,</strong></span> <span class='ocrx_word' id='word_1_416' title='bbox 3146 2503 3209 2552; x_wconf 85' lang='lat' dir='ltr'><strong>et</strong></span> <span class='ocrx_word' id='word_1_417' title='bbox 3236 2495 3290 2549; x_wconf 82' lang='lat' dir='ltr'><strong>in</strong></span> <span class='ocrx_word' id='word_1_418' title='bbox 3322 2493 3629 2549; x_wconf 73' lang='lat' dir='ltr'><strong>hominibus</strong></span> 
     </span>
    </p>
   </div>
   <div class='ocr_carea' id='block_1_55' title="bbox 2054 2584 3631 2661">
    <p class='ocr_par' dir='ltr' id='par_1_55' title="bbox 2054 2584 3631 2661">
     <span class='ocr_line' id='line_1_55' title="bbox 2054 2584 3631 2661; baseline -0.002 -19"><span class='ocrx_word' id='word_1_419' title='bbox 2054 2608 2075 2642; x_wconf 70' lang='grc' dir='ltr'>ι</span> <span class='ocrx_word' id='word_1_420' title='bbox 2126 2589 2254 2656; x_wconf 83' lang='lat' dir='ltr'><strong>(sive</strong></span> <span class='ocrx_word' id='word_1_421' title='bbox 2308 2587 2638 2661; x_wconf 72' lang='lat' dir='ltr'><strong>terrigenis),</strong></span> <span class='ocrx_word' id='word_1_422' title='bbox 2683 2595 2743 2643; x_wconf 88' lang='lat' dir='ltr'><strong>et</strong></span> <span class='ocrx_word' id='word_1_423' title='bbox 2787 2586 2959 2642; x_wconf 78' lang='lat' dir='ltr'><strong>fecisti</strong></span> <span class='ocrx_word' id='word_1_424' title='bbox 2985 2586 3083 2641; x_wconf 77' lang='lat' dir='ltr'><strong>tibi</strong></span> <span class='ocrx_word' id='word_1_425' title='bbox 3132 2599 3329 2642; x_wconf 86' lang='lat' dir='ltr'><strong>nomen</strong></span> <span class='ocrx_word' id='word_1_426' title='bbox 3370 2584 3510 2640; x_wconf 87' lang='lat' dir='ltr'><strong>sicut</strong></span> <span class='ocrx_word' id='word_1_427' title='bbox 3546 2594 3631 2639; x_wconf 89' lang='lat' dir='ltr'><strong>est</strong></span> 
     </span>
    </p>
   </div>
   <div class='ocr_carea' id='block_1_56' title="bbox 2054 2673 3627 2749">
    <p class='ocr_par' dir='ltr' id='par_1_56' title="bbox 2054 2673 3627 2749">
     <span class='ocr_line' id='line_1_56' title="bbox 2054 2673 3627 2749; baseline -0.002 -17"><span class='ocrx_word' id='word_1_428' title='bbox 2054 2698 2081 2732; x_wconf 71' lang='grc' dir='ltr'><em>ο</em></span> <span class='ocrx_word' id='word_1_429' title='bbox 2118 2682 2237 2737; x_wconf 85' lang='lat' dir='ltr'><strong>dies</strong></span> <span class='ocrx_word' id='word_1_430' title='bbox 2253 2680 2389 2747; x_wconf 68' lang='lat' dir='ltr'><strong>hmo,</strong></span> <span class='ocrx_word' id='word_1_431' title='bbox 2414 2688 2471 2735; x_wconf 91' lang='lat' dir='ltr'><strong>et</strong></span> <span class='ocrx_word' id='word_1_432' title='bbox 2497 2679 2731 2735; x_wconf 66' lang='lat' dir='ltr'><strong>eduxisti</strong></span> <span class='ocrx_word' id='word_1_433' title='bbox 2750 2677 3009 2749; x_wconf 85' lang='lat' dir='ltr'><strong>populum</strong></span> <span class='ocrx_word' id='word_1_434' title='bbox 3027 2685 3178 2732; x_wconf 90' lang='lat' dir='ltr'><strong>tuum</strong></span> <span class='ocrx_word' id='word_1_435' title='bbox 3211 2673 3463 2732; x_wconf 84' lang='lat' dir='ltr'><strong>lsraelde</strong></span> <span class='ocrx_word' id='word_1_436' title='bbox 3482 2682 3627 2730; x_wconf 87' lang='lat' dir='ltr'><strong>terra</strong></span> 
     </span>
    </p>
   </div>
   <div class='ocr_carea' id='block_1_57' title="bbox 2054 2768 3631 2844">
    <p class='ocr_par' dir='ltr' id='par_1_57' title="bbox 2054 2768 3631 2844">
     <span class='ocr_line' id='line_1_57' title="bbox 2054 2768 3631 2844; baseline -0.004 -17"><span class='ocrx_word' id='word_1_437' title='bbox 2054 2790 2079 2827; x_wconf 92' lang='grc'><em>‹</em></span> <span class='ocrx_word' id='word_1_438' title='bbox 2131 2772 2351 2844; x_wconf 61' lang='lat' dir='ltr'><strong>Egypti</strong></span> <span class='ocrx_word' id='word_1_439' title='bbox 2390 2774 2445 2828; x_wconf 88' lang='lat' dir='ltr'><strong>in</strong></span> <span class='ocrx_word' id='word_1_440' title='bbox 2476 2771 2648 2843; x_wconf 87' lang='lat' dir='ltr'><strong>signis</strong></span> <span class='ocrx_word' id='word_1_441' title='bbox 2693 2779 2753 2827; x_wconf 91' lang='lat' dir='ltr'><strong>et</strong></span> <span class='ocrx_word' id='word_1_442' title='bbox 2781 2771 2835 2825; x_wconf 84' lang='lat' dir='ltr'><strong>in</strong></span> <span class='ocrx_word' id='word_1_443' title='bbox 2858 2768 3142 2841; x_wconf 84' lang='lat' dir='ltr'><strong>portentis,</strong></span> <span class='ocrx_word' id='word_1_444' title='bbox 3194 2777 3251 2823; x_wconf 92' lang='lat' dir='ltr'><strong>et</strong></span> <span class='ocrx_word' id='word_1_445' title='bbox 3272 2768 3327 2822; x_wconf 87' lang='lat' dir='ltr'><strong>in</strong></span> <span class='ocrx_word' id='word_1_446' title='bbox 3357 2782 3519 2822; x_wconf 91' lang='lat' dir='ltr'><strong>manu</strong></span> <span class='ocrx_word' id='word_1_447' title='bbox 3542 2782 3631 2821; x_wconf 63' lang='grc' dir='ltr'><strong>τοι</strong></span> 
     </span>
    </p>
   </div>
   <div class='ocr_carea' id='block_1_58' title="bbox 2054 2859 3627 2929">
    <p class='ocr_par' dir='ltr' id='par_1_58' title="bbox 2054 2859 3627 2929">
     <span class='ocr_line' id='line_1_58' title="bbox 2054 2859 3627 2929; baseline -0.004 -13"><span class='ocrx_word' id='word_1_448' title='bbox 2054 2880 2076 2916; x_wconf 79' lang='lat'><strong>¢</strong></span> <span class='ocrx_word' id='word_1_449' title='bbox 2132 2865 2313 2929; x_wconf 87' lang='lat' dir='ltr'><strong>busta,</strong></span> <span class='ocrx_word' id='word_1_450' title='bbox 2337 2870 2393 2918; x_wconf 89' lang='lat' dir='ltr'><strong>et</strong></span> <span class='ocrx_word' id='word_1_451' title='bbox 2418 2863 2479 2918; x_wconf 82' lang='lat' dir='ltr'><strong>in</strong></span> <span class='ocrx_word' id='word_1_452' title='bbox 2497 2861 2722 2917; x_wconf 88' lang='lat' dir='ltr'><strong>brachio</strong></span> <span class='ocrx_word' id='word_1_453' title='bbox 2755 2868 2999 2927; x_wconf 69' lang='lat' dir='ltr'><strong>extento,</strong></span> <span class='ocrx_word' id='word_1_454' title='bbox 3020 2866 3079 2915; x_wconf 84' lang='lat' dir='ltr'><strong>et</strong></span> <span class='ocrx_word' id='word_1_455' title='bbox 3097 2859 3151 2914; x_wconf 84' lang='lat' dir='ltr'><strong>in</strong></span> <span class='ocrx_word' id='word_1_456' title='bbox 3174 2866 3385 2914; x_wconf 76' lang='lat' dir='ltr'><strong>terrane</strong></span> <span class='ocrx_word' id='word_1_457' title='bbox 3408 2872 3627 2928; x_wconf 75' lang='lat' dir='ltr'><strong>magno.</strong></span> 
     </span>
    </p>
   </div>
   <div class='ocr_carea' id='block_1_59' title="bbox 2053 2948 3629 3021">
    <p class='ocr_par' dir='ltr' id='par_1_59' title="bbox 2053 2948 3629 3021">
     <span class='ocr_line' id='line_1_59' title="bbox 2053 2948 3629 3021; baseline -0.002 -14"><span class='ocrx_word' id='word_1_458' title='bbox 2053 2972 2079 3007; x_wconf 70' lang='grc' dir='ltr'><strong><em>τ</em></strong></span> <span class='ocrx_word' id='word_1_459' title='bbox 2128 2954 2197 3009; x_wconf 79' lang='lat' dir='ltr'><strong>Et.</strong></span> <span class='ocrx_word' id='word_1_460' title='bbox 2228 2954 2421 3010; x_wconf 82' lang='lat' dir='ltr'><strong>dedisti</strong></span> <span class='ocrx_word' id='word_1_461' title='bbox 2448 2954 2529 3009; x_wconf 88' lang='lat' dir='ltr'><strong>eis</strong></span> <span class='ocrx_word' id='word_1_462' title='bbox 2551 2962 2755 3009; x_wconf 79' lang='lat' dir='ltr'><strong>terram</strong></span> <span class='ocrx_word' id='word_1_463' title='bbox 2780 2953 2938 3016; x_wconf 72' lang='lat' dir='ltr'><strong>hanc,</strong></span> <span class='ocrx_word' id='word_1_464' title='bbox 2973 2965 3135 3021; x_wconf 83' lang='lat' dir='ltr'><strong>quam</strong></span> <span class='ocrx_word' id='word_1_465' title='bbox 3163 2949 3359 3021; x_wconf 84' lang='lat' dir='ltr'><strong>jurasli</strong></span> <span class='ocrx_word' id='word_1_466' title='bbox 3378 2948 3629 3020; x_wconf 85' lang='lat' dir='ltr'><strong>patribus</strong></span> 
     </span>
    </p>
   </div>
   <div class='ocr_carea' id='block_1_60' title="bbox 2053 3042 3619 3113">
    <p class='ocr_par' dir='ltr' id='par_1_60' title="bbox 2053 3042 3619 3113">
     <span class='ocr_line' id='line_1_60' title="bbox 2053 3042 3619 3113; baseline -0.004 -11"><span class='ocrx_word' id='word_1_467' title='bbox 2053 3066 2073 3101; x_wconf 74' lang='grc' dir='ltr'><strong>ε</strong></span> <span class='ocrx_word' id='word_1_468' title='bbox 2126 3062 2337 3113; x_wconf 88' lang='lat' dir='ltr'><strong>eorum,</strong></span> <span class='ocrx_word' id='word_1_469' title='bbox 2385 3055 2451 3102; x_wconf 86' lang='lat' dir='ltr'><strong>ut</strong></span> <span class='ocrx_word' id='word_1_470' title='bbox 2484 3046 2647 3102; x_wconf 81' lang='lat' dir='ltr'><strong>dares</strong></span> <span class='ocrx_word' id='word_1_471' title='bbox 2696 3045 2779 3101; x_wconf 86' lang='lat' dir='ltr'><strong>eis</strong></span> <span class='ocrx_word' id='word_1_472' title='bbox 2818 3053 3020 3100; x_wconf 83' lang='lat' dir='ltr'><strong>terram</strong></span> <span class='ocrx_word' id='word_1_473' title='bbox 3068 3043 3322 3099; x_wconf 67' lang='lat' dir='ltr'><strong>ﬂuentem</strong></span> <span class='ocrx_word' id='word_1_474' title='bbox 3364 3042 3511 3098; x_wconf 87' lang='lat' dir='ltr'><strong>laete</strong></span> <span class='ocrx_word' id='word_1_475' title='bbox 3561 3048 3619 3097; x_wconf 92' lang='lat' dir='ltr'><strong>et</strong></span> 
     </span>
    </p>
   </div>
   <div class='ocr_carea' id='block_1_61' title="bbox 2052 3136 3631 3209">
    <p class='ocr_par' dir='ltr' id='par_1_61' title="bbox 2052 3136 3631 3209">
     <span class='ocr_line' id='line_1_61' title="bbox 2052 3136 3631 3209; baseline 0 -19"><span class='ocrx_word' id='word_1_476' title='bbox 2052 3158 2075 3190; x_wconf 74' lang='grc' dir='ltr'><strong><em>ο</em></strong></span> <span class='ocrx_word' id='word_1_477' title='bbox 2115 3138 2290 3194; x_wconf 80' lang='lat' dir='ltr'><strong>melle.</strong></span> <span class='ocrx_word' id='word_1_478' title='bbox 2320 3137 2387 3194; x_wconf 77' lang='lat' dir='ltr'><strong>Et</strong></span> <span class='ocrx_word' id='word_1_479' title='bbox 2413 3138 2637 3209; x_wconf 77' lang='lat' dir='ltr'><strong>ingressi</strong></span> <span class='ocrx_word' id='word_1_480' title='bbox 2663 3144 2791 3193; x_wconf 79' lang='lat' dir='ltr'><strong>sunt</strong></span> <span class='ocrx_word' id='word_1_481' title='bbox 2814 3144 2871 3192; x_wconf 92' lang='lat' dir='ltr'><strong>et</strong></span> <span class='ocrx_word' id='word_1_482' title='bbox 2892 3136 3246 3206; x_wconf 70' lang='lat' dir='ltr'><strong>possederunt</strong></span> <span class='ocrx_word' id='word_1_483' title='bbox 3269 3149 3412 3202; x_wconf 83' lang='lat' dir='ltr'><strong>eam,</strong></span> <span class='ocrx_word' id='word_1_484' title='bbox 3443 3142 3631 3190; x_wconf 78' lang='lat' dir='ltr'><strong>etnon</strong></span> 
     </span>
    </p>
   </div>
   <div class='ocr_carea' id='block_1_62' title="bbox 369 3219 3633 3305">
    <p class='ocr_par' dir='ltr' id='par_1_62' title="bbox 369 3219 3633 3305">
     <span class='ocr_line' id='line_1_62' title="bbox 369 3219 3633 3305; baseline -0.001 -21"><span class='ocrx_word' id='word_1_485' title='bbox 369 3229 475 3285; x_wconf 77' lang='lat' dir='ltr'><strong>rint</strong></span> <span class='ocrx_word' id='word_1_486' title='bbox 507 3232 677 3286; x_wconf 82' lang='lat' dir='ltr'><strong>totius</strong></span> <span class='ocrx_word' id='word_1_487' title='bbox 696 3229 798 3286; x_wconf 84' lang='lat' dir='ltr'><strong>loci</strong></span> <span class='ocrx_word' id='word_1_488' title='bbox 820 3226 977 3285; x_wconf 85' lang='lat' dir='ltr'><strong>istius</strong></span> <span class='ocrx_word' id='word_1_489' title='bbox 1004 3228 1243 3286; x_wconf 78' lang='lat' dir='ltr'><strong>continet</strong></span> <span class='ocrx_word' id='word_1_490' title='bbox 1268 3235 1535 3305; x_wconf 70' lang='grc' dir='ltr'><strong>περικοπή.</strong></span> <span class='ocrx_word' id='word_1_491' title='bbox 1559 3226 1712 3283; x_wconf 78' lang='lat' dir='ltr'><strong>Nunc</strong></span> <span class='ocrx_word' id='word_1_492' title='bbox 1739 3227 1807 3282; x_wconf 88' lang='lat' dir='ltr'><strong>ad</strong></span> <span class='ocrx_word' id='word_1_493' title='bbox 1835 3228 1947 3283; x_wconf 82' lang='lat' dir='ltr'><strong>sin-</strong></span> <span class='ocrx_word' id='word_1_494' title='bbox 1972 3219 2025 3284; x_wconf 76' lang='lat' dir='ltr'><strong>C‘</strong></span> <span class='ocrx_word' id='word_1_495' title='bbox 2056 3250 2079 3281; x_wconf 74' lang='grc' dir='ltr'><strong><em>ε</em></strong></span> <span class='ocrx_word' id='word_1_496' title='bbox 2125 3230 2445 3286; x_wconf 83' lang='lat' dir='ltr'><strong>obedierunt</strong></span> <span class='ocrx_word' id='word_1_497' title='bbox 2459 3229 2581 3285; x_wconf 83' lang='lat' dir='ltr'><strong>voci</strong></span> <span class='ocrx_word' id='word_1_498' title='bbox 2616 3240 2741 3296; x_wconf 65' lang='lat' dir='ltr'><strong>ma),</strong></span> <span class='ocrx_word' id='word_1_499' title='bbox 2795 3232 2852 3285; x_wconf 85' lang='lat' dir='ltr'><strong>et</strong></span> <span class='ocrx_word' id='word_1_500' title='bbox 2887 3228 2942 3283; x_wconf 92' lang='lat' dir='ltr'><strong>in</strong></span> <span class='ocrx_word' id='word_1_501' title='bbox 2965 3228 3083 3298; x_wconf 88' lang='lat' dir='ltr'><strong>lege</strong></span> <span class='ocrx_word' id='word_1_502' title='bbox 3113 3237 3205 3284; x_wconf 79' lang='lat' dir='ltr'><strong>tua</strong></span> <span class='ocrx_word' id='word_1_503' title='bbox 3250 3242 3360 3284; x_wconf 83' lang='lat' dir='ltr'><strong>non</strong></span> <span class='ocrx_word' id='word_1_504' title='bbox 3390 3227 3633 3284; x_wconf 81' lang='lat' dir='ltr'><strong>ambula-</strong></span> 
     </span>
    </p>
   </div>
   <div class='ocr_carea' id='block_1_63' title="bbox 368 3320 1953 3393">
    <p class='ocr_par' dir='ltr' id='par_1_63' title="bbox 368 3320 1953 3393">
     <span class='ocr_line' id='line_1_63' title="bbox 368 3320 1953 3393; baseline -0.001 -18"><span class='ocrx_word' id='word_1_505' title='bbox 368 3320 489 3393; x_wconf 80' lang='lat' dir='ltr'><strong>gula</strong></span> <span class='ocrx_word' id='word_1_506' title='bbox 529 3329 877 3378; x_wconf 75' lang='lat' dir='ltr'><strong>revertamur.</strong></span> <span class='ocrx_word' id='word_1_507' title='bbox 930 3339 949 3371; x_wconf 71' lang='grc' dir='ltr'><em>α</em></span> <span class='ocrx_word' id='word_1_508' title='bbox 989 3321 1071 3376; x_wconf 84' lang='lat' dir='ltr'><strong>&#39;I‘u</strong></span> <span class='ocrx_word' id='word_1_509' title='bbox 1096 3320 1272 3375; x_wconf 83' lang='lat' dir='ltr'><strong>fecisti</strong></span> <span class='ocrx_word' id='word_1_510' title='bbox 1324 3320 1525 3375; x_wconf 64' lang='lat' dir='ltr'><strong>calum</strong></span> <span class='ocrx_word' id='word_1_511' title='bbox 1548 3329 1611 3375; x_wconf 77' lang='lat' dir='ltr'><strong>et</strong></span> <span class='ocrx_word' id='word_1_512' title='bbox 1636 3329 1834 3375; x_wconf 80' lang='lat' dir='ltr'><strong>terram</strong></span> <span class='ocrx_word' id='word_1_513' title='bbox 1888 3320 1953 3374; x_wconf 80' lang='lat' dir='ltr'><strong>in</strong></span> 
     </span>
    </p>
   </div>
   <div class='ocr_carea' id='block_1_64' title="bbox 368 3407 1951 3482">
    <p class='ocr_par' dir='ltr' id='par_1_64' title="bbox 368 3407 1951 3482">
     <span class='ocr_line' id='line_1_64' title="bbox 368 3407 1951 3482; baseline -0.001 -17"><span class='ocrx_word' id='word_1_514' title='bbox 368 3407 684 3466; x_wconf 80' lang='lat' dir='ltr'><strong>fortitudine</strong></span> <span class='ocrx_word' id='word_1_515' title='bbox 705 3418 797 3465; x_wconf 92' lang='lat' dir='ltr'><strong>tua</strong></span> <span class='ocrx_word' id='word_1_516' title='bbox 826 3424 1048 3482; x_wconf 86' lang='lat' dir='ltr'><strong>magna;</strong></span> <span class='ocrx_word' id='word_1_517' title='bbox 1090 3428 1112 3461; x_wconf 72' lang='grc' dir='ltr'><strong><em>ι</em></strong></span> <span class='ocrx_word' id='word_1_518' title='bbox 1162 3418 1217 3465; x_wconf 91' lang='lat' dir='ltr'><strong>et</strong></span> <span class='ocrx_word' id='word_1_519' title='bbox 1257 3409 1491 3466; x_wconf 82' lang='lat' dir='ltr'><strong>Joannes</strong></span> <span class='ocrx_word' id='word_1_520' title='bbox 1530 3411 1663 3466; x_wconf 82' lang='lat' dir='ltr'><strong>dicit</strong></span> <span class='ocrx_word' id='word_1_521' title='bbox 1688 3411 1753 3465; x_wconf 86' lang='lat' dir='ltr'><strong>de</strong></span> <span class='ocrx_word' id='word_1_522' title='bbox 1790 3410 1901 3465; x_wconf 81' lang='lat' dir='ltr'><strong>lilio</strong></span> <span class='ocrx_word' id='word_1_523' title='bbox 1927 3422 1951 3464; x_wconf 67' lang='grc' dir='ltr'><em>ε</em></span> 
     </span>
    </p>
   </div>
   <div class='ocr_carea' id='block_1_65' title="bbox 374 3500 1945 3572">
    <p class='ocr_par' dir='ltr' id='par_1_65' title="bbox 374 3500 1945 3572">
     <span class='ocr_line' id='line_1_65' title="bbox 374 3500 1945 3572; baseline 0.003 -20"><span class='ocrx_word' id='word_1_524' title='bbox 374 3516 399 3552; x_wconf 69' lang='grc' dir='ltr'><strong>σ</strong></span> <span class='ocrx_word' id='word_1_525' title='bbox 435 3501 629 3557; x_wconf 78' lang='lat' dir='ltr'><strong>Otnnia</strong></span> <span class='ocrx_word' id='word_1_526' title='bbox 662 3516 759 3572; x_wconf 84' lang='lat' dir='ltr'><strong>per</strong></span> <span class='ocrx_word' id='word_1_527' title='bbox 808 3501 987 3572; x_wconf 79' lang='lat' dir='ltr'><strong>ipsum</strong></span> <span class='ocrx_word' id='word_1_528' title='bbox 1028 3500 1169 3556; x_wconf 74' lang='lat' dir='ltr'><strong>facta</strong></span> <span class='ocrx_word' id='word_1_529' title='bbox 1202 3510 1348 3567; x_wconf 85' lang='lat' dir='ltr'><strong>sunt,</strong></span> <span class='ocrx_word' id='word_1_530' title='bbox 1413 3510 1471 3557; x_wconf 86' lang='lat' dir='ltr'><strong>et</strong></span> <span class='ocrx_word' id='word_1_531' title='bbox 1519 3503 1637 3557; x_wconf 85' lang='lat' dir='ltr'><strong>sine</strong></span> <span class='ocrx_word' id='word_1_532' title='bbox 1682 3503 1801 3570; x_wconf 85' lang='lat' dir='ltr'><strong>ipso</strong></span> <span class='ocrx_word' id='word_1_533' title='bbox 1858 3501 1945 3556; x_wconf 79' lang='lat' dir='ltr'><strong>fa-</strong></span> 
     </span>
    </p>
   </div>
   <div class='ocr_carea' id='block_1_66' title="bbox 370 3590 1951 3664">
    <p class='ocr_par' dir='ltr' id='par_1_66' title="bbox 370 3590 1951 3664">
     <span class='ocr_line' id='line_1_66' title="bbox 370 3590 1951 3664; baseline 0 -17"><span class='ocrx_word' id='word_1_534' title='bbox 370 3598 514 3647; x_wconf 84' lang='lat' dir='ltr'><strong>ctum</strong></span> <span class='ocrx_word' id='word_1_535' title='bbox 555 3601 642 3647; x_wconf 85' lang='lat' dir='ltr'><strong>est</strong></span> <span class='ocrx_word' id='word_1_536' title='bbox 680 3592 817 3646; x_wconf 84' lang='lat' dir='ltr'><strong>nihil</strong></span> <span class='ocrx_word' id='word_1_537' title='bbox 865 3593 1012 3661; x_wconf 69' lang='lat' dir='ltr'><strong>quod</strong></span> <span class='ocrx_word' id='word_1_538' title='bbox 1040 3590 1245 3648; x_wconf 58' lang='lat' dir='ltr'><strong>factum</strong></span> <span class='ocrx_word' id='word_1_539' title='bbox 1285 3600 1371 3647; x_wconf 83' lang='lat' dir='ltr'><strong>est</strong></span> <span class='ocrx_word' id='word_1_540' title='bbox 1416 3591 1598 3664; x_wconf 69' lang='lat' dir='ltr'><strong>(Iam.</strong></span> <span class='ocrx_word' id='word_1_541' title='bbox 1634 3592 1695 3664; x_wconf 84' lang='lat' dir='ltr'><strong>l).</strong></span> <span class='ocrx_word' id='word_1_542' title='bbox 1753 3611 1771 3644; x_wconf 73' lang='grc' dir='ltr'><strong><em>ι</em></strong></span> <span class='ocrx_word' id='word_1_543' title='bbox 1820 3591 1951 3647; x_wconf 67' lang='lat' dir='ltr'><strong>Hae</strong></span> 
     </span>
    </p>
   </div>
   <div class='ocr_carea' id='block_1_67' title="bbox 370 3680 1949 3751">
    <p class='ocr_par' dir='ltr' id='par_1_67' title="bbox 370 3680 1949 3751">
     <span class='ocr_line' id='line_1_67' title="bbox 370 3680 1949 3751; baseline 0.002 -16"><span class='ocrx_word' id='word_1_544' title='bbox 370 3682 515 3735; x_wconf 88' lang='lat' dir='ltr'><strong>enim</strong></span> <span class='ocrx_word' id='word_1_545' title='bbox 583 3680 841 3737; x_wconf 76' lang='lat' dir='ltr'><strong>fortitudo</strong></span> <span class='ocrx_word' id='word_1_546' title='bbox 906 3681 1117 3736; x_wconf 84' lang='lat' dir='ltr'><strong>Domini</strong></span> <span class='ocrx_word' id='word_1_547' title='bbox 1188 3681 1445 3750; x_wconf 83' lang='lat' dir='ltr'><strong>Apostolo</strong></span> <span class='ocrx_word' id='word_1_548' title='bbox 1500 3682 1887 3751; x_wconf 67' lang='lat' dir='ltr'><strong>comprobante</strong></span> <span class='ocrx_word' id='word_1_549' title='bbox 1927 3699 1949 3738; x_wconf 69' lang='grc' dir='ltr'>ε</span> 
     </span>
    </p>
   </div>
   <div class='ocr_carea' id='block_1_68' title="bbox 374 3771 1951 3846">
    <p class='ocr_par' dir='ltr' id='par_1_68' title="bbox 374 3771 1951 3846">
     <span class='ocr_line' id='line_1_68' title="bbox 374 3771 1951 3846; baseline 0 -19"><span class='ocrx_word' id='word_1_550' title='bbox 374 3792 397 3826; x_wconf 71' lang='grc' dir='ltr'><strong><em>ι</em></strong></span> <span class='ocrx_word' id='word_1_551' title='bbox 438 3771 685 3828; x_wconf 83' lang='lat' dir='ltr'><strong>Christus</strong></span> <span class='ocrx_word' id='word_1_552' title='bbox 709 3772 805 3828; x_wconf 77' lang='lat' dir='ltr'><strong>Dei</strong></span> <span class='ocrx_word' id='word_1_553' title='bbox 831 3772 1022 3839; x_wconf 78' lang='lat' dir='ltr'><strong>virtus,</strong></span> <span class='ocrx_word' id='word_1_554' title='bbox 1057 3773 1233 3829; x_wconf 83' lang='lat' dir='ltr'><strong>etDei</strong></span> <span class='ocrx_word' id='word_1_555' title='bbox 1255 3774 1517 3845; x_wconf 87' lang='lat' dir='ltr'><strong>sapientia</strong></span> <span class='ocrx_word' id='word_1_556' title='bbox 1557 3773 1613 3846; x_wconf 69' lang='grc' dir='ltr'><strong>(ι</strong></span> <span class='ocrx_word' id='word_1_557' title='bbox 1648 3772 1771 3829; x_wconf 82' lang='lat' dir='ltr'><strong>Cor.</strong></span> <span class='ocrx_word' id='word_1_558' title='bbox 1803 3774 1866 3845; x_wconf 79' lang='grc' dir='ltr'><strong>ι).</strong></span> <span class='ocrx_word' id='word_1_559' title='bbox 1921 3792 1951 3827; x_wconf 71' lang='grc' dir='ltr'><strong>»ρ</strong></span> 
     </span>
    </p>
   </div>
   <div class='ocr_carea' id='block_1_69' title="bbox 374 3865 1951 3943">
    <p class='ocr_par' dir='ltr' id='par_1_69' title="bbox 374 3865 1951 3943">
     <span class='ocr_line' id='line_1_69' title="bbox 374 3865 1951 3943; baseline 0.003 -25"><span class='ocrx_word' id='word_1_560' title='bbox 374 3885 397 3918; x_wconf 70' lang='grc' dir='ltr'><strong>ε</strong></span> <span class='ocrx_word' id='word_1_561' title='bbox 439 3866 505 3943; x_wconf 65' lang='lat' dir='ltr'><strong>Et</strong></span> <span class='ocrx_word' id='word_1_562' title='bbox 532 3865 825 3923; x_wconf 81' lang='lat' dir='ltr'><strong>inbraehio</strong></span> <span class='ocrx_word' id='word_1_563' title='bbox 853 3874 943 3921; x_wconf 90' lang='lat' dir='ltr'><strong>tuo</strong></span> <span class='ocrx_word' id='word_1_564' title='bbox 958 3874 1179 3922; x_wconf 78' lang='lat' dir='ltr'><strong>extento</strong></span> <span class='ocrx_word' id='word_1_565' title='bbox 1216 3868 1343 3939; x_wconf 75' lang='lat' dir='ltr'><strong>(sive</strong></span> <span class='ocrx_word' id='word_1_566' title='bbox 1367 3868 1628 3939; x_wconf 78' lang='lat' dir='ltr'><strong>excelso).</strong></span> <span class='ocrx_word' id='word_1_567' title='bbox 1666 3866 1951 3935; x_wconf 57' lang='lat' dir='ltr'><strong>sQuorum</strong></span> 
     </span>
    </p>
   </div>
   <div class='ocr_carea' id='block_1_70' title="bbox 368 3959 1953 4030">
    <p class='ocr_par' dir='ltr' id='par_1_70' title="bbox 368 3959 1953 4030">
     <span class='ocr_line' id='line_1_70' title="bbox 368 3959 1953 4030; baseline 0.001 -15"><span class='ocrx_word' id='word_1_568' title='bbox 368 3967 658 4029; x_wconf 80' lang='lat' dir='ltr'><strong>utrumque</strong></span> <span class='ocrx_word' id='word_1_569' title='bbox 680 3959 1037 4030; x_wconf 81' lang='lat' dir='ltr'><strong>percutientis</strong></span> <span class='ocrx_word' id='word_1_570' title='bbox 1058 3960 1317 4015; x_wconf 82' lang='lat' dir='ltr'><strong>indiciam</strong></span> <span class='ocrx_word' id='word_1_571' title='bbox 1347 3970 1449 4016; x_wconf 88' lang='lat' dir='ltr'><strong>est.</strong></span> <span class='ocrx_word' id='word_1_572' title='bbox 1476 3960 1590 4016; x_wconf 77' lang='lat' dir='ltr'><strong>Hoc</strong></span> <span class='ocrx_word' id='word_1_573' title='bbox 1615 3970 1799 4016; x_wconf 81' lang='lat' dir='ltr'><strong>autem</strong></span> <span class='ocrx_word' id='word_1_574' title='bbox 1821 3961 1953 4017; x_wconf 52' lang='lat' dir='ltr'><strong>brae</strong></span> 
     </span>
    </p>
   </div>
   <div class='ocr_carea' id='block_1_71' title="bbox 368 4049 1952 4122">
    <p class='ocr_par' dir='ltr' id='par_1_71' title="bbox 368 4049 1952 4122">
     <span class='ocr_line' id='line_1_71' title="bbox 368 4049 1952 4122; baseline 0.001 -15"><span class='ocrx_word' id='word_1_575' title='bbox 368 4049 571 4117; x_wconf 78' lang='lat' dir='ltr'><strong>citium,</strong></span> <span class='ocrx_word' id='word_1_576' title='bbox 627 4051 693 4107; x_wconf 87' lang='lat' dir='ltr'><strong>de</strong></span> <span class='ocrx_word' id='word_1_577' title='bbox 719 4066 825 4122; x_wconf 86' lang='lat' dir='ltr'><strong>quo</strong></span> <span class='ocrx_word' id='word_1_578' title='bbox 860 4059 917 4108; x_wconf 89' lang='lat' dir='ltr'><strong>et</strong></span> <span class='ocrx_word' id='word_1_579' title='bbox 951 4051 1117 4107; x_wconf 86' lang='lat' dir='ltr'><strong>Isaias</strong></span> <span class='ocrx_word' id='word_1_580' title='bbox 1144 4052 1417 4122; x_wconf 84' lang='lat' dir='ltr'><strong>loquitur:</strong></span> <span class='ocrx_word' id='word_1_581' title='bbox 1475 4071 1501 4105; x_wconf 74' lang='grc' dir='ltr'>ι</span> <span class='ocrx_word' id='word_1_582' title='bbox 1550 4054 1620 4110; x_wconf 87' lang='lat' dir='ltr'><strong>Et</strong></span> <span class='ocrx_word' id='word_1_583' title='bbox 1666 4054 1952 4109; x_wconf 71' lang='lat' dir='ltr'><strong>brachium</strong></span> 
     </span>
    </p>
   </div>
   <div class='ocr_carea' id='block_1_72' title="bbox 367 4143 1953 4218">
    <p class='ocr_par' dir='ltr' id='par_1_72' title="bbox 367 4143 1953 4218">
     <span class='ocr_line' id='line_1_72' title="bbox 367 4143 1953 4218; baseline 0 -17"><span class='ocrx_word' id='word_1_584' title='bbox 367 4143 583 4207; x_wconf 78' lang='lat' dir='ltr'><strong>Domini</strong></span> <span class='ocrx_word' id='word_1_585' title='bbox 613 4146 700 4201; x_wconf 84' lang='lat' dir='ltr'><strong>cui</strong></span> <span class='ocrx_word' id='word_1_586' title='bbox 733 4145 1033 4201; x_wconf 86' lang='lat' dir='ltr'><strong>revelatam</strong></span> <span class='ocrx_word' id='word_1_587' title='bbox 1050 4146 1175 4201; x_wconf 86' lang='lat' dir='ltr'><strong>est?</strong></span> <span class='ocrx_word' id='word_1_588' title='bbox 1198 4165 1217 4198; x_wconf 78' lang='grc' dir='ltr'><strong><em>ι</em></strong></span> <span class='ocrx_word' id='word_1_589' title='bbox 1266 4145 1403 4217; x_wconf 76' lang='lat' dir='ltr'><strong>(lea.</strong></span> <span class='ocrx_word' id='word_1_590' title='bbox 1448 4147 1567 4218; x_wconf 74' lang='lat' dir='ltr'><strong>un)</strong></span> <span class='ocrx_word' id='word_1_591' title='bbox 1637 4163 1659 4199; x_wconf 73' lang='grc' dir='ltr'>ι</span> <span class='ocrx_word' id='word_1_592' title='bbox 1692 4145 1810 4203; x_wconf 84' lang='lat' dir='ltr'><strong>Non</strong></span> <span class='ocrx_word' id='word_1_593' title='bbox 1842 4147 1953 4203; x_wconf 82' lang='lat' dir='ltr'><strong>erit</strong></span> 
     </span>
    </p>
   </div>
   <div class='ocr_carea' id='block_1_73' title="bbox 367 4236 1950 4317">
    <p class='ocr_par' dir='ltr' id='par_1_73' title="bbox 367 4236 1950 4317">
     <span class='ocr_line' id='line_1_73' title="bbox 367 4236 1950 4317; baseline 0.001 -22"><span class='ocrx_word' id='word_1_594' title='bbox 367 4238 466 4295; x_wconf 65' lang='lat' dir='ltr'><strong>tibi</strong></span> <span class='ocrx_word' id='word_1_595' title='bbox 490 4236 700 4296; x_wconf 69' lang='lat' dir='ltr'><strong>difﬁcile</strong></span> <span class='ocrx_word' id='word_1_596' title='bbox 728 4254 887 4296; x_wconf 87' lang='lat' dir='ltr'><strong>omne</strong></span> <span class='ocrx_word' id='word_1_597' title='bbox 917 4240 1161 4296; x_wconf 79' lang='lat' dir='ltr'><strong>verbum.</strong></span> <span class='ocrx_word' id='word_1_598' title='bbox 1213 4259 1233 4294; x_wconf 74' lang='grc' dir='ltr'><strong><em>ν</em></strong></span> <span class='ocrx_word' id='word_1_599' title='bbox 1289 4240 1419 4308; x_wconf 67' lang='lat' dir='ltr'><strong>Qua)</strong></span> <span class='ocrx_word' id='word_1_600' title='bbox 1447 4242 1595 4317; x_wconf 73' lang='lat' dir='ltr'><strong>enim</strong></span> <span class='ocrx_word' id='word_1_601' title='bbox 1612 4242 1757 4313; x_wconf 79' lang='lat' dir='ltr'><strong>apud</strong></span> <span class='ocrx_word' id='word_1_602' title='bbox 1779 4241 1950 4297; x_wconf 89' lang='lat' dir='ltr'><strong>homi-</strong></span> 
     </span>
    </p>
   </div>
   <div class='ocr_carea' id='block_1_74' title="bbox 368 4334 1942 4409">
    <p class='ocr_par' dir='ltr' id='par_1_74' title="bbox 368 4334 1942 4409">
     <span class='ocr_line' id='line_1_74' title="bbox 368 4334 1942 4409; baseline 0 -19"><span class='ocrx_word' id='word_1_603' title='bbox 368 4348 464 4391; x_wconf 88' lang='lat' dir='ltr'><strong>nes</strong></span> <span class='ocrx_word' id='word_1_604' title='bbox 488 4335 853 4406; x_wconf 68' lang='lat' dir='ltr'><strong>impossibilia,</strong></span> <span class='ocrx_word' id='word_1_605' title='bbox 884 4335 1032 4406; x_wconf 73' lang='lat' dir='ltr'><strong>apud</strong></span> <span class='ocrx_word' id='word_1_606' title='bbox 1052 4334 1221 4391; x_wconf 79' lang='lat' dir='ltr'><strong>Deum</strong></span> <span class='ocrx_word' id='word_1_607' title='bbox 1253 4336 1529 4406; x_wconf 84' lang='lat' dir='ltr'><strong>possibilia</strong></span> <span class='ocrx_word' id='word_1_608' title='bbox 1559 4343 1687 4392; x_wconf 87' lang='lat' dir='ltr'><strong>sunt</strong></span> <span class='ocrx_word' id='word_1_609' title='bbox 1726 4335 1942 4409; x_wconf 66' lang='lat' dir='ltr'><strong>(Matth.</strong></span> 
     </span>
    </p>
   </div>
   <div class='ocr_carea' id='block_1_75' title="bbox 367 4427 1947 4499">
    <p class='ocr_par' dir='ltr' id='par_1_75' title="bbox 367 4427 1947 4499">
     <span class='ocr_line' id='line_1_75' title="bbox 367 4427 1947 4499; baseline 0.004 -19"><span class='ocrx_word' id='word_1_610' title='bbox 367 4427 515 4498; x_wconf 76' lang='lat' dir='ltr'><strong>nx);</strong></span> <span class='ocrx_word' id='word_1_611' title='bbox 569 4427 683 4484; x_wconf 83' lang='lat' dir='ltr'><strong>sive</strong></span> <span class='ocrx_word' id='word_1_612' title='bbox 742 4428 835 4484; x_wconf 76' lang='lat' dir='ltr'><strong>cui</strong></span> <span class='ocrx_word' id='word_1_613' title='bbox 870 4427 1003 4482; x_wconf 84' lang='lat' dir='ltr'><strong>nihil</strong></span> <span class='ocrx_word' id='word_1_614' title='bbox 1043 4434 1128 4483; x_wconf 87' lang='lat' dir='ltr'><strong>est</strong></span> <span class='ocrx_word' id='word_1_615' title='bbox 1172 4429 1545 4483; x_wconf 82' lang='lat' dir='ltr'><strong>absconditum</strong></span> <span class='ocrx_word' id='word_1_616' title='bbox 1598 4428 1755 4499; x_wconf 69' lang='lat' dir='ltr'><strong>juxta</strong></span> <span class='ocrx_word' id='word_1_617' title='bbox 1814 4430 1947 4485; x_wconf 70' lang='lat' dir='ltr'><strong>illud</strong></span> 
     </span>
    </p>
   </div>
   <div class='ocr_carea' id='block_1_76' title="bbox 367 4515 1947 4588">
    <p class='ocr_par' dir='ltr' id='par_1_76' title="bbox 367 4515 1947 4588">
     <span class='ocr_line' id='line_1_76' title="bbox 367 4515 1947 4588; baseline 0.006 -18"><span class='ocrx_word' id='word_1_618' title='bbox 367 4515 767 4588; x_wconf 71' lang='lat' dir='ltr'><strong>Psahnographi</strong></span> <span class='ocrx_word' id='word_1_619' title='bbox 789 4517 1064 4575; x_wconf 78' lang='lat' dir='ltr'><strong>dicentis:</strong></span> <span class='ocrx_word' id='word_1_620' title='bbox 1102 4537 1125 4569; x_wconf 70' lang='grc' dir='ltr'><strong>ε</strong></span> <span class='ocrx_word' id='word_1_621' title='bbox 1164 4518 1307 4586; x_wconf 75' lang='lat' dir='ltr'><strong>Quia</strong></span> <span class='ocrx_word' id='word_1_622' title='bbox 1352 4520 1585 4576; x_wconf 66' lang='lat' dir='ltr'><strong>tenebrae</strong></span> <span class='ocrx_word' id='word_1_623' title='bbox 1616 4536 1725 4577; x_wconf 85' lang='lat' dir='ltr'><strong>non</strong></span> <span class='ocrx_word' id='word_1_624' title='bbox 1753 4523 1947 4579; x_wconf 86' lang='lat' dir='ltr'><strong>obseu-</strong></span> 
     </span>
    </p>
   </div>
   <div class='ocr_carea' id='block_1_77' title="bbox 368 4610 1939 4687">
    <p class='ocr_par' dir='ltr' id='par_1_77' title="bbox 368 4610 1939 4687">
     <span class='ocr_line' id='line_1_77' title="bbox 368 4610 1939 4687; baseline 0.007 -28"><span class='ocrx_word' id='word_1_625' title='bbox 368 4610 631 4664; x_wconf 80' lang='lat' dir='ltr'><strong>rabuntur</strong></span> <span class='ocrx_word' id='word_1_626' title='bbox 650 4624 680 4664; x_wconf 87' lang='lat' dir='ltr'><strong>a</strong></span> <span class='ocrx_word' id='word_1_627' title='bbox 708 4619 779 4676; x_wconf 90' lang='lat' dir='ltr'><strong>te,</strong></span> <span class='ocrx_word' id='word_1_628' title='bbox 809 4618 865 4666; x_wconf 91' lang='lat' dir='ltr'><strong>et</strong></span> <span class='ocrx_word' id='word_1_629' title='bbox 886 4626 990 4666; x_wconf 85' lang='lat' dir='ltr'><strong>nox</strong></span> <span class='ocrx_word' id='word_1_630' title='bbox 1016 4612 1157 4666; x_wconf 84' lang='lat' dir='ltr'><strong>sicut</strong></span> <span class='ocrx_word' id='word_1_631' title='bbox 1182 4611 1298 4667; x_wconf 88' lang='lat' dir='ltr'><strong>dies</strong></span> <span class='ocrx_word' id='word_1_632' title='bbox 1328 4612 1719 4669; x_wconf 79' lang='lat' dir='ltr'><strong>illominabitur</strong></span> <span class='ocrx_word' id='word_1_633' title='bbox 1766 4614 1939 4687; x_wconf 78' lang='lat' dir='ltr'><strong>(Psai.</strong></span> 
     </span>
    </p>
   </div>
   <div class='ocr_carea' id='block_1_78' title="bbox 367 4697 1947 4767">
    <p class='ocr_par' dir='ltr' id='par_1_78' title="bbox 367 4697 1947 4767">
     <span class='ocr_line' id='line_1_78' title="bbox 367 4697 1947 4767; baseline 0.004 -15"><span class='ocrx_word' id='word_1_634' title='bbox 367 4697 649 4767; x_wconf 74' lang='lat' dir='ltr'><strong>cxxxvm).</strong></span> <span class='ocrx_word' id='word_1_635' title='bbox 682 4715 702 4749; x_wconf 79' lang='grc' dir='ltr'><strong><em>ι</em></strong></span> <span class='ocrx_word' id='word_1_636' title='bbox 732 4714 754 4749; x_wconf 70' lang='grc' dir='ltr'><strong><em>ο</em></strong></span> <span class='ocrx_word' id='word_1_637' title='bbox 784 4698 891 4766; x_wconf 82' lang='lat' dir='ltr'><strong>Qui</strong></span> <span class='ocrx_word' id='word_1_638' title='bbox 916 4697 1057 4755; x_wconf 78' lang='lat' dir='ltr'><strong>facis</strong></span> <span class='ocrx_word' id='word_1_639' title='bbox 1073 4700 1499 4755; x_wconf 80' lang='lat' dir='ltr'><strong>misericordiam</strong></span> <span class='ocrx_word' id='word_1_640' title='bbox 1531 4702 1585 4757; x_wconf 88' lang='lat' dir='ltr'><strong>in</strong></span> <span class='ocrx_word' id='word_1_641' title='bbox 1609 4703 1862 4767; x_wconf 79' lang='lat' dir='ltr'><strong>millibus,</strong></span> <span class='ocrx_word' id='word_1_642' title='bbox 1890 4712 1947 4759; x_wconf 90' lang='lat' dir='ltr'><strong>et</strong></span> 
     </span>
    </p>
   </div>
   <div class='ocr_carea' id='block_1_79' title="bbox 368 4784 1949 4857">
    <p class='ocr_par' dir='ltr' id='par_1_79' title="bbox 368 4784 1949 4857">
     <span class='ocr_line' id='line_1_79' title="bbox 368 4784 1949 4857; baseline 0.004 -17"><span class='ocrx_word' id='word_1_643' title='bbox 368 4784 550 4840; x_wconf 80' lang='lat' dir='ltr'><strong>reddis</strong></span> <span class='ocrx_word' id='word_1_644' title='bbox 590 4784 929 4857; x_wconf 84' lang='lat' dir='ltr'><strong>iniquitatem</strong></span> <span class='ocrx_word' id='word_1_645' title='bbox 972 4797 1185 4857; x_wconf 80' lang='lat' dir='ltr'><strong>patrum</strong></span> <span class='ocrx_word' id='word_1_646' title='bbox 1230 4788 1287 4841; x_wconf 87' lang='lat' dir='ltr'><strong>in</strong></span> <span class='ocrx_word' id='word_1_647' title='bbox 1315 4788 1434 4843; x_wconf 87' lang='lat' dir='ltr'><strong>sinu</strong></span> <span class='ocrx_word' id='word_1_648' title='bbox 1489 4790 1721 4846; x_wconf 82' lang='lat' dir='ltr'><strong>ﬁliorum</strong></span> <span class='ocrx_word' id='word_1_649' title='bbox 1755 4806 1949 4847; x_wconf 85' lang='lat' dir='ltr'><strong>eorum</strong></span> 
     </span>
    </p>
   </div>
   <div class='ocr_carea' id='block_1_80' title="bbox 366 4872 1944 4946">
    <p class='ocr_par' dir='ltr' id='par_1_80' title="bbox 366 4872 1944 4946">
     <span class='ocr_line' id='line_1_80' title="bbox 366 4872 1944 4946; baseline 0.007 -19"><span class='ocrx_word' id='word_1_650' title='bbox 366 4882 489 4946; x_wconf 81' lang='lat' dir='ltr'><strong>post</strong></span> <span class='ocrx_word' id='word_1_651' title='bbox 528 4872 651 4931; x_wconf 73' lang='lat' dir='ltr'><strong>eos.</strong></span> <span class='ocrx_word' id='word_1_652' title='bbox 701 4894 721 4928; x_wconf 76' lang='grc' dir='ltr'><strong><em>ι</em></strong></span> <span class='ocrx_word' id='word_1_653' title='bbox 773 4874 1005 4933; x_wconf 83' lang='lat' dir='ltr'><strong>Grandis</strong></span> <span class='ocrx_word' id='word_1_654' title='bbox 1045 4878 1331 4934; x_wconf 86' lang='lat' dir='ltr'><strong>clementia</strong></span> <span class='ocrx_word' id='word_1_655' title='bbox 1366 4878 1684 4937; x_wconf 84' lang='lat' dir='ltr'><strong>Creatoris:</strong></span> <span class='ocrx_word' id='word_1_656' title='bbox 1732 4883 1944 4938; x_wconf 59' lang='lat' dir='ltr'><strong>miseria</strong></span> 
     </span>
    </p>
   </div>
   <div class='ocr_carea' id='block_1_81' title="bbox 366 4965 1947 5040">
    <p class='ocr_par' dir='ltr' id='par_1_81' title="bbox 366 4965 1947 5040">
     <span class='ocr_line' id='line_1_81' title="bbox 366 4965 1947 5040; baseline 0.008 -21"><span class='ocrx_word' id='word_1_657' title='bbox 366 4965 608 5021; x_wconf 84' lang='lat' dir='ltr'><strong>cordiam</strong></span> <span class='ocrx_word' id='word_1_658' title='bbox 638 4980 799 5022; x_wconf 83' lang='lat' dir='ltr'><strong>suam</strong></span> <span class='ocrx_word' id='word_1_659' title='bbox 844 4967 898 5021; x_wconf 88' lang='lat' dir='ltr'><strong>in</strong></span> <span class='ocrx_word' id='word_1_660' title='bbox 925 4967 1068 5023; x_wconf 89' lang='lat' dir='ltr'><strong>mille</strong></span> <span class='ocrx_word' id='word_1_661' title='bbox 1097 4970 1475 5040; x_wconf 79' lang='lat' dir='ltr'><strong>generationes</strong></span> <span class='ocrx_word' id='word_1_662' title='bbox 1522 4973 1837 5040; x_wconf 78' lang='lat' dir='ltr'><strong>extendere,</strong></span> <span class='ocrx_word' id='word_1_663' title='bbox 1889 4982 1947 5031; x_wconf 76' lang='lat' dir='ltr'><strong>et</strong></span> 
     </span>
    </p>
   </div>
   <div class='ocr_carea' id='block_1_82' title="bbox 367 5049 1942 5130">
    <p class='ocr_par' dir='ltr' id='par_1_82' title="bbox 367 5049 1942 5130">
     <span class='ocr_line' id='line_1_82' title="bbox 367 5049 1942 5130; baseline 0.007 -23"><span class='ocrx_word' id='word_1_664' title='bbox 367 5049 631 5109; x_wconf 86' lang='lat' dir='ltr'><strong>iustitiam</strong></span> <span class='ocrx_word' id='word_1_665' title='bbox 681 5056 865 5111; x_wconf 86' lang='lat' dir='ltr'><strong>statim</strong></span> <span class='ocrx_word' id='word_1_666' title='bbox 908 5056 963 5111; x_wconf 91' lang='lat' dir='ltr'><strong>in</strong></span> <span class='ocrx_word' id='word_1_667' title='bbox 993 5057 1163 5113; x_wconf 77' lang='lat' dir='ltr'><strong>altera</strong></span> <span class='ocrx_word' id='word_1_668' title='bbox 1201 5062 1550 5130; x_wconf 86' lang='lat' dir='ltr'><strong>generatione</strong></span> <span class='ocrx_word' id='word_1_669' title='bbox 1593 5074 1942 5119; x_wconf 74' lang='lat' dir='ltr'><strong>monstrum:</strong></span> 
     </span>
    </p>
   </div>
   <div class='ocr_carea' id='block_1_83' title="bbox 372 5149 1947 5221">
    <p class='ocr_par' dir='ltr' id='par_1_83' title="bbox 372 5149 1947 5221">
     <span class='ocr_line' id='line_1_83' title="bbox 372 5149 1947 5221; baseline 0.007 -20"><span class='ocrx_word' id='word_1_670' title='bbox 372 5160 490 5214; x_wconf 65' lang='lat' dir='ltr'><strong>qum</strong></span> <span class='ocrx_word' id='word_1_671' title='bbox 515 5156 695 5205; x_wconf 80' lang='lat' dir='ltr'><strong>tamen</strong></span> <span class='ocrx_word' id='word_1_672' title='bbox 715 5157 771 5206; x_wconf 83' lang='lat' dir='ltr'><strong>et</strong></span> <span class='ocrx_word' id='word_1_673' title='bbox 790 5149 905 5221; x_wconf 88' lang='lat' dir='ltr'><strong>ipsa</strong></span> <span class='ocrx_word' id='word_1_674' title='bbox 927 5152 1085 5207; x_wconf 86' lang='lat' dir='ltr'><strong>mista</strong></span> <span class='ocrx_word' id='word_1_675' title='bbox 1116 5163 1201 5208; x_wconf 85' lang='lat' dir='ltr'><strong>est</strong></span> <span class='ocrx_word' id='word_1_676' title='bbox 1222 5154 1623 5210; x_wconf 81' lang='lat' dir='ltr'><strong>misericordiae.</strong></span> <span class='ocrx_word' id='word_1_677' title='bbox 1655 5155 1777 5211; x_wconf 78' lang='lat' dir='ltr'><strong>Non</strong></span> <span class='ocrx_word' id='word_1_678' title='bbox 1801 5157 1947 5213; x_wconf 83' lang='lat' dir='ltr'><strong>enim</strong></span> 
     </span>
    </p>
   </div>
   <div class='ocr_carea' id='block_1_84' title="bbox 373 5238 1948 5319">
    <p class='ocr_par' dir='ltr' id='par_1_84' title="bbox 373 5238 1948 5319">
     <span class='ocr_line' id='line_1_84' title="bbox 373 5238 1948 5319; baseline 0.01 -29"><span class='ocrx_word' id='word_1_679' title='bbox 373 5238 553 5292; x_wconf 84' lang='lat' dir='ltr'><strong>statim</strong></span> <span class='ocrx_word' id='word_1_680' title='bbox 592 5240 748 5310; x_wconf 82' lang='lat' dir='ltr'><strong>punit</strong></span> <span class='ocrx_word' id='word_1_681' title='bbox 785 5241 1210 5313; x_wconf 83' lang='lat' dir='ltr'><strong>delinquemetn,</strong></span> <span class='ocrx_word' id='word_1_682' title='bbox 1263 5246 1361 5301; x_wconf 88' lang='lat' dir='ltr'><strong>sed</strong></span> <span class='ocrx_word' id='word_1_683' title='bbox 1405 5256 1683 5317; x_wconf 77' lang='lat' dir='ltr'><strong>exspectat</strong></span> <span class='ocrx_word' id='word_1_684' title='bbox 1717 5249 1948 5319; x_wconf 78' lang='lat' dir='ltr'><strong>plenitu-</strong></span> 
     </span>
    </p>
   </div>
   <div class='ocr_carea' id='block_1_85' title="bbox 375 5326 1942 5407">
    <p class='ocr_par' dir='ltr' id='par_1_85' title="bbox 375 5326 1942 5407">
     <span class='ocr_line' id='line_1_85' title="bbox 375 5326 1942 5407; baseline 0.01 -28"><span class='ocrx_word' id='word_1_685' title='bbox 375 5326 594 5382; x_wconf 80' lang='lat' dir='ltr'><strong>dinem:</strong></span> <span class='ocrx_word' id='word_1_686' title='bbox 628 5331 757 5387; x_wconf 77' lang='grc' dir='ltr'><strong>ιιιεὶ</strong></span> <span class='ocrx_word' id='word_1_687' title='bbox 786 5332 942 5389; x_wconf 89' lang='lat' dir='ltr'><strong>liberi</strong></span> <span class='ocrx_word' id='word_1_688' title='bbox 968 5335 1167 5390; x_wconf 87' lang='lat' dir='ltr'><strong>imitati</strong></span> <span class='ocrx_word' id='word_1_689' title='bbox 1190 5336 1389 5392; x_wconf 75' lang='lat' dir='ltr'><strong>fuerint</strong></span> <span class='ocrx_word' id='word_1_690' title='bbox 1412 5347 1697 5407; x_wconf 86' lang='lat' dir='ltr'><strong>parentum</strong></span> <span class='ocrx_word' id='word_1_691' title='bbox 1731 5339 1942 5407; x_wconf 87' lang='lat' dir='ltr'><strong>vitium,</strong></span> 
     </span>
    </p>
   </div>
   <div class='ocr_carea' id='block_1_86' title="bbox 376 5417 1945 5503">
    <p class='ocr_par' dir='ltr' id='par_1_86' title="bbox 376 5417 1945 5503">
     <span class='ocr_line' id='line_1_86' title="bbox 376 5417 1945 5503; baseline 0.011 -33"><span class='ocrx_word' id='word_1_692' title='bbox 376 5417 468 5471; x_wconf 90' lang='lat' dir='ltr'><strong>diu</strong></span> <span class='ocrx_word' id='word_1_693' title='bbox 507 5420 672 5475; x_wconf 85' lang='lat' dir='ltr'><strong>dilata</strong></span> <span class='ocrx_word' id='word_1_694' title='bbox 713 5436 871 5492; x_wconf 74' lang='lat' dir='ltr'><strong>ptena</strong></span> <span class='ocrx_word' id='word_1_695' title='bbox 905 5428 1179 5482; x_wconf 67' lang='lat' dir='ltr'><strong>reddatur.</strong></span> <span class='ocrx_word' id='word_1_696' title='bbox 1226 5446 1246 5480; x_wconf 72' lang='grc' dir='ltr'><strong><em>ο</em></strong></span> <span class='ocrx_word' id='word_1_697' title='bbox 1298 5429 1613 5486; x_wconf 82' lang='lat' dir='ltr'><strong>Fortissime</strong></span> <span class='ocrx_word' id='word_1_698' title='bbox 1658 5440 1713 5486; x_wconf 91' lang='lat' dir='ltr'><strong>et</strong></span> <span class='ocrx_word' id='word_1_699' title='bbox 1755 5447 1945 5503; x_wconf 85' lang='lat' dir='ltr'><strong>magne</strong></span> 
     </span>
    </p>
   </div>
   <div class='ocr_carea' id='block_1_87' title="bbox 375 5510 1947 5595">
    <p class='ocr_par' dir='ltr' id='par_1_87' title="bbox 375 5510 1947 5595">
     <span class='ocr_line' id='line_1_87' title="bbox 375 5510 1947 5595; baseline 0.011 -33"><span class='ocrx_word' id='word_1_700' title='bbox 375 5516 591 5578; x_wconf 86' lang='lat' dir='ltr'><strong>potens,</strong></span> <span class='ocrx_word' id='word_1_701' title='bbox 620 5510 877 5572; x_wconf 82' lang='lat' dir='ltr'><strong>Dominus</strong></span> <span class='ocrx_word' id='word_1_702' title='bbox 897 5519 1231 5574; x_wconf 78' lang='lat' dir='ltr'><strong>exercituum</strong></span> <span class='ocrx_word' id='word_1_703' title='bbox 1278 5518 1404 5593; x_wconf 81' lang='lat' dir='ltr'><strong>(sive</strong></span> <span class='ocrx_word' id='word_1_704' title='bbox 1432 5522 1712 5595; x_wconf 88' lang='lat' dir='ltr'><strong>virtutum)</strong></span> <span class='ocrx_word' id='word_1_705' title='bbox 1752 5541 1947 5580; x_wconf 91' lang='lat' dir='ltr'><strong>nomen</strong></span> 
     </span>
    </p>
   </div>
   <div class='ocr_carea' id='block_1_88' title="bbox 377 5601 1945 5681">
    <p class='ocr_par' dir='ltr' id='par_1_88' title="bbox 377 5601 1945 5681">
     <span class='ocr_line' id='line_1_88' title="bbox 377 5601 1945 5681; baseline 0.01 -25"><span class='ocrx_word' id='word_1_706' title='bbox 377 5601 497 5669; x_wconf 82' lang='lat' dir='ltr'><strong>tibi,</strong></span> <span class='ocrx_word' id='word_1_707' title='bbox 546 5623 567 5657; x_wconf 71' lang='grc' dir='ltr'><strong><em>ι</em></strong></span> <span class='ocrx_word' id='word_1_708' title='bbox 621 5603 728 5660; x_wconf 84' lang='lat' dir='ltr'><strong>Ista</strong></span> <span class='ocrx_word' id='word_1_709' title='bbox 764 5610 979 5664; x_wconf 84' lang='lat' dir='ltr'><strong>nomina</strong></span> <span class='ocrx_word' id='word_1_710' title='bbox 1013 5614 1310 5681; x_wconf 86' lang='lat' dir='ltr'><strong>potentiam</strong></span> <span class='ocrx_word' id='word_1_711' title='bbox 1355 5616 1599 5670; x_wconf 83' lang='lat' dir='ltr'><strong>indicant</strong></span> <span class='ocrx_word' id='word_1_712' title='bbox 1652 5618 1945 5673; x_wconf 80' lang='lat' dir='ltr'><strong>Creatoris.</strong></span> 
     </span>
    </p>
   </div>
   <div class='ocr_carea' id='block_1_89' title="bbox 376 5690 1950 5776">
    <p class='ocr_par' dir='ltr' id='par_1_89' title="bbox 376 5690 1950 5776">
     <span class='ocr_line' id='line_1_89' title="bbox 376 5690 1950 5776; baseline 0.006 -25"><span class='ocrx_word' id='word_1_713' title='bbox 376 5690 640 5751; x_wconf 62' lang='lat' dir='ltr'><strong>Ceterum</strong></span> <span class='ocrx_word' id='word_1_714' title='bbox 654 5697 869 5767; x_wconf 86' lang='lat' dir='ltr'><strong>proprie</strong></span> <span class='ocrx_word' id='word_1_715' title='bbox 890 5713 1083 5755; x_wconf 89' lang='lat' dir='ltr'><strong>nomen</strong></span> <span class='ocrx_word' id='word_1_716' title='bbox 1105 5701 1221 5767; x_wconf 90' lang='lat' dir='ltr'><strong>Dei,</strong></span> <span class='ocrx_word' id='word_1_717' title='bbox 1250 5704 1408 5760; x_wconf 86' lang='lat' dir='ltr'><strong>Pater</strong></span> <span class='ocrx_word' id='word_1_718' title='bbox 1421 5714 1523 5770; x_wconf 76' lang='lat' dir='ltr'><strong>est,</strong></span> <span class='ocrx_word' id='word_1_719' title='bbox 1547 5709 1686 5776; x_wconf 85' lang='lat' dir='ltr'><strong>quod</strong></span> <span class='ocrx_word' id='word_1_720' title='bbox 1710 5709 1760 5761; x_wconf 90' lang='lat' dir='ltr'><strong>in</strong></span> <span class='ocrx_word' id='word_1_721' title='bbox 1778 5706 1950 5761; x_wconf 81' lang='lat' dir='ltr'><strong>Evan—</strong></span> 
     </span>
    </p>
   </div>
   <div class='ocr_carea' id='block_1_90' title="bbox 375 5782 1946 5870">
    <p class='ocr_par' dir='ltr' id='par_1_90' title="bbox 375 5782 1946 5870">
     <span class='ocr_line' id='line_1_90' title="bbox 375 5782 1946 5870; baseline 0.005 -24"><span class='ocrx_word' id='word_1_722' title='bbox 375 5784 523 5869; x_wconf 75' lang='lat' dir='ltr'><strong>gelia</strong></span> <span class='ocrx_word' id='word_1_723' title='bbox 558 5782 661 5868; x_wconf 80' lang='lat' dir='ltr'><strong>per</strong></span> <span class='ocrx_word' id='word_1_724' title='bbox 686 5784 971 5851; x_wconf 62' lang='lat' dir='ltr'><strong>Domuum</strong></span> <span class='ocrx_word' id='word_1_725' title='bbox 1018 5794 1287 5852; x_wconf 82' lang='lat' dir='ltr'><strong>revelatur</strong></span> <span class='ocrx_word' id='word_1_726' title='bbox 1346 5797 1653 5854; x_wconf 85' lang='lat' dir='ltr'><strong>dicentem:</strong></span> <span class='ocrx_word' id='word_1_727' title='bbox 1709 5819 1727 5851; x_wconf 74' lang='grc' dir='ltr'>ι</span> <span class='ocrx_word' id='word_1_728' title='bbox 1769 5798 1946 5870; x_wconf 83' lang='lat' dir='ltr'><strong>Pater,</strong></span> 
     </span>
    </p>
   </div>
   <div class='ocr_carea' id='block_1_91' title="bbox 2055 3319 3633 3393">
    <p class='ocr_par' dir='ltr' id='par_1_91' title="bbox 2055 3319 3633 3393">
     <span class='ocr_line' id='line_1_91' title="bbox 2055 3319 3633 3393; baseline 0.001 -18"><span class='ocrx_word' id='word_1_729' title='bbox 2055 3340 2076 3375; x_wconf 72' lang='grc' dir='ltr'><strong><em>ο</em></strong></span> <span class='ocrx_word' id='word_1_730' title='bbox 2127 3333 2340 3379; x_wconf 80' lang='lat' dir='ltr'><strong>verunt.</strong></span> <span class='ocrx_word' id='word_1_731' title='bbox 2379 3322 2579 3380; x_wconf 85' lang='lat' dir='ltr'><strong>Omnia</strong></span> <span class='ocrx_word' id='word_1_732' title='bbox 2596 3338 2719 3393; x_wconf 70' lang='lat' dir='ltr'><strong>qua:</strong></span> <span class='ocrx_word' id='word_1_733' title='bbox 2735 3321 3007 3377; x_wconf 86' lang='lat' dir='ltr'><strong>mandasti</strong></span> <span class='ocrx_word' id='word_1_734' title='bbox 3029 3322 3117 3377; x_wconf 82' lang='lat' dir='ltr'><strong>eis</strong></span> <span class='ocrx_word' id='word_1_735' title='bbox 3145 3329 3205 3377; x_wconf 81' lang='lat' dir='ltr'><strong>nt</strong></span> <span class='ocrx_word' id='word_1_736' title='bbox 3232 3319 3489 3387; x_wconf 70' lang='lat' dir='ltr'><strong>iacerent,</strong></span> <span class='ocrx_word' id='word_1_737' title='bbox 3520 3332 3633 3376; x_wconf 79' lang='lat' dir='ltr'><strong>non</strong></span> 
     </span>
    </p>
   </div>
   <div class='ocr_carea' id='block_1_92' title="bbox 2055 3412 3673 3481">
    <p class='ocr_par' dir='ltr' id='par_1_92' title="bbox 2055 3412 3673 3481">
     <span class='ocr_line' id='line_1_92' title="bbox 2055 3412 3673 3481; baseline 0.004 -13"><span class='ocrx_word' id='word_1_738' title='bbox 2055 3428 2075 3468; x_wconf 84' lang='lat' dir='ltr'><strong>t</strong></span> <span class='ocrx_word' id='word_1_739' title='bbox 2134 3418 2410 3481; x_wconf 84' lang='lat' dir='ltr'><strong>iecerunt,</strong></span> <span class='ocrx_word' id='word_1_740' title='bbox 2460 3424 2518 3471; x_wconf 91' lang='lat' dir='ltr'><strong>et</strong></span> <span class='ocrx_word' id='word_1_741' title='bbox 2543 3423 2836 3472; x_wconf 79' lang='lat' dir='ltr'><strong>evenerunt</strong></span> <span class='ocrx_word' id='word_1_742' title='bbox 2876 3416 2971 3470; x_wconf 79' lang='lat' dir='ltr'><strong>eis</strong></span> <span class='ocrx_word' id='word_1_743' title='bbox 3006 3415 3185 3470; x_wconf 71' lang='lat' dir='ltr'><strong>omnis</strong></span> <span class='ocrx_word' id='word_1_744' title='bbox 3228 3414 3375 3469; x_wconf 67' lang='lat' dir='ltr'><strong>male</strong></span> <span class='ocrx_word' id='word_1_745' title='bbox 3420 3412 3573 3469; x_wconf 62' lang='lat' dir='ltr'><strong>llaec.</strong></span> <span class='ocrx_word' id='word_1_746' title='bbox 3603 3430 3633 3463; x_wconf 77' lang='grc' dir='ltr'><strong>ι’</strong></span> <span class='ocrx_word' id='word_1_747' title='bbox 3670 3474 3673 3475; x_wconf 30' lang='grc' dir='ltr'><em>ν</em></span> 
     </span>
    </p>
   </div>
   <div class='ocr_carea' id='block_1_93' title="bbox 2049 3504 3637 3578">
    <p class='ocr_par' dir='ltr' id='par_1_93' title="bbox 2049 3504 3637 3578">
     <span class='ocr_line' id='line_1_93' title="bbox 2049 3504 3637 3578; baseline -0.009 -14"><span class='ocrx_word' id='word_1_748' title='bbox 2049 3505 2127 3560; x_wconf 79' lang='lat' dir='ltr'><strong>De</strong></span> <span class='ocrx_word' id='word_1_749' title='bbox 2146 3506 2381 3578; x_wconf 81' lang='lat' dir='ltr'><strong>generali</strong></span> <span class='ocrx_word' id='word_1_750' title='bbox 2403 3506 2597 3561; x_wconf 88' lang='lat' dir='ltr'><strong>transit</strong></span> <span class='ocrx_word' id='word_1_751' title='bbox 2620 3506 2686 3560; x_wconf 89' lang='lat' dir='ltr'><strong>ad</strong></span> <span class='ocrx_word' id='word_1_752' title='bbox 2715 3504 2969 3575; x_wconf 82' lang='lat' dir='ltr'><strong>speciale,</strong></span> <span class='ocrx_word' id='word_1_753' title='bbox 2995 3513 3051 3561; x_wconf 91' lang='lat' dir='ltr'><strong>et</strong></span> <span class='ocrx_word' id='word_1_754' title='bbox 3068 3505 3199 3575; x_wconf 84' lang='lat' dir='ltr'><strong>quid</strong></span> <span class='ocrx_word' id='word_1_755' title='bbox 3232 3506 3448 3575; x_wconf 73' lang='lat' dir='ltr'><strong>proprie</strong></span> <span class='ocrx_word' id='word_1_756' title='bbox 3492 3516 3637 3575; x_wconf 62' lang='grc' dir='ltr'><strong>πω-</strong></span> 
     </span>
    </p>
   </div>
   <div class='ocr_carea' id='block_1_94' title="bbox 2047 3596 3629 3666">
    <p class='ocr_par' dir='ltr' id='par_1_94' title="bbox 2047 3596 3629 3666">
     <span class='ocr_line' id='line_1_94' title="bbox 2047 3596 3629 3666; baseline -0.001 -14"><span class='ocrx_word' id='word_1_757' title='bbox 2047 3596 2249 3652; x_wconf 83' lang='lat' dir='ltr'><strong>stiterit</strong></span> <span class='ocrx_word' id='word_1_758' title='bbox 2276 3596 2438 3652; x_wconf 84' lang='lat' dir='ltr'><strong>Israel</strong></span> <span class='ocrx_word' id='word_1_759' title='bbox 2462 3596 2612 3652; x_wconf 82' lang='lat' dir='ltr'><strong>brevi</strong></span> <span class='ocrx_word' id='word_1_760' title='bbox 2640 3611 2893 3662; x_wconf 82' lang='lat' dir='ltr'><strong>sermone</strong></span> <span class='ocrx_word' id='word_1_761' title='bbox 2916 3597 3209 3666; x_wconf 80' lang='lat' dir='ltr'><strong>percurrit.</strong></span> <span class='ocrx_word' id='word_1_762' title='bbox 3240 3614 3267 3647; x_wconf 68' lang='grc' dir='ltr'><strong><em>ς</em></strong></span> <span class='ocrx_word' id='word_1_763' title='bbox 3314 3596 3417 3663; x_wconf 80' lang='lat' dir='ltr'><strong>Qui</strong></span> <span class='ocrx_word' id='word_1_764' title='bbox 3443 3596 3629 3664; x_wconf 78' lang='lat' dir='ltr'><strong>posui-</strong></span> 
     </span>
    </p>
   </div>
   <div class='ocr_carea' id='block_1_95' title="bbox 2049 3684 3628 3759">
    <p class='ocr_par' dir='ltr' id='par_1_95' title="bbox 2049 3684 3628 3759">
     <span class='ocr_line' id='line_1_95' title="bbox 2049 3684 3628 3759; baseline -0.001 -15"><span class='ocrx_word' id='word_1_765' title='bbox 2049 3689 2136 3753; x_wconf 89' lang='lat' dir='ltr'><strong>sti,</strong></span> <span class='ocrx_word' id='word_1_766' title='bbox 2176 3688 2273 3754; x_wconf 89' lang='lat' dir='ltr'><strong>ait,</strong></span> <span class='ocrx_word' id='word_1_767' title='bbox 2303 3690 2455 3759; x_wconf 81' lang='lat' dir='ltr'><strong>signa</strong></span> <span class='ocrx_word' id='word_1_768' title='bbox 2473 3696 2524 3742; x_wconf 90' lang='lat' dir='ltr'><strong>et</strong></span> <span class='ocrx_word' id='word_1_769' title='bbox 2551 3695 2801 3758; x_wconf 81' lang='lat' dir='ltr'><strong>portenta</strong></span> <span class='ocrx_word' id='word_1_770' title='bbox 2828 3688 2889 3741; x_wconf 75' lang='lat' dir='ltr'><strong>in</strong></span> <span class='ocrx_word' id='word_1_771' title='bbox 2906 3694 3053 3741; x_wconf 76' lang='lat' dir='ltr'><strong>terra</strong></span> <span class='ocrx_word' id='word_1_772' title='bbox 3082 3685 3324 3757; x_wconf 69' lang='lat' dir='ltr'><strong>IEgypti,</strong></span> <span class='ocrx_word' id='word_1_773' title='bbox 3358 3701 3383 3737; x_wconf 76' lang='grc' dir='ltr'><strong><em>ι</em></strong></span> <span class='ocrx_word' id='word_1_774' title='bbox 3427 3684 3628 3755; x_wconf 75' lang='lat' dir='ltr'><strong>quibus</strong></span> 
     </span>
    </p>
   </div>
   <div class='ocr_carea' id='block_1_96' title="bbox 2048 3778 3628 3853">
    <p class='ocr_par' dir='ltr' id='par_1_96' title="bbox 2048 3778 3628 3853">
     <span class='ocr_line' id='line_1_96' title="bbox 2048 3778 3628 3853; baseline -0.003 -16"><span class='ocrx_word' id='word_1_775' title='bbox 2048 3782 2382 3838; x_wconf 60' lang='lat' dir='ltr'><strong>metusest</strong></span> <span class='ocrx_word' id='word_1_776' title='bbox 2412 3780 2683 3853; x_wconf 62' lang='lat' dir='ltr'><strong>Iligpr</strong></span> <span class='ocrx_word' id='word_1_777' title='bbox 2723 3800 2749 3833; x_wconf 67' lang='grc' dir='ltr'><strong><em>ο</em></strong></span> <span class='ocrx_word' id='word_1_778' title='bbox 2789 3780 3047 3851; x_wconf 80' lang='lat' dir='ltr'><strong>usquead</strong></span> <span class='ocrx_word' id='word_1_779' title='bbox 3076 3778 3221 3836; x_wconf 76' lang='lat' dir='ltr'><strong>diem</strong></span> <span class='ocrx_word' id='word_1_780' title='bbox 3260 3779 3423 3845; x_wconf 77' lang='lat' dir='ltr'><strong>hanc,</strong></span> <span class='ocrx_word' id='word_1_781' title='bbox 3473 3784 3529 3833; x_wconf 89' lang='lat' dir='ltr'><strong>et</strong></span> <span class='ocrx_word' id='word_1_782' title='bbox 3572 3779 3628 3833; x_wconf 87' lang='lat' dir='ltr'><strong>in</strong></span> 
     </span>
    </p>
   </div>
   <div class='ocr_carea' id='block_1_97' title="bbox 2047 3868 3639 3942">
    <p class='ocr_par' dir='ltr' id='par_1_97' title="bbox 2047 3868 3639 3942">
     <span class='ocr_line' id='line_1_97' title="bbox 2047 3868 3639 3942; baseline -0.003 -13"><span class='ocrx_word' id='word_1_783' title='bbox 2047 3872 2211 3929; x_wconf 77' lang='lat' dir='ltr'><strong>Israel</strong></span> <span class='ocrx_word' id='word_1_784' title='bbox 2233 3873 2362 3927; x_wconf 88' lang='lat' dir='ltr'><strong>etin</strong></span> <span class='ocrx_word' id='word_1_785' title='bbox 2389 3872 2716 3932; x_wconf 83' lang='lat' dir='ltr'><strong>hominibus.</strong></span> <span class='ocrx_word' id='word_1_786' title='bbox 2751 3872 2865 3926; x_wconf 88' lang='lat' dir='ltr'><strong>sive</strong></span> <span class='ocrx_word' id='word_1_787' title='bbox 2891 3870 3199 3942; x_wconf 74' lang='lat' dir='ltr'><strong>terrigenis.</strong></span> <span class='ocrx_word' id='word_1_788' title='bbox 3248 3886 3271 3921; x_wconf 72' lang='grc' dir='ltr'><strong>ιε</strong></span> <span class='ocrx_word' id='word_1_789' title='bbox 3322 3869 3438 3924; x_wconf 71' lang='lat' dir='ltr'><strong>Hoc</strong></span> <span class='ocrx_word' id='word_1_790' title='bbox 3483 3868 3639 3939; x_wconf 81' lang='lat' dir='ltr'><strong>quod</strong></span> 
     </span>
    </p>
   </div>
   <div class='ocr_carea' id='block_1_98' title="bbox 2048 3960 3635 4035">
    <p class='ocr_par' dir='ltr' id='par_1_98' title="bbox 2048 3960 3635 4035">
     <span class='ocr_line' id='line_1_98' title="bbox 2048 3960 3635 4035; baseline -0.004 -14"><span class='ocrx_word' id='word_1_791' title='bbox 2048 3965 2250 4021; x_wconf 88' lang='lat' dir='ltr'><strong>dicitur</strong></span> <span class='ocrx_word' id='word_1_792' title='bbox 2296 3982 2323 4017; x_wconf 69' lang='grc' dir='ltr'><strong>ς’</strong></span> <span class='ocrx_word' id='word_1_793' title='bbox 2362 3977 2534 4035; x_wconf 83' lang='lat' dir='ltr'><strong>usque</strong></span> <span class='ocrx_word' id='word_1_794' title='bbox 2560 3963 2633 4018; x_wconf 83' lang='lat' dir='ltr'><strong>ad</strong></span> <span class='ocrx_word' id='word_1_795' title='bbox 2651 3963 2793 4019; x_wconf 91' lang='lat' dir='ltr'><strong>diem</strong></span> <span class='ocrx_word' id='word_1_796' title='bbox 2814 3963 2955 4018; x_wconf 82' lang='lat' dir='ltr'><strong>hanc</strong></span> <span class='ocrx_word' id='word_1_797' title='bbox 2998 3981 3017 4013; x_wconf 74' lang='grc' dir='ltr'><strong><em>ι</em></strong></span> <span class='ocrx_word' id='word_1_798' title='bbox 3062 3960 3635 4032; x_wconf 81' lang='lat' dir='ltr'><strong>posterioribuseopu-</strong></span> 
     </span>
    </p>
   </div>
   <div class='ocr_carea' id='block_1_99' title="bbox 2048 4052 3631 4125">
    <p class='ocr_par' dir='ltr' id='par_1_99' title="bbox 2048 4052 3631 4125">
     <span class='ocr_line' id='line_1_99' title="bbox 2048 4052 3631 4125; baseline -0.004 -12"><span class='ocrx_word' id='word_1_799' title='bbox 2048 4056 2267 4112; x_wconf 80' lang='lat' dir='ltr'><strong>landum</strong></span> <span class='ocrx_word' id='word_1_800' title='bbox 2291 4063 2396 4122; x_wconf 90' lang='lat' dir='ltr'><strong>est,</strong></span> <span class='ocrx_word' id='word_1_801' title='bbox 2437 4063 2497 4109; x_wconf 91' lang='lat' dir='ltr'><strong>ut</strong></span> <span class='ocrx_word' id='word_1_802' title='bbox 2527 4055 2770 4125; x_wconf 83' lang='lat' dir='ltr'><strong>legamus</strong></span> <span class='ocrx_word' id='word_1_803' title='bbox 2800 4070 2815 4109; x_wconf 87' lang='lat'><strong>:</strong></span> <span class='ocrx_word' id='word_1_804' title='bbox 2870 4053 2941 4108; x_wconf 85' lang='lat' dir='ltr'><strong>Et</strong></span> <span class='ocrx_word' id='word_1_805' title='bbox 2963 4053 3018 4107; x_wconf 87' lang='lat' dir='ltr'><strong>in</strong></span> <span class='ocrx_word' id='word_1_806' title='bbox 3043 4052 3206 4108; x_wconf 82' lang='lat' dir='ltr'><strong>Israel</strong></span> <span class='ocrx_word' id='word_1_807' title='bbox 3255 4060 3312 4107; x_wconf 87' lang='lat' dir='ltr'><strong>et</strong></span> <span class='ocrx_word' id='word_1_808' title='bbox 3339 4052 3631 4108; x_wconf 83' lang='lat' dir='ltr'><strong>in-cunetis</strong></span> 
     </span>
    </p>
   </div>
   <div class='ocr_carea' id='block_1_100' title="bbox 2048 4141 3625 4219">
    <p class='ocr_par' dir='ltr' id='par_1_100' title="bbox 2048 4141 3625 4219">
     <span class='ocr_line' id='line_1_100' title="bbox 2048 4141 3625 4219; baseline -0.006 -14"><span class='ocrx_word' id='word_1_809' title='bbox 2048 4148 2369 4205; x_wconf 72' lang='lat' dir='ltr'><strong>mortalibus</strong></span> <span class='ocrx_word' id='word_1_810' title='bbox 2407 4144 2645 4219; x_wconf 87' lang='lat' dir='ltr'><strong>quotidie</strong></span> <span class='ocrx_word' id='word_1_811' title='bbox 2670 4152 2761 4201; x_wconf 82' lang='lat' dir='ltr'><strong>tua</strong></span> <span class='ocrx_word' id='word_1_812' title='bbox 2785 4144 3316 4216; x_wconf 66' lang='lat' dir='ltr'><strong>signseomplentur.</strong></span> <span class='ocrx_word' id='word_1_813' title='bbox 3360 4142 3487 4199; x_wconf 77' lang='lat' dir='ltr'><strong>Sive</strong></span> <span class='ocrx_word' id='word_1_814' title='bbox 3523 4141 3625 4197; x_wconf 81' lang='lat' dir='ltr'><strong>ali—</strong></span> 
     </span>
    </p>
   </div>
   <div class='ocr_carea' id='block_1_101' title="bbox 2048 4233 3631 4311">
    <p class='ocr_par' dir='ltr' id='par_1_101' title="bbox 2048 4233 3631 4311">
     <span class='ocr_line' id='line_1_101' title="bbox 2048 4233 3631 4311; baseline -0.004 -16"><span class='ocrx_word' id='word_1_815' title='bbox 2048 4249 2170 4296; x_wconf 80' lang='lat' dir='ltr'><strong>ter:</strong></span> <span class='ocrx_word' id='word_1_816' title='bbox 2215 4238 2379 4310; x_wconf 81' lang='lat' dir='ltr'><strong>Signa</strong></span> <span class='ocrx_word' id='word_1_817' title='bbox 2422 4251 2478 4295; x_wconf 89' lang='lat' dir='ltr'><strong>et</strong></span> <span class='ocrx_word' id='word_1_818' title='bbox 2508 4245 2754 4311; x_wconf 81' lang='lat' dir='ltr'><strong>portenta</strong></span> <span class='ocrx_word' id='word_1_819' title='bbox 2812 4251 2926 4293; x_wconf 85' lang='lat' dir='ltr'><strong>non</strong></span> <span class='ocrx_word' id='word_1_820' title='bbox 2943 4237 3123 4293; x_wconf 78' lang='lat' dir='ltr'><strong>solum</strong></span> <span class='ocrx_word' id='word_1_821' title='bbox 3147 4235 3202 4290; x_wconf 87' lang='lat' dir='ltr'><strong>in</strong></span> <span class='ocrx_word' id='word_1_822' title='bbox 3224 4233 3465 4306; x_wconf 67' lang='lat' dir='ltr'><strong>Egypto</strong></span> <span class='ocrx_word' id='word_1_823' title='bbox 3505 4249 3631 4306; x_wconf 90' lang='lat' dir='ltr'><strong>per-</strong></span> 
     </span>
    </p>
   </div>
   <div class='ocr_carea' id='block_1_102' title="bbox 2046 4328 3630 4405">
    <p class='ocr_par' dir='ltr' id='par_1_102' title="bbox 2046 4328 3630 4405">
     <span class='ocr_line' id='line_1_102' title="bbox 2046 4328 3630 4405; baseline -0.004 -16"><span class='ocrx_word' id='word_1_824' title='bbox 2046 4334 2295 4405; x_wconf 87' lang='lat' dir='ltr'><strong>petrasti,</strong></span> <span class='ocrx_word' id='word_1_825' title='bbox 2346 4334 2639 4404; x_wconf 78' lang='lat' dir='ltr'><strong>sedesque</strong></span> <span class='ocrx_word' id='word_1_826' title='bbox 2658 4331 2827 4389; x_wconf 83' lang='lat' dir='ltr'><strong>hodie</strong></span> <span class='ocrx_word' id='word_1_827' title='bbox 2871 4330 3070 4389; x_wconf 82' lang='lat' dir='ltr'><strong>eadem</strong></span> <span class='ocrx_word' id='word_1_828' title='bbox 3096 4336 3199 4385; x_wconf 64' lang='lat' dir='ltr'><strong>tum</strong></span> <span class='ocrx_word' id='word_1_829' title='bbox 3245 4328 3630 4385; x_wconf 66' lang='lat' dir='ltr'><strong>misericordia</strong></span> 
     </span>
    </p>
   </div>
   <div class='ocr_carea' id='block_1_103' title="bbox 2048 4411 3632 4498">
    <p class='ocr_par' dir='ltr' id='par_1_103' title="bbox 2048 4411 3632 4498">
     <span class='ocr_line' id='line_1_103' title="bbox 2048 4411 3632 4498; baseline -0.004 -16"><span class='ocrx_word' id='word_1_830' title='bbox 2048 4425 2308 4483; x_wconf 74' lang='lat' dir='ltr'><strong>fortitudo</strong></span> <span class='ocrx_word' id='word_1_831' title='bbox 2336 4427 2565 4483; x_wconf 79' lang='lat' dir='ltr'><strong>salvavit</strong></span> <span class='ocrx_word' id='word_1_832' title='bbox 2588 4411 2845 4498; x_wconf 77' lang='lat' dir='ltr'><strong>populum</strong></span> <span class='ocrx_word' id='word_1_833' title='bbox 2864 4432 3036 4490; x_wconf 89' lang='lat' dir='ltr'><strong>tuum,</strong></span> <span class='ocrx_word' id='word_1_834' title='bbox 3077 4431 3133 4479; x_wconf 90' lang='lat' dir='ltr'><strong>et</strong></span> <span class='ocrx_word' id='word_1_835' title='bbox 3154 4422 3409 4477; x_wconf 78' lang='lat' dir='ltr'><strong>universo</strong></span> <span class='ocrx_word' id='word_1_836' title='bbox 3444 4421 3632 4493; x_wconf 80' lang='lat' dir='ltr'><strong>generi</strong></span> 
     </span>
    </p>
   </div>
   <div class='ocr_carea' id='block_1_104' title="bbox 2047 4514 3614 4586">
    <p class='ocr_par' dir='ltr' id='par_1_104' title="bbox 2047 4514 3614 4586">
     <span class='ocr_line' id='line_1_104' title="bbox 2047 4514 3614 4586; baseline -0.005 -12"><span class='ocrx_word' id='word_1_837' title='bbox 2047 4519 2287 4575; x_wconf 78' lang='lat' dir='ltr'><strong>humano</strong></span> <span class='ocrx_word' id='word_1_838' title='bbox 2310 4518 2585 4575; x_wconf 72' lang='lat' dir='ltr'><strong>Creatoris</strong></span> <span class='ocrx_word' id='word_1_839' title='bbox 2607 4517 2861 4573; x_wconf 82' lang='lat' dir='ltr'><strong>subvenis</strong></span> <span class='ocrx_word' id='word_1_840' title='bbox 2892 4522 3178 4586; x_wconf 83' lang='lat' dir='ltr'><strong>potestate.</strong></span> <span class='ocrx_word' id='word_1_841' title='bbox 3202 4514 3271 4569; x_wconf 82' lang='lat' dir='ltr'><strong>Et</strong></span> <span class='ocrx_word' id='word_1_842' title='bbox 3288 4514 3393 4570; x_wconf 78' lang='lat' dir='ltr'><strong>hoc</strong></span> <span class='ocrx_word' id='word_1_843' title='bbox 3420 4520 3614 4568; x_wconf 80' lang='lat' dir='ltr'><strong>notan-</strong></span> 
     </span>
    </p>
   </div>
   <div class='ocr_carea' id='block_1_105' title="bbox 1968 4578 3627 4679">
    <p class='ocr_par' dir='ltr' id='par_1_105' title="bbox 1968 4578 3627 4679">
     <span class='ocr_line' id='line_1_105' title="bbox 1968 4578 3627 4679; baseline -0.006 -14"><span class='ocrx_word' id='word_1_844' title='bbox 1968 4578 2026 4643; x_wconf 77' lang='lat' dir='ltr'><strong>D</strong></span> <span class='ocrx_word' id='word_1_845' title='bbox 2047 4609 2174 4665; x_wconf 91' lang='lat' dir='ltr'><strong>dum</strong></span> <span class='ocrx_word' id='word_1_846' title='bbox 2197 4608 2345 4679; x_wconf 83' lang='lat' dir='ltr'><strong>quod</strong></span> <span class='ocrx_word' id='word_1_847' title='bbox 2367 4608 2534 4664; x_wconf 84' lang='lat' dir='ltr'><strong>Israel</strong></span> <span class='ocrx_word' id='word_1_848' title='bbox 2574 4607 2644 4663; x_wconf 85' lang='lat' dir='ltr'><strong>ab</strong></span> <span class='ocrx_word' id='word_1_849' title='bbox 2660 4578 2971 4663; x_wconf 74' lang='lat' dir='ltr'><strong>hominibus</strong></span> <span class='ocrx_word' id='word_1_850' title='bbox 2991 4611 3228 4675; x_wconf 81' lang='lat' dir='ltr'><strong>separat,</strong></span> <span class='ocrx_word' id='word_1_851' title='bbox 3279 4612 3443 4675; x_wconf 80' lang='lat' dir='ltr'><strong>atque</strong></span> <span class='ocrx_word' id='word_1_852' title='bbox 3464 4601 3627 4657; x_wconf 89' lang='lat' dir='ltr'><strong>terri-</strong></span> 
     </span>
    </p>
   </div>
   <div class='ocr_carea' id='block_1_106' title="bbox 2048 4692 3627 4772">
    <p class='ocr_par' dir='ltr' id='par_1_106' title="bbox 2048 4692 3627 4772">
     <span class='ocr_line' id='line_1_106' title="bbox 2048 4692 3627 4772; baseline -0.006 -16"><span class='ocrx_word' id='word_1_853' title='bbox 2048 4702 2200 4772; x_wconf 88' lang='lat' dir='ltr'><strong>genis</strong></span> <span class='ocrx_word' id='word_1_854' title='bbox 2222 4700 2375 4769; x_wconf 73' lang='lat' dir='ltr'><strong>juxta</strong></span> <span class='ocrx_word' id='word_1_855' title='bbox 2404 4698 2537 4754; x_wconf 84' lang='lat' dir='ltr'><strong>illud</strong></span> <span class='ocrx_word' id='word_1_856' title='bbox 2564 4717 2578 4753; x_wconf 89' lang='lat'><strong>:</strong></span> <span class='ocrx_word' id='word_1_857' title='bbox 2608 4719 2628 4752; x_wconf 72' lang='grc' dir='ltr'>ι</span> <span class='ocrx_word' id='word_1_858' title='bbox 2680 4696 2847 4754; x_wconf 77' lang='lat' dir='ltr'><strong>Filius</strong></span> <span class='ocrx_word' id='word_1_859' title='bbox 2870 4711 3023 4755; x_wconf 79' lang='lat' dir='ltr'><strong>meus</strong></span> <span class='ocrx_word' id='word_1_860' title='bbox 3054 4695 3443 4766; x_wconf 82' lang='lat' dir='ltr'><strong>primogenitus</strong></span> <span class='ocrx_word' id='word_1_861' title='bbox 3463 4692 3627 4748; x_wconf 89' lang='lat' dir='ltr'><strong>Israel</strong></span> 
     </span>
    </p>
   </div>
   <div class='ocr_carea' id='block_1_107' title="bbox 2051 4784 3619 4865">
    <p class='ocr_par' dir='ltr' id='par_1_107' title="bbox 2051 4784 3619 4865">
     <span class='ocr_line' id='line_1_107' title="bbox 2051 4784 3619 4865; baseline -0.004 -18"><span class='ocrx_word' id='word_1_862' title='bbox 2051 4791 2247 4865; x_wconf 71' lang='lat' dir='ltr'><strong>(Exod.</strong></span> <span class='ocrx_word' id='word_1_863' title='bbox 2296 4791 2393 4864; x_wconf 81' lang='lat' dir='ltr'><strong>tv).</strong></span> <span class='ocrx_word' id='word_1_864' title='bbox 2435 4809 2455 4843; x_wconf 70' lang='grc' dir='ltr'><strong><em>ι</em></strong></span> <span class='ocrx_word' id='word_1_865' title='bbox 2531 4808 2553 4843; x_wconf 88' lang='grc'><em>‹</em></span> <span class='ocrx_word' id='word_1_866' title='bbox 2604 4789 2674 4845; x_wconf 86' lang='lat' dir='ltr'><strong>Et</strong></span> <span class='ocrx_word' id='word_1_867' title='bbox 2717 4788 2894 4845; x_wconf 76' lang='lat' dir='ltr'><strong>fecisti</strong></span> <span class='ocrx_word' id='word_1_868' title='bbox 2946 4787 3047 4843; x_wconf 86' lang='lat' dir='ltr'><strong>tibi</strong></span> <span class='ocrx_word' id='word_1_869' title='bbox 3080 4799 3281 4842; x_wconf 82' lang='lat' dir='ltr'><strong>nomen</strong></span> <span class='ocrx_word' id='word_1_870' title='bbox 3312 4787 3451 4841; x_wconf 88' lang='lat' dir='ltr'><strong>sicut</strong></span> <span class='ocrx_word' id='word_1_871' title='bbox 3500 4784 3619 4840; x_wconf 89' lang='lat' dir='ltr'><strong>dies</strong></span> 
     </span>
    </p>
   </div>
   <div class='ocr_carea' id='block_1_108' title="bbox 2049 4876 3626 4951">
    <p class='ocr_par' dir='ltr' id='par_1_108' title="bbox 2049 4876 3626 4951">
     <span class='ocr_line' id='line_1_108' title="bbox 2049 4876 3626 4951; baseline -0.008 -9"><span class='ocrx_word' id='word_1_872' title='bbox 2049 4885 2185 4942; x_wconf 70' lang='lat' dir='ltr'><strong>haec.</strong></span> <span class='ocrx_word' id='word_1_873' title='bbox 2235 4902 2255 4936; x_wconf 76' lang='grc' dir='ltr'><strong><em>ι</em></strong></span> <span class='ocrx_word' id='word_1_874' title='bbox 2304 4883 2536 4950; x_wconf 85' lang='lat' dir='ltr'><strong>Laudes,</strong></span> <span class='ocrx_word' id='word_1_875' title='bbox 2582 4882 2775 4951; x_wconf 81' lang='lat' dir='ltr'><strong>inquit,</strong></span> <span class='ocrx_word' id='word_1_876' title='bbox 2836 4888 2941 4935; x_wconf 71' lang='lat' dir='ltr'><strong>tua:</strong></span> <span class='ocrx_word' id='word_1_877' title='bbox 2986 4878 3151 4934; x_wconf 83' lang='lat' dir='ltr'><strong>totius</strong></span> <span class='ocrx_word' id='word_1_878' title='bbox 3188 4876 3337 4932; x_wconf 78' lang='lat' dir='ltr'><strong>orbis</strong></span> <span class='ocrx_word' id='word_1_879' title='bbox 3378 4889 3626 4932; x_wconf 88' lang='lat' dir='ltr'><strong>sermone</strong></span> 
     </span>
    </p>
   </div>
   <div class='ocr_carea' id='block_1_109' title="bbox 2050 4967 3626 5043">
    <p class='ocr_par' dir='ltr' id='par_1_109' title="bbox 2050 4967 3626 5043">
     <span class='ocr_line' id='line_1_109' title="bbox 2050 4967 3626 5043; baseline -0.005 -10"><span class='ocrx_word' id='word_1_880' title='bbox 2050 4976 2409 5033; x_wconf 86' lang='lat' dir='ltr'><strong>celebrantur.</strong></span> <span class='ocrx_word' id='word_1_881' title='bbox 2466 4990 2487 5027; x_wconf 70' lang='grc' dir='ltr'><strong>ε</strong></span> <span class='ocrx_word' id='word_1_882' title='bbox 2527 4973 2597 5029; x_wconf 86' lang='lat' dir='ltr'><strong>Et</strong></span> <span class='ocrx_word' id='word_1_883' title='bbox 2620 4972 2853 5029; x_wconf 78' lang='lat' dir='ltr'><strong>eduxisti</strong></span> <span class='ocrx_word' id='word_1_884' title='bbox 2894 4969 3155 5043; x_wconf 83' lang='lat' dir='ltr'><strong>populum</strong></span> <span class='ocrx_word' id='word_1_885' title='bbox 3174 4974 3325 5026; x_wconf 84' lang='lat' dir='ltr'><strong>tuum</strong></span> <span class='ocrx_word' id='word_1_886' title='bbox 3367 4967 3534 5024; x_wconf 80' lang='lat' dir='ltr'><strong>Israel</strong></span> <span class='ocrx_word' id='word_1_887' title='bbox 3560 4968 3626 5025; x_wconf 88' lang='lat' dir='ltr'><strong>de</strong></span> 
     </span>
    </p>
   </div>
   <div class='ocr_carea' id='block_1_110' title="bbox 2046 5056 3627 5137">
    <p class='ocr_par' dir='ltr' id='par_1_110' title="bbox 2046 5056 3627 5137">
     <span class='ocr_line' id='line_1_110' title="bbox 2046 5056 3627 5137; baseline -0.006 -14"><span class='ocrx_word' id='word_1_888' title='bbox 2046 5073 2193 5124; x_wconf 89' lang='lat' dir='ltr'><strong>terra</strong></span> <span class='ocrx_word' id='word_1_889' title='bbox 2222 5064 2463 5137; x_wconf 67' lang='lat' dir='ltr'><strong>Egypti.</strong></span> <span class='ocrx_word' id='word_1_890' title='bbox 2503 5082 2524 5117; x_wconf 73' lang='grc' dir='ltr'><strong><em>ι</em></strong></span> <span class='ocrx_word' id='word_1_891' title='bbox 2582 5060 2815 5119; x_wconf 81' lang='lat' dir='ltr'><strong>Pulchre</strong></span> <span class='ocrx_word' id='word_1_892' title='bbox 2841 5062 2971 5118; x_wconf 76' lang='lat' dir='ltr'><strong>dixit</strong></span> <span class='ocrx_word' id='word_1_893' title='bbox 3021 5058 3277 5132; x_wconf 73' lang='lat' dir='ltr'><strong>populum</strong></span> <span class='ocrx_word' id='word_1_894' title='bbox 3321 5056 3469 5114; x_wconf 84' lang='lat' dir='ltr'><strong>tuum</strong></span> <span class='ocrx_word' id='word_1_895' title='bbox 3511 5074 3528 5115; x_wconf 93' lang='lat'><strong>:</strong></span> <span class='ocrx_word' id='word_1_896' title='bbox 3562 5074 3627 5114; x_wconf 91' lang='lat' dir='ltr'><strong>eo</strong></span> 
     </span>
    </p>
   </div>
   <div class='ocr_carea' id='block_1_111' title="bbox 2046 5148 3627 5228">
    <p class='ocr_par' dir='ltr' id='par_1_111' title="bbox 2046 5148 3627 5228">
     <span class='ocr_line' id='line_1_111' title="bbox 2046 5148 3627 5228; baseline -0.004 -15"><span class='ocrx_word' id='word_1_897' title='bbox 2046 5159 2193 5213; x_wconf 88' lang='lat' dir='ltr'><strong>enim</strong></span> <span class='ocrx_word' id='word_1_898' title='bbox 2221 5166 2463 5228; x_wconf 88' lang='lat' dir='ltr'><strong>tempore</strong></span> <span class='ocrx_word' id='word_1_899' title='bbox 2489 5171 2597 5228; x_wconf 90' lang='lat' dir='ltr'><strong>quo</strong></span> <span class='ocrx_word' id='word_1_900' title='bbox 2622 5158 2847 5212; x_wconf 87' lang='lat' dir='ltr'><strong>eductus</strong></span> <span class='ocrx_word' id='word_1_901' title='bbox 2873 5161 2975 5221; x_wconf 89' lang='lat' dir='ltr'><strong>est,</strong></span> <span class='ocrx_word' id='word_1_902' title='bbox 3002 5151 3216 5208; x_wconf 90' lang='lat' dir='ltr'><strong>Domini</strong></span> <span class='ocrx_word' id='word_1_903' title='bbox 3245 5148 3486 5221; x_wconf 85' lang='lat' dir='ltr'><strong>imperiis</strong></span> <span class='ocrx_word' id='word_1_904' title='bbox 3513 5165 3627 5208; x_wconf 87' lang='lat' dir='ltr'><strong>ser-</strong></span> 
     </span>
    </p>
   </div>
   <div class='ocr_carea' id='block_1_112' title="bbox 2047 5240 3629 5316">
    <p class='ocr_par' dir='ltr' id='par_1_112' title="bbox 2047 5240 3629 5316">
     <span class='ocr_line' id='line_1_112' title="bbox 2047 5240 3629 5316; baseline -0.005 -12"><span class='ocrx_word' id='word_1_905' title='bbox 2047 5248 2246 5304; x_wconf 82' lang='lat' dir='ltr'><strong>viebat.</strong></span> <span class='ocrx_word' id='word_1_906' title='bbox 2266 5247 2515 5303; x_wconf 78' lang='lat' dir='ltr'><strong>Eduxisti</strong></span> <span class='ocrx_word' id='word_1_907' title='bbox 2532 5255 2713 5302; x_wconf 89' lang='lat' dir='ltr'><strong>autem</strong></span> <span class='ocrx_word' id='word_1_908' title='bbox 2747 5265 2769 5298; x_wconf 85' lang='grc'><em>‹</em></span> <span class='ocrx_word' id='word_1_909' title='bbox 2796 5245 2851 5300; x_wconf 92' lang='lat' dir='ltr'><strong>in</strong></span> <span class='ocrx_word' id='word_1_910' title='bbox 2877 5243 3045 5316; x_wconf 83' lang='lat' dir='ltr'><strong>signis</strong></span> <span class='ocrx_word' id='word_1_911' title='bbox 3070 5250 3126 5297; x_wconf 90' lang='lat' dir='ltr'><strong>et</strong></span> <span class='ocrx_word' id='word_1_912' title='bbox 3146 5240 3432 5313; x_wconf 80' lang='lat' dir='ltr'><strong>portentis,</strong></span> <span class='ocrx_word' id='word_1_913' title='bbox 3465 5258 3487 5294; x_wconf 71' lang='grc' dir='ltr'><strong><em>ι</em></strong></span> <span class='ocrx_word' id='word_1_914' title='bbox 3509 5242 3629 5313; x_wconf 85' lang='lat' dir='ltr'><strong>qui-</strong></span> 
     </span>
    </p>
   </div>
   <div class='ocr_carea' id='block_1_113' title="bbox 2046 5334 3622 5410">
    <p class='ocr_par' dir='ltr' id='par_1_113' title="bbox 2046 5334 3622 5410">
     <span class='ocr_line' id='line_1_113' title="bbox 2046 5334 3622 5410; baseline -0.005 -14"><span class='ocrx_word' id='word_1_915' title='bbox 2046 5340 2148 5396; x_wconf 87' lang='lat' dir='ltr'><strong>bus</strong></span> <span class='ocrx_word' id='word_1_916' title='bbox 2169 5340 2569 5410; x_wconf 83' lang='lat' dir='ltr'><strong>percutiehatur</strong></span> <span class='ocrx_word' id='word_1_917' title='bbox 2601 5336 2881 5408; x_wconf 68' lang='lat' dir='ltr'><strong>Egyptus.</strong></span> <span class='ocrx_word' id='word_1_918' title='bbox 2928 5353 2949 5387; x_wconf 75' lang='grc' dir='ltr'>ι</span> <span class='ocrx_word' id='word_1_919' title='bbox 3002 5335 3071 5390; x_wconf 85' lang='lat' dir='ltr'><strong>Et</strong></span> <span class='ocrx_word' id='word_1_920' title='bbox 3091 5334 3147 5388; x_wconf 90' lang='lat' dir='ltr'><strong>in</strong></span> <span class='ocrx_word' id='word_1_921' title='bbox 3175 5347 3337 5388; x_wconf 84' lang='lat' dir='ltr'><strong>manu</strong></span> <span class='ocrx_word' id='word_1_922' title='bbox 3382 5334 3622 5400; x_wconf 89' lang='lat' dir='ltr'><strong>robusta,</strong></span> 
     </span>
    </p>
   </div>
   <div class='ocr_carea' id='block_1_114' title="bbox 2047 5422 3626 5496">
    <p class='ocr_par' dir='ltr' id='par_1_114' title="bbox 2047 5422 3626 5496">
     <span class='ocr_line' id='line_1_114' title="bbox 2047 5422 3626 5496; baseline -0.006 -9"><span class='ocrx_word' id='word_1_923' title='bbox 2047 5439 2103 5487; x_wconf 87' lang='lat' dir='ltr'><strong>et</strong></span> <span class='ocrx_word' id='word_1_924' title='bbox 2126 5433 2179 5486; x_wconf 89' lang='lat' dir='ltr'><strong>in</strong></span> <span class='ocrx_word' id='word_1_925' title='bbox 2204 5432 2426 5486; x_wconf 86' lang='lat' dir='ltr'><strong>brachio</strong></span> <span class='ocrx_word' id='word_1_926' title='bbox 2445 5438 2684 5496; x_wconf 81' lang='lat' dir='ltr'><strong>extento,</strong></span> <span class='ocrx_word' id='word_1_927' title='bbox 2707 5437 2763 5484; x_wconf 88' lang='lat' dir='ltr'><strong>et</strong></span> <span class='ocrx_word' id='word_1_928' title='bbox 2789 5428 2847 5482; x_wconf 87' lang='lat' dir='ltr'><strong>in</strong></span> <span class='ocrx_word' id='word_1_929' title='bbox 2873 5435 3078 5483; x_wconf 87' lang='lat' dir='ltr'><strong>terrore</strong></span> <span class='ocrx_word' id='word_1_930' title='bbox 3096 5437 3311 5496; x_wconf 86' lang='lat' dir='ltr'><strong>magno.</strong></span> <span class='ocrx_word' id='word_1_931' title='bbox 3345 5440 3367 5477; x_wconf 74' lang='grc' dir='ltr'><strong><em>ι</em></strong></span> <span class='ocrx_word' id='word_1_932' title='bbox 3400 5422 3626 5491; x_wconf 82' lang='lat' dir='ltr'><strong>Quando</strong></span> 
     </span>
    </p>
   </div>
   <div class='ocr_carea' id='block_1_115' title="bbox 2048 5510 3626 5589">
    <p class='ocr_par' dir='ltr' id='par_1_115' title="bbox 2048 5510 3626 5589">
     <span class='ocr_line' id='line_1_115' title="bbox 2048 5510 3626 5589; baseline -0.006 -12"><span class='ocrx_word' id='word_1_933' title='bbox 2048 5537 2199 5578; x_wconf 89' lang='lat' dir='ltr'><strong>mare</strong></span> <span class='ocrx_word' id='word_1_934' title='bbox 2219 5522 2460 5575; x_wconf 82' lang='lat' dir='ltr'><strong>Rubrum</strong></span> <span class='ocrx_word' id='word_1_935' title='bbox 2495 5519 2795 5575; x_wconf 88' lang='lat' dir='ltr'><strong>transeunti</strong></span> <span class='ocrx_word' id='word_1_936' title='bbox 2820 5517 3020 5589; x_wconf 89' lang='lat' dir='ltr'><strong>p0pulo</strong></span> <span class='ocrx_word' id='word_1_937' title='bbox 3044 5510 3367 5572; x_wconf 79' lang='lat' dir='ltr'><strong>lsraelviam</strong></span> <span class='ocrx_word' id='word_1_938' title='bbox 3391 5514 3626 5585; x_wconf 67' lang='lat' dir='ltr'><strong>praebui-</strong></span> 
     </span>
    </p>
   </div>
   <div class='ocr_carea' id='block_1_116' title="bbox 2048 5603 3623 5683">
    <p class='ocr_par' dir='ltr' id='par_1_116' title="bbox 2048 5603 3623 5683">
     <span class='ocr_line' id='line_1_116' title="bbox 2048 5603 3623 5683; baseline -0.006 -15"><span class='ocrx_word' id='word_1_939' title='bbox 2048 5614 2137 5679; x_wconf 90' lang='lat' dir='ltr'><strong>sti,</strong></span> <span class='ocrx_word' id='word_1_940' title='bbox 2184 5620 2239 5667; x_wconf 89' lang='lat' dir='ltr'><strong>et</strong></span> <span class='ocrx_word' id='word_1_941' title='bbox 2260 5610 2571 5683; x_wconf 67' lang='lat' dir='ltr'><strong>Egyptium</strong></span> <span class='ocrx_word' id='word_1_942' title='bbox 2595 5609 2906 5681; x_wconf 87' lang='lat' dir='ltr'><strong>oppressisti</strong></span> <span class='ocrx_word' id='word_1_943' title='bbox 2935 5604 3253 5663; x_wconf 81' lang='lat' dir='ltr'><strong>exercitum.</strong></span> <span class='ocrx_word' id='word_1_944' title='bbox 3290 5622 3311 5657; x_wconf 72' lang='grc' dir='ltr'>ι</span> <span class='ocrx_word' id='word_1_945' title='bbox 3341 5603 3411 5659; x_wconf 86' lang='grc' dir='ltr'><strong>Ει</strong></span> <span class='ocrx_word' id='word_1_946' title='bbox 3431 5604 3623 5660; x_wconf 89' lang='lat' dir='ltr'><strong>dedisti</strong></span> 
     </span>
    </p>
   </div>
   <div class='ocr_carea' id='block_1_117' title="bbox 2048 5698 3624 5774">
    <p class='ocr_par' dir='ltr' id='par_1_117' title="bbox 2048 5698 3624 5774">
     <span class='ocr_line' id='line_1_117' title="bbox 2048 5698 3624 5774; baseline -0.008 -14"><span class='ocrx_word' id='word_1_947' title='bbox 2048 5705 2127 5760; x_wconf 89' lang='lat' dir='ltr'><strong>eis</strong></span> <span class='ocrx_word' id='word_1_948' title='bbox 2159 5713 2360 5759; x_wconf 87' lang='lat' dir='ltr'><strong>terram</strong></span> <span class='ocrx_word' id='word_1_949' title='bbox 2404 5704 2543 5759; x_wconf 87' lang='lat' dir='ltr'><strong>hanc</strong></span> <span class='ocrx_word' id='word_1_950' title='bbox 2594 5718 2754 5774; x_wconf 84' lang='lat' dir='ltr'><strong>quam</strong></span> <span class='ocrx_word' id='word_1_951' title='bbox 2774 5700 2971 5770; x_wconf 89' lang='lat' dir='ltr'><strong>jurasti</strong></span> <span class='ocrx_word' id='word_1_952' title='bbox 3000 5698 3244 5771; x_wconf 83' lang='lat' dir='ltr'><strong>patribus</strong></span> <span class='ocrx_word' id='word_1_953' title='bbox 3294 5708 3505 5760; x_wconf 84' lang='lat' dir='ltr'><strong>eorum,</strong></span> <span class='ocrx_word' id='word_1_954' title='bbox 3564 5703 3624 5749; x_wconf 92' lang='lat' dir='ltr'><strong>ut</strong></span> 
     </span>
    </p>
   </div>
   <div class='ocr_carea' id='block_1_118' title="bbox 2049 5786 3627 5875">
    <p class='ocr_par' dir='ltr' id='par_1_118' title="bbox 2049 5786 3627 5875">
     <span class='ocr_line' id='line_1_118' title="bbox 2049 5786 3627 5875; baseline -0.004 -19"><span class='ocrx_word' id='word_1_955' title='bbox 2049 5797 2206 5856; x_wconf 86' lang='lat' dir='ltr'><strong>dares</strong></span> <span class='ocrx_word' id='word_1_956' title='bbox 2228 5796 2329 5855; x_wconf 88' lang='lat' dir='ltr'><strong>eis.</strong></span> <span class='ocrx_word' id='word_1_957' title='bbox 2367 5815 2386 5852; x_wconf 72' lang='grc'><strong><em>1</em></strong></span> <span class='ocrx_word' id='word_1_958' title='bbox 2440 5796 2713 5875; x_wconf 78' lang='lat' dir='ltr'><strong>Abraham</strong></span> <span class='ocrx_word' id='word_1_959' title='bbox 2747 5793 3019 5866; x_wconf 85' lang='lat' dir='ltr'><strong>videlicet,</strong></span> <span class='ocrx_word' id='word_1_960' title='bbox 3045 5800 3103 5865; x_wconf 84' lang='lat' dir='ltr'><strong>et</strong></span> <span class='ocrx_word' id='word_1_961' title='bbox 3124 5789 3299 5864; x_wconf 64' lang='lat' dir='ltr'><strong>haec,</strong></span> <span class='ocrx_word' id='word_1_962' title='bbox 3345 5792 3404 5847; x_wconf 82' lang='lat' dir='ltr'><strong>et</strong></span> <span class='ocrx_word' id='word_1_963' title='bbox 3425 5786 3627 5864; x_wconf 51' lang='lat' dir='ltr'><strong>Iacob.</strong></span> 
     </span>
    </p>
   </div>
  </div>
