4044 6326
454 300 593 358 1055
1086 297 1147 351 Β.
1190 295 1444 351 llABANl
1485 294 1705 351 MAURI
1741 293 2063 350 ARCHIEP.
2105 292 2419 352 MOGUNT.
2453 292 2737 351 OPERUM
2777 291 2956 350 PARS
2995 293 3081 348 Ill.
3577 293 3749 356 1056

452 411 592 481 Ergo
637 427 742 465 non
781 426 878 465 suo
919 407 1114 464 merito
1157 416 1359 462 terram
1395 404 1830 475 repromissionis
1861 444 1875 468 ,
1927 402 2021 458 sed
2048 402 2426 473 Apollieetur.
2473 402 2826 471 Primumque
2877 415 3072 458 causas
3115 402 3340 472 exponit
3371 399 3616 471 offensae,
3661 413 3744 464 et

447 511 661 572 patrum
689 516 944 570 accepere
971 499 1261 554 virtutibus
1289 506 1490 554 terram
1529 497 1779 552 ﬂuentem
1809 497 1946 551 lacte
1973 503 2027 550 et
2121 494 2255 565 justi
2280 493 2480 548 furoris
2514 494 2629 559 Dei,
2654 501 2715 547 ut
2743 503 2946 564 quanto
2975 492 3151 563 major
3188 493 3344 565 culpa
3373 496 3737 566 peccantium

448 592 622 647 melle.
676 591 914 646 Necdum
958 589 1105 644 enim
1157 596 1408 659 poterant
1455 587 1686 643 solidum
1723 586 1904 642 cibum
1930 601 2025 641 ca-
2128 592 2278 641 tanto
2329 584 2555 654 amplior
2609 585 2663 639 in
2712 593 3028 654 peccatores
3079 584 3370 641 clementia
3415 585 3743 646 Creatoris...

449 698 598 752 pere,
628 682 722 738 sed
747 680 904 737 melle
929 687 983 736 et
1031 679 1169 734 lacte
1209 661 1588 734 nutriebaniur
1630 676 1909 732 infantiae:
1941 673 2025 728 vel
2131 694 2151 728 ι
2195 676 2324 747 Ego,
2375 676 2568 746 inquit,
2611 676 2871 732 Dominus
2935 677 3078 734 Deus
3119 679 3387 735 universa:
3420 679 3638 735 carnis.
3693 697 3721 733 ι

443 779 675 829 certe.et
717 770 874 827 melle
915 777 970 826 et
999 769 1139 825 lacte
1164 781 1358 829 {rerum
1405 767 1645 822 omnium
1679 767 1926 820 ubertate
1966 770 2024 819 et
2124 769 2474 840 Nequaquam
2507 777 2824 826 cunctarum
2851 771 3112 842 gentium,
3162 787 3264 828 nec
3306 771 3488 843 pepuli
3526 768 3724 837 lsrael,

443 861 794 920 abundantia.
867 880 886 914 ι
956 859 1026 915 Ει
1082 858 1308 930 ingressi
1371 865 1498 911 sunt
1555 863 1612 911 et
1662 855 2007 924 possederunt

2123 871 2217 918 aut
2261 871 2432 928 certe,
2465 871 2524 916 ut
2552 862 2619 917 de
2649 862 2853 918 sanctis
2903 864 3097 918 crebro
3137 863 3319 919 dicere
3357 862 3510 928 solet,
3539 890 3542 892 ·
3572 862 3729 924 θα.

441 969 582 1008 eam.
642 973 660 1004 ι
708 951 1008 1022 Statimque
1038 951 1178 1005 inter
1202 947 1597 1018 possessionem
1626 953 1681 1001 et
1711 944 2022 1000 inobedien—
2120 953 2417 1020 Abraham,
2440 962 2496 1009 ει
2519 954 2663 1010 Deus
2689 953 2864 1021 Isaac,
2888 963 2944 1009 et
2971 954 3115 1011 Deus
3137 954 3328 1022 ηοω),
3370 956 3465 1011 sed
3519 973 3541 1006 (
3572 955 3722 1012 Deus

440 1054 570 1099 tiam
599 1044 730 1099 nihil
766 1044 868 1100 fuit
906 1043 1157 1099 medium.
1210 1039 1438 1096 Ubertas
1465 1037 1609 1093 enim
1650 1037 2017 1103 securitatem,

441 1136 700 1192 securitas
728 1135 1123 1208 negligentiam,
1165 1130 1483 1204 negligentia
1511 1137 1876 1199 contemptum
1925 1144 2020 1200 pa-

443 1227 529 1298 uit.
595 1244 614 1277 ι
664 1227 730 1280 Ει
767 1242 873 1280 non
909 1225 1248 1288 ooedierunt,
1301 1221 1498 1292 inquit,
1549 1220 1667 1275 voci
1707 1227 1831 1286 tuae,
1886 1218 2018 1273 etin

439 1316 556 1387 lege
585 1325 673 1370 tua
697 1333 802 1372 non
833 1317 1264 1372 ambulaverunt.
1302 1334 1318 1365 ι
1365 1313 1588 1368 Frustra
1610 1327 1738 1382 ergo
1755 1313 1810 1366 in
1835 1325 2018 1365 eremo

410 1409 730 1479 “promisere
751 1409 990 1464 dicentes
1027 1422 1043 1461 :
1112 1426 1130 1459 ‹
1167 1404 1358 1461 Omnia
1392 1417 1722 1474 qumcunque
1760 1401 2018 1456 Dominus

431 1501 745 1572 prtcceperit
788 1499 1046 1555 faciemus
1114 1495 1312 1570 (Exod.
1342 1494 1479 1567 nx).
1521 1515 1540 1546 ι
1591 1493 1708 1549 Νοη
1765 1493 1907 1548 enim
1959 1491 2017 1546 in

431 1579 737 1667 sponsione,
761 1594 855 1649 sed
884 1593 938 1647 in
971 1605 1132 1662 opere
1169 1590 1446 1661 prmmium
1474 1597 1579 1654 est,
1616 1589 1682 1643 ad
1722 1586 2014 1642 retunden-

431 1687 555 1740 dam
601 1700 788 1741 eorum
830 1682 1215 1754 impudentiam
1249 1681 1338 1751 qui
1364 1687 1556 1751 putant
1598 1679 1870 1735 hominem
1898 1693 2015 1733 om-

2121 1049 2387 1104 universae
2413 1049 2616 1113 carnis,
2660 1067 2678 1100 ι
2731 1049 2926 1119 inquit,
2975 1057 3036 1104 ut
3065 1058 3122 1105 et
3146 1049 3428 1105 rationalia
3476 1058 3530 1104 et
3556 1051 3719 1105 bruta

2121 1138 2416 1194 animantia
2447 1138 2562 1209 ipse
2596 1136 2791 1198 fecisse
2817 1141 3090 1195 credatur.
3135 1139 3273 1195 Sunt
3298 1141 3443 1196 enim
3469 1140 3562 1210 qui
3583 1152 3718 1209 pm-

2119 1232 2415 1287 videntiam
2450 1233 2724 1288 Creatoris
2765 1249 2934 1304 usque
2977 1235 3044 1289 ad
3077 1233 3360 1289 rationalia
3405 1231 3715 1288 conﬁtean-

2122 1330 2228 1388 tur,
2275 1323 2433 1378 bruta
2459 1323 2899 1392 autem:fortuitis
2939 1326 3157 1380 casibus
3195 1333 3443 1380 asscrant
3483 1323 3569 1379 vel
3590 1339 3721 1394 per

2109 1416 2218 1483 ire,
2247 1415 2331 1471 vel
2371 1417 2554 1473 vivere
2581 1435 2593 1470 :
2625 1419 3079 1488 propheticusque
3101 1433 3280 1474 sermo
3302 1419 3544 1475 declarat
3576 1417 3722 1472 nihil-

2118 1523 2240 1565 esse
2260 1509 2401 1578 quod
2432 1507 2600 1580 fugiat
2614 1509 3009 1580 providentiam
3034 1517 3090 1564 et
3117 1509 3402 1565 scientiam
3431 1509 3549 1573 Dei,
3582 1507 3716 1577 quia

2121 1590 2223 1652 alia
2253 1606 2473 1670 propter
2517 1613 2598 1666 se,
2657 1598 2842 1653 aliain
2879 1615 2978 1654 usu
3021 1600 3301 1654 hominum
3344 1609 3471 1655 sunt
3493 1586 3734 1661 creata.”

2127 1705 2148 1738 ‹
2191 1687 2440 1758 Nunquid
2468 1687 2599 1742 mihi
2625 1687 2860 1754 difﬁcile,
2917 1695 3010 1743 aut
3033 1688 3386 1759 impossibile,
3438 1698 3533 1744 aut
3555 1704 3716 1751 certe

429 1777 518 1832 uia
541 1792 698 1847 posse
733 1775 1024 1845 complere,
1064 1789 1184 1844 qua:
1212 1789 1268 1828 se
1298 1772 1562 1826 facturum
1586 1787 1707 1828 esse
1745 1771 2013 1842 pollicitus
2040 1759 2089 1820 Β
2117 1777 2474 1834 abscondetur
2499 1795 2530 1833 a
2549 1794 2639 1835 me
2668 1793 2828 1835 omne
2849 1779 3138 1836 verbum?»
3157 1777 3226 1834 Et
3249 1795 3414 1851 supra
3435 1781 3675 1840 diximus
3693 1804 3711 1840 :

431 1857 533 1925 est.
571 1889 588 1920 ι
639 1860 831 1924 O'mnia
860 1884 980 1939 qua:
1007 1867 1274 1922 mandasti
1311 1867 1391 1921 eis
1437 1875 1495 1920 ut
1518 1865 1756 1921 facerent
1789 1881 1893 1921 non
1934 1865 2012 1921 fe-

428 1970 638 2025 cerunt,
692 1979 711 2011 ι
756 1967 812 2015 et
845 1968 997 2016 certe.
1038 1975 1095 2014 se
1136 1957 1376 2014 facturos
1419 1957 1796 2027 promiserant.
1857 1975 1876 2008 ‹
1942 1955 2012 2011 Et

429 2037 724 2108 evenerunt
775 2053 856 2108 eis
910 2052 1091 2108 omnia
1143 2051 1285 2106 mala
1332 2052 1466 2126 haec.
1525 2069 1545 2102 ι
1611 2048 1747 2104 Mala
1797 2049 2008 2120 patien-

428 2145 591 2211 t-ibus,
635 2153 887 2201 ueterum
920 2145 1077 2214 juxta
1108 2143 1324 2199 Domini
1351 2143 1676 2199 sententiam
1701 2142 1863 2207 bona,
1915 2139 2008 2211 qui

425 2239 601 2294 reddit
627 2237 917 2307 unicuique
938 2235 1231 2292 secundum
1255 2235 1370 2290 vias
1401 2248 1548 2289 suas.

498 2346 517 2379 ε
562 2328 701 2383 Ecce
737 2327 1063 2382 munitiones
1088 2333 1377 2381 exstructas
1402 2336 1529 2381 sunt
1567 2323 1854 2379 adversum
1879 2321 2009 2376 civi-

427 2438 447 2471 ι
493 2428 654 2474 tatem
696 2427 756 2474 ut
797 2419 1060 2490 capiatur,
1106 2426 1162 2474 et
1212 2418 1341 2472 urbs
1393 2417 1519 2472 data
1590 2422 1675 2471 est
1725 2415 1779 2469 in
1842 2430 2006 2469 manu

426 2531 444 2562 ι
489 2510 882 2575 Chaldaeorum,
935 2510 1025 2580 qui
1047 2509 1362 2581 prmliantur
1397 2509 1657 2564 adversus
1683 2521 1826 2572 eam,
1871 2507 2008 2561 afa-

430 2621 448 2655 ι
491 2603 572 2658 cie
592 2601 772 2674 gladii,
802 2609 858 2658 et
884 2601 1064 2668 famis,
1112 2610 1167 2656 et
1195 2601 1536 2672 pestilentias,
1576 2610 1630 2658 et
1673 2614 2006 2671 quazcunque

429 2714 447 2745 ι
507 2695 718 2750 locutus
747 2709 806 2749 es
830 2693 1163 2758 acciderunt,
1194 2701 1253 2747 ut
1275 2700 1330 2747 tu
1365 2692 1480 2762 ipse
1506 2692 1706 2748 cernis.
1752 2690 1818 2744 Et
1840 2698 1896 2744 tu
1919 2688 2004 2743 di-

426 2803 445 2836 c
503 2785 583 2840 cis
608 2785 762 2851 mihi,
803 2784 1029 2842 Domine
1058 2785 1242 2840 Deus:
1271 2783 1403 2838 Eme
1435 2797 1624 2854 agrum
1661 2789 1905 2853 argento,
1951 2787 2006 2835 et

422 2895 441 2928 ι
498 2875 693 2931 adhibe
731 2883 915 2943 testes,
954 2891 1078 2931 cum
1121 2875 1251 2931 urbs
1281 2873 1407 2930 data
1449 2873 1607 2946 sitgin
1641 2887 1803 2926 manu
1843 2870 2006 2948 Cha}-

425 2988 443 3021 ε
490 2968 772 3042 diuorum?
815 2991 833 3024 ι
886 2971 1140 3027 Decimus
1172 2986 1345 3026 annus
1385 2978 1507 3025 erat
1555 2969 1699 3041 regis
1741 2967 1998 3034 Sedecim,

418 3061 492 3116 ita
515 3062 659 3118 enim
698 3063 957 3134 scriptum
998 3072 1126 3119 est:
1159 3081 1179 3116 ι
1221 3062 1457 3118 Verbum
1495 3062 1642 3131 quod
1687 3060 1889 3116 factum
1917 3067 2002 3115 est

419 3153 488 3208 ad
513 3150 800 3208 Jeremiam
830 3169 858 3208 a
890 3153 1116 3209 Domino
1142 3167 1284 3207 anno
1319 3152 1528 3208 decimo
1569 3149 1810 3206 Sedecite
1857 3150 2002 3222 regis

416 3242 572 3299 Juda.
613 3263 633 3297 ι
683 3243 836 3300 Tunc
890 3244 1159 3300 exercitus
1205 3243 1348 3314 regis
1397 3241 1690 3314 Babylonis
1721 3242 2004 3298 obsidebat

414 3334 734 3393 Jerusalem.
765 3318 1041 3393 Jeremias
1087 3335 1345 3406 propheta
1375 3342 1496 3390 erat
1521 3335 1737 3390 clausus
1771 3334 1825 3389 in
1860 3333 2003 3390 atrio

389 3430 673 3492 _carceris.
715 3428 990 3498 Recteque
1011 3443 1155 3482 nunc
1179 3426 1377 3481 dicitur
1407 3443 1423 3481 :
1456 3447 1474 3479 ι
1508 3427 1648 3483 Ecce
1674 3426 2003 3482 munitiones

417 3527 708 3575 exstructas
741 3528 866 3574 sunt
911 3519 1197 3574 adversum
1216 3517 1505 3573 -eivitatem
1540 3527 1600 3573 ut
1625 3518 1888 3589 capiatur,
1948 3526 2003 3574 et

417 3608 548 3662 urbs
575 3607 700 3663 data
741 3616 823 3662 est
851 3609 903 3661 in
932 3621 1094 3660 manu
1139 3605 1508 3662 Chaldaeorum
1539 3623 1554 3673 ;
1595 3625 1614 3659 ι
1663 3621 1767 3663 nec
1802 3605 2004 3662 habent

416 3714 553 3769 quos
567 3699 804 3764 vincant,
828 3699 921 3754 sed
940 3713 1076 3768 quos
1087 3698 1322 3770 capiant.
1337 3697 1458 3754 Jam
1479 3698 1623 3756 enim
1640 3699 1836 3769 gladio,
1859 3697 2003 3755 fame

417 3795 474 3843 et
503 3795 652 3857 peste
683 3790 986 3860 consumpti
1015 3796 1162 3856 sunt,
1202 3797 1259 3846 et
1283 3780 1618 3861 quaecunque
1643 3790 1826 3846 dixisti
1850 3790 1995 3845 vide-

418 3893 539 3933 mus
572 3891 692 3934 esse
724 3880 986 3950 completa
1013 3897 1026 3934 :
1065 3879 1336 3951 quomodo
1373 3894 1504 3953 ergo
1525 3880 1662 3936 dicis
1690 3880 1847 3946 mihi,
1894 3880 2002 3936 Do-

419 3957 564 4025 miiie
592 3987 605 4024 :
646 3987 666 4021 ‹
696 3985 814 4026 eme
835 3985 1024 4043 agrum
1054 3979 1278 4044 argento
1297 4012 1312 4038 ,
1343 3978 1397 4026 et
1428 3971 1622 4026 adhibe
1654 3979 1850 4037 testes,
1877 3985 2001 4040 cum

418 4054 546 4116 urbs
571 4061 695 4117 data
720 4063 790 4118 sit
814 4063 868 4118 in
898 4079 1089 4118 manus
1107 4061 1516 4118 Chaldaeorum?
1543 4081 1561 4113 ι
1582 4061 1747 4131 Igitur
1776 4077 1884 4117 non
1912 4077 2002 4118 re-

415 4151 718 4222 prehendit,
739 4153 832 4208 sed
853 4154 1168 4225 interrogat,
1191 4168 1294 4208 nec
1311 4161 1421 4207 tam
1441 4152 1543 4208 sibi
1566 4167 1728 4222 quam
1750 4151 1869 4208 aliis
1889 4152 2006 4208 vult

418 4243 647 4310 discere,
694 4245 785 4312 qui
824 4245 1080 4310 sedebant
1130 4245 1183 4298 in
1211 4244 1350 4298 atrio
1375 4243 1634 4309 carceris,
1683 4253 1739 4300 et
1775 4244 2004 4302 forsitan

419 4337 569 4391 taciti
593 4338 1078 4407 reprehendebant,
1101 4337 1370 4408 quomodo
1394 4338 1534 4392 idem
1557 4339 1822 4408 prepheta
1843 4355 2004 4410 quem

421 4440 608 4480 verum
631 4426 881 4481 nuntiare
907 4427 1219 4494 credebant,
1259 4435 1314 4482 et
1340 4428 1529 4483 urbem
1578 4428 1723 4484 dicat
1763 4445 1886 4487 esse
1907 4445 2003 4486 ca-

429 4515 705 4585 piendam,
748 4523 802 4570 et
830 4531 1017 4588 agrum
1046 4526 1191 4572 emat
1211 4517 1367 4588 quasi
1393 4533 1759 4589 possessums.

500 4627 519 4661 ο
561 4609 625 4663 Et
667 4607 868 4664 factum
896 4617 980 4666 est
1013 4600 1234 4666 verbum
1265 4611 1476 4666 Domini
1503 4612 1571 4667 ad
1592 4610 1884 4668 Jeremiam
1917 4613 2003 4669 di-

430 4721 448 4754 (
499 4717 628 4759 cens
657 4720 671 4757 :
718 4703 859 4758 Ecce
883 4718 983 4774 ego
1009 4703 1270 4758 Dominus
1309 4703 1452 4758 Deus
1483 4703 1750 4760 universae
1777 4705 1960 4761 carnis
1987 4723 2002 4760 :

433 4813 451 4845 ι
497 4794 737 4864 nunquid
779 4793 911 4849 mihi
939 4791 1151 4849 dillicile
1195 4794 1319 4864 (sive
1347 4793 1700 4867 impossibile)
1742 4796 1874 4862 erit,
1911 4803 2006 4852 aut

433 4906 450 4937 ι
509 4887 872 4942 abscondetur
901 4901 932 4939 a
967 4900 1050 4940 me
1072 4900 1233 4939 omne
1267 4886 1534 4940 verbum?
1569 4886 1862 4958 Propterea
1890 4888 2006 4944 haec

429 4995 445 5026 ε
497 4975 627 5036 dicit
651 4975 950 5031 Dominus:
995 4975 1132 5031 Ecce
1163 4991 1263 5046 ego
1301 4977 1517 5030 tradam
1546 4976 1822 5032 civitatem
1846 4977 2009 5033 istam

431 5083 448 5115 α
499 5065 552 5120 in
579 5079 770 5119 manus
793 5065 1181 5129 Chaldmorum,
1231 5074 1287 5120 et
1312 5065 1364 5119 in
1406 5082 1625 5120 manum
1658 5067 1803 5137 regis
1837 5067 2012 5141 Baby-

431 5174 448 5206 ς
505 5154 737 5221 lonis,et
761 5157 973 5230 capient
993 5173 1139 5214 eam.
1158 5156 1224 5212 Et
1250 5157 1464 5212 venient
1490 5155 1727 5212 Chaldaei
1757 5158 1897 5230 (sive
1927 5157 2012 5214 in-

431 5265 449 5298 i
496 5247 834 5328 gredientur)
870 5250 1175 5322 praeliantes
1206 5250 1344 5322 (sive
1369 5249 1587 5304 venient
1621 5248 1884 5320 Chaldaei)
1916 5249 2011 5306 ad-

432 5359 450 5392 ‹
495 5355 712 5404 versum
742 5344 926 5399 urbem
968 5345 1137 5408 hanc,
1172 5352 1227 5399 et
1259 5343 1591 5400 succendent
1617 5357 1756 5398 .eam
1793 5341 1921 5414 igni,
1951 5351 2008 5400 et

433 5453 450 5484 ι
497 5436 970 5510 comburenteam,
987 5445 1041 5492 et
1067 5438 1319 5492 domosin
1343 5452 1570 5507 quantm
1594 5437 2003 5494 domatibussa-

433 5542 451 5574 ι
495 5522 805 5584 ci-ilicabant
831 5525 979 5591 Baal,
1031 5526 1340 5580 etlibabant
1387 5527 1490 5582 diis
1516 5527 1706 5582 alienis
1748 5526 2002 5583 libamina

433 5633 452 5665 ί
500 5616 567 5672 ad
593 5617 912 5671 irritandam
963 5631 1066 5670 me.
1098 5635 1114 5665 ι
1153 5615 1418 5672 Tristibus
1464 5618 1583 5672 lmta
1611 5619 1903 5689 subjungit,
1949 5626 2005 5672 et

426 5715 549 5776 pqst
589 5707 926 5764 eversionem
965 5703 1258 5777 Jerusalem
1301 5705 1516 5776 captivo
1546 5709 1740 5778 populo
1770 5708 2004 5778 reditum

2026 4499 2082 4560 D

2116 1887 2235 1941 qua:
2267 1871 2406 1942 apud
2436 1871 2682 1926 homines
2713 1870 3088 1942 impossibilia,
3140 1870 3283 1940 apud
3309 1872 3481 1927 Deum
3531 1876 3740 1944 possi-'

2115 1963 2241 2018 bilia
2270 1970 2414 2018 sunt.
2449 1962 2682 2018 Verbum
2715 1969 2895 2016 autem
2925 1961 3015 2015 hic
3037 1969 3092 2016 et
3116 1961 3169 2015 in
3200 1961 3386 2017 multis
3415 1961 3535 2018 aliis
3568 1963 3715 2020 locis

2113 2068 2212 2123 pro
2246 2052 2409 2108 rebus
2438 2052 2696 2108 debemus
2744 2051 3012 2127 accipere.
3050 2069 3068 2103 ‹
3105 2050 3244 2120 Quid
3281 2060 3388 2118 est,
3433 2053 3526 2119 ait,
3557 2055 3712 2124 quod

2113 2146 2314 2200 factum
2365 2153 2449 2200 est
2495 2144 2762 2200 verbum?
2809 2143 3105 2215 Propterea
3161 2145 3278 2200 haec
3330 2144 3463 2200 dicit
3519 2145 3711 2201 Domi-

2112 2252 2232 2292 nus.
2286 2256 2306 2288 ι
2365 2235 2502 2303 Quid
2533 2235 2676 2290 enim
2714 2243 3099 2304 praecesserat,
3162 2243 3224 2290 ut
3251 2234 3524 2292 causalem
3565 2251 3707 2292 cou-

2104 2327 2441 2398 junctionem
2463 2334 2687 2396 poneret
2708 2326 2925 2382 dicens:
2954 2344 2974 2377 (
3003 2334 3289 2397 propterea
3313 2327 3428 2383 haec
3448 2328 3708 2386 dicitDo-

2110 2416 2326 2472 minus?
2355 2435 2372 2468 ι
2407 2416 2563 2484 Quia,
2599 2415 2794 2486 inquit,
2829 2431 2973 2471 cura:
3002 2431 3136 2471 mea:
3160 2425 3242 2471 est
3271 2416 3455 2472 omnia
3485 2433 3700 2489 regere,

2109 2508 2366 2564 universa
2417 2509 2735 2579 disponere,
2789 2516 2842 2564 et
2870 2507 3097 2564 reddere
3137 2507 3365 2577 singulis
3396 2507 3554 2578 juxta
3583 2509 3701 2565 vias

2109 2617 2235 2658 suas
2265 2617 2281 2657 :
2314 2619 2334 2654 ι
2357 2601 2558 2657 idcirco
2583 2615 2684 2673 ego
2703 2601 2914 2655 tradam
2935 2600 3212 2655 civitatem
3239 2599 3398 2655 istam
3421 2600 3476 2655 in
3503 2615 3700 2657 manus

2107 2694 2500 2760 Chaldaeorum,
2514 2701 2570 2748 et
2598 2694 2651 2749 in
2677 2709 2895 2750 manum
2913 2691 3202 2765 Babylonis
3222 2693 3384 2764 regis,
3409 2701 3466 2748 et
3479 2693 3696 2765 capient

2107 2799 2247 2840 eam.
2278 2804 2296 2836 ι
2323 2783 2566 2839 Primum
2603 2783 2748 2839 enim
2786 2783 3018 2839 vallatur
3057 2783 3322 2850 exercitu,
3365 2791 3423 2840 et
3472 2785 3696 2841 absente

2105 2874 2319 2944 capitur
2343 2872 2857 2940 Nabuchodonosor,
2915 2867 3277 2945 deeciasque
3325 2873 3542 2929 ducitur
3583 2873 3696 2931 lle-

2103 2964 2271 3032 blata,
2324 2973 2383 3021 et
2429 2965 2501 3022 ibi
2543 2966 2658 3037 regi
2700 2966 2952 3021 traditur.
3011 2983 3031 3017 ι
3091 2964 3157 3020 Et
3205 2964 3447 3031 venient,
3495 2964 3719 3034 inquit,.

2103 3055 2339 3113 Chaldaei
2368 3057 2676 3129 praaliantes
2705 3057 2990 3114 adversum
3019 3057 3208 3114 urbem
3237 3058 3398 3113 hanc.
3435 3074 3456 3111 ι
3506 3055 3696 3112 Melius
3735 3113 3740 3115 _

2028 3127 2073 3192 C
2103 3149 2297 3220 Aquila
2325 3127 2418 3220 qui
2441 3164 2541 3220 pro
2562 3165 2628 3206 eo
2652 3149 2796 3220 quod
2821 3150 3106 3220 scriptum,
3150 3146 3390 3216 Venient,
3416 3148 3696 3206 transtulit

2104 3240 2498 3308 εἰσελεύσονται,
2529 3240 2634 3296 hoc
2661 3248 2769 3310 est,
2800 3241 3158 3312 ingredientur
3178 3241 3460 3296 civitatem.
3509 3240 3694 3312 Neque

2104 3331 2248 3388 enim
2270 3333 2521 3388 absentes
2548 3340 2705 3388 erant
2730 3340 2794 3387 ut
2819 3332 3088 3399 venirent,
3117 3333 3314 3403 quippe
3347 3333 3441 3403 qui
3467 3333 3697 3388 circum-

2105 3426 2365 3482 dederant
2385 3425 2707 3492 Jerusalem,
2739 3425 2880 3481 sicut
2908 3425 3189 3495 Scriptura
3216 3433 3447 3480 testatur
3477 3443 3492 3480 :
3526 3423 3693 3479 «Tum

2105 3522 2378 3578 exercitus
2401 3521 2544 3592 regis
2569 3520 2859 3591 Babylonis
2890 3518 3173 3574 obsidebat
3195 3515 3498 3573 Jerusalem
3525 3531 3540 3572 :
3576 3535 3596 3570 ι
3627 3530 3694 3572 ac

2107 3613 2297 3669 deinde
2329 3630 2342 3667 :
2381 3630 2401 3665 ‹
2431 3626 2559 3668 ecce
2580 3611 2909 3666 munitiones
2942 3616 3232 3667 exstructae
3253 3616 3381 3665 sunt
3405 3609 3693 3666 adversum

2105 3705 2375 3760 civitatem
2424 3711 2482 3758 ut
2527 3704 2791 3774 capiatur,
2847 3709 2902 3758 et
2935 3701 3066 3757 urbs
3108 3702 3233 3758 data
3283 3708 3368 3757 est
3422 3701 3478 3756 in
3527 3715 3694 3757 manu

2103 3793 2498 3851 Chaldmorum.
2559 3814 2578 3848 ›
2634 3792 2912 3862 Quomodo
2953 3792 3118 3865 igitur
3159 3792 3508 3862 venientqui
3556 3807 3696 3863 prae.-

2103 3896 2285 3945 sentes
2313 3889 2512 3944 erant?
2552 3887 2659 3944 Sed
2699 3888 2755 3943 hi
2797 3887 2889 3958 qui
2917 3886 3238 3944 obsidebant
3271 3887 3461 3942 urbem
3510 3887 3694 3958 ingre-

2103 3981 2342 4049 dientur,
2392 3983 2586 4053 inquit,
2638 3990 2694 4038 et
2724 3983 2939 4054 capient
2963 3997 3108 4050 eam,
3157 3991 3211 4038 et
3239 3980 3590 4047 succenderit,
3637 3984 3696 4034 et

2103 4073 2171 4128 ad
2198 4073 2372 4128 solum
2396 4090 2566 4146 usque
2585 4075 2905 4130 comburcnt
2931 4073 3176 4148 (verbum
3201 4075 3343 4130 enim
3368 4065 3694 4128 Hebraicum

2103 4173 2228 4230 1m,
2261 4165 2612 4236 ambiguitate
2658 4166 2771 4232 sui,
2827 4177 2884 4222 et
2933 4166 3150 4222 venient
3221 4174 3276 4221 et
3319 4164 3695 4237 ingredientur

2105 4257 2303 4328 sonat),
2322 4267 2377 4313 et
2399 4258 2588 4314 domos
2616 4258 2669 4312 in
2709 4273 2940 4329 quarum
2976 4257 3282 4316 domatibus
3309 4255 3694 4313 sacriﬁcabant

2103 4348 2234 4403 Baal
2267 4348 2410 4404 idolo
2441 4347 2810 4417 Sidoniorum,
2858 4358 2912 4407 et
2933 4349 3175 4404 libabant
3203 4347 3306 4403 diis
3331 4346 3522 4403 alienis
3549 4347 3691 4402 liba-
3737 4339 3751 4360 ”·

2105 4441 2251 4496 mina
2298 4441 2364 4496 ad
2397 4440 2721 4497 irritandam
2749 4448 2836 4496 me
2868 4458 2882 4496 :
2926 4449 2986 4496 ut
3019 4455 3128 4497 non
3165 4453 3352 4496 errore
3387 4435 3688 4510 religionis,

2107 4532 2200 4587 sed
2247 4532 2592 4588 contentione
2630 4533 2883 4603 quadam,
2938 4540 2994 4587 et
3033 4531 3089 4587 in
3119 4530 3432 4586 Creatorem
3487 4538 3680 4585 contu-

2098 4623 2323 4694 meliam
2344 4624 2523 4681 facere
2539 4625 2870 4681 viderentur.
2897 4623 3178 4692 Quomodo
3211 4632 3390 4679 autem
3415 4622 3693 4694 periturus
3753 4641 3759 4646 '

2107 4715 2361 4770 scribitur
2407 4717 2640 4771 mundus
2697 4713 2853 4784 juxta
2897 4713 3026 4770 illud
3071 4713 3215 4784 quod
3265 4713 3526 4783 scriptum
3567 4720 3714 4767 estz—
3753 4715 3756 4717 ’

2113 4825 2132 4857 ‹
2176 4807 2386 4865 Caelum
2415 4817 2469 4864 et
2498 4816 2644 4864 terra
2665 4808 3069 4878 pertransibunt
3095 4806 3310 4879 (Matth.
3354 4805 3528 4876 xxrv),
3572 4823 3592 4857 ι
3621 4819 3688 4858 eo

2108 4899 2252 4968 quod
2299 4900 2352 4953 in
2378 4899 2611 4971 maligno
2640 4901 2844 4970 positus
2867 4900 2935 4955 sit
2969 4916 2982 4952 :
3025 4899 3103 4955 sic
3142 4906 3197 4954 et
3241 4897 3433 4952 domus
3471 4895 3586 4965 ipsa
3636 4902 3693 4948 et

2113 4989 2230 5045 loca
2259 4990 2311 5043 in
2339 4991 2536 5061 quibus
2564 4989 2762 5062 ﬂagitia
2790 4999 3096 5062 perpetrata
3135 4995 3264 5043 sunt
3299 4987 3397 5042 ira:
3423 4985 3519 5041 Dei
3563 4984 3695 5039 sub.

2108 5081 2311 5152 jacent.
2340 5082 2480 5138 Sunt
2500 5085 2592 5153 qui
2619 5085 2953 5139 contentiose
2975 5082 3104 5137 illud
3127 5080 3270 5152 quod
3293 5079 3556 5149 scriptum
3579 5083 3690 5141 est,

2121 5191 2140 5225 ‹
2174 5173 2322 5230 locus
2350 5174 2404 5229 in
2429 5189 2535 5244 quo
2561 5175 2852 5230 cruciﬁxus
2875 5180 2956 5229 est
2973 5172 3233 5227 Dominus
3252 5177 3414 5240 atque
3434 5166 3692 5223 Salvator

2115 5266 2432 5336 spiritaliter
2450 5264 2774 5332 Gomorrha,
2800 5272 2857 5320 et
2875 5263 3409 5336 Egyptusvocatur,
3437 5278 3457 5312 ι
3487 5259 3555 5315 ad
3572 5258 3688 5328 ipsa

2114 5355 2229 5412 loca
2244 5358 2480 5412 referant
2497 5375 2512 5420 ;
2536 5357 2626 5412 alii
2647 5371 2777 5412 vero
2791 5355 3101 5411 universum
3117 5352 3376 5409 mundum
3400 5350 3501 5407 sub
3514 5345 3690 5404 no‘m'i-

2111 5447 2418 5519 neAﬂgypti
2452 5457 2506 5504 ct
2528 5448 2844 5504 Comorrhae
2871 5445 3165 5517 signiﬁcari
3191 5452 3418 5516 putant:
3448 5451 3509 5497 ut
3539 5443 3686 5496 enim

2109 5539 2406 5597 Comorrha
2435 5539 2615 5594 divino
2639 5539 2762 5610 igne
2783 5538 2952 5596 deleta
2973 5547 3056 5595 est
3086 5556 3099 5594 :
3131 5537 3204 5593 ita
3225 5544 3282 5592 et
3307 5535 3563 5590 mundum
3589 5533 3688 5589 Dei
3753 5539 3758 5546 '

2102 5631 2306 5700 Judicie
2358 5632 2830 5687 concremandum.
3341 5639 3344 5642 '

2183 5743 2202 5777 ι
2249 5724 2417 5779 Erant
2459 5724 2605 5780 enim
2651 5723 2752 5780 lilii
2793 5722 2982 5789 Israel,
3053 5729 3112 5778 et
3151 5720 3252 5778 fllii-
3289 5717 3428 5776 Jutla
3481 5715 3702 5789 jugiter-
