4044 6326
259 387 398 453 1057

1137 364 1501 428 EXPOSITIO
1536 359 1769 422 SUPER
1803 353 2172 418 JEREMIAM.
2208 345 2285 404 ὲ·-
2319 357 2450 416 LlB.
2485 357 2600 415 ΧΠ.

3379 352 3518 418 1058

263 503 437 580 ι-(δὶκ
470 492 880 570 solijfaeientes
902 488 1108 546 malum
1131 487 1186 542 in
1209 483 1380 540 oculis
1400 479 1536 537 meis
1556 479 1626 534 ab
1647 476 1829 532 adole-
1854 478 1907 539 Α
1931 476 2022 547 qui
2057 491 2186 532 vero
2220 483 2427 547 tergum
2473 476 2655 542 vertit,
2687 470 2805 546 ipso
2842 481 2995 546 gestu
3044 474 3283 545 corporis
3319 473 3522 534 indicat

264 616 286 654 ι
318 567 536 654 ‘scentia
572 567 700 647 sua.
735 607 756 642 ι
802 581 1068 657 (meram)
1118 577 1356 635 Verbum
1377 573 1724 629 ~llebraicum
1754 580 1836 659 1R
1939 583 1996 625 se
2026 569 2292 640 negligere
2335 567 2784 632 comminantem,
2820 575 2876 622 et
2915 567 3049 634 hoc,
3077 569 3183 634 ait,
3228 567 3516 626 faciebant.

261 687 454 759 Aquila
482 685 866 752 interpretatus
901 683 985 730 est
1011 673 1138 732 π’λὴν
1171 709 1187 736 ,
1231 667 1374 738 quod
1402 662 1838 732 coniunctionem

263 755 615 839 uerumtamen
647 770 935 842 signiﬁcat.
994 760 1308 836 Symmachi
1350 759 1535 829 prima
1560 755 1747 820 editio,
1784 760 1843 809 et

2017 675 2036 710 ι
2074 657 2207 713 Cum
2253 658 2502 734 docerem
2551 673 2645 714 eos
2692 657 2924 713 diluculo
2949 697 2964 724 ,
3023 651 3086 713 et
3123 659 3394 715 erudirem
3422 677 3435 714 :
3464 669 3520 716 et

1945 767 1966 802 ι
1999 748 2204 804 nollent
2224 749 2432 814 audire,
2479 758 2538 804 ut
2565 749 2875 819 acciperent
2911 750 3269 822 disciplinam.
3297 772 3316 804 ι
3349 751 3522 824 Fuga-

263 868 427 936 LXX,
453 876 512 923 et
535 841 838 922 Theodotio
865 857 1004 913 solos
1036 850 1382 924 interpertati
1415 855 1563 914 sunt,
1602 844 1840 903 secunda
1941 841 2014 898 tis
2053 841 2257 898 erroris
2303 841 2561 908 tenebris,
2605 849 2660 896 et
2707 842 2853 897 omni
2895 842 3158 898 idolorum
3191 843 3358 909 cultu,
3403 859 3524 899 mea

263 961 460 1034 quippe
482 951 792 1028 Symmachi
814 948 977 1006 vertit
1023 945 1201 1012 διόλον,
1228 956 1392 1014 quem
1420 948 1476 996 et
1501 954 1601 995 nos
1647 937 1844 1008 inprae-

265 1029 560 1111 sentiarum
580 1045 752 1104 secuti
777 1056 986 1106 sumus,
1023 1047 1084 1094 ut
1104 1038 1406 1094 diceremus
1442 1033 1663 1104 jugiter.
1687 1029 1844 1086 Dica-

264 1159 386 1200 mus
413 1141 576 1212 igitur
601 1137 834 1208 primum
855 1132 1012 1202 juxta
1042 1127 1366 1185 Hebraieum
1391 1142 1405 1179 :
1434 1123 1558 1179 Filii
1580 1121 1769 1188 lsrael,
1793 1127 1848 1176 et

1945 936 2212 992 sententia
2241 934 2522 991 confutata
2550 935 2790 1005 quotidie
2817 935 2981 991 corda
3011 949 3198 990 eorum
3224 932 3528 988 illuminare

1945 1030 2250 1101 cupiebam,
2279 1036 2336 1084 et
2359 1030 2552 1086 docere
2573 1044 2691 1100 quae
2721 1037 2870 1085 recta
2911 1037 3057 1086 sunt.
3091 1028 3158 1083 Et
3186 1035 3248 1082 ut
3295 1027 3525 1083 liberum

1947 1129 2194 1178 servaret
2213 1119 2497 1176 arbitrium
2516 1161 2531 1187 ,
2555 1119 2736 1192 jungit
2779 1127 2835 1176 et
2859 1118 2992 1176 dicit
3017 1137 3032 1175 :
3066 1138 3085 1172 ι
3115 1125 3173 1175 et
3191 1117 3394 1174 nollent
3435 1133 3530 1172 au-

213 1264 221 1270 ~
265 1234 359 1290 ﬁlii
395 1201 533 1290 Juda
553 1201 755 1302 iugiter
776 1225 1038 1282 facientes
1068 1222 1286 1278 malum.
1313 1218 1383 1274 Et
1409 1218 1615 1283 decem,
1649 1213 1843 1284 inquit,
1949 1211 2088 1278 dire,
2119 1219 2180 1266 ut
2201 1210 2510 1282 acciperent
2539 1201 2895 1280 disciplinam.
2932 1228 2953 1263 ι
2987 1207 3283 1279 Sequitur:

267 1334 323 1380 et
349 1323 469 1379 duae
498 1298 670 1376 tribus
693 1316 895 1374 malum
922 1314 1039 1370 sine
1066 1310 1366 1368 cessatione
1392 1306 1658 1370 fecerunt,
1680 1311 1736 1359 et
1757 1303 1848 1374 ju-
2026 1320 2046 1354 ι
2083 1302 2151 1357 Ει
2182 1310 2475 1374 posuerunt
2502 1300 2648 1357 idola
2671 1314 2770 1356 sua
2798 1299 2856 1356 in
2883 1298 3064 1366 domo,
3101 1313 3157 1354 tn
3179 1313 3286 1369 qua
3317 1298 3530 1354 invoca-

261 1416 352 1489 'gis
391 1414 470 1469 eis
497 1411 601 1466 fuit
627 1409 684 1464 in
725 1405 974 1479 pessimis
1019 1401 1272 1473 operibus
1315 1392 1736 1470 perseverantia.
1790 1390 1851 1447 Si
1958 1411 1978 1445 ι
2011 1401 2126 1447 tum
2151 1398 2238 1447 est
2274 1405 2471 1447 nomen
2513 1404 2717 1456 meum,
2763 1396 2824 1444 ut
2853 1387 3156 1460 polluerent
3187 1400 3329 1442 eam.
3361 1405 3380 1438 ι
3413 1386 3530 1441 Νοη

272 1474 451 1561 autem
471 1501 618 1574 jugis
647 1507 704 1556 et
721 1474 932 1567 semper
956 1499 1012 1550 in
1040 1500 1154 1548 toto
1174 1489 1391 1561 populo,
1419 1485 1514 1542 ubi
1536 1491 1622 1540 est
1641 1480 1855 1574 iustitia
1954 1480 2129 1538 solum
2147 1494 2214 1536 eo
2238 1488 2481 1552 tempore
2493 1477 2523 1533 J
2528 1479 2660 1535 udas
2677 1477 2858 1549 posuit
2883 1476 2940 1532 in
2962 1475 3163 1546 templo
3183 1474 3280 1530 Dei
3299 1482 3534 1530 statuam

273 1564 598 1668 sempiterna
616 1591 640 1646 τ
661 1564 854 1654 Porro,
874 1585 1028 1656 juxta
1055 1581 1215 1645 LXX,
1249 1579 1342 1649 qui
1368 1576 1650 1668 dixerunt:
1687 1589 1708 1625 ι
1743 1569 1858 1668 Soli
1954 1570 2118 1668 idoli,
2143 1585 2308 1643 quam
2339 1570 2395 1626 in
2422 1567 2723 1625 Ezechielis
2753 1566 3018 1640 principio
3046 1565 3275 1640 legimus
3303 1564 3534 1637 (Ezech.

273 1655 534 1744 facientes
571 1680 794 1746 malum,
844 1696 865 1730 ›
911 1675 1084 1732 oritur
1127 1669 1353 1743 quaestio
1386 1684 1400 1722 :
1452 1663 1594 1720 Num
1637 1669 1694 1718 et
1735 1659 1856 1718 alia
1955 1660 2084 1732 vm)
2118 1677 2133 1716 :
2167 1661 2262 1716 sed
2286 1673 2458 1730 usque
2483 1657 2646 1716 hodie
2675 1657 2733 1713 in
2757 1656 2919 1714 domo
2946 1655 3196 1723 Domini,
3223 1670 3343 1727 qua:
3372 1655 3541 1710 inter-

274 1786 463 1852 gentes
486 1789 554 1832 eo
603 1744 846 1841 tempore
898 1781 1006 1838 quo
1031 1763 1196 1821 lsrael
1243 1760 1516 1852 Judasque
1537 1753 1856 1852 peccabant,
1882 1834 1931 1852 ﬁ
1957 1761 2204 1825 pretatur
2220 1749 2484 1818 Ecclesia,
2500 1750 2616 1806 sive
2639 1749 2695 1805 in
2713 1748 2879 1806 corde
2898 1745 3184 1818 animaque
3203 1744 3550 1802 credentium"

277 1834 481 1938 aulum
508 1881 618 1922 non
641 1834 933 1920 fecerunt‘l
956 1855 1110 1925 Quod
1147 1852 1229 1909 sic
1252 1849 1480 1908 solvitur
1517 1864 1532 1901 :
1574 1844 1666 1938 qui
1692 1843 1858 1938 habet
1882 1834 1933 1897 Β
1958 1847 2178 1938 ponitur
2196 1845 2421 1912 idolum,
2441 1843 2658 1915 quando
2677 1856 2875 1898 novum
2897 1840 3089 1912 dogma
3104 1839 3470 1905 constituitur,
3487 1843 3546 1894 et

279 1936 526 2018 notitiam
554 1956 674 2023 Dei,
709 1962 766 2009 et
788 1949 994 2008 recedit
1014 1947 1082 2003 ab
1110 1959 1198 2012 eo,
1221 1941 1368 2000 solus
1392 1944 1588 2012 peccat
1606 1935 1662 1992 in
1683 1932 1856 1990 oculis
1951 1937 2105 2008 juxta
2138 1936 2616 1993 Deuteronomium
2648 1935 2904 1991 aduratur
2933 1931 2990 1987 in
3023 1929 3336 1987 abscondito
3364 1929 3542 2002 (Deut.

278 2051 395 2108 Dei.
424 2048 526 2117 Qui
551 2020 683 2103 vero
720 2039 981 2099 increduli
1009 2033 1431 2109 permanserint,
1453 2027 1608 2102 quasi
1635 2025 1728 2083 illo
1751 2038 1861 2117 non
1961 2027 2058 2100 ιν)
2093 2045 2106 2082 :
2140 2045 2159 2078 ι
2186 2025 2440 2092 Nescitis,
2470 2025 2668 2096 inquit,
2701 2024 2828 2095 quia
2864 2020 3122 2094 templum
3165 2020 3262 2077 Dei
3300 2020 3463 2086 estis,
3491 2027 3547 2075 et

277 2109 494 2198 videnle
515 2145 574 2196 et
598 2134 923 2208 negligente,
950 2129 1284 2198 delinquunt.
1326 2122 1483 2179 Unde
1508 2129 1565 2176 et
1585 2117 1763 2208 David
1777 2115 1864 2208 vir
1962 2118 2185 2190 spiritus
2223 2117 2321 2172 Dei
2353 2115 2564 2172 habitat
2599 2115 2652 2171 in
2680 2113 2876 2172 vobis?
2909 2112 3016 2185 ›ῖ(1
3048 2111 3170 2167 Cor.
3201 2109 3309 2184 ιιι.)

279 2242 519 2300 sanctus,
567 2200 700 2302 quia
734 2200 1015 2283 corruerat
1056 2221 1112 2276 in
1153 2223 1433 2289 peccatum
1488 2209 1675 2266 uxoris
1717 2205 1865 2264 Uria:
2037 2228 2058 2262 ι
2089 2209 2158 2264 Et
2181 2207 2584 2264 mdiﬁeaverunt
2619 2205 2833 2262 excelsa
2873 2203 3022 2277 (sive
3047 2218 3173 2258 aras
3189 2215 3209 2275 )
3232 2200 3384 2268 Baal,
3425 2215 3545 2271 quae

279 2292 606 2384 licthsabee-
627 2333 794 2392 agens
814 2323 1006 2388 postea
1031 2307 1406 2383 paenitentiam
1463 2301 1548 2376 (Il
1584 2300 1711 2371 Reg.
1744 2296 1866 2392 Διιι)
1971 2323 1990 2357 ι
2023 2310 2150 2358 sunt
2174 2301 2230 2356 in
2255 2299 2394 2356 valle
2424 2297 2521 2353 ﬁlii
2551 2299 2783 2364 Ennom,
2821 2304 2879 2351 ut
2913 2296 3194 2351 initiarent
3233 2292 3374 2348 ﬁlios
3419 2306 3546 2348 suos

279 2417 546 2488 loquitur:
569 2432 587 2465 ι
611 2383 730 2466 Tibi
757 2383 858 2464 soli
875 2402 1114 2476 peccavi,
1143 2409 1198 2455 et
1226 2396 1426 2454 malum
1447 2406 1631 2488 coram
1660 2396 1726 2488 te.
1737 2385 1866 2452 feci,

1990 2399 2079 2447 ret
2125 2390 2264 2445 ﬁlias
2312 2402 2438 2445 suas
2484 2387 2630 2444 idolo
2678 2386 2906 2443 Moloch.
2947 2405 2966 2438 ι
3016 2385 3124 2440 Pro
3164 2383 3446 2438 initiarent
3492 2383 3548 2438 in

283 2471 452 2583 idfest
476 2505 530 2560 in
558 2507 851 2570 conspectu
873 2471 965 2552 tuo
990 2491 1170 2566 (Psal.
1201 2493 1289 2558 ι).
1316 2484 1558 2583 Denique
1577 2477 1824 2580 jungitur
1851 2491 1865 2528 :
1968 2481 2234 2538 Hebraico
2254 2479 2517 2551 scriptum
2548 2487 2812 2543 est-1731:,
2838 2476 2983 2547 quod
2995 2474 3188 2546 Aquila
3211 2483 3267 2530 et
3296 2471 3550 2546 Symma-

291 2567 454 2653 είδοιί
495 2567 758 2658 facientes
807 2586 1009 2644 malum
1058 2583 1114 2637 in
1149 2578 1320 2636 oculis
1347 2573 1506 2639 meis,
1555 2578 1610 2626 et
1652 2570 1869 2647 incon-
1970 2577 2105 2633 chus
2155 2567 2582 2638 ι-ναηεάηοενέηι,
2632 2570 2775 2626 LXX
2834 2576 2888 2626 et
2923 2567 3258 2635 Theodolio,
3303 2569 3553 2638 afferre".

287 2697 476 2760 specta
495 2700 617 2741 meo
642 2684 712 2740 ab
734 2677 1099 2737 adolescentia
1127 2689 1248 2729 sua.
1269 2692 1289 2725 )
1309 2669 1568 2738 Quodque
1591 2661 1869 2731 sequitur:
1973 2664 2311 2737 interpretati
2337 2670 2484 2719 sum.
2522 2663 2598 2717 De
2614 2661 2756 2717 valle
2775 2660 3013 2724 ﬁliorum
3039 2659 3271 2726 Ειιηοω,
3298 2674 3418 2730 qua;
3449 2658 3556 2714 He-

293 2747 466 2840 r-Filii
484 2773 650 2834 lsrael
668 2772 761 2843 qui
782 2785 954 2841 usque
973 2782 1112 2823 nunc
1131 2761 1626 2823 exacerbabantme
1642 2754 1696 2808 in
1711 2763 1874 2823 opere
1973 2757 2157 2813 braice
2197 2755 2400 2810 dicitur
2427 2761 2593 2814 mnu
2630 2767 2792 2823 supra
2845 2750 3055 2822 plenius
3105 2749 3377 2816 diximus,
3415 2747 3556 2819 quod

289 2883 560 2927 manuum
593 2841 837 2929 milium,
887 2858 1021 2915 (Ῑίοίι
1072 2855 1353 2920 Dominus.
1404 2869 1426 2905 ³
1473 2849 1529 2905 in
1568 2844 1714 2902 LXX
1766 2855 1875 2896 ῐιοη
1977 2849 2254 2920 subiaceat
2303 2845 2449 2903 Siloe
2490 2845 2759 2910 fontibus,
2809 2853 2864 2900 et
2916 2843 3228 2900 ammnitate
3269 2842 3386 2910 sui,
3434 2841 3561 2912 quia

291 2961 540 3026 habetur,
555 2965 612 3014 et
631 2956 699 3012 de
721 2927 988 3010 Hebraico
1013 2949 1258 3005 additum
1293 2951 1398 3001 θεῖ·
1427 2941 1566 3010 Qnia
1599 2946 1782 2993 amem
1807 2932 1877 2988 ab
1955 2941 2130 2998 .locus
2154 2941 2390 3012 irriguus
2424 2947 2542 3004 est,
2578 2936 2834 3009 populum
2875 2935 3039 2992 lsrael
3083 2934 3457 3007 provocaverit
3492 2932 3563 2988 ad
3601 2927 3604 2930 ’

291 3023 652 3127 adolescentia
686 3061 784 3104 sua
831 3055 1001 3113 usque
1035 3041 1103 3097 ad
1123 3044 1445 3109 prmsentem
1493 3033 1634 3089 diem
1678 3026 1880 3127 iugiter

1990 3031 2272 3098 luxuriam,
2287 3043 2450 3101 quam
2471 3027 2737 3083 idolomm
2757 3024 2934 3082 éultus
2953 3026 3218 3096 sequitur.
3234 3023 3565 3081 Notandum-

291 3113 632 3214 deliquerunt
663 3158 678 3195 ε
707 3138 830 3195 ideo
852 3135 999 3208 justa
1027 3129 1302 3190 sententia
1335 3126 1433 3183 Dei
1457 3133 1566 3191 est,
1599 3129 1655 3178 et
1679 3116 1878 3176 merito
1903 3185 1947 3214 Π
1979 3139 2088 3195 irque
2132 3122 2276 3193 quod
2310 3134 2420 3175 am
2447 3128 2504 3175 et
2529 3117 2744 3174 excelsa
2780 3116 3047 3172 Hebraico
3093 3129 3344 3172 sermone
3391 3113 3567 3186 appel.

295 3185 590 3306 Scriptura.
611 3185 901 3289 contexit:
1798 3303 1830 3306 __
1857 3300 1869 3306 _
1902 3185 1950 3250 ϐ
1979 3185 2332 3278 lenturmm
2353 3255 2370 3283 ,
2393 3222 2615 3286 propter
2647 3228 2742 3270 eos
2765 3213 2857 3284 qui
2885 3213 2940 3268 in
2980 3210 3250 3268 Samuelis
3276 3219 3331 3265 et
3377 3185 3435 3265 in
3461 3209 3567 3265 Re—
3599 3248 3602 3251 ι

351 3300 394 3394 ξι
416 3300 692 3382 lnt‘urore
717 3320 854 3377 etin
888 3315 1253 3389 indignatione
1281 3325 1403 3368 mea
1439 3308 1586 3365 facta
1613 3313 1699 3362 est
1738 3300 1875 3394 mihi
1980 3324 2108 3381 gum
2146 3307 2420 3364 volumine
2451 3305 2581 3376 quid
2604 3304 2871 3377 signiﬁcet
2893 3305 2997 3360 hoc
3033 3301 3556 3360 verbum'dubitant.

303 3434 322 3467 ι
353 3391 710 3477 civitashaec,
733 3425 765 3464 a
793 3409 884 3465 die
901 3422 1007 3476 qua
1027 3403 1434 3461 aediﬁcaverunt
1452 3413 1572 3454 eam
1598 3408 1772 3466 usque
1806 3391 1876 3447 ad
1981 3399 2188 3456 Moloch
2233 3398 2434 3454 idolum
2477 3397 2909 3452 Αωιηοηίιειηιηι
2951 3403 3068 3463 εει,
3096 3395 3238 3466 quod
3279 3394 3333 3450 in
3378 3408 3560 3466 regem

305 3529 322 3560 ι
358 3507 502 3570 diem
529 3506 711 3568 istam.
746 3516 852 3572 qua
881 3498 1157 3554 auferetur
1182 3495 1250 3550 de
1287 3497 1578 3561 εοηεβθοιιι
1598 3501 1741 3556 meo-
1771 3505 1790 3536 ι
1817 3483 1878 3539 εἰ
1965 3479 2225 3549 vertitur.
2277 3489 2555 3562 Signiﬁcat
2601 3498 2779 3546 autem
2823 3489 3103 3559 Scriptura
3161 3489 3362 3553 divina,
3419 3487 3563 3558 quod
3618 3491 3624 3498 ’

300 3612 368 3666 ex
386 3602 716 3662 eotempore
737 3603 846 3659 quo
858 3587 1093 3644 civitatis
1112 3584 1259 3655 jacta
1281 3589 1406 3639 sunt
1427 3578 1775 3634 fundamenta
1797 3587 1882 3626 us-

1990 3598 2090 3637 non
2118 3582 2288 3638 solum
2312 3581 2440 3635 Baal
2470 3580 2631 3644 idolo,
2655 3581 2752 3635 sed
2779 3587 2836 3634 et
2860 3579 3069 3634 Moloch
3108 3578 3424 3647 cunctisque
3460 3577 3569 3634 «ιω-
3612 3634 3618 3640 ,

302 3701 411 3757 (ωε
437 3684 504 3738 ad
530 3684 671 3738 hanc
695 3679 857 3745 diem»
888 3675 1102 3746 quando
1132 3682 1290 3742 (³³9⁸³
1320 3679 1404 3726 εει
1429 3677 1591 3738 atque
1619 3675 1880 3720 30003053
1984 3673 2232 3728 monibus
2258 3672 2311 3728 in
2357 3672 2475 3743 ipso
2505 3671 2623 3726 loco
2649 3669 2876 3742 populus
2905 3669 3172 3726 servierit.

303 3777 593 3850 et,sublata
617 3775 684 3831 de
713 3780 1004 3843 conspectu
1029 3767 1246 3824 Domini
1271 3765 1388 3831 fuit,
1422 3775 1636 3832 semper
1663 3760 1720 3814 in
1747 3757 1880 3812 vitio

295 3847 374 3927 et.
389 3866 757 3941 indignatione
789 3870 978 3921 contra
1001 3875 1060 3917 se
1081 3861 1250 3916 Deum
1274 3852 1620 3928 provocavit,
1657 3847 1750 3905 ubi
1779 3854 1883 3914 est,

306 3967 374 4022 ut.
386 3974 528 4035 saepe
551 3956 665 4026 jam
689 3953 949 4025 diximus,
971 3957 1318 4023 peccatorum
1344 3943 1533 4016 quies?

375 4031 408 4128 μ’
435 4027 668 4128 Dropter
697 4045 988 4110 malitiam,
1011 4043 1206 4112 inquit,
1249 4039 1485 4096 ﬁliorum
1510 4031 1695 4100 lsrael,
1738 4038 1797 4088 et
1821 4027 1884 4086 ﬁ-

315 4161 334 4194 ι
371 4124 570 4222 liorum
605 4137 764 4204 Juda,
794 4150 955 4208 quam
995 4132 1273 4197 fecerunt,
1317 4127 1387 4183 ad
1421 4124 1755 4182 iracundiam
1799 4134 1886 4177 me

317 4251 335 4284 ι
367 4215 743 4303 provocantes,
783 4227 885 4299 ipsi
936 4235 994 4282 et
1033 4239 1190 4296 reges
1233 4235 1422 4279 eorum
1446 4261 1461 4286 ,
1513 4229 1569 4274 et
1616 4215 1890 4289 principes

317 4345 336 4376 ι
373 4339 583 4400 eorum,
614 4330 671 4380 et
688 4322 1000 4378 sacerdotes
1021 4333 1242 4383 eorum,
1279 4324 1334 4371 et
1359 4313 1634 4384 prophetae
1675 4323 1886 4373 eorum,

319 4434 339 4469 ι
373 4403 646 4482 viriJuda
682 4421 739 4470 et
781 4411 1115 4474 habitatores
1141 4407 1460 4464 Jerusalem.
1491 4425 1511 4458 ›
1537 4403 1676 4472 Quia
1725 4416 1886 4473 supra

2062 3780 2081 3814 ι
2117 3762 2271 3829 Quod
2320 3777 2429 3817 non
2481 3760 2733 3816 mandavi
2775 3758 2878 3826 eis,
2934 3773 3033 3816 nec
3081 3758 3325 3816 ascendit
3363 3758 3419 3814 in
3471 3765 3567 3816 cor

1993 3869 2012 3903 ‹
2045 3866 2244 3916 meum,
2301 3859 2361 3904 ut
2409 3848 2650 3904 facerent
2706 3848 3161 3905 abominationem
3209 3849 3367 3915 hanc,
3416 3858 3472 3904 et
3509 3851 3564 3906 in
3630 3853 3633 3857 ’

1993 3961 2012 3994 ι
2041 3949 2324 4012 peccatum
2353 3941 2680 3996 deducerent
2706 3938 2918 3994 Judam.
2943 3959 2962 3992 ι
2992 3939 3216 4009 Proprie
3238 3939 3408 3995 tribus
3428 3937 3566 3996 Juda

1989 4045 2044 4092 et
2083 4034 2363 4106 Benjamin
2406 4034 2460 4088 in
2518 4031 2645 4087 fano
2679 4031 2858 4086 Baalis
2907 4039 2960 4086 et
3000 4029 3227 4097 Moloch,
3266 4031 3568 4086 dzemonum
3631 4041 3633 4043 ‘

1991 4131 2278 4188 simulacra
2324 4127 2564 4184 venerati
2603 4133 2727 4182 sunt
2764 4124 3004 4181 :vitulos
3053 4133 3233 4179 autem
3273 4139 3465 4180 aureos
3512 4124 3567 4179 in

1989 4223 2178 4282 Bethel
2205 4231 2261 4277 et
2285 4222 2400 4276 Dan
2425 4221 2612 4276 decem
2639 4217 2831 4284 tribus,
2858 4232 2977 4287 quae
2997 4214 3336 4288 appellantur
3376 4215 3568 4270 Sama-

1991 4319 2072 4374 ria
2094 4315 2294 4387 Joseph
2330 4323 2386 4372 et
2427 4312 2706 4385 Ephraim,
2760 4309 2993 4367 voluisse
3037 4308 3381 4381 perspicuum
3433 4315 3518 4364 est
3550 4325 3564 4362 :

1991 4419 2310 4481 tantumque
2345 4406 2474 4464 mali
2497 4404 2622 4472 fuit,
2657 4403 2910 4480 quodque
2937 4417 2968 4458 a
3009 4400 3210 4473 populo
3245 4399 3452 4456 factum
3486 4406 3572 4456 est

314 4506 528 4591 ἀίξθτὲι
553 4523 572 4557 ι
602 4505 661 4561 in
685 4502 869 4562 Tum
910 4510 967 4558 ει
993 4501 1048 4556 in
1077 4498 1443 4591 indisnalione
1483 4511 1604 4553 mea
1634 4495 1776 4552 facta
1809 4500 1893 4549 est
1916 4564 1970 4591 ἢ
1995 4511 2054 4557 ιιι
2079 4508 2306 4557 testetur
2346 4498 2490 4553 Deus
2516 4509 2577 4551 se
2606 4509 2882 4564 nunquam
2924 4491 3210 4562 cogitasse,
3247 4503 3348 4545 nec
3379 4503 3573 4544 ascen-

317 4579 451 4671 mihi
472 4595 659 4680 civitas
682 4594 806 4663 haec
825 4609 859 4649 a
886 4591 973 4648 die
997 4607 1104 4664 qua
1125 4590 1530 4646 aediﬁcaverunt
1554 4602 1699 4653 eam,
1719 4599 1893 4657 usque
1916 4564 1971 4625 D
1997 4591 2143 4647 disse
2187 4591 2242 4644 in
2271 4603 2368 4643 cor
2403 4599 2560 4642 suum
2604 4599 2724 4652 quae
2750 4581 2824 4636 illi
2859 4580 3057 4636 facturi
3107 4577 3330 4634 fuerint.
3382 4575 3576 4632 Omnia

319 4689 554 4751 addiem
581 4688 769 4754 istam,
823 4702 930 4758 qua
961 4684 1240 4741 auferetur
1267 4683 1336 4738 de
1365 4689 1660 4752 conspectu
1689 4693 1831 4744 meo,
1865 4697 1884 4732 ι

321 4788 376 4839 et
410 4779 619 4838 nullum
654 4777 980 4849 generaliter
1026 4775 1228 4845 absque
1266 4780 1491 4845 peccato
1534 4770 1700 4827 fuisse
1743 4785 1892 4824 mon-

320 4879 626 4952 straverat:
659 4884 804 4927 nunc
845 4884 943 4940 per
981 4875 1163 4938 partes
1201 4872 1504 4931 enumerat,
1551 4870 1605 4918 et
1640 4874 1814 4932 reges,
1843 4866 1900 4914 et

320 4968 614 5042 principes,
643 4976 704 5022 et
718 4964 1051 5028 sacerdotes,
1081 4969 1138 5017 et
1162 4960 1452 5033 prophetas
1477 4971 1688 5021 eorum,
1718 4961 1773 5010 et
1791 4966 1899 5008 uno

325 5069 518 5118 cuncta
544 5070 793 5116 sermone
815 5053 1298 5126 comprehendens,
1327 5071 1344 5102 ι
1371 5049 1494 5116 viri,
1518 5046 1711 5119 inquit,
1734 5044 1898 5110 Juda,

325 5151 748 5216 etqhabitatores
774 5145 1091 5204 Jerusalem.
1127 5164 1145 5196 ι
1173 5141 1433 5207 Pulchre,
1460 5139 1585 5209 quia
1624 5153 1732 5194 non
1764 5135 1902 5191 dixit

328 5258 484 5314 reges
497 5243 607 5309 mei
624 5249 681 5298 et
696 5240 966 5313 principes
987 5235 1113 5300 mei,
1135 5243 1191 5289 et
1215 5232 1522 5288 sacerdotes
1543 5228 1673 5294 mei,
1696 5235 1752 5282 et
1775 5241 1902 5298 pro—

327 5335 645 5410 phemmci,
667 5334 763 5394 sed
779 5332 910 5403 quia
931 5332 1291 5402 peccaverunt
1310 5339 1466 5396 reges
1495 5335 1705 5388 eorum,
1731 5327 1787 5376 et
1810 5333 1902 5374 sa-

331 5429 577 5487 cerdotes
600 5440 816 5489 eorum,
846 5432 903 5480 et
929 5422 1206 5492 prophetae
1231 5432 1439 5475 eorum.

409 5519 517 5586 ιΕι
541 5515 913 5581 verteruntad
951 5529 1038 5569 me
1065 5521 1237 5582 terga,
1272 5517 1326 5564 et
1352 5523 1460 5563 non
1490 5507 1709 5562 facies.»
1740 5505 1904 5561 Juxta

336 5610 471 5680 illud
485 5607 635 5679 quod;
650 5605 784 5670 alibi
811 5604 1070 5673 scriptum
1112 5611 1197 5657 est
1225 5617 1239 5654 :
1268 5618 1287 5652 ι
1320 5599 1390 5654 Ει
1415 5607 1693 5656 verterunt
1716 5603 1906 5653 contra

253 5769 256 5772 Α
336 5718 425 5760 me
445 5700 715 5772 scapulam
744 5697 1084 5754 recedentem
1107 5693 1372 5766 (Zach.vn
1390 5691 1430 5762 ).
1456 5711 1472 5743 ι
1493 5690 1592 5759 Qui
1615 5690 1760 5747 enim
1787 5703 1905 5760 pre-

340 5807 516 5867 catur,
547 5793 804 5859 inclinata
838 5789 1052 5855 cervice
1079 5789 1137 5846 in
1160 5798 1364 5843 terram
1396 5800 1599 5859 pronus
1627 5783 1903 5850 funditur;

2000 4691 2181 4738 autem
2207 4681 2325 4735 haec
2353 4674 2781 4748 Mpmnoaréeuc.

2074 4790 2094 4823 ι
2131 4771 2198 4824 Ει
2230 4783 2372 4823 nunc
2400 4772 2620 4835 propter
2653 4763 2788 4827 ista;
2814 4762 2932 4817 haec
2972 4760 3106 4816 dicit
3146 4758 3408 4814 Dominus
3438 4755 3581 4810 Deus

2009 4883 2028 4916 ι
2065 4862 2230 4920 lsrael
2282 4861 2350 4915 ad
2398 4858 2672 4913 civitatem
2725 4855 2886 4920 hanc,
2937 4853 3006 4908 de
3055 4867 3161 4922 qua
3207 4865 3305 4906 vos
3356 4847 3576 4926 dicitis:
3629 4849 3631 4852 ⁴

2009 4973 2028 5008 ι
2060 4953 2205 5024 quod
2233 4950 2477 5006 tradatur
2503 4948 2557 5002 in
2585 4961 2781 5001 manus
2803 4944 2945 5016 regis
2971 4941 3278 5013 Babylonis,
3303 4939 3358 4995 in
3383 4939 3580 5011 gladio,

2012 5065 2032 5099 ι
2072 5047 2126 5102 in
2165 5045 2328 5109 fame,
2365 5050 2422 5098 et
2454 5049 2625 5112 peste.
2657 5056 2678 5090 ι
2725 5036 2877 5093 Sicut
2915 5034 3258 5106 sperantibus
3300 5031 3577 5098 auxilium,

2006 5146 2060 5193 et
2113 5137 2169 5192 in
2215 5147 2496 5190 murorum
2555 5129 2812 5185 ﬁrmitate
2867 5126 3158 5182 ﬁdentibus
3208 5125 3579 5196 prophetatur,

2007 5227 2149 5302 quod
2186 5222 2548 5282 subvertenda
2571 5222 2643 5277 sit
2659 5217 2979 5284 Jerusalem,
3007 5225 3062 5274 et
3086 5216 3315 5288 populus
3333 5214 3585 5287 jamjam-

2008 5334 2114 5391 que
2138 5315 2453 5387 capiendus,
2482 5320 2538 5369 et
2556 5318 2683 5367 ante
2707 5308 3097 5379 captivitatem,
3119 5305 3316 5379 gladio,
3338 5313 3393 5361 et
3417 5303 3578 5371 fame,

2009 5422 2064 5469 et
2095 5418 2250 5482 peste
2297 5407 2574 5479 periturus
2605 5420 2631 5473 ε,
2652 5402 2732 5458 sic
2775 5399 3219 5472 desperantibus,
3265 5407 3321 5454 et
3366 5403 3584 5469 propter

2009 5499 2414 5558 subversionem
2446 5493 2596 5549 urbis
2630 5490 2831 5546 nullam
2864 5489 3094 5546 salutem
3122 5487 3585 5559 exspectantibus,

2009 5610 2167 5652 suum
2204 5590 2463 5647 auxilium
2503 5585 2826 5657 pollicetur:
2856 5592 2916 5638 ut
2962 5592 3018 5638 et
3067 5581 3391 5639 conﬁdentia
3423 5587 3586 5648 atque
3647 5578 3652 5584 ’

2009 5686 2260 5760 superbia
2307 5685 2513 5756 justam
2561 5677 2905 5742 sententiam,
2961 5685 3016 5732 et
3072 5673 3377 5744 desperatio
3424 5664 3587 5740 atque

2010 5778 2283 5837 humilitas
2320 5775 2416 5834 Dei
2441 5779 2716 5830 mereatur
2743 5767 3018 5826 auxilium.
