4044 6326
267 405 398 464 1061

1134 379 1497 446 EXPOSITIO
1534 376 1760 434 SUPER
1793 370 2157 430 JEREMIAM.
2198 400 2267 412 —
2301 366 2430 424 LIB.
2469 364 2604 421 XIII.
2635 408 2646 418 .

3385 351 3524 416 1062

265 518 530 580 veritatis.
560 514 696 572 Cum
729 517 913 569 autem
949 509 1066 564 haec
1095 504 1276 561 omnia
1319 502 1457 556 facta
1488 498 1708 561 fuerint,
1740 496 1838 550 im-
1867 499 1912 556 Α
1947 512 1966 544 ι
1994 489 2309 565 Ascendens
2349 488 2402 541 in
2443 486 2606 539 altum
2627 523 2641 548 ,
2687 479 2953 549 captivam
2981 476 3133 533 duxit
3159 471 3525 580 captivitatem

265 613 499 688 plebitur
524 607 664 679 quod
698 605 959 675 scriptum
995 607 1078 656 est
1106 613 1120 652 :
1156 617 1173 650 ι
1207 585 1529 652 Convertam
1560 590 1844 660 captivita-

269 685 380 763 tem
415 716 623 766 eorum,
673 698 747 752 ait
782 695 1060 757 Dominus,
1093 711 1112 743 ι
1160 689 1228 744 de
1267 703 1374 758 quo
1418 685 1678 754 scriptum
1718 688 1842 735 est:

1950 562 2122 656 (Psal.
2151 577 2622 652 vau).(Accepit,
2653 575 2787 638 sive,
2821 581 2881 626 ut
2903 569 3196 658 Apostolus
3227 568 3322 632 ait,
3358 562 3532 640 dedit)

1954 677 2095 737 dona
2118 674 2427 732 hominibus
2450 671 2677 743 (Ephes.
2709 683 2762 723 IV
2792 667 2832 733 ).
2865 686 2883 718 ι

277 797 3536 865 _________________._____________—————————

1239 948 1540 1030 LIBEB
1601 936 2046 1022 DECIMUS
2096 933 2569 1017 TERTIUS.

341 1253 402 1308 In
425 1249 697 1322 prioribus
725 1260 854 1317 ergo
878 1240 1161 1300 duodecim
1183 1239 1352 1304 libris,
1373 1254 1448 1297 ea
1473 1253 1597 1307 quae
1629 1253 1659 1291 a
1689 1237 1848 1292 beato
1955 1241 2135 1291 autem
2187 1229 2316 1287 dicit
2351 1246 2364 1282 :
2403 1247 2421 1280 ι
2457 1227 2643 1282 Clama
2688 1229 2755 1282 ad
2794 1240 2901 1292 me,
2931 1235 2991 1281 et
3039 1226 3324 1283 exaudiam
3369 1236 3444 1295 te,
3487 1234 3545 1284 et

275 1340 682 1414 Hieronymoin
713 1336 1101 1409 expositionem
1128 1331 1378 1387 Jeremize
1419 1344 1587 1398 usque
1616 1328 1669 1382 in
1707 1327 1849 1381 hunc

276 1435 454 1492 locum
495 1433 638 1489 edita
675 1438 820 1495 sunt,
846 1443 944 1498 per
977 1424 1182 1494 singula
1224 1423 1341 1477 loca
1373 1421 1633 1490 disposui,
1677 1420 1848 1474 inter-

275 1542 482 1600 ponens
503 1534 558 1580 et
581 1524 809 1578 aliorum
841 1522 1120 1575 doctorum
1159 1514 1474 1578 sententias,
1512 1527 1646 1581 quas
1672 1511 1738 1566 de
1765 1523 1856 1564 eo-

278 1619 396 1674 dem
429 1615 693 1683 Propheta
719 1609 1058 1681 protulerunt
1082 1626 1094 1659 :
1119 1603 1450 1675 singulorum
1474 1602 1694 1658 nontina
1723 1600 1858 1654 emi-

278 1725 382 1764 nus
425 1722 612 1763 eorum
655 1704 855 1774 scripta
904 1701 1206 1757 forinsecus
1247 1700 1530 1758 denotans,
1584 1702 1642 1749 ut
1683 1694 1858 1749 sciret

1958 1323 2287 1382 annuntiaho
2339 1321 2435 1376 tibi
2486 1319 2744 1392 grandia.
2805 1327 2860 1374 et
2905 1318 3062 1376 ﬁrma
3100 1334 3229 1388 quae
3281 1320 3489 1388 nescis,
3518 1335 3542 1372 ι

1958 1414 2193 1472 ostendit
2241 1412 2384 1484 quod
2415 1428 2509 1482 per
2541 1411 2846 1466 elationem
2891 1411 3276 1482 prqphetarum
3317 1420 3378 1466 et
3414 1426 3544 1468 san-

1962 1515 2196 1569 ctorum,
2235 1504 2332 1574 qui
2360 1504 2580 1560 fuerunt
2620 1503 2676 1558 in
2704 1503 2879 1575 plebe.
2912 1504 3176 1562 Domi—nus
3201 1503 3449 1576 placatus
3475 1503 3548 1559 sit

1963 1611 2061 1667 pro
2097 1595 2307 1650 delictis
2349 1594 2524 1665 populi
2561 1613 2574 1647 :
2605 1603 2658 1648 et
2692 1594 3012 1650 rexelaverit
3055 1595 3139 1652 eis
3175 1595 3547 1650 reversionem

1967 1686 2109 1742 illius
2141 1687 2207 1741 ad
2232 1696 2438 1740 terram
2471 1700 2624 1740 suam
2659 1700 2822 1754 :-quac
2854 1695 3035 1744 tamen
3071 1686 3398 1743 netmrsionis
3431 1701 3551 1756 gra-

279 1800 448 1856 lector
471 1812 534 1852 ex
563 1795 801 1859 nomine,
833 1792 962 1864 quid
996 1790 1225 1860 quisque
1263 1786 1510 1848 senserit,
1548 1784 1632 1838 vel
1660 1781 1859 1837 dixerit
1889 1789 1934 1848 Β
1970 1779 2038 1834 tia
2065 1779 2241 1834 adhuc
2263 1776 2471 1833 occulta
2502 1776 2732 1840 latebat,
2774 1777 2907 1848 quia
2937 1777 3172 1833 nondum
3195 1775 3409 1846 prolata
3434 1776 3553 1831 ,Γυθ-

281 1892 334 1946 in
359 1888 715 1958 expositione.
743 1884 1008 1951 Deinceps
1032 1896 1163 1935 vero
1189 1880 1316 1948 quia
1345 1873 1629 1932 memorati
1663 1880 1861 1927 tracta-

285 1983 416 2038 toris
431 1977 747 2048 Hieronymi
769 1973 1182 2045 expositionem,
1209 1970 1261 2025 in
1280 1975 1602 2038 praesentem
1627 1965 1862 2035 prophe-

284 2066 690 2141 tam‘nusquam
721 2065 928 2136 reperi,
977 2061 1343 2118 necessarium
1379 2056 1661 2121 mstimavi,
1702 2061 1762 2108 ut
1795 2053 1864 2107 ab

285 2162 510 2218 aliorum
558 2158 943 2229 prophetarum
991 2149 1418 2222 expositionibus
1474 2158 1822 2215 excerperem
1847 2180 1862 2208 ,

285 2268 404 2323 qua:
437 2252 556 2320 ipse
581 2250 656 2305 de
691 2249 801 2303 .hoc
837 2245 1098 2317 propheta
1138 2241 1348 2296 videtur
1379 2248 1859 2292 commemorasse.

287 2342 424 2400 Sunt
455 2342 599 2400 enim
627 2339 864 2412 plurima
890 2336 1010 2391 loca
1049 2335 1105 2388 in
1142 2330 1399 2394 Jeremia,
1440 2344 1558 2397 quae
1595 2326 1715 2380 aliis
1742 2339 1870 2395 pro-

288 2436 464 2506 phetis
480 2440 613 2492 sunt
649 2431 942 2487 concinna.
985 2424 1328 2483 Undectiam
1369 2423 1436 2479 de
1463 2422 1671 2476 illorum
1691 2434 1867 2486 expu-

290 2527 574 2584 sitientibus
597 2525 755 2582 istius
775 2537 970 2578 sensus
1001 2535 1106 2576 non
1129 2531 1383 2588 paruaex
1418 2522 1571 2584 parte
1587 2510 1872 2579 explican-

290 2629 398 2675 tur.
425 2618 492 2674 Et
515 2618 634 2674 haec
653 2630 746 2672 res
779 2601 913 2670 mihi
945 2624 1162 2681 quoque
1194 2607 1543 2664 occasionem
1578 2601 1783 2663 tribuit,
1815 2606 1876 2653 ut

291 2708 378 2774 ubi
423 2705 693 2776 majorum
737 2705 935 2772 scripta
957 2717 1078 2756 .non
1126 2699 1333 2768 reperi,
1369 2696 1639 2750 .auderem
1686 2706 1872 2746 eorum

291 2815 487 2858 Sensus
535 2797 816 2862 imitando,
867 2793 1104 2864 propriis
1156 2789 1493 2846 sermonibus
1529 2784 1876 2854 propheticus

294 2891 590 2948 lentemias
618 2888 931 2959 explanare,
973 2901 1079 2940 non
1111 2884 1252 2938 meis
1291 2882 1493 2937 viribus
1531 2887 1626 2936 aut
1650 2876 1876 2932 scientia

196 3051 204 3055 ι
294 2979 590 3044 conlidens,
641 2978 738 3036 sed
782 2976 897 3045 eius
929 2976 1122 3047 gratiae
1154 2982 1331 3028 totum
1377 2987 1466 3026 me
1509 2968 1877 3032 committens,

295 3071 383 3144 qui
407 3085 504 3140 per
521 3068 941 3139 Prophetamait
967 3082 982 3119 :
1009 3087 1031 3116 ι
1060 3066 1253 3118 Invoco
1280 3079 1362 3118 me
1388 3065 1442 3117 in
1461 3063 1546 3117 die
1571 3059 1845 3115 tribulatio
1861 3085 1876 3097 -

1969 1878 2072 1925 rat.
2107 1868 2162 1923 Si
2195 1879 2375 1924 autem
2407 1868 2529 1940 quis
2559 1869 2906 1937 quaerendum
2933 1877 3088 1941 putat
3121 1887 3132 1921 :
3162 1868 3436 1940 quomodo
3465 1868 3555 1922 hic

1967 1961 2230 2018 Dominus
2267 1961 2335 2016 ad
2369 1961 2691 2034 prophetam
2727 1960 2879 2015 .dicat
2912 1977 2924 2012 :
2955 1978 2974 2014 ι
3007 1960 3196 2017 .Clama
3235 1961 3310 2016 ad
3352 1976 3460 2026 me,
3501 1967 3557 2016 et

1973 2053 2255 2110 exaudiam
2290 2062 2362 2119 te,
2394 2072 2411 2104 ι
2445 2068 2567 2108 cum
2589 2067 2764 2123 supra
2792 2054 2860 2108 ad
2888 2069 3011 2110 eum
3038 2054 3238 2111 dixerit
3261 2069 3281 2107 4:
3317 2073 3334 2104 ι
3358 2054 3435 2109 Τιι
3456 2069 3556 2108 au.-

1973 2151 2079 2200 tem
2103 2142 2214 2199 noli
2238 2157 2396 2198 orare
2426 2159 2524 2214 pro
2549 2143 2770 2214 populo,
2809 2157 3186 2200 necassumas
3205 2160 3306 2215 pro
3340 2144 3420 2200 eis
3442 2145 3558 2198 lau—

1973 2237 2093 2292 dem
2135 2246 2191 2292 et
2225 2236 2552 2302 orationem,
2593 2235 2720 2305 quia
2749 2250 2856 2290 non
2881 2235 3268 2299 exaudiam'te,
3295 2235 3427 2291 dicit
3453 2236 3559 2291 Do-
3616 2234 3627 2252 "

1973 2331 2153 2388 minus
2205 2345 2221 2384 :
2293 2350 2310 2381 ι
2371 2330 2585 2384 noverit
2637 2328 2791 2398 quod
2855 2328 3118 2387 Dominus
3175 2329 3560 2388 imminentem

1971 2426 2343 2495 captivitatem
2374 2423 2684 2478 Judaeorum
2723 2431 2973 2478 avertene
3009 2421 3273 2489 noluerit,
3313 2423 3408 2478 sed
3447 2437 3561 2477 ma-

1977 2518 2061 2585 gis
2090 2517 2381 2572 secundum
2411 2516 2633 2572 verbum
2660 2531 2814 2569 suum
2848 2529 2968 2572 eam
2997 2515 3264 2584 complere
3289 2515 3558 2578 voluerit;

1977 2609 2072 2668 scd
2113 2623 2236 2664 cum
2269 2609 2474 2678 peccati
2505 2609 2586 2662 sui
2621 2608 2858 2663 debitam
2877 2621 3098 2676 patriam
3131 2608 3364 2678 peiurum
3391 2607 3566 2663 solve-

1977 2710 2125 2765 rent,
2151 2701 2490 2770 postmodum
2516 2700 2881 2755 reversionem
2907 2715 3092 2756 eorum
3117 2715 3229 2756 non
3262 2699 3564 2770 denegave-

1975 2794 2073 2861 nit,
2103 2810 2266 2863 quam
2291 2790 2451 2848 modo
2486 2792 2752 2862 promittit
2781 2806 2838 2847 se
2864 2791 3276 2860 completurum.

2059 2903 2081 2934 ‹
2111 2885 2246 2952 Quin
2271 2885 2390 2942 haec
2417 2885 2548 2942 dicit
2575 2883 2832 2939 Dominus
2867 2883 3013 2938 Deus
3031 2882 3230 2948 lsmel,
3267 2884 3338 2942 .ad
3371 2883 3570 2944 domus

1979 2995 2008 3025 -ι
2033 2976 2189 3032 urbis
2216 2975 2404 3045 hujus,
2449 2975 2515 3030 ad
2547 2975 2742 3030 domos
2767 2974 2916 3043 regis
2946 2971 3080 3030 Iuda
3111 2989 3243 3041 quae
3268 2972 3568 3030 destructa

1983 3078 2194 3133 insunt,
2233 3078 2303 3123 et
2353 3068 2421 3122 ad
2457 3066 2802 3130 munitiones,
2849 3074 2904 3120 et
2949 3065 3016 3120 ad
3057 3065 3300 3134 gladius:
3351 3065 3571 3121 ven-ien-

297 3162 529 3227 nis-tum,
557 3161 784 3230 eripiam
807 3167 860 3216 te
885 3156 1334 3227 etmagniﬁeabis
1361 3169 1444 3208 me
1465 3152 1634 3225 (Psal.
1667 3150 1838 3220 XLIX).
1871 3162 1893 3194 ι
1929 3152 1972 3214 C
1996 3179 2028 3212 ,ι
2065 3160 2220 3225 rium,
2247 3167 2308 3218 ιη
2345 3160 2601 3216 dimicem
2642 3157 3086 3232 “mammam,
3115 3158 3453 3228 ειάηῳιεεωι
3478 3176 3572 3216 eas

301 3253 365 3308 Et
387 3253 521 3308 item
547 3271 559 3306 :
599 3271 616 3302 ι
647 3251 831 3324 Aperi,
855 3248 1055 3318 inquit,
1071 3263 1141 3302 os
1164 3255 1340 3311 tuum,
1363 3255 1418 3300 et
1439 3261 1538 3315 ego
1566 3243 1872 3311 adimplebo

300 3345 426 3400 illud
458 3342 633 3412 (Paul.
662 3341 849 3411 Lxxx).
887 3361 904 3392 ›
939 3339 1040 3406 Qui
1075 3339 1236 3394 etiam
1263 3339 1353 3392 dat
1376 3336 1624 3393 ﬁdelibus
1643 3334 1878 3390 oratori-

302 3442 400 3491 bus
434 3434 546 3489 suis
590 3432 911 3502 sapientiam
959 3430 1263 3492 afﬂuenter,
1297 3436 1351 3482 et
1380 3442 1486 3481 non
1523 3427 1877 3494 improperat,

304 3535 361 3578 ut
383 3523 640 3593 quidquid
684 3523 785 3578 rite
812 3521 1080 3589 prolatum
1124 3517 1304 3581 fuerit,
1352 3515 1419 3569 ad
1461 3516 1723 3568 honorem
1766 3510 1882 3578 ejus

305 3623 472 3674 totum
503 3614 763 3678 redundet
791 3621 846 3666 et
877 3611 1110 3665 laudem.
1144 3609 1200 3662 Si
1238 3622 1343 3675 qua
1363 3621 1494 3660 vero
1517 3606 1696 3658 minus
1725 3611 1888 3659 cauto

306 3717 362 3764 et
385 3708 807 3774 incompetcnter
831 3708 1146 3764 sonuerunt,
1179 3699 1322 3752 illius
1345 3696 1742 3752 examinatione
1767 3709 1888 3762 pur-

309 3805 502 3867 gentur
540 3795 630 3864 qui
669 3794 938 3862 quondam
978 3789 1187 3845 calculo
1223 3803 1290 3842 ex
1328 3788 1447 3856 igne
1474 3801 1570 3855 per
1597 3784 1886 3839 Cherubim

312 3895 586 3957 assumpto
628 3882 1061 3957 purgavitJabia
1114 3879 1406 3957 prophetae.
1461 3876 1540 3930 De
1588 3876 1716 3930 hinc
1763 3889 1890 3929 vero

313 3955 716 4036 consideremus
735 3955 874 4045 quid
903 3975 954 4030 in
982 3971 1249 4041 Propheta
1298 3955 1554 4037 sequatur

846 4085 1074 4144 CAPUT
1124 4081 1362 4139 XXXIII.

317 4203 395 4258 De
439 4202 825 4257 conuersatione
873 4200 1029 4254 .ludre
1078 4206 1124 4250 et
1176 4192 1504 4257 Jerusalem;
1557 4201 1605 4246 et
1645 4191 1710 4245 de
1745 4207 1895 4260 grege

383 4284 683 4328 transeunte
727 4272 797 4325 ad
841 4285 1056 4325 manum
1097 4266 1460 4323 numeratur}:
1491 4263 1554 4318 de
1581 4259 1776 4318 Christi
1818 4259 1898 4314 re-

388 4362 488 4415 gno
508 4354 568 4398 ,ει
592 4342 882 4397 sacerdotio
911 4349 1174 4410 perpetuo.

383 4473 413 4506 -ι
449 4455 516 4508 Et
544 4453 744 4508 factum
777 4461 861 4507 est
895 4451 1117 4506 verbum
1143 4447 1361 4502 Domini
1395 4446 1462 4500 ad
1493 4444 1783 4500 Jeremiam
1813 4457 1897 4498 se-

1993 3271 2021 3302 λ
2055 3252 2405 3308 cadaveribus
2443 3251 2761 3315 hominum,
2815 3265 2949 3319 quos
2990 3250 3242 3319 .pencussi
3292 3251 3345 3304 in
3383 3249 3573 3309 furore

1983 3360 2020 3393 -ι
2057 3358 2181 3400 meo
2199 3354 2265 3398 et
2310 3343 2366 3398 in
2403 3342 2778 3413 indignatione
2815 3355 2932 3397 mea
2968 3359 2979 3393 :
3011 3342 3269 3400 abscondi
3299 3343 3445 3398 enim
3484 3341 3564 3398 fa-

1987 3454 2018 3487 .‹
2048 3435 2191 3490 ciem
2220 3449 2395 3491 meam
2425 3449 2462 3488 :a
2502 3434 2720 3490 civitate
2760 3435 2863 3488 hac
2897 3441 3126 3503 propter
3158 3448 3372 3491 onmem
3413 3435 3572 3490 mali-

1989 3544 2017 3577 .‹
2051 3527 2179 3580 tiam
2215 3540 2425 3580 eorum.
2471 3525 2612 3579 Ecce
2651 3539 2756 3594 ego
2791 3524 3138 3580 .obdueamuei
3178 3525 3492 3582 .cimtricem
3521 3535 3576 3581 et

1989 3633 2018 3666 .‹
2057 3616 2366 3678 sanitatem,
2418 3622 2472 3668 et
2512 3614 2712 3668 curabo
2753 3628 2867 3676 nos,
2893 3621 2951 3668 et.
2987 3612 3240 3669 revelatio
3261 3614 3348 3670 eis
3386 3615 3575 3682 depre-

1989 3723 2018 3758 -.¢
2040 3704 2319 3761 cntionem
2344 3704 2493 3773 pacis
2523 3711 2577 3758 et
2607 3702 2870 3766 veritatis,
2907 3709 2963 3756 et
2990 3708 3303 3756 con-vertam
3351 3716 3574 3757 conver-

1989 3814 2018 3847 ,ι
2046 3796 2255 3851 sionem
2289 3795 2447 3858 Jluda,
2474 3803 2528 3850 et
2556 3793 2964 3851 conversionem
2993 3790 3289 3850 Jerusalem
3319 3811 3332 3845 :
3362 3801 3418 3847 et
3445 3792 3574 3847 aedi-
3603 3800 3606 3802 ‘

1995 3907 2019 3946 ,ι
2048 3887 2230 3942 ﬁcabo
2258 3902 2352 3940 eos
2393 3887 2531 3940 sicut
2549 3901 2587 3939 .a
2614 3884 2878 3955 principio
2898 3925 2911 3950 ,
2941 3892 2995 3938 et
3021 3883 3333 3940 emundabo
3362 3882 3480 3938 illos
3507 3883 3574 3941 ab

1993 3997 2020 4032 Α
2048 3977 2196 4034 omni
2246 3977 2530 4046 iniquitate
2563 3991 2681 4040 sua,
2710 3976 2764 4030 in
2804 3990 2907 4048 qua
2945 3983 3304 4044 peccaverunt
3342 3972 3494 4039 mihi,
3517 3980 3578 4028 et

1993 4086 2021 4119 ν(
2051 4067 2322 4137 propitius
2340 4080 2444 4121 vero
2473 4066 2684 4122 cunctis
2713 4065 3081 4133 iniquitatibus
3112 4079 3334 4128 corium.
3373 4063 3432 4118 in
3459 4063 3576 4131 qui-

1995 4180 2022 4213 4
2055 4161 2156 4216 bus
2175 4160 2521 4229 deliqueth
2562 4159 2692 4212 mihi
2736 4165 2790 4212 et
2836 4163 3157 4226 spreverunt
3195 4169 3284 4210 me
3316 4172 3327 4208 :
3362 4154 3431 4210 Et
3473 4154 3578 4212 erit

1995 4269 2021 4304 Α
2047 4252 2184 4307 .mibi
2213 4251 2274 4304 in
2305 4265 2520 4314 nomen,
2551 4256 2606 4303 et
2635 4249 2688 4302 in
2715 4247 2986 4318 gaudium,
3005 4254 3068 4300 et
3088 4246 3150 4300 in
3175 4245 3418 4310 laudem,
3442 4251 3498 4299 et
3523 4244 3578 4299 in

1999 4363 2023 4396 ι
2050 4343 2477 4399 exsultationem
2519 4341 2726 4396 cunctis
2768 4340 3018 4411 gentibus
3035 4347 3215 4405 terrae,
3243 4352 3365 4407 quae
3399 4335 3610 4391 audio»

1999 4454 2023 4488 ι
2061 4435 2169 4488 rint
2210 4433 2390 4489 omnia
2421 4434 2561 4487 bona
2594 4447 2713 4502 quae
2743 4430 2984 4488 facturus
3017 4444 3137 4486 sum
3179 4429 3292 4495 eis,
3325 4436 3380 4485 et
3417 4442 3582 4498 pave-

327 4563 347 4595 ι
378 4544 574 4607 eundo,
605 4558 733 4597 «cum
778 4540 954 4596 adhuc
983 4539 1197 4592 clausus
1222 4544 1366 4590 esset
1391 4536 1446 4590 in
1471 4536 1610 4589 atrio
1639 4536 1892 4598 carceris,
1922 4509 1976 4569 D
2005 4543 2026 4578 ι
2060 4526 2193 4580 bunt
2215 4532 2270 4578 et
2294 4524 2656 4579 turbabuntur
2683 4525 2736 4576 in
2760 4521 3033 4580 .univet‘SiS
3057 4521 3237 4586 boniﬁ,
3271 4527 3326 4584 et
3351 4519 3408 4574 in
3433 4517 3581 4574 οωιιί

332 4653 350 4685 ι
380 4635 564 4689 dicens
604 4652 615 4686 :
653 4632 786 4686 llaec
833 4631 962 4686 dicit
1010 4629 1268 4682 Dominus
1311 4627 1401 4694 qui
1442 4626 1681 4679 facturus
1717 4634 1802 4679 est
1846 4636 1902 4681 et

329 4744 351 4776 ι
391 4724 721 4780 formatur-us
759 4721 933 4783 illud,
963 4728 1019 4773 et
1057 4725 1364 4787 paraturus,
1415 4716 1673 4772 Dominus
1697 4728 1900 4768 nomen

333 4838 351 4870 ι
387 4816 503 4884 ejus
537 4835 548 4869 :
582 4815 765 4871 Clama
783 4814 861 4870 ,ω
893 4827 979 4866 me
1003 4811 1363 4866 et-exaudiam
1387 4817 1464 4872 te,
1491 4819 1546 4862 et
1574 4807 1904 4863 annuntiabo

333 4929 350 4960 ι
390 4907 484 4965 tibi
514 4906 745 4976 grandia
767 4913 822 4962 et
854 4903 1007 4960 ﬁrma
1041 4918 1160 4970 quae
1179 4901 1378 4957 nescis.
1407 4919 1425 4950 ι
1461 4897 1770 4968 (Manlius)
1805 4897 1904 4951 Su-

328 5015 424 5069 pra
457 5013 586 5068 ergo
616 4997 872 5065 scriptum
901 5002 984 5049 est
1013 4993 1156 5062 quod
1199 4991 1491 5046 Sedechias
1522 5005 1616 5044 rex
1652 4989 1906 5044 clauserit

329 5088 617 5148 Jeremiam
664 5087 716 5142 in
739 5085 889 5143 atrio
915 5083 1179 5145 carceris,
1217 5081 1312 5149 qui
1341 5080 1393 5134 in
1421 5079 1582 5135 domo
1617 5085 1736 5132 erat
1759 5077 1908 5147 regis

260 5240 266 5246 ,
331 5179 488 5244 Iuda,
534 5179 719 5234 dicens
743 5176 794 5231 ei
829 5193 841 5228 :
877 5194 895 5224 ‹
933 5172 1108 5240 Quare
1137 5171 1474 5228 vaticinaris.
1520 5170 1704 5224 dicens
1737 5187 1748 5222 :
1785 5168 1909 5223 Haec

334 5267 799 5326 dicitDominus:
837 5265 974 5320 Ecce
1018 5278 1116 5332 ego
1161 5263 1300 5318 dabo
1343 5261 1616 5315 civitatem
1657 5259 1813 5315 istam
1855 5259 1910 5312 in

335 5373 499 5416 manu
548 5357 689 5426 regis
731 5355 1060 5425 Babylonis?
1094 5373 1111 5403 ι
1164 5361 1219 5407 'et
1250 5351 1455 5419 reliqua
1489 5349 1650 5422 (Sup.
1679 5366 1826 5404 xx-xu
1849 5348 1906 5419 );

337 5446 431 5510 ubi
475 5447 637 5502 etiam
678 5448 1029 5511 comtitutus,
1077 5444 1212 5504 emit
1255 5459 1442 5514 agrum
1487 5457 1518 5496 a
1563 5440 1674 5496 ﬁlio
1728 5440 1912 5496 fratris

339 5537 510 5608 patris
558 5537 639 5592 sui
679 5546 898 5604 septem
945 5536 1120 5599 siclis,
1165 5543 1220 5593 et
1270 5535 1456 5592 decem
1495 5532 1788 5602 argenteis.
1827 5533 1914 5587 -lbi

341 5630 502 5686 etiam
547 5643 689 5682 nunc
719 5625 958 5684 'seoundo
983 5627 1208 5682 verbum
1248 5626 1628 5682 consolationis
1654 5626 1721 5682 rei
1743 5625 1916 5682 datur

343 5718 410 5778 de
438 5718 609 5772 reditu
659 5717 836 5786 populi
868 5718 921 5771 in
951 5727 1162 5772 terram
1191 5717 1383 5781 .lsrael,
1425 5725 1482 5770 et
1523 5715 1914 5770 restauratione

347 5811 497 5866 urbis
530 5808 846 5873 Jerusalem,
897 5817 1060 5866 atoue
1104 5809 1456 5867 aediﬁcatione
1509 5807 1708 5877 templi.
1763 5805 1914 5871 Quod

2005 4635 2028 4670 ,ι
2061 4633 2192 4687 pace
2219 4632 2379 4686 quam
2416 4631 2515 4685 ego
2561 4614 2758 4670 faciam
2789 4616 2901 4670 eis.
2931 4635 2950 4667 ι
2975 4613 3099 4670 .Hoc
3149 4611 3396 4682 prmdicit,
3441 4610 3582 4678 quod

2003 4708 2142 4762 sicut
2167 4707 2540 4777 peccatoribus
2565 4705 2820 4768 vindicta,
2841 4705 2927 4758 ita
2943 4712 3009 4758 eet
3032 4702 3419 4772 pmnitentibus
3445 4715 3583 4768 prae-

2003 4805 2229 4868 paratur
2271 4797 2555 4852 medicina.
2583 4794 2802 4850 lnlocis
2836 4795 2979 4849 enim
3005 4791 3288 4863 inquibus
3320 4805 3418 4860 per
3441 4788 3586 4844 indi-

2003 4889 2315 4959 gnationem
2370 4886 2583 4940 Domini
2628 4887 2919 4955 jacuerant
2963 4872 3232 4939 cadavera
3273 4881 3586 4944 occisorum

2008 4989 2302 5054 prostrata,
2345 4979 2424 5034 ibi
2470 4992 2853 5033 conversorum
2893 4973 3293 5030 terediﬁccntur
3337 4973 3587 5045 taberna-

2009 5071 2149 5136 cula,
2181 5080 2234 5125 et
2263 5071 2523 5126 bonorum
2557 5069 2795 5126 omnium
2818 5065 3294 5129 .ﬁetabundantia,
3313 5070 3588 5133 quatenus

2011 5163 2134 5220 inde
2173 5162 2356 5232 gloria:
2395 5162 2633 5218 nominis
2660 5160 2875 5215 Domini
2917 5159 3113 5227 ubique
3161 5156 3503 5226 prmdicetur,
3535 5163 3590 5211 et

2011 5252 2127 5308 laus
2151 5263 2311 5322 atque
2335 5252 2516 5307 laetitia
2543 5252 2597 5306 in
2627 5249 2892 5304 universis
2906 5247 3154 5318 gentibus
3174 5246 3398 5308 oriatur,
3428 5259 3590 5314 super

2013 5343 2262 5400 omnibus
2302 5342 2475 5406 bonis,
2525 5356 2642 5409 quae
2685 5338 2929 5394 facturus
2973 5345 3056 5392 est
3092 5336 3357 5392 Dominus
3395 5333 3591 5405 populo

2015 5450 2132 5490 suo.
2175 5434 2282 5489 Sed
2334 5434 2459 5488 licet
2487 5435 2599 5487 hcce
2627 5432 2844 5500 quidam
2879 5432 2945 5484 ad
2995 5439 3204 5498 tempus
3250 5425 3590 5481 resolutionis

2016 5527 2346 5594 captivitatis
2377 5523 2682 5580 Chaldaicm
2727 5521 2982 5585 referant,
3003 5519 3206 5576 .ineiius
3239 5526 3426 5574 tamen
3461 5515 3591 5570 mihi

2016 5620 2228 5678 Videtur
2261 5620 2340 5673 .ad
2370 5617 2676 5673 Christiana
2719 5616 2910 5672 referri
2936 5623 3211 5682 .tempora,
3251 5611 3340 5666 ubi
3380 5608 3594 5678 spirita-

2016 5712 2140 5769 liter
2169 5719 2223 5764 et
2248 5709 2514 5763 veraciter
2556 5707 2816 5762 Dominus
2844 5722 2939 5776 per
2969 5705 3214 5775 spiritum
3237 5715 3396 5756 suum
3427 5695 3595 5753 ﬁdeli-

2017 5804 2120 5860 bus
2141 5801 2254 5857 suis
2283 5802 2533 5856 universa
2559 5800 2696 5855 bona
2733 5798 2940 5863 tribuit,
2972 5784 3111 5852 verae
3149 5792 3354 5855 scilicet
3382 5788 3594 5855 sapien-
