4044 6326
423 353 425 355 ’
515 386 652 444 1063

1152 379 1214 435 Β.
1253 378 1506 436 RABANI
1544 379 1763 438 MAURI
1797 377 2119 436 ARCHIEP.
2160 379 2468 438 MOGUN'I‘.
2496 381 2782 442 OPERUM
2818 383 2996 442 PARS
3032 384 3117 441 III.

3623 393 3644 448 i
3657 393 3789 449 064

505 499 592 554 tiae
621 508 678 554 et
696 509 969 552 sacrarum
997 502 1278 560 virtutum,
1313 501 1374 548 ut
1403 495 1547 548 omni
1579 509 1710 565 pace
1745 502 1906 564 atque
1947 509 2076 549 con-
2103 495 2154 554 Α
2185 511 2205 544 ‹
2242 496 2557 562 montuosis,
2601 506 2655 552 et
2696 499 2752 553 in
2799 499 3104 555 civitatibus
3153 503 3562 573 campestribus,
3610 517 3664 563 et
3727 509 3792 562 in

417 572 429 583 ’
501 589 684 644 cordia
730 593 1120 641 convcrsentur
1176 584 1326 639 Unde
1374 587 1489 654 ipsa
1536 585 1752 640 Veritas
1799 587 2077 656 discipulis

502 682 636 745 suis,
686 680 799 734 ait:
835 677 1078 733 r-Pacem
1130 692 1308 733 meam
1361 678 1604 747 relinquo
1648 681 1831 746 vobis,
1887 693 2078 749 pacem

500 787 679 827 meam
708 772 776 826 do
812 770 987 836 vobis,
1029 784 1136 824 non
1161 769 1429 838 quomodo
1477 770 1709 825 mundus
1757 771 1849 826 dat
1891 786 2078 841 pacem

499 878 599 934 ego
643 863 712 917 do
753 860 907 916 vobis
937 859 1130 932 (Joan.
1180 859 1338 932 xiv);
1373 879 1393 913 ι
1427 869 1482 915 et
1517 860 1647 916 item
1678 878 1690 914 :
1721 878 1740 911 ι
1776 860 1938 924 Ecce,
1989 861 2076 915 in-

499 954 632 1025 quit,
673 967 774 1022 ego
807 950 1084 1006 vobiscum
1122 965 1242 1005 sum
1277 951 1530 1006 omnibus
1574 951 1764 1006 diebus
1800 965 1973 1021 usque
2009 950 2078 1006 ad

498 1043 1017 1102 consummationem
1063 1040 1242 1098 saeculi
1281 1040 1510 1113 (Matth.
1567 1041 1800 1112 xxvur).
1833 1060 1851 1092 ι
1906 1040 2078 1096 Caete-

499 1153 618 1193 rum
647 1137 702 1192 in
740 1135 829 1190 illa
855 1133 1161 1190 reversione
1182 1133 1489 1188 Judaeorum
1519 1133 1584 1188 de
1611 1133 1904 1204 Babylone,
1956 1131 2076 1185 fini-

496 1229 644 1284 tima:
667 1235 854 1297 gentes
873 1225 1162 1297 plurimum
1193 1239 1286 1280 eos
1313 1223 1658 1288 infestabant,
1703 1231 1756 1278 et
1785 1223 2077 1293 prohibue-

471 1329 623 1378 srunt
659 1334 726 1375 ne
757 1319 1014 1390 templum
1048 1317 1467 1380 reaediiiearent,
1511 1329 1802 1386 murosque
1837 1315 2074 1370 civitatis

487 1419 880 1468 restaurarent.
909 1409 1108 1466 Postea
1129 1423 1343 1480 quoque
1380 1408 1433 1462 in
1470 1407 1900 1462 Machabaeorum
1939 1415 2074 1461 tem-

495 1505 718 1577 poribus
746 1504 978 1576 plurima
1004 1503 1084 1559 eis
1108 1501 1249 1558 bella
1276 1509 1332 1556 et
1360 1500 1576 1556 labores
1598 1500 1946 1566 accidebant,
1972 1513 2074 1554 nec

491 1607 731 1665 unquam
779 1594 1076 1665 perfectam
1117 1607 1307 1664 pacem
1357 1599 1411 1646 et
1458 1591 1672 1661 plenam
1726 1590 2071 1646 securitatem

494 1687 697 1744 habere
721 1695 973 1758 poterant
995 1686 1166 1742 donec
1185 1701 1284 1756 per
1311 1683 1680 1739 Romanorum
1706 1683 1978 1753 principes
2005 1681 2072 1737 de

491 1787 634 1834 terra
659 1793 756 1834 sua
783 1776 961 1846 ejecti,
989 1791 1088 1847 per
1117 1784 1289 1831 totum
1317 1776 1504 1831 orbem
1538 1773 1765 1842 dispersi
1806 1780 1948 1828 sunt.

565 1888 582 1920 ι
612 1867 739 1923 Haec
790 1868 921 1923 dicit
973 1867 1278 1922 Dominus:
1322 1865 1514 1920 Adhuc
1562 1864 1808 1918 audietur
1853 1863 1907 1917 in
1955 1861 2072 1917 loco

437 1973 448 1984 ·
495 1979 515 2013 ι
547 1961 672 2025 isto,
706 1974 865 2030 quem
894 1972 992 2014 vos
1021 1959 1199 2014 dicitis
1234 1972 1354 2014 esse
1379 1959 1672 2022 desertum,
1707 1971 1770 2013 eo
1798 1953 1939 2024 quod
1967 1971 2074 2010 non
2107 2021 2120 2028 _

495 2071 516 2104 ι
545 2051 616 2107 sit
641 2052 802 2106 homo
828 2064 928 2106 nec
947 2049 1250 2120 jumentum
1279 2050 1333 2103 in
1355 2045 1664 2104 civitatibus
1686 2045 1843 2111 Juda,
1869 2055 1923 2100 et
1943 2045 2074 2102 foris

496 2162 516 2195 ι
551 2141 904 2209 Hierusalem,
931 2157 1051 2213 quae
1088 2140 1339 2196 desolatas
1365 2146 1492 2195 sunt
1529 2140 1734 2208 absque
1757 2138 1996 2202 homine,
2019 2145 2074 2192 et

495 2253 516 2288 α
552 2234 750 2306 absque
774 2235 1098 2299 habitatore,
1119 2242 1173 2287 et
1193 2233 1394 2301 absque
1413 2245 1630 2302 pecore,
1663 2245 1766 2284 vox
1801 2228 1981 2301 gaudii
2020 2235 2076 2283 et

493 2342 516 2378 ο
546 2339 650 2380 vox
673 2324 891 2391 laetitiae,
913 2337 1018 2379 vox
1039 2323 1220 2393 sponsi
1265 2330 1321 2378 et
1353 2337 1457 2376 vox
1500 2336 1729 2392 sponsae,
1761 2335 1864 2374 vox
1893 2319 2074 2373 dicen-

493 2436 512 2470 ι
546 2418 677 2472 tium
696 2434 710 2472 :
732 2415 1076 2473 Confitemini
1090 2415 1316 2470 Domino
1335 2413 1693 2478 exercituum,
1707 2411 1961 2481 quoniam
1982 2408 2074 2463 bo-

493 2528 514 2562 ‹
549 2525 655 2565 nus
696 2509 978 2574 Dominus,
1011 2509 1264 2579 quoniam
1303 2508 1356 2561 in
1389 2515 1649 2561 aeternum
1699 2502 2071 2559 misericordia

378 2583 387 2592 ’
491 2619 514 2653 ‹
554 2601 1073 2672 ejusetportantium
1087 2600 1279 2656 votain
1297 2598 1514 2652 domum
1533 2595 1766 2652 Domini.
1795 2594 2071 2649 Reducam

490 2709 517 2744 4
552 2692 694 2746 enini
717 2691 1124 2746 conversionem
1165 2698 1326 2746 terra:
1361 2689 1501 2743 sicut
1539 2703 1568 2741 a
1608 2685 1894 2756 principio,
1937 2683 2072 2738 dicit

495 2801 514 2834 ι
553 2782 830 2838 Dominus.
861 2801 880 2835 ›
903 2781 980 2837 Ne
1006 2782 1061 2836 in
1084 2781 1513 2852 desperationem
1535 2777 1699 2833 Judaei
1722 2785 1943 2848 propter
1970 2776 2071 2830 mi-

483 2888 584 2929 nas
613 2873 942 2944 captivitatis
969 2871 1246 2936 caderent,
1283 2870 1462 2924 futura
1495 2867 1899 2923 restaurationis
1927 2867 2069 2938 bona

484 2963 563 3019 eis
587 2964 873 3033 promittit,
921 2969 983 3017 ut
1016 2962 1168 3018 locus
1212 2960 1304 3030 qui
1344 2960 1592 3014 desertus
1630 2957 1806 3012 fuerat
1848 2963 2071 3027 propter

487 3053 697 3109 scelera
752 3054 1117 3110 habitatorum
1161 3051 1315 3122 ejus,
1375 3065 1564 3105 rursus
1623 3067 1655 3104 a
1705 3050 1967 3104 correctis
2015 3056 2072 3104 et

486 3143 785 3199 emendatis
831 3142 1118 3207 habitetur,
1149 3150 1208 3196 et
1251 3141 1524 3211 repleatur
1549 3140 1833 3210 pecoribus
1881 3147 1935 3194 et
1977 3139 2066 3209 ju-

486 3234 716 3290 mentis.
760 3233 984 3306 Mystice
1031 3240 1208 3288 autem
1255 3232 1495 3286 Ecclesia
1544 3230 1803 3302 gentium,
1829 3244 1949 3298 quae
1979 3229 2071 3284 de-

486 3327 632 3380 serta
665 3325 843 3381 fuerat
869 3340 901 3379 a
929 3324 1154 3380 Domino
1180 3330 1400 3394 propter
1435 3321 1792 3377 idololatriam
1822 3328 1877 3376 et
1905 3319 2070 3376 scele-

485 3431 606 3475 rum
654 3415 1062 3480 immanitatem,
1095 3430 1282 3470 rursus
1312 3428 1408 3485 per
1430 3412 1630 3468 Christi
1670 3411 1829 3466 fidem
1862 3411 2071 3466 habita-

481 3513 576 3561 tur
600 3525 612 3537 ·
656 3515 710 3562 et
745 3507 984 3577 repletur
1010 3505 1352 3561 multitudine
1389 3505 1723 3560 credentium
1752 3519 1815 3558 ex
1843 3503 2072 3559 diversis

485 3595 813 3652 nationibus.
846 3594 946 3652 Cui
978 3609 1076 3667 per
1108 3595 1301 3650 Isaiam
1337 3595 1532 3650 dicitur
1562 3613 1575 3648 :
1617 3615 1634 3646 ι
1667 3594 1957 3649 Laetabitur
1982 3594 2072 3650 de-

485 3696 634 3744 serta
661 3697 715 3743 et
740 3687 903 3753 invia,
931 3697 986 3744 et
1017 3687 1310 3744 exsultabit
1340 3687 1586 3752 solitudo,
1612 3695 1666 3740 ct
1686 3685 1894 3740 ﬂorebit
1914 3684 2068 3754 quasi

482 3777 658 3833 lilium
694 3795 708 3832 :
743 3779 1050 3849 germinans
1095 3778 1450 3850 geminabit,
1503 3785 1558 3833 et
1587 3776 1878 3833 exsultabit
1926 3777 2071 3830 laeta-

490 3871 674 3928 bunda
703 3871 1155 3944 etglaudansUsa.
1177 3870 1364 3942 xxxv).
1396 3890 1416 3923 ι
1444 3870 1512 3925 Et
1542 3871 1740 3926 iterum
1764 3886 1778 3924 :
1807 3888 1825 3921 ι
1861 3867 2064 3935 Lauda,

485 3963 683 4034 inquit,
731 3963 930 4020 sterilis
965 3978 1083 4034 quae
1131 3977 1240 4017 non
1285 3961 1451 4031 paris,
1501 3962 1727 4018 decanta
1761 3959 1976 4013 laudem
2012 3966 2068 4013 et

480 4055 760 4127 hymnum,
801 4069 918 4124 qua:
964 4070 1072 4110 non
1114 4049 1453 4124 parturiebas
1501 4071 1513 4107 :
1555 4067 1719 4122 quam
1771 4049 1925 4105 multi
1970 4049 2067 4111 ﬁlii

482 4151 726 4216 desertae,
772 4150 946 4221 magis
983 4164 1144 4222 quam
1177 4147 1292 4217 ejus
1319 4163 1439 4217 quae
1487 4147 1721 4201 habebat
1743 4145 1939 4200 virum.
1983 4144 2066 4199 Ad

479 4249 740 4311 punctum
766 4240 821 4295 in
847 4239 1057 4294 modico
1084 4238 1344 4308 dereliqui
1366 4245 1439 4302 te,
1462 4247 1518 4292 et
1544 4239 1598 4293 in
1630 4236 2064 4293 miserationibus

476 4331 690 4400 magnis
719 4329 1058 4401 congregabo
1087 4327 1223 4399 (Ira.
1255 4327 1386 4397 LIV).
1433 4347 1452 4380 ι
1485 4328 1568 4382 Ad
1598 4329 1737 4384 hanc
1774 4343 1905 4399 ergo
1927 4344 2058 4385 con-

481 4420 794 4491 gregabitur
826 4434 987 4476 omne
1028 4433 1194 4490 pecus
1227 4417 1440 4473 Cedar:
1473 4419 1669 4474 arietes
1707 4417 1934 4475 Nabaiot
1959 4419 2062 4474 mi-

2190 603 2211 637 r
2246 586 2551 644 civitatibus
2579 605 2697 660 qvce
2724 591 2792 646 ad
2822 601 3060 646 austrum
3101 601 3225 648 sunt
3249 612 3261 647 :
3287 602 3342 649 et
3368 595 3420 649 in
3449 605 3592 651 terra
3620 598 3791 654 Ben-

2185 693 2206 727 ι
2237 673 2430 744 jamin,
2459 686 2515 733 et
2542 679 2595 733 in
2631 681 2866 745 .circuitu
2897 681 3247 751 Hierusalem,
3275 694 3332 740 et
3368 686 3422 740 in
3453 688 3790 746 civitatibus

2186 785 2207 820 ι
2237 766 2390 833 Juda,
2428 771 2605 826 adhuc
2650 773 2960 827 transibunt
2995 789 3182 845 greges
3223 777 3288 830 ad
3325 793 3541 834 manum
3581 798 3787 837 nume'

2184 876 2206 910 ε
2242 860 2433 928 rantis,
2464 860 2540 916 ait
2567 862 2842 932 Dominus.
2883 883 2902 916 ι
2933 863 3184 920 Pastores
3213 867 3300 922 isti
3340 883 3572 938 quorum
3611 871 3754 928 habi

2180 948 2415 1004 taculum
2458 957 2541 1005 est
2586 951 2641 1005 in
2676 950 2791 1006 loco
2831 951 2922 1022 qui
2951 951 3051 1008 fuit
3077 963 3203 1009 ante
3235 955 3501 1024 desertus,
3532 959 3782 1028 apostoli

2179 1047 2306 1093 sunt
2327 1047 2383 1094 et
2403 1040 2766 1110 evangelistae,
2793 1048 2955 1110 atque
2975 1042 3222 1098 doctores
3245 1043 3382 1100 Novi
3406 1045 3776 1104 Testameuti.

2178 1125 2382 1198 Greges
2409 1144 2539 1186 vero
2568 1131 2897 1202 accubantes
2934 1131 2987 1186 in
3028 1132 3334 1190 civitatibus
3360 1139 3683 1206 montuosis,
3716 1150 3782 1194 et

2177 1220 2233 1274 in
2261 1221 2566 1276 civitatibus
2595 1223 3004 1292 campestribus,
3038 1231 3092 1278 et
3121 1224 3512 1283 in-civitatibus
3536 1245 3660 1300 quae
3697 1233 3779 1288 ad

2177 1319 2418 1365 austrum
2439 1319 2582 1375 sunt,
2605 1310 2860 1367 Ecclesiae
2891 1322 3016 1367 sunt
3038 1314 3104 1369 de
3125 1316 3372 1386 gentibus
3399 1331 3773 1392 congregatae,

2176 1415 2296 1471 quae
2334 1401 2390 1455 in
2432 1401 2662 1456 culmine
2689 1401 2949 1458 virtutum
2992 1405 3313 1473 consistunt,
3345 1416 3400 1463 et
3445 1418 3624 1465 tamen
3661 1413 3776 1466 hu-

2175 1491 2419 1548 militatis
2455 1493 2564 1547 ima
2613 1507 2720 1548 non
2776 1494 3032 1550 deserunt
3067 1514 3080 1550 :
3122 1498 3216 1552 sed
3259 1497 3474 1555 fervore
3524 1499 3776 1570 Spiritus

2175 1585 2374 1651 sancti,
2407 1599 2566 1655 quem
2601 1595 2784 1640 auster
2807 1595 2999 1643 ventus
3027 1588 3312 1659 signiﬁcat,
3343 1591 3579 1646 studium
3602 1593 3774 1648 bonae

2175 1675 2502 1746 operationis
2542 1685 2820 1744 exercent,
2877 1688 2932 1735 et
2977 1679 3280 1737 dilectionis
3325 1682 3448 1753 jura
3496 1686 3773 1743 servando

2176 1775 2382 1835 tenent,
2411 1768 2622 1847 Quibus.
2642 1770 2981 1827 associantur
3005 1787 3193 1844 greges
3215 1788 3335 1846 qua:
3362 1775 3420 1829 in
3445 1783 3588 1830 terra
3613 1775 3770 1832 Ben-

2101 1842 2148 1902 B
2169 1855 2338 1925 jamin
2385 1867 2440 1913 et
2482 1860 2536 1914 in
2581 1842 2807 1916 circuitu
2842 1842 3199 1930 Hierusalem,
3230 1842 3301 1920 *ει
3345 1865 3399 1920 in
3445 1866 3771 1924 civitatibus

2174 1947 2310 2002 .Iuda
2362 1959 2689 2005 versantur:
2718 1951 2842 2022 quia
2885 1952 2950 2008 de
2996 1952 3088 2009 illo
3129 1954 3310 2024 priore
3356 1956 3554 2025 populo
3601 1956 3768 2013 multi

2127 2027 2140 2042 '
2175 2046 2300 2092 sunt
2329 2038 2420 2108 qui
2446 2039 2512 2094 ad
2547 2039 2704 2095 ﬁdem
2733 2040 2936 2097 Christi
2969 2051 3024 2098 et
3051 2043 3117 2097 ad
3147 2045 3327 2100 ovium
3361 2060 3517 2100 suum
3562 2061 3767 2102 nume-

2174 2143 2293 2182 rum
2323 2130 2609 2197 pertinent.
2653 2131 2730 2185 De
2749 2131 2945 2202 quibus
2969 2133 3083 2205 ipse
3115 2134 3190 2189 ait
3219 2152 3233 2189 :
3271 2154 3289 2186 ε
3320 2131 3461 2192 Oves
3485 2152 3621 2192 meae
3659 2153 3768 2194 vo-

2173 2235 2292 2275 cem
2323 2236 2498 2275 meam
2527 2222 2768 2290 audiuut,
2795 2231 2849 2278 et
2876 2239 2974 2297 ego
3008 2241 3274 2298 cognosco
3295 2242 3409 2295 eas,
3436 2237 3488 2284 et
3520 2243 3768 2300 sequun-

2173 2317 2260 2364 tur
2283 2328 2368 2368 me
2398 2312 2576 2383 (Joan.
2617 2313 2695 2386 x).
2727 2334 2746 2368 ι
2778 2313 2845 2369 Hi
2872 2330 3000 2388 ergo
3028 2333 3218 2374 omnes
3239 2334 3425 2390 greges
3449 2322 3769 2378 transibunt

2173 2401 2240 2456 ad
2287 2418 2506 2458 manum
2562 2406 2916 2473 numerantis,
2952 2407 3098 2478 quia,
3141 2407 3299 2478 juxta
3343 2410 3765 2480 dispositionem

2171 2496 2287 2550 veri
2342 2497 2607 2567 pastoris,
2654 2499 2906 2554 mandata
2958 2501 3138 2556 divina
3200 2513 3480 2559 servantes
3521 2505 3717 2561 vivunt
3743 2549 3764 2574 ,

2172 2599 2307 2654 quos
2346 2587 2462 2657 ipse
2492 2586 2546 2641 in
2575 2587 2781 2644 coelein
2810 2604 2976 2660 regno
3020 2590 3295 2657 describit,
3328 2592 3480 2647 'sicut
3513 2593 3592 2650 eis
3620 2611 3761 2665 pro-

2170 2675 2318 2729 misit
2357 2676 2582 2732 dicens:
2619 2697 2638 2729 ‹
2669 2677 2908 2736 Gaudete
2935 2688 2991 2737 et
3032 2681 3324 2749 exsultate,
3365 2682 3492 2753 quia
3533 2688 3762 2742 nomina

2168 2774 2349 2820 vestra
2377 2769 2577 2838 scripta
2605 2777 2730 2824 sunt
2756 2771 2810 2825 in
2847 2771 2986 2827 coelo
3032 2772 3182 2845 (Luc.
3207 2773 3284 2846 x).
3318 2792 3336 2826 ι
3369 2775 3613 2842 Qualiter
3656 2795 3764 2834 au-

2172 2863 2277 2911 tem
2321 2858 2388 2915 de
2419 2858 2618 2916 Judaeis
2660 2870 2714 2917 et
2757 2863 3284 2936 gentibuspgreges
3328 2866 3510 2922 ovium
3546 2867 3760 2926 Christi

2167 2949 2424 3018 existant,
2465 2953 2578 3021 ipse
2619 2961 2845 3010 testatur
2881 2955 2933 3010 in
2978 2955 3287 3027 Evangelio,
3324 2956 3548 3014 dicens:
3579 2979 3598 3012 ‹
3638 2962 3760 3034 Ego

2168 3054 2287 3095 sum
2326 3051 2514 3113 pastor
2551 3045 2744 3111 bonus,
2773 3053 2830 3101 et
2853 3060 3121 3118 cognosco
3142 3061 3313 3114 meas,
3341 3056 3396 3103 et
3419 3062 3758 3121 cognoscunt

2170 3148 2258 3188 me
2295 3150 2447 3191 meae.
2487 3135 2642 3191 Sicut
2664 3137 2813 3193 novit
2831 3152 2928 3199 me
2957 3136 3136 3205 Pater,
3179 3146 3235 3195 et
3259 3154 3359 3210 ego
3389 3155 3622 3211 agnosco
3645 3142 3756 3197 Pa-

2096 3203 2142 3265 C
2173 3235 2311 3282 trem
2337 3246 2350 3283 :
2380 3239 2435 3285 et
2464 3231 2701 3286 animam
2744 3246 2919 3286 meam
2960 3245 3102 3302 pono
3141 3247 3239 3304 pro
3271 3233 3461 3292 ovibus
3488 3235 3623 3290 meis
3650 3253 3664 3289 :
3695 3248 3756 3293 et

2172 3319 2307 3376 alias
2330 3336 2457 3378 oves
2484 3323 2656 3379 habeo
2682 3339 2799 3394 quae
2840 3339 2947 3379 non
2993 3334 3118 3380 sunt
3144 3339 3211 3380 ex
3243 3326 3347 3382 hoc
3372 3327 3520 3395 ovili,
3546 3338 3600 3385 et
3630 3330 3754 3388 illas

2170 3421 2384 3482 oportet
2434 3429 2521 3469 me
2568 3415 2854 3482 adducere,
2882 3423 2938 3472 et
2971 3431 3158 3473 vocem
3202 3433 3378 3474 meam
3407 3420 3660 3476 audient:
3692 3432 3754 3479 et

2169 3507 2264 3562 fiet
2291 3524 2455 3562 unum
2489 3510 2628 3565 ovile
2649 3520 2703 3566 et
2729 3527 2869 3567 unus
2895 3521 3081 3582 pastor
3105 3512 3287 3585 (Joan.
3311 3514 3389 3586 x).

2163 3589 2202 3626 ⁵
2247 3616 2265 3649 ι
2299 3599 2438 3654 Ecce
2478 3601 2593 3656 dies
2633 3603 2871 3669 venient,
2903 3603 3032 3658 dicit
3061 3605 3338 3672 Dominus,
3379 3614 3434 3662 et
3471 3607 3747 3663 suscitabo

2175 3706 2193 3739 ι
2230 3690 2453 3743 verbum
2507 3689 2704 3745 bonum
2768 3692 2908 3764 quod
2957 3692 3166 3749 locutus
3228 3710 3347 3749 sum
3398 3695 3467 3750 ad
3525 3697 3748 3753 domum
3819 3749 3832 3756 -

2177 3797 2195 3830 ι
2231 3779 2394 3835 Israel
2419 3792 2473 3836 et
2496 3782 2561 3835 ad
2582 3783 2798 3838 domum
2824 3783 2979 3839 Juda.
3011 3786 3271 3840 rVerbum
3294 3786 3493 3842 bonum
3522 3789 3667 3858 quod
3687 3805 3747 3845 se

2169 3871 2430 3926 suscitare
2466 3872 2723 3929 Dominus
2759 3873 2915 3940 dixit,
2947 3875 3206 3931 adventus
3235 3883 3320 3932 est
3363 3875 3484 3931 Filii
3512 3877 3608 3934 Dei
3640 3898 3654 3933 :
3687 3887 3745 3933 ut

2169 3962 2260 4030 qui
2294 3961 2347 4016 in
2377 3962 2643 4035 principio
2682 3974 2799 4020 erat
2834 3965 3093 4033 Verbum,
3119 3975 3175 4023 et
3201 3966 3432 4025 Verbum
3455 3978 3575 4025 erat
3600 3973 3742 4042 apud

2168 4055 2432 4123 Deum,et
2456 4058 2596 4113 Deus
2621 4057 2985 4115 eratVerbum
3008 4058 3191 4130 (Joan.
3218 4060 3280 4131 ι),
3329 4061 3444 4133 ipse
3466 4062 3521 4117 in
3553 4065 3740 4120 novis-

2167 4150 2316 4206 simis
2334 4150 2662 4220 temporibus
2687 4149 2922 4206 Verbum
2948 4167 3075 4207 caro
3103 4152 3276 4219 ﬁeret,
3312 4160 3368 4209 et
3395 4155 3665 4211 habitaret
3687 4157 3741 4214 in

2165 4241 2219 4296 in
2247 4241 2424 4296 nobis.
2450 4240 2562 4296 Hoc
2587 4256 2714 4312 ergo
2735 4243 2956 4297 verbum
2993 4243 3120 4298 dum
3157 4244 3484 4314 promissum
3513 4245 3612 4301 fuit
3644 4263 3742 4316 pa-

2163 4329 2413 4385 triarchis
2440 4369 2455 4396 ,
2513 4329 2599 4384 lex
2647 4332 3026 4400 praenuntiavit
3063 4350 3078 4387 :
3131 4333 3558 4390 vaticinaverunt
3605 4352 3738 4405 pro-

2160 4423 2358 4492 phetae,
2388 4430 2442 4477 et
2472 4422 2539 4476 ad
2562 4431 2860 4477 extremum
2889 4423 3182 4492 angelicum
3217 4424 3493 4480 oraculum
3527 4427 3596 4480 ad
3627 4428 3737 4480 vir-

480 4512 788 4576 nistrabunt
832 4511 931 4569 illi.
983 4512 1061 4568 Ibi
1104 4512 1351 4568 audietur
1389 4528 1490 4568 vox
1533 4513 1710 4583 gaudii
1743 4521 1798 4568 et
1825 4527 1929 4566 vox
1963 4513 2058 4568 lae-
2082 4562 2136 4622 Β
2162 4514 2340 4585 ginem
2384 4513 2607 4568 Mariam
2655 4513 2721 4569 de
2767 4513 2934 4584 stirpe
2977 4514 3143 4570 David
3185 4514 3384 4570 editam
3438 4517 3738 4572 testabatur

479 4604 634 4672 titize,
666 4619 787 4661 cum
816 4603 1162 4675 Evangelium
1204 4603 1277 4658 ibi
1319 4603 1595 4670 recitatur,
1633 4613 1688 4659 et
1714 4602 1928 4659 alleluia
1961 4603 2054 4659 lae-

479 4698 712 4754 tabunda
737 4712 868 4755 voce
908 4697 962 4753 in
1009 4696 1252 4753 ecclesiis
1283 4695 1674 4766 frequentatur.
1724 4695 1800 4752 Ibi
1843 4697 2057 4752 auditur

476 4805 578 4847 vox
602 4789 784 4860 sponsi
805 4789 1006 4846 Christi
1023 4797 1078 4844 et
1095 4803 1201 4844 vox
1221 4803 1432 4859 sponsae
1449 4787 1700 4844 Ecclesiae
1719 4806 1732 4842 :
1750 4788 1805 4843 in
1826 4802 2056 4858 quorum

477 4881 883 4952 epithalamium
924 4879 1175 4936 Salomon
1224 4879 1505 4949 descripsit
1543 4877 1767 4934 Cantica
1818 4878 2055 4933 cantico-

476 4989 612 5029 rum.
649 4974 727 5028 Ibi
755 4974 968 5028 auditur
1002 4987 1105 5028 vox
1133 4972 1370 5042 quotidie
1405 4971 1775 5026 confitentium
1802 4970 2050 5037 Domino,

477 5071 533 5118 et
557 5062 886 5133 portantium
917 5071 1041 5118 vota
1070 5063 1125 5117 in
1161 5063 1378 5117 domum
1403 5062 1617 5116 Domini
1643 5075 1658 5115 :
1685 5060 1938 5130 quoniam
1967 5073 2054 5114 re-

478 5153 636 5208 ducet
670 5151 926 5206 Dominus
953 5153 1360 5207 conversionem
1385 5161 1542 5207 terra:
1572 5153 1810 5222 gentium
1853 5150 1993 5205 sicut
2021 5165 2051 5206 a

476 5239 742 5312 principio
769 5256 784 5293 :
813 5248 874 5294 ut
919 5239 1013 5295 fiat
1043 5242 1280 5296 omnium
1313 5243 1367 5296 in
1410 5242 1727 5298 credulitate
1764 5241 1895 5298 ﬁdes
1920 5257 2050 5326 una,

477 5339 532 5386 et
581 5329 636 5385 in
670 5328 1006 5388 confessione
1027 5329 1227 5386 labium
1257 5346 1443 5386 unum.
1473 5331 1550 5386 De
1580 5347 1688 5402 quo
1713 5332 1888 5389 adhuc
1927 5332 2051 5389 sub-

479 5421 624 5476 ditur
651 5439 663 5475 :
938 5427 945 5434 '

554 5532 573 5564 ‹
609 5511 735 5568 Haec
756 5513 886 5568 dicit
930 5515 1186 5570 Dominus
1233 5517 1566 5571 exercituum
1595 5532 1609 5570 :
1637 5515 1824 5571 Adhuc
1859 5515 1965 5570 erit
1990 5513 2047 5570 in

483 5622 503 5656 ι
540 5604 658 5660 loco
702 5605 804 5659 isto
838 5605 1053 5661 deserto
1098 5607 1298 5674 absque
1340 5607 1574 5670 homine,
1620 5613 1674 5659 et
1722 5606 1921 5674 absque
1961 5601 2047 5671 ju-

483 5713 503 5746 ι
537 5703 737 5760 mento,
779 5701 841 5771 et
865 5693 918 5748 in
963 5695 1170 5749 cunctis
1196 5693 1499 5748 civitatibus
1527 5693 1642 5761 ejus
1685 5695 2045 5750 habitaculum

485 5803 504 5835 ι
538 5795 833 5856 pastorum,
869 5795 923 5843 et
963 5783 1335 5841 aceubantium
1382 5801 1602 5855 gregum
1642 5787 1696 5841 in
1744 5787 2046 5844 civitatibus

2162 4604 2312 4677 (Luc.
2349 4604 2429 4675 1):
2462 4605 2566 4658 hoc
2621 4604 2738 4674 ipsa
2784 4605 2935 4675 virgo
2976 4606 3258 4678 concepit,
3303 4606 3456 4678 virgo
3499 4610 3732 4679 peperit,

2157 4694 2309 4765 virgo
2347 4693 2687 4764 permansit:
2719 4693 2844 4764 quia
2881 4693 3050 4750 Deum
3085 4702 3141 4750 et
3177 4695 3447 4752 hominem
3486 4697 3554 4754 ad
3591 4696 3734 4755 salu-

2158 4795 2266 4842 tem
2292 4786 2512 4842 humani
2542 4785 2755 4858 generis
2777 4785 2994 4856 genuit:
3026 4801 3190 4841 unum
3212 4784 3461 4844 videlicet
3487 4788 3654 4843 Deum
3675 4795 3733 4847 et

2155 4877 2443 4934 Dominum
2488 4885 2735 4934 nostrum
2779 4873 2962 4932 Iesum
3005 4877 3296 4935 Christum;
3337 4879 3418 4936 De
3459 4895 3567 4952 quo
3606 4882 3733 4940 sub-

2158 4968 2302 5023 ditur
2328 4986 2342 5022 :
2575 4966 2584 4972 ’
2901 5011 2916 5026 .

2229 5076 2249 5110 ‹
2284 5057 2342 5112 In
2365 5057 2554 5115 diebus
2591 5057 2695 5113 illis
2739 5065 2795 5113 et
2834 5057 2888 5112 in
2928 5067 3167 5127 tempore
3185 5057 3282 5115 illo
3305 5061 3608 5131 germinare
3644 5063 3731 5119 fa-

2161 5163 2180 5196 c
2214 5146 2354 5202 ciam
2384 5147 2552 5202 David
2582 5163 2800 5219 germen
2830 5147 3087 5216 iustitiae:
3117 5157 3171 5203 et
3194 5147 3640 5228 facietOjudicium
3672 5162 3728 5210 et

2157 5256 2178 5290 ί
2207 5236 2471 5308 justitiam
2497 5229 2551 5294 in
2589 5249 2751 5294 terra.
2786 5239 2844 5293 In
2883 5239 3069 5295 diebus
3104 5239 3209 5295 illis
3231 5241 3530 5298 salvabitur
3565 5241 3724 5313 Iuda,

2155 5344 2176 5379 ‹
2213 5336 2270 5382 et
2301 5327 2464 5383 Israel
2508 5327 2770 5383 habitabit
2799 5328 3129 5385 conﬁdenter
3155 5347 3168 5383 :
3198 5330 3384 5386 ethoc
3409 5341 3492 5391 est
3528 5348 3730 5392 nomen

2159 5437 2178 5470 ι
2214 5423 2355 5488 quod
2377 5419 2662 5487 vocabunt,
2685 5435 2807 5474 eum
2838 5420 3093 5476 Dominus
3112 5419 3291 5492 justus
3315 5432 3519 5479 noster.
3550 5444 3571 5478 r
3598 5427 3728 5484 Dies

2153 5508 2285 5564 istos
2311 5510 2685 5578 praenuntiavit
2706 5509 2872 5565 Isaias
2905 5510 3126 5567 dicens:
3153 5531 3172 5564 ‹
3205 5512 3322 5568 Erit
3343 5515 3397 5569 in
3419 5515 3730 5577 novissimis

2153 5603 2339 5658 diebus
2377 5611 2707 5673 praeparatus
2745 5618 2902 5658 mons
2942 5602 3132 5658 domus
3178 5590 3486 5660 Domini'in
3523 5607 3728 5664 vertice

2152 5693 2437 5758 montium,
2462 5701 2516 5748 et
2541 5693 2839 5748 elevabilur
2859 5708 3018 5762 super
3038 5691 3215 5757 colles,
3239 5703 3294 5748 et
3319 5693 3485 5750 liuent
3501 5695 3569 5750 ad
3595 5710 3724 5752 eum

2152 5802 2337 5843 omnes
2367 5794 2570 5858 gentes,
2603 5795 2658 5842 et
2684 5786 2837 5842 ibunt
2873 5785 3057 5857 populi
3099 5786 3253 5842 multi
3281 5796 3337 5843 et
3358 5786 3536 5845 dicent
3563 5807 3578 5844 :
3617 5785 3724 5845 Ve-
