4044 6326
327 388 467 447 1065

1209 382 1569 439 EXPOSITIO
1607 381 1830 438 SUPER
1867 378 2233 434 IEREMIAM.
2276 409 2343 418 —-
2381 379 2510 432 LIB.
2552 377 2683 432 XIII.

3428 374 3570 429 106“)

325 502 458 564 nite,
493 497 842 555 aseendamus
860 494 926 550 ad
956 505 1192 552 montem
1231 497 1441 551 Domini
1483 507 1538 552 et
1576 498 1645 552 ad
1669 495 1885 551 domum
1916 505 1962 563 Α
1995 511 2013 543 ι
2051 507 2180 546 cens
2211 510 2222 544 :
2255 491 2377 546 ll:ec
2421 491 2551 546 dicit
2592 492 2882 545 Dominus:
2915 491 2970 544 Si
3001 491 3212 544 irritum
3246 490 3362 546 ﬁeri
3389 501 3568 562 potest

321 590 418 646 Dei
450 588 650 645 Iacob:
683 596 740 643 et
766 587 978 644 docebit
1020 601 1120 642 nos
1161 587 1276 642 vias
1311 602 1457 652 suas,
1507 595 1562 643 et
1597 585 1896 640 ambulabi-

321 696 443 736 mus
467 680 520 736 in
545 679 752 735 semitis
778 678 893 748 ejus
918 719 933 744 ,
960 677 1084 747 quia
1111 679 1177 732 de
1203 676 1332 732 Sion
1357 678 1524 732 exibit
1562 677 1668 741 lex,
1695 683 1750 730 et
1775 690 1895 730 ver-

321 771 450 826 bum
492 768 702 825 Domini
741 769 808 823 de
849 767 1145 824 Jerusalem
1177 767 1314 836 (ιω.
1359 767 1444 838 ιι).
1494 787 1512 818 ι
1573 766 1727 822 Facit
1766 779 1894 836 ergo

321 859 581 914 Dominus
605 859 908 932 germinare
947 854 1125 913 David'
1150 873 1368 928 germen
1390 857 1635 928 justitiae,
1659 858 1762 912 hoc
1787 865 1890 924 est,

321 949 598 1005 Christum
645 948 712 1004 de
748 948 865 1020 ejus
904 947 1160 1018 progenie
1203 949 1546 1016 descendere,
1595 948 1686 1018 qui
1733 946 1896 1004 faciet

296 1038 576 1109 judicium
622 1047 677 1094 et
710 1038 982 1108 justitiam
1019 1039 1075 1093 in
1113 1048 1281 1105 terra,
1306 1040 1432 1109 quia
1453 1039 1609 1108 juxta
1638 1039 1830 1095 Isaiam
1873 1056 1890 1096 :

317 1131 534 1187 Iustitia
561 1130 664 1187 erit
689 1131 959 1202 cingulum
988 1130 1291 1188 lumborum
1335 1131 1470 1200 eius,
1509 1141 1566 1188 et
1611 1132 1744 1188 ﬁdes
1778 1134 1896 1189 cin-

319 1221 549 1276 ctorium
580 1236 768 1276 renum
807 1221 921 1290 ejus
947 1221 1080 1293 (lsa.
1109 1222 1169 1294 ι).
1199 1242 1218 1275 ι
1249 1222 1317 1277 Et
1339 1223 1392 1277 in
1421 1222 1611 1278 diebus
1645 1223 1750 1279 illis
1781 1223 1892 1280 sal-

316 1314 531 1368 vabitur
552 1312 708 1369 Iuda.
743 1333 763 1366 ι
797 1313 909 1370 Hoc
940 1324 1043 1382 est,
1070 1313 1294 1384 apostoli
1321 1324 1373 1370 et
1410 1314 1680 1384 primitiva
1712 1315 1767 1368 in
1797 1313 1894 1369 Iu-

318 1403 432 1458 dzea
469 1404 732 1460 Ecclesia.
763 1423 781 1456 ι
815 1403 1001 1470 Israel,
1049 1425 1066 1456 ι
1103 1405 1206 1460 hoc
1251 1414 1357 1470 est,
1405 1403 1632 1475 populus
1678 1405 1744 1460 de
1784 1405 1894 1461 ele-

317 1493 494 1548 ctione
539 1494 778 1564 gentium
819 1503 1144 1550 convocatus
1179 1512 1194 1548 :
1249 1513 1270 1547 ι
1311 1495 1576 1550 habitabit
1631 1513 1649 1546 ι
1687 1494 1742 1549 in
1787 1493 1892 1548 ﬁde

315 1581 516 1638 Christi
550 1592 604 1638 et
626 1597 753 1638 vera
788 1584 1043 1656 religione
1067 1602 1086 1636 ι
1123 1583 1473 1640 conﬁdenter.
1507 1603 1527 1635 ι
1561 1583 1638 1639 De
1657 1598 1763 1653 quo
1788 1582 1891 1638 sub

317 1679 442 1741 typo
471 1671 749 1742 Benjamin
783 1674 994 1746 Moyses
1017 1674 1355 1746 prophetavit
1379 1675 1564 1730 dicens
1591 1715 1606 1728 .
1643 1692 1662 1726 ι
1690 1674 1890 1728 Aman-

314 1761 554 1818 tissimus
589 1763 799 1819 Domini
826 1765 1094 1820 habitabit
1143 1765 1197 1819 in
1235 1779 1302 1821 eo
1340 1765 1688 1830 conﬁdenter,
1731 1765 1887 1835 quasi

2003 599 2022 634 ι
2057 591 2272 651 pactum
2298 597 2474 636 meum
2509 597 2631 636 cum
2657 581 2764 644 die,
2792 589 2844 634 et
2878 591 3090 650 pactum
3114 597 3291 637 meum
3319 597 3441 638 cum
3466 599 3564 641 no-

2000 694 2020 729 ι
2057 686 2159 741 cte,
2186 684 2246 730 ut
2285 693 2388 731 non
2415 676 2620 731 sitdies
2645 683 2698 730 et
2729 691 2856 740 nox,
2885 675 2936 729 in
2961 685 3200 744 tempore
3236 691 3369 731 suo:
3393 685 3450 732 et
3470 692 3567 747 pa-

2000 784 2019 816 ι
2055 773 2201 822 ctum
2223 781 2400 820 meum
2425 765 2637 820 irritum
2664 781 2783 820 esse
2809 766 3005 835 poterit
3033 782 3156 820 cum
3199 766 3366 822 David
3407 783 3566 824 servo

2001 873 2021 908 ι
2053 871 2194 922 meo,
2236 865 2295 910 ut
2325 856 2528 911 non‘sit
2563 869 2629 910 ex
2669 871 2734 910 eo
2774 855 2912 909 ﬁlius
2937 855 3026 925 qui
3054 864 3240 927 regnet
3271 856 3326 911 in
3371 858 3568 914 throno

1999 964 2018 997 ι
2051 945 2188 1014 ejus,
2213 955 2268 1000 et
2291 945 2484 1010 levitaz,
2509 955 2564 1000 et
2586 946 2894 1000 sacerdotes
2915 945 3145 1000 ministri
3181 945 3307 1000 mei.
3348 965 3365 998 ι
3396 943 3569 1016 Supe-

1995 1037 2108 1092 rius
2137 1037 2352 1092 dixerat
2374 1036 2440 1092 de
2466 1036 2592 1092 solis
2626 1035 2916 1100 creatione,
2941 1035 3078 1090 Iunze
3105 1045 3160 1090 et
3186 1036 3484 1103 stellarum,
3512 1047 3568 1092 et

1993 1141 2154 1182 cursu
2177 1142 2384 1192 earum,
2412 1135 2472 1181 ut
2509 1125 2654 1198 leges
2677 1125 2798 1192 illae,
2825 1127 2939 1182 sive
2965 1135 3186 1191 statuta,
3226 1108 3424 1182 muniri
3461 1143 3569 1183 non

1991 1218 2237 1288 possint:
2268 1231 2410 1273 nunc
2437 1216 2598 1272 simili
2626 1216 2786 1272 modo
2818 1226 3034 1286 pactum
3068 1217 3169 1270 diei
3203 1226 3257 1271 et
3283 1218 3454 1272 noctis
3496 1219 3572 1272 ir-

1993 1307 2154 1363 ritum
2183 1307 2298 1363 ﬁeri
2328 1321 2432 1363 non
2455 1321 2631 1378 posse,
2667 1314 2724 1364 et
2747 1321 2922 1376 neque
2955 1316 3166 1374 pactum
3207 1305 3414 1361 Domini
3441 1323 3566 1362 cum

1993 1399 2161 1456 David
2188 1413 2346 1454 servo
2373 1414 2472 1454 suo
2497 1398 2707 1454 irritum
2738 1397 2855 1453 ﬁeri
2885 1412 3042 1468 posse
3074 1405 3301 1451 testatur
3329 1415 3342 1450 :
3379 1405 3568 1452 utnon

1989 1489 2147 1544 sitex
2175 1502 2240 1544 eo
2270 1488 2428 1554 titius,
2461 1488 2551 1558 qui
2583 1495 2768 1558 regnet
2796 1487 2849 1541 in
2873 1488 3066 1542 throno
3109 1486 3244 1556 ejus,
3284 1497 3339 1542 et
3372 1487 3567 1551 levitae,

1990 1592 2046 1638 et
2069 1582 2380 1639 sacerdotes
2401 1581 2635 1637 ministri
2671 1581 2902 1646 Domini,
2930 1581 3071 1650 quod
3107 1580 3224 1635 lucc
3249 1580 3449 1636 clarius
3473 1597 3568 1636 ex-

1989 1681 2116 1738 stat,
2145 1673 2270 1744 quia
2316 1672 2469 1728 ﬁnito
2495 1671 2799 1728 sacerdotio
2827 1672 3005 1741 legali,
3031 1671 3226 1728 Christi
3269 1686 3488 1742 regnum
3513 1681 3569 1730 et

1989 1767 2346 1822 sacerdotium
2406 1765 2788 1836 perpetualitcr
2834 1765 2906 1820 sit
2957 1781 3290 1822 mansurum.
3338 1764 3415 1823 De
3458 1781 3566 1837 quo

316 1852 369 1906 in
418 1850 654 1909 thalamo
701 1862 812 1910 tota
870 1854 959 1910 die
1000 1855 1318 1920 morabitur,
1363 1861 1420 1911 et
1464 1855 1606 1909 inter
1635 1855 1889 1910 humeros
1920 1852 1964 1912 Β
1990 1856 2167 1911 adhuc
2195 1855 2480 1911 subditur:

314 1941 456 1997 illius
482 1945 774 2015 requiescet
804 1945 978 2016 (Deut.
1005 1945 1217 2017 χχχιιι),
1249 1965 1268 1998 ι
1287 1945 1413 2016 quia
1432 1945 1669 2000 Ecclesia
1693 1959 1890 2016 sponsa

315 2036 380 2090 ad
426 2037 618 2106 Sponsi
667 2038 866 2094 Christi
907 2038 1186 2108 pertinens
1222 2038 1592 2094 consortium:
1621 2053 1763 2092 nunc
1791 2037 1890 2093 sub

315 2128 645 2195 protectione
669 2127 786 2198 ejus
813 2129 1010 2199 gaudet
1047 2129 1102 2183 in
1144 2143 1259 2199 spe,
1287 2129 1340 2183 in
1385 2127 1566 2183 futura
1595 2138 1772 2182 autem
1806 2142 1890 2182 re-

316 2218 556 2286 quiescet
600 2219 948 2275 beatitudine.
997 2239 1014 2270 c
1058 2219 1127 2273 Et
1159 2218 1261 2274 hoc
1303 2226 1406 2285 est,
1454 2218 1648 2287 inquit,
1694 2232 1887 2272 nomen

315 2308 456 2376 quod
507 2309 772 2364 vocabunt
817 2325 939 2365 eum
989 2309 1248 2365 Dominus
1281 2307 1460 2376 justus
1506 2315 1710 2364 uoster.
1759 2325 1777 2359 ι
1814 2307 1889 2362 De

311 2399 418 2467 quo
445 2399 581 2454 alius
610 2400 867 2470 propheta
907 2400 1021 2454 ait:
1053 2417 1069 2451 ι
1104 2399 1170 2453 Et
1217 2398 1486 2453 vocabunt
1534 2411 1728 2452 nomen
1773 2396 1888 2467 ejus

315 2487 647 2555 Emmanuel,
670 2490 772 2544 hoc
800 2500 897 2552 est,
922 2490 1199 2546 nobiscum
1225 2489 1365 2544 Deus
1395 2488 1529 2559 (lsa.
1558 2486 1678 2557 vn),
1717 2507 1734 2538 ι
1760 2489 1886 2558 quia

316 2577 547 2635 Verbum
582 2595 709 2634 caro
737 2579 934 2634 factum
961 2589 1053 2656 est
1077 2587 1131 2634 et
1150 2578 1408 2636 habitavit
1433 2577 1486 2632 in
1515 2577 1693 2632 nobis.
1723 2596 1742 2629 ι
1771 2576 1888 2647 Ipse

312 2679 398 2724 est
416 2670 674 2726 Dominus
695 2669 875 2738 justus
902 2678 1102 2736 noster,
1138 2687 1157 2720 ι
1190 2669 1314 2742 quia
1336 2669 1515 2739 justus
1555 2667 1813 2723 Dominus
1835 2673 1890 2720 et

311 2758 568 2829 justitiam
598 2760 794 2831 diligit,
836 2761 1141 2830 aequitatem
1184 2760 1319 2815 vidit
1343 2759 1521 2814 vultus
1545 2757 1680 2827 ejus.
1709 2757 1886 2827 Depo-

311 2851 420 2904 suit
443 2859 688 2919 potentes
709 2850 772 2906 de
797 2853 942 2917 sede,
975 2861 1030 2906 et
1055 2850 1312 2906 exaltavit
1354 2849 1584 2904 humiles
1607 2865 1623 2902 :
1646 2847 1888 2904 esurien-

312 2949 392 2997 tes
434 2941 674 3012 implevit
713 2942 888 3003 bonis.
933 2951 988 2996 et
1028 2941 1218 2998 divites
1254 2942 1456 2997 dimisit
1488 2942 1679 2996 inanes
1709 2937 1882 3012 (Psal.

312 3031 365 3102 χ)
397 3051 441 3086 ι.
465 3032 584 3102 Ipse
607 3032 750 3088 enim
773 3041 1030 3088 venturus
1052 3041 1137 3090 est
1165 3033 1217 3087 in
1246 3033 1412 3102 gloria
1441 3031 1616 3088 Patris
1651 3031 1733 3085 sui
1761 3044 1887 3085 cum

310 3122 512 3195 angelis
567 3124 713 3191 suis,
762 3133 815 3177 et
864 3131 988 3177 tunc
1035 3121 1223 3178 reddet
1264 3122 1550 3192 unicuique
1590 3120 1884 3177 secundum

310 3227 472 3283 opera
503 3229 618 3269 sua.

386 3321 403 3354 ‹
441 3303 575 3371 Quia
616 3305 731 3360 haec
756 3305 886 3360 dicit
929 3303 1224 3360 Dominus:
1257 3304 1374 3360 Non
1412 3304 1654 3360 interibit
1682 3303 1747 3358 de
1775 3304 1883 3358 Da-

315 3409 336 3442 ‹
374 3392 461 3448 vid
506 3393 588 3446 vir
617 3394 707 3462 qui
752 3395 938 3449 sedeat
965 3408 1124 3464 super
1155 3394 1406 3450 thronum
1447 3395 1638 3449 domus
1678 3392 1881 3449 Israel:

317 3499 336 3531 ι
371 3481 520 3536 etde
548 3482 936 3549 sacerdotibus,
965 3491 1019 3537 et
1053 3483 1119 3537 de
1166 3483 1341 3537 levitis
1384 3499 1488 3537 non
1538 3482 1779 3536 interibit
1807 3483 1889 3536 vir

318 3591 335 3622 ι
373 3587 402 3625 a
431 3571 569 3626 facie
596 3586 740 3636 mea,
771 3573 861 3643 qui
889 3572 1078 3626 oﬁ‘erat
1106 3572 1588 3637 bolocaustomata,
1622 3580 1676 3626 et
1709 3572 1904 3634 inccn-.

320 3679 339 3712 ι
376 3663 466 3717 dat
488 3663 834 3728 sacrificium,
855 3672 908 3717 et
929 3664 1098 3717 caedat
1125 3664 1370 3720 victimas
1391 3664 1598 3718 cunctis
1625 3663 1831 3718 diebus.
1866 3684 1884 3715 ι

315 3750 427 3807 lloc
449 3752 830 3821 testimonium,
860 3753 984 3822 quia
1012 3765 1169 3808 nemo
1195 3754 1262 3808 ad
1288 3769 1509 3823 regnum
1541 3753 1748 3809 Iudaici
1793 3770 1889 3824 po-

315 3841 442 3912 puli,
477 3843 562 3898 vel
604 3844 672 3898 ad
717 3844 1074 3900 sacerdotium
1099 3829 1310 3898 Veteris
1351 3842 1703 3909 Testamenti,
1731 3853 1780 3898 et
1825 3845 1892 3899 ad

314 3933 665 3989 cazremonias
692 3933 883 4004 prisca:
926 3932 1058 4004 legis
1077 3932 1181 3988 rite
1208 3943 1395 4004 aptare
1443 3942 1638 4004 potest,
1673 3949 1892 3990 necesse

314 4031 397 4079 est
425 4030 483 4077 ut
509 4031 679 4078 totum
708 4023 776 4077 ad
815 4037 1037 4094 regnum
1062 4021 1264 4078 Christi
1303 4032 1356 4079 et
1383 4024 1742 4079 sacerdotium
1777 4024 1894 4094 ejus

315 4122 368 4168 et
403 4113 601 4168 cultum
645 4112 778 4167 Novi
826 4113 1155 4169 Testamenti
1207 4113 1561 4171 transferatur
1591 4134 1604 4169 :
1636 4116 1702 4170 de
1740 4115 1894 4186 cujus

317 4205 467 4278 regni
518 4205 756 4276 potentia
794 4205 973 4261 divina
1020 4222 1122 4261 vox
1155 4207 1209 4262 in
1241 4207 1457 4278 psalmis
1481 4209 1556 4263 ait
1587 4227 1598 4262 :
1634 4230 1651 4260 ι
1688 4208 1890 4264 Ponam

317 4298 368 4351 in
396 4298 644 4353 saeculum
681 4297 859 4352 saeculi
897 4299 1077 4353 sedem
1113 4297 1247 4367 ejus,
1279 4307 1334 4354 et
1364 4300 1616 4356 thronum
1655 4298 1792 4368 ejus,
1823 4301 1895 4355 si-

2067 1971 2087 2004 ι
2123 1951 2293 2008 Sicuti
2321 1950 2592 2007 numerari
2623 1965 2729 2008 non
2758 1957 2984 2021 possunt
3011 1948 3178 2008 stellae
3198 1948 3342 2015 coali,
3367 1958 3422 2006 et
3448 1964 3564 2004 mc-

1995 2062 2014 2096 ‹
2052 2043 2141 2099 tiri
2196 2058 2374 2099 arenae
2420 2043 2605 2107 maris,
2637 2043 2716 2098 sic
2760 2041 3128 2112 multiplicabo
3173 2055 3355 2097 semen
3396 2042 3566 2097 David

1996 2153 2015 2184 ι
2053 2134 2196 2189 servi
2221 2133 2350 2198 mei,
2380 2141 2436 2188 et
2462 2131 2650 2187 levitas
2691 2132 2970 2187 ministros
3009 2146 3176 2194 meos.
3213 2149 3232 2182 ι
3264 2131 3482 2202 Legitur
3511 2132 3568 2186 in

1989 2221 2184 2279 Genesi
2246 2221 2409 2294 (Cen.
2481 2223 2642 2294 xvi),
2704 2222 2847 2293 quod
2910 2221 3170 2277 Dominus
3241 2223 3567 2290 promiserat

1988 2313 2217 2369 Ahraha:
2245 2327 2427 2368 semen
2452 2312 2570 2383 ejus
2598 2327 2658 2368 se
2686 2311 3160 2382 multiplicaturum
3210 2311 3349 2366 sicut
3384 2312 3571 2368 stellas

1989 2403 2132 2469 coeli,
2163 2411 2216 2459 et
2238 2401 2620 2458 velutarenam
2651 2409 2878 2470 quaeest
2905 2401 2958 2456 in
2983 2400 3165 2454 littore
3189 2400 3354 2456 maris
3379 2417 3391 2453 :
3423 2401 3566 2468 quod

1989 2493 2177 2564 procul
2223 2493 2387 2548 dubio
2417 2501 2632 2547 constat
2671 2506 2853 2546 semen
2884 2489 3000 2561 ejus
3028 2489 3266 2561 spiritale
3312 2490 3571 2560 multipli-

1989 2585 2220 2639 candum
2266 2597 2386 2638 esse
2431 2583 2485 2637 in
2531 2581 2771 2638 Ecclesia
2825 2581 3029 2650 absque
3070 2594 3318 2646 numero,
3359 2588 3416 2635 et
3451 2577 3568 2650 ejus

1987 2689 2252 2729 summam
2283 2673 2381 2729 soli
2410 2672 2520 2728 Deo
2546 2671 2814 2742 cognitam
2837 2683 2976 2738 esse,
3018 2669 3108 2740 qui
3137 2677 3388 2726 numerat
3429 2669 3569 2723 mul-

1989 2764 2269 2820 titudinem
2319 2763 2618 2829 stellarum,
2640 2770 2698 2818 et
2725 2761 2974 2817 omnibus
3001 2760 3080 2816 eis
3125 2760 3342 2824 nomina
3371 2769 3568 2816 vocat:

1988 2857 2142 2928 cujus
2169 2871 2392 2928 regnum
2419 2871 2524 2912 non
2547 2855 2652 2911 erit
2671 2853 2814 2920 ﬁnis,
2837 2861 2892 2908 et
2912 2852 3142 2909 ministri
3169 2861 3493 2924 permanent
3511 2852 3567 2907 in

1989 2947 2264 3004 saeculum.

2005 3092 2013 3098 .
2064 3058 2082 3090 ι
2116 3039 2184 3094 Et
2211 3037 2409 3094 factum
2437 3045 2522 3092 est
2546 3037 2767 3092 verbum
2811 3036 3019 3091 Domini
3049 3035 3116 3089 ad
3143 3032 3454 3098 Icremiam,
3486 3033 3568 3087 di-

1993 3146 2013 3179 ι
2047 3141 2212 3183 cens:
2246 3125 2498 3198 Nunquid
2527 3141 2632 3182 non
2657 3125 2832 3180 vidisti
2862 3125 3003 3194 quod
3038 3123 3264 3195 populus
3305 3123 3394 3179 bic
3421 3123 3570 3178 locu-

1914 3204 1958 3267 C
1997 3238 2015 3272 ι
2054 3227 2141 3275 tus
2167 3219 2241 3274 sit
2265 3219 2452 3275 dicens
2477 3236 2489 3272 :
2515 3217 2644 3272 Dua:
2668 3216 3015 3287 cognationes
3033 3230 3168 3286 quas
3192 3213 3430 3284 elegerat
3459 3213 3570 3268 Do-

1991 3327 2012 3362 ι
2048 3309 2227 3365 minus
2254 3308 2477 3380 abjccta:
2527 3313 2673 3371 sunt,
2715 3314 2771 3360 et
2813 3303 3067 3376 populum
3111 3318 3292 3358 meum
3316 3302 3572 3372 despexe-

1995 3420 2013 3454 ι
2054 3409 2199 3466 runt,
2226 3413 2292 3455 eo
2319 3399 2462 3470 quod
2489 3413 2596 3452 non
2617 3396 2709 3452 .sit
2743 3395 2879 3450 ultra
2925 3409 3058 3464 gens
3085 3407 3270 3448 coram
3312 3391 3411 3446 eis.
3443 3389 3571 3446 Haec

1995 3509 2014 3542 ι
2049 3491 2179 3545 dicit
2223 3488 2523 3544 Dominus:
2560 3484 2617 3540 Si
2656 3494 2872 3555 pactum
2921 3499 3098 3540 meum
3147 3483 3288 3537 inter
3328 3482 3468 3536 diem
3515 3491 3574 3536 et

1995 3597 2013 3629 ι
2050 3586 2285 3642 noctem,
2312 3585 2367 3631 ct
2386 3576 2531 3644 leges
2557 3573 2677 3630 coeli
2707 3581 2764 3628 et
2791 3582 2947 3629 terrm
2975 3588 3080 3626 non
3111 3571 3287 3641 posui,
3316 3571 3569 3640 equidem

1998 3687 2017 3720 ι
2055 3678 2111 3724 et
2135 3683 2318 3724 semen
2343 3666 2506 3722 Iacob
2531 3664 2700 3720 David
2739 3663 2879 3720 servi
2919 3663 3023 3718 mei
3045 3662 3346 3734 projiciam,
3371 3669 3432 3722 ut
3457 3677 3575 3737 non,

1997 3778 2015 3810 ι
2055 3773 2325 3814 assumam
2352 3757 2418 3811 de
2443 3755 2646 3811 semine
2678 3755 2794 3825 ejus
2830 3753 3100 3826 principes
3136 3751 3358 3807 seminis
3393 3750 3571 3805 Abra-

1999 3871 2016 3904 ι
2054 3853 2200 3916 ham,
2231 3859 2285 3905 et
2321 3850 2495 3914 Isaac,
2529 3857 2584 3904 et
2617 3846 2824 3903 Iacob:
2858 3845 3109 3901 reducam
3154 3844 3296 3899 enim
3342 3857 3570 3898 conver-

1997 3963 2015 3996 ι
2056 3943 2260 3999 sionem
2290 3955 2498 4006 eorum,
2531 3948 2586 3994 et
2609 3939 2906 3993 miserebor
2938 3936 3036 3992 eis.
3073 3953 3092 3986 ι
3119 3932 3313 3989 Veraci
3355 3931 3574 3988 ratioci-

1992 4038 2209 4092 natione
2249 4042 2303 4090 ct
2350 4049 2587 4102 congrua
2634 4029 2981 4086 similitudine
3030 4026 3293 4096 loquelam
3337 4024 3574 4080 hostium

1993 4129 2363 4186 insultantium
2394 4125 2592 4197 populo
2615 4122 2710 4178 Dei
2747 4120 3048 4188 confundit,
3096 4117 3222 4189 quia
3249 4117 3387 4172 sicut
3428 4115 3575 4192 leges

1991 4221 2117 4278 ραιιί
2141 4230 2196 4276 ct
2221 4229 2399 4284 terrae,
2433 4217 2537 4273 diei
2565 4225 2621 4270 et
2662 4214 2839 4270 noctis
2867 4213 2918 4267 in
2947 4211 3135 4269 ordine
3163 4209 3262 4265 sibi
3292 4207 3574 4278 disposito,

1992 4322 2048 4370 et
2084 4327 2229 4368 nunc
2266 4309 2555 4366 fusibilitcr
2577 4307 2874 4380 persistunt
2902 4324 2915 4361 :
2949 4306 3030 4360 sic
3055 4313 3110 4359 et
3136 4301 3422 4374 promissio
3451 4300 3572 4364 Dei,

316 4395 408 4441 cut
437 4387 550 4443 dies
589 4388 709 4443 caeli
736 4385 910 4458 (Psal.
946 4389 1227 4460 cxxxvm).
1260 4409 1278 4440 ι
1311 4390 1386 4444 De
1428 4392 1728 4448 sacerdotio
1766 4407 1895 4448 vero
1991 4421 2114 4476 qua;
2145 4407 2212 4459 ad
2242 4413 2425 4475 patres
2471 4402 2612 4456 facta
2643 4407 2727 4456 est
2767 4398 2835 4454 de
2879 4398 3083 4453 semine
3128 4409 3312 4454 eorum
3356 4392 3577 4449 omnino
3630 4435 3663 4494 ίς

315 4478 432 4546 ejus
481 4478 555 4532 ita
595 4480 851 4549 scriptum
891 4489 1018 4535 est:
1064 4500 1080 4530 ι
1127 4480 1335 4535 Iuravit
1376 4479 1634 4539 Dominus
1683 4494 1738 4540 et
1784 4502 1889 4541 non

1994 4495 2204 4552 stabilis
2253 4494 2343 4558 sit,
2391 4501 2448 4548 et
2491 4491 2598 4546 ﬁxa
2632 4490 2748 4563 lege
2781 4495 3081 4560 permanet.
3125 4485 3267 4539 Duas
3302 4484 3580 4554 eoguatio—
3628 4478 3636 4554 ξ

317 4566 600 4636 prenitebit
627 4582 772 4631 eum,
799 4567 878 4622 Tu
913 4584 973 4622 es
999 4571 1248 4624 sacerdos
1294 4571 1348 4624 in
1394 4581 1653 4628 aeternum
1703 4591 1891 4630 secuu-
1923 4549 1970 4608 D
1997 4601 2095 4643 nes
2121 4600 2255 4657 quas
2282 4583 2516 4654 elegerat
2554 4549 2833 4644 Dominus,
2877 4579 2991 4633 sive
3033 4574 3266 4646 regalem
3296 4581 3461 4643 atque
3485 4588 3576 4626 sa-
3631 4567 3633 4570 ⁴

318 4656 445 4710 dum
472 4656 716 4712 ordinem
752 4657 1140 4714 Melchisedech
1169 4660 1338 4730 (Psal.
1369 4663 1500 4735 οιιι).
1533 4685 1553 4718 ι
1588 4665 1664 4720 De
1695 4682 1802 4735 quo
1827 4667 1895 4721 ad

318 4747 436 4805 IIeli
479 4749 815 4804 sacerdotem
862 4750 1023 4805 etiam
1063 4751 1243 4806 divina
1286 4770 1390 4808 vox
1426 4755 1501 4810 ait
1544 4755 1596 4828 (Ι
1621 4755 1746 4827 Reg.
1790 4759 1890 4828 u):

321 4842 606 4900 Suscitabo
650 4843 780 4898 mihi
823 4843 1158 4899 sacerdotem
1202 4844 1432 4913 ﬁdelem,
1482 4849 1574 4918 qui
1603 4846 1756 4916 juxta
1803 4865 1898 4904 cor

321 4948 502 4990 meum
543 4943 598 4990 et
619 4935 856 4989 animam
889 4949 1060 4990 meam
1103 4935 1303 4990 faciat:
1339 4946 1393 4992 et
1415 4938 1694 4995 aediﬁcabo
1729 4940 1777 4995 ei
1805 4941 1897 4995 do-

321 5041 468 5080 mum
506 5024 738 5091 ﬁdelem,
769 5034 824 5080 et
849 5024 1145 5080 ambulabit
1171 5040 1353 5082 coram
1382 5027 1596 5085 Christo
1624 5044 1746 5086 meo
1767 5047 1898 5085 cun-

321 5117 423 5172 ctis
449 5117 656 5173 diebus.
691 5116 860 5186 Hujus
891 5117 1187 5173 sacerdotis
1214 5119 1456 5175 membra
1492 5130 1618 5177 sunt
1655 5121 1748 5176 ﬁlii
1775 5138 1900 5178 san-

323 5213 426 5260 ctaa
471 5205 725 5261 Ecclesiae
755 5205 1050 5274 catholicae,
1093 5205 1253 5262 Petro
1298 5217 1608 5276 attestante,
1643 5212 1735 5280 qui
1781 5213 1898 5268 ait;

327 5315 346 5347 ι
384 5295 493 5350 Vos
533 5305 713 5354 autem
743 5298 875 5353 estis
910 5313 1078 5368 genus
1117 5298 1368 5365 electum,
1413 5309 1467 5354 et
1505 5301 1681 5370 regale
1723 5317 1902 5358 sacer—

323 5389 548 5454 dotium,
589 5406 722 5461 gens
764 5403 968 5457 sancta,
1011 5395 1237 5467 pepulus
1280 5395 1724 5467 acquisitionis(1
1753 5395 1898 5454 Petr.

322 5480 408 5552 'u).
440 5500 454 5533 ι
486 5479 654 5550 Hujus
675 5484 890 5552 quidem
913 5486 1373 5545 boloeaustomata
1394 5497 1450 5542 et
1470 5488 1754 5554 sacriﬁcia,
1772 5505 1900 5560 gra-

324 5571 414 5626 tiae
443 5571 554 5626 Deo
579 5570 893 5642 oﬁ‘eruntur,
924 5586 980 5631 et
1007 5577 1238 5632 victimae
1258 5578 1615 5648 acccptabiles
1659 5579 1731 5636 illi
1768 5581 1900 5637 ﬁent

325 5661 533 5719 cunctis
561 5662 769 5717 diebus.

400 5775 418 5808 ι
455 5754 520 5811 Et
545 5753 746 5821 factum
772 5765 855 5812 est
881 5758 1103 5813 verbum
1130 5760 1341 5818 Domini
1382 5767 1446 5820 ad
1485 5764 1795 5834 Icremiam,
1821 5767 1898 5824 di-

477 5851 482 5856 '
761 5849 1028 5913 PATBOL.
1065 5853 1224 5916 CXI.
1491 5860 1498 5866 '

1999 4676 2322 4732 cerdotalem
2348 4675 2594 4742 stirpem,
2623 4672 2735 4726 sive
2763 4671 2897 4724 duas
2923 4669 3095 4723 tribus
3122 4681 3242 4734 qua:
3276 4663 3495 4718 fuerunt
3522 4661 3578 4716 in

1993 4767 2295 4823 Ierusalem
2315 4805 2329 4830 ,
2356 4771 2412 4820 et
2435 4765 2620 4818 decem
2652 4762 2823 4816 tribus
2857 4775 2977 4830 qua:
3003 4758 3220 4813 fuerunt
3244 4755 3296 4810 in
3325 4753 3574 4809 Samaria

2001 4875 2287 4930 possumus
2346 4856 2663 4926 intelligere.
2723 4855 2833 4909 Has
2885 4867 3014 4923 ergo
3063 4849 3226 4920 elegit
3276 4846 3577 4910 Dominus,

2003 4953 2218 5025 quando
2251 4949 2660 5023 promissionem
2709 4949 2777 5003 ad
2813 4954 2997 5018 patres
3037 4958 3226 4999 eorum
3266 4940 3492 5005 fecerat,
3521 4946 3584 4993 ut

1997 5043 2153 5099 daret
2177 5042 2368 5098 semini
2395 5055 2584 5097 eorum
2621 5048 2824 5095 terram
2864 5035 3115 5092 ﬂuentem
3141 5032 3278 5090 lacte
3305 5038 3364 5086 et
3387 5028 3547 5085 melle
3562 5044 3586 5092 ;.

2000 5134 2096 5188 sed
2117 5133 2240 5188 licet
2265 5131 2482 5202 plurimi
2520 5145 2705 5185 eorum
2735 5145 2766 5183 a
2792 5128 2880 5184 via
2917 5123 3162 5182 veritatis
3185 5121 3578 5187 aberraverint,

1998 5223 2242 5295 plerique
2263 5231 2442 5278 tamen
2471 5222 2524 5276 in
2547 5230 2690 5276 statu
2719 5231 2879 5277 recta:
2899 5217 3023 5273 ﬁdei
3049 5227 3102 5271 et
3132 5217 3285 5270 home
3306 5214 3578 5283 operatio-

2001 5315 2087 5370 nis
2117 5313 2330 5384 probati
2363 5313 2564 5368 inventi
2611 5319 2758 5375 sunt,
2785 5310 2912 5380 quia
2949 5323 3016 5362 ex
3066 5306 3198 5376 ipsis
3245 5303 3474 5376 apostoli
3520 5312 3579 5359 et

2000 5405 2278 5474 primitiva
2317 5404 2370 5458 in
2418 5400 2716 5460 Ierusalem
2765 5399 3005 5456 Ecclesia
3049 5396 3297 5461 exstitit,
3346 5410 3466 5464 quae
3518 5395 3577 5449 in

2002 5495 2249 5556 doctrina
2297 5492 2610 5565 evangelica
2654 5491 2988 5548 nobilissima
3030 5497 3086 5544 et
3124 5487 3230 5543 ﬁde
3269 5485 3580 5542 ﬁrmissima

2003 5587 2220 5644 inventa
2263 5593 2365 5642 est.
2413 5585 2542 5641 Hzec
2576 5592 2632 5640 et
2678 5583 2878 5640 Paulus
2916 5582 3128 5638 videtur
3172 5579 3452 5636 insinuare
3477 5577 3580 5648 ubi

2003 5679 2115 5732 ait:
2143 5695 2163 5729 ι
2196 5666 2335 5745 Quid
2359 5691 2488 5748 ergo
2509 5676 2653 5749 quod
2680 5676 2955 5748 quaerebat
2984 5671 3148 5740 Israel
3175 5687 3282 5728 non
3325 5677 3410 5726 est
3451 5681 3564 5723 con

2003 5772 2253 5837 secutus,
2295 5766 2486 5825 electio
2529 5775 2708 5825 autem
2747 5771 3033 5824 consecuta
3082 5769 3187 5826 est,
3232 5757 3409 5815 caeteri
3453 5766 3579 5810 vero

3054 5855 3130 5916 ιιι
