4044 6326
522 337 655 393 1037

1155 338 1213 391 Β.
1256 337 1510 394 RABANI
1546 336 1764 396 MAURI
1802 329 2120 390 ARCHIEP.
2164 329 2468 387 mUGUNT.
2509 329 2793 386 OPERUM
2830 328 3008 386 PARS
3045 328 3132 384 Ill.

3632 327 3811 390 1068

517 454 772 516 “caecati
802 459 929 509 sunt
957 451 1129 524 (Rom.
1158 450 1255 514 χι).
1292 469 1310 503 ι
1356 450 1421 504 Et
1462 450 1630 504 item:
1662 467 1681 501 ι
1715 446 1966 516 Nunquid
2008 459 2093 499 re-
2118 442 2170 502 Α
2202 457 2220 501 ᾳ
2266 438 2488 507 liberos,
2518 448 2574 495 et
2600 454 2939 510 nequaquam
2977 438 3385 494 dominarentur
3425 440 3525 509 eis,
3568 443 3622 498 id
3668 448 3811 511 est,

510 548 652 621 pulit
679 547 820 600 Deus
840 542 1094 614 populum
1126 555 1279 595 suum
1293 538 1505 613 ?‘absit.
1536 537 1671 594 Nam
1709 545 1763 593 et
1799 551 1899 607 ego
1926 537 2097 591 Israe-

515 640 611 694 lita
640 651 759 693 sum
793 648 856 689 ex
887 631 1091 688 semine
1123 630 1394 686 Abraham
1439 630 1505 684 de
1546 629 1688 683 tribu
1732 626 2032 698 Benjamin.
2058 645 2089 679 η»

514 730 671 791 Unde
696 724 1043 785 manifestum
1078 731 1162 777 est
1187 722 1331 791 quod
1363 736 1469 775 non
1496 719 1691 791 abjeeit
1722 717 1982 772 Dominus
2002 731 2095 787 po-

514 821 699 894 pulum
721 831 877 873 suum
899 828 1059 886 quem
1083 812 1320 883 elegerat
1337 811 1489 882 juxta
1518 808 1884 863 insultantium
1912 821 2092 873 voces,

511 911 564 967 si
590 912 655 967 de
674 907 881 964 semine
900 904 1069 959 David
1090 900 1376 970 assumpsit
1398 898 1667 969 principes
1689 896 1909 951 seminis
1930 895 2097 979 Abra-

513 984 665 1066 ham,
696 1006 753 1053 et
777 996 950 1062 lsaac,
980 1002 1035 1050 et
1054 991 1222 1048 Jacoh
1250 991 1304 1046 in
1336 997 1673 1061 perpetuum.
1714 987 1790 1042 De
1814 985 2094 1057 quibusin

514 1089 742 1159 psalmis
782 1087 1039 1158 scriptum
1079 1092 1200 1140 est:
1232 1101 1249 1132 ι
1277 1082 1383 1136 Pro
1423 1079 1668 1151 patribus
1694 1078 1800 1133 tuis
1823 1078 1935 1132 nati
1969 1082 2095 1133 sunt

516 1172 614 1237 tibi
645 1176 775 1231 filii:
807 1174 1102 1230 constitues
1141 1186 1233 1226 eos
1266 1170 1534 1241 principes
1564 1182 1726 1237 super
1746 1180 1959 1221 omnem
1984 1173 2093 1222 ter-

516 1284 633 1326 ram
669 1286 682 1322 :
719 1280 986 1323 memores
1012 1272 1170 1320 erunt
1189 1261 1423 1317 nominis
1452 1260 1545 1323 tui,
1570 1259 1817 1326 Domine,
1859 1258 1911 1313 in
1944 1258 2092 1315 omni

515 1360 859 1434 generatione
884 1365 939 1414 et
967 1357 1224 1430 progenie
1248 1353 1420 1427 (Psal.
1445 1352 1662 1426 xuv).-o

1044 1466 1273 1525 CAPUT
1317 1463 1556 1524 XXXIV.

513 1561 678 1619 Pinna
703 1577 885 1617 eorum
904 1560 992 1631 qui
1016 1574 1120 1613 non
1141 1558 1404 1631 dimittunt
1426 1572 1596 1631 aereos
1632 1562 1678 1631 et
1716 1553 1937 1609 ancillas
1964 1553 2092 1631 libe-

583 1648 707 1696 ros,
757 1624 1002 1703 quod'in
1051 1626 1238 1699 templo
1282 1642 1401 1680 cum
1460 1624 1785 1679 solemnitate
1833 1625 2085 1695 promise-

582 1711 723 1755 runt.

2204 550 2223 585 ι
2270 532 2325 586 in
2360 530 2545 588 Judan
2596 539 2652 588 et
2696 530 2863 586 fratre
2916 546 3034 588 suo.
3080 530 3381 587 Audierunt
3412 547 3543 604 ergo
3587 546 3812 589 omnes

2202 642 2221 676 ι
2267 623 2538 695 principes
2564 630 2620 679 et
2643 623 2926 679 universus
2950 620 3199 693 populus,
3218 622 3311 693 qui
3332 622 3528 678 inierat
3553 632 3806 695 paetum

2203 736 2221 768 ι
2267 725 2327 772 ut
2353 715 2644 772 dimitteret
2669 713 3036 786 unusquisque
3071 729 3286 770 servum
3326 730 3500 779 suum,
3532 725 3588 771 et
3612 729 3807 770 unus-

2201 826 2219 858 c
2265 806 2490 877 quisque
2502 804 2750 861 ancillam
2765 803 3154 869 suamliberos,
3175 813 3227 859 et
3244 803 3381 857 ultra
3408 820 3517 858 non
3540 805 3803 860 domina»
3851 819 3863 848 ι

2200 915 2218 948 ι
2265 904 2455 951 rentur
2479 896 2534 950 in
2580 895 2680 951 eis.
2733 892 3035 949 Audierant
3065 893 3229 965 igitur
3254 900 3309 948 et
3343 893 3690 960 dimiserunt,
3732 904 3803 950 et

2200 1004 2219 1038 ι
2262 987 2507 1043 conversi
2530 994 2655 1042 sunt
2679 987 2932 1057 deinceps
2956 991 3012 1040 et
3041 993 3383 1040 retraxerunt
3419 1000 3607 1041 servos
3649 1001 3804 1041 suos

2198 1095 2218 1127 ‹
2260 1084 2314 1133 et
2354 1076 2576 1133 ancillas
2615 1090 2761 1141 suas,
2791 1090 2929 1146 quos
2957 1073 3278 1131 dimiserunt
3306 1074 3524 1139 liberos,
3556 1082 3612 1128 et
3646 1074 3799 1128 sub-

2198 1188 2216 1220 ι
2255 1166 2578 1240 jugavernnt
2606 1166 2671 1222 in
2702 1165 2932 1220 famulos
2960 1172 3014 1220 et
3055 1162 3305 1220 famulas.
3356 1165 3423 1219 Et
3466 1163 3671 1221 factum
3696 1173 3803 1220 est

2196 1275 2218 1310 ι
2262 1259 2485 1313 verbum
2518 1257 2731 1313 Domini
2774 1259 2841 1313 ad
2867 1256 3181 1325 Jeremiam,
3222 1273 3254 1312 a
3279 1257 3506 1314 Domino
3545 1258 3746 1313 dicens
3772 1275 3795 1311 :

2196 1364 2216 1399 ι
2262 1346 2387 1402 Haec
2417 1347 2548 1402 dicit
2572 1348 2833 1403 Dominus
2864 1348 3006 1403 Deus
3031 1346 3196 1403 Israel
3221 1366 3233 1400 :
3264 1347 3379 1417 Ego
3404 1346 3647 1417 percussi
3681 1345 3800 1402 fae-

2178 1454 2217 1489 4
2262 1438 2362 1493 dus
2390 1453 2513 1493 cum
2543 1438 2790 1509 patribus
2823 1439 3019 1495 vestris
3049 1439 3102 1493 in
3144 1438 3231 1493 die
3259 1453 3365 1508 qua
3394 1438 3554 1493 eduxi
3585 1452 3684 1494 cos
3716 1437 3799 1493 de

2194 1546 2216 1581 ι
2258 1537 2406 1584 terra
2452 1524 2689 1601 ,Ἐπριῇ
2736 1527 2812 1585 (ιε’
2848 1530 3008 1584 domo
3052 1529 3352 1595 servitutis,
3378 1529 3566 1585 dicens
3595 1547 3608 1582 :
3638 1528 3799 1583 Cum

2195 1640 2215 1673 ι
2260 1621 2511 1692 completi
2555 1620 2756 1676 fuerint
2802 1631 3007 1691 septem
3038 1622 3188 1690 anni,
3221 1623 3456 1678 dimittat
3493 1623 3799 1693 unusquis-

2194 1731 2215 1765 ‹
2257 1726 2363 1783 que
2408 1711 2630 1768 fratrem
2672 1728 2830 1767 suum
2861 1712 3162 1777 Hebraeum,
3194 1713 3284 1783 qui
3322 1713 3574 1768 venditus
3598 1722 3682 1767 est
3707 1715 3791 1777 ei,

589 1830 608 1863 ι
649 1811 883 1866 Verbum
928 1807 1067 1878 quod
1124 1806 1320 1860 factum
1366 1814 1449 1861 est
1497 1804 1565 1859 ad
1598 1803 1885 1861 Jeremiam
1922 1820 1952 1860 a
1985 1804 2091 1862 Do-
2116 1786 2164 1846 Β
2197 1823 2217 1856 ι
2257 1814 2311 1860 et
2334 1805 2531 1861 serviet
2556 1804 2653 1859 tibi
2681 1819 2775 1859 sex
2806 1802 2983 1869 annis,
3005 1811 3061 1857 et
3088 1801 3325 1858 dimittes
3353 1817 3476 1857 eum
3504 1818 3534 1857 a
3562 1810 3617 1857 te
3643 1802 3797 1857 libe-

516 1920 536 1952 ι
584 1902 751 1962 mino,
794 1899 1008 1968 quando
1035 1896 1528 1950 Nabuchodonosor
1566 1908 1659 1949 rex
1706 1896 2009 1967 Babylonis,
2036 1904 2092 1951 et

516 2011 537 2044 ι
581 1992 759 2046 omnis
780 1986 1065 2045 exercitus
1108 1989 1247 2059 ejus,
1292 1988 1647 2057 universaque
1696 2002 1858 2058 regna
1909 1999 2086 2053 terrm,

515 2100 537 2136 ι
583 2098 704 2154 qua:
724 2090 878 2137 erant
917 2082 1015 2135 sub
1056 2089 1323 2151 potestate
1362 2093 1571 2143 manus,
1604 2087 1658 2133 et
1688 2094 1876 2134 onmes
1910 2079 2088 2150 populi
2126 2133 2145 2149 ,

513 2190 538 2226 ι
581 2172 850 2228 bellabant
879 2178 1064 2226 contra
1101 2167 1395 2224 Jerusalem
1440 2176 1495 2221 et
1541 2176 1728 2222 contra
1768 2182 1959 2223 omnts
2001 2184 2091 2223 ur-

511 2279 535 2317 ι
575 2263 670 2317 bes
690 2259 824 2329 ejus,
856 2260 1079 2314 dit-ens:
1121 2258 1244 2312 Hme
1280 2257 1408 2312 dicit
1434 2257 1691 2311 Dominus
1720 2257 1858 2311 Deus
1885 2256 2086 2311 Israel:

512 2371 533 2407 ι
579 2350 727 2407 Vade
751 2359 805 2406 et
831 2350 1048 2419 loquere
1079 2348 1145 2401 ad
1169 2346 1486 2401 Sedecliiam
1517 2360 1695 2417 regem
1735 2345 1891 2412 Juda,
1932 2354 1986 2401 et
2011 2346 2090 2401 di-

512 2464 532 2499 ι
583 2432 765 2501 ρεεάό
805 2457 967 2498 eum:
1008 2440 1131 2496 llzcc
1167 2440 1297 2496 dicit
1341 2440 1643 2495 Dominus:
1680 2440 1816 2495 Ecce
1850 2455 1950 2510 ego
1980 2448 2092 2494 tra-

510 2557 529 2590 ι
576 2537 700 2590 dam
737 2534 1007 2590 civitatem
1037 2533 1178 2588 hanc
1216 2531 1269 2586 in
1305 2546 1467 2586 manu
1513 2529 1656 2601 regis
1696 2530 2003 2602 Babylonis,
2036 2541 2093 2586 et

511 2644 530 2677 ι
576 2624 868 2681 succendet
922 2637 1044 2679 eam
1080 2622 1208 2694 igni,
1240 2631 1295 2676 et
1337 2630 1391 2675 tu
1436 2635 1542 2675 non
1576 2619 1799 2692 etiugies
1826 2622 1892 2676 de
1926 2637 2089 2676 manu

512 2736 531 2768 ι
578 2714 717 2785 ejus,
764 2715 857 2771 sed
892 2713 1375 2786 comprehensione
1422 2711 1680 2784 capieris,
1731 2721 1787 2767 et
1830 2712 1883 2767 in
1927 2728 2090 2767 manu

510 2822 531 2858 ι
571 2804 689 2877 ejus
706 2805 963 2873 traderis,
986 2813 1040 2859 et
1060 2804 1199 2859 oculi
1227 2803 1302 2857 tui
1332 2802 1515 2859 oculos
1539 2802 1682 2872 regis
1703 2800 1991 2873 Babylonis
2017 2802 2092 2857 vi-

510 2915 532 2951 σ
574 2898 796 2963 debunt,
819 2906 875 2952 et
909 2911 971 2951 os
1006 2894 1124 2964 ejus
1152 2910 1274 2950 cum
1296 2908 1392 2948 ore
1417 2902 1508 2948 tuo
1534 2892 1808 2962 loquetur,
1835 2899 1893 2947 et
1919 2891 2091 2964 Baby-

515 3006 534 3040 ι
582 2988 756 3042 Ionem
805 2986 1069 3042 introibis.
1116 2985 1367 3043 Attamen
1408 2981 1531 3036 audi
1583 2983 1805 3037 verbum
1854 2982 2087 3046 Domini,

514 3095 535 3131 ι
581 3075 842 3133 Sedechia
890 3092 982 3131 rex
1024 3074 1198 3129 Juda:
1232 3073 1357 3128 “me
1397 3073 1528 3128 dicit
1573 3073 1834 3127 Dominus
1878 3073 1943 3126 ad
1995 3081 2083 3126 te:

2197 1919 2216 1951 ι
2264 1914 2381 1953 rum
2411 1915 2425 1952 :
2463 1906 2518 1953 et
2547 1912 2654 1953 non
2693 1895 2977 1951 audierunt
3022 1903 3205 1964 patres
3228 1894 3393 1949 vestri
3423 1909 3530 1959 me,
3561 1909 3659 1948 nec
3692 1894 3795 1947 ia-

2197 2007 2216 2040 (
2261 1988 2599 2042 clinaverunt
2641 1999 2824 2041 aurem
2872 1999 3023 2040 suam
3060 2002 3072 2037 :
3105 1994 3159 2039 et
3206 1982 3453 2039 conversi
3502 1983 3634 2038 estis
3681 1998 3795 2037 vos

2195 2097 2213 2129 ι
2262 2077 2443 2143 hodie,
2491 2085 2546 2131 et
2592 2074 2794 2132 fecistis
2821 2076 2961 2145 quod
2995 2084 3199 2129 rectum
3232 2074 3389 2129 estin
3422 2074 3594 2129 oculis
3619 2073 3792 2136 meis,

2197 2189 2215 2221 ‹
2260 2178 2319 2223 ιιι
2347 2168 2711 2239 prmdicaretis
2736 2167 3039 2223 libertatem
3067 2168 3431 2237 unusquisque
3453 2165 3519 2220 ad
3541 2167 3791 2220 amicum

2195 2278 2214 2311 ι
2255 2273 2455 2313 suum:
2489 2266 2543 2311 et
2586 2257 2641 2311 in
2702 2258 2820 2312 istis
2866 2266 3080 2327 pactum
3134 2256 3190 2311 in
3231 2264 3521 2327 conspectu
3561 2270 3685 2311 meo
3722 2255 3791 2311 in

2195 2370 2215 2403 α
2258 2351 2436 2415 domo,
2470 2349 2524 2403 in
2552 2364 2657 2418 qua
2683 2347 2985 2405 invocatum
3016 2357 3317 2404 estnomen
3356 2332 3572 2403 meum:
3602 2355 3660 2402 et
3690 2362 3794 2402 re-

2196 2463 2214 2495 ι
2255 2444 2399 2499 versi
2428 2444 2559 2499 estis
2585 2451 2641 2499 et
2666 2443 3098 2500 commaculastis
3141 2458 3335 2499 nomen
3363 2458 3565 2507 meum,
3598 2450 3655 2497 et
3683 2440 3790 2496 re-

2197 2552 2215 2585 α
2261 2532 2491 2589 duxistis
2516 2532 2883 2604 unusquisque
2927 2548 3141 2588 servum
3177 2547 3354 2597 suum,
3392 2540 3451 2587 et
3480 2530 3791 2600 unusquis-

2194 2646 2216 2679 ι
2262 2641 2367 2697 que
2411 2623 2661 2682 ancillam
2711 2641 2861 2681 suam
2890 2640 3025 2696 quos
3067 2624 3370 2689 dimisistis,
3406 2633 3468 2679 ut
3497 2631 3678 2679 essent
3709 2622 3787 2676 li-

2192 2737 2215 2767 1
2255 2717 2369 2773 beri
2400 2725 2455 2771 et
2482 2732 2593 2773 sua:
2616 2717 2901 2787 potestatis
2944 2735 2958 2771 :
3004 2724 3061 2771 et
3091 2713 3415 2788 subjugastis
3436 2730 3549 2779 eos,
3573 2722 3635 2768 ut
3664 2712 3789 2768 sint

2196 2826 2216 2860 ι
2259 2808 2414 2864 vobis
2443 2807 2585 2864 servi
2620 2816 2674 2864 et
2699 2807 2925 2872 ancillae,
2960 2827 2979 2860 ι
3012 2816 3117 2863 etc.
3153 2805 3310 2862 Patet
3337 2808 3441 2862 hoc
3467 2805 3606 2871 loco,
3629 2804 3788 2875 quod

2192 2897 2327 2953 nihil
2362 2898 2613 2968 proficiat
2639 2897 2856 2955 cuilibet
2890 2898 3091 2953 bonum
3119 2898 3394 2963 inchoare,
3426 2897 3471 2951 si
3516 2910 3619 2951 non
3662 2900 3786 2949 stu-

2191 2990 2369 3045 duerit
2415 2989 2547 3045 illud
2587 2990 2655 3045 ad
2706 2990 2907 3045 bonum
2953 2988 3114 3046 linem
3160 2991 3487 3059 perducere:
3516 2986 3784 3058 quoniam

2198 3098 2216 3131 ι
2245 3079 2335 3150 qui
2364 3080 2788 3149 perseveraverit
2831 3094 3002 3149 usque
3030 3080 3082 3134 in
3118 3079 3304 3145 linem,
3334 3079 3423 3134 hic
3462 3077 3642 3134 salvus
3667 3077 3783 3132 erit

515 3188 535 3223 σ
579 3130 971 3224 ᾑὸὲῖὧὸῐίθΐῖέ
1017 3165 1072 3219 in
1118 3164 1315 3234 gladio,
1360 3164 1453 3216 sed
1482 3161 1535 3215 in
1565 3176 1697 3231 pace
1724 3161 2007 3215 morieris:
2034 3168 2088 3214 et
2115 3130 2159 3192 Ο
2691 3130 3567 3239 νέιλὲτξίνιθξέε,
3589 3130 3649 3222 ut

514 3280 534 3314 ι
578 3259 872 3317 secundum
917 3255 1315 3312 eombustiones
1362 3262 1577 3325 patrum
1637 3261 1853 3307 tuorum
1907 3267 2091 3321 regum
2184 3258 2352 3314 Israel
2384 3258 2582 3315 fratres
2618 3274 2743 3315 suos
2771 3274 2877 3314 non
2919 3258 3224 3315 invenirent
3250 3258 3557 3314 conditione
3586 3271 3782 3313 servo-

518 3371 539 3404 ι
586 3351 848 3423 priorum,
878 3346 968 3417 qui
1000 3346 1215 3400 fuerunt
1254 3352 1379 3399 ante
1411 3352 1482 3406 te,
1534 3343 1615 3398 sic
1654 3343 1971 3397 comitarent
2000 3350 2089 3396 te:

514 3460 532 3493 ι
579 3450 634 3496 et
662 3455 762 3504 vae,
794 3437 1042 3501 Domine,
1077 3435 1329 3507 plangcnt
1354 3443 1429 3499 te,
1453 3434 1577 3503 quia
1603 3432 1827 3488 verbum
1866 3433 1967 3487 hoc
1993 3446 2092 3503 ego

514 3548 533 3580 ι
579 3529 788 3584 locutus
813 3540 954 3592 sum,
985 3522 1115 3580 dicit
1158 3524 1435 3579 Dominus.
1475 3521 1541 3576 Et
1575 3522 1786 3577 locutus
1825 3529 1904 3577 est
1940 3520 2093 3577 Jere-

514 3638 533 3670 σ
581 3618 717 3673 mias
745 3616 1003 3688 propheta
1033 3615 1099 3669 ad
1125 3613 1445 3670 Sedeeltiam
1471 3628 1649 3683 regem
1673 3610 1809 3667 Juda
1841 3613 2091 3668 universa

511 3726 532 3761 ι
571 3709 735 3764 verba
776 3709 891 3763 haec
920 3706 973 3761 in
1006 3704 1324 3770 Jerusalem,
1356 3713 1410 3760 et
1439 3712 1627 3759 contra
1674 3719 1863 3759 omnes
1904 3702 2093 3759 civita-

511 3818 531 3852 ι
578 3807 660 3855 tes
682 3798 841 3863 Juda,
865 3811 986 3867 quae
1008 3795 1229 3866 reliqum
1251 3802 1408 3851 erant
1442 3806 1631 3850 contra
1658 3793 1852 3850 Lachis
1886 3800 1942 3849 et
1964 3808 2092 3849 con-

511 3908 533 3943 ι
578 3898 661 3945 tra
687 3888 896 3946 Arecha
932 3906 946 3943 :
986 3888 1101 3944 haec
1143 3887 1288 3942 enim
1328 3894 1646 3957 supererant
1670 3886 1747 3947 de
1784 3885 2092 3941 civitatibus

510 3996 532 4032 ι
572 3978 709 4035 Juda
735 3978 898 4034 urbes
925 3978 1162 4033 munitae.
1199 3996 1219 4030 ι
1251 3976 1546 4049 (Μλυιιυε.)
1572 3975 1724 4031 Licet
1752 3991 1843 4031 rex
1876 3974 2091 4044 nequis—
2124 3984 2127 3987 '

507 4066 679 4124 simus
727 4064 1039 4132 Sedecbias,
1063 4066 1130 4121 de
1164 4080 1272 4136 quo
1318 4064 1595 4138 Scriptura
1630 4063 1813 4128 refert,
1843 4065 1985 4134 quod
2015 4063 2092 4119 fe-

504 4155 650 4213 cerit
673 4156 873 4211 malum
902 4170 1085 4211 coram
1112 4156 1359 4220 Domino,
1401 4154 1556 4225 juxta
1591 4155 1770 4210 omnia
1803 4170 1923 4226 qua:
1950 4154 2090 4213 fece-

509 4257 597 4305 rat
636 4246 905 4314 Joachim,
934 4247 1183 4320 indignus
1230 4248 1393 4304 fuerit
1436 4249 1803 4304 misericordia
1855 4249 2088 4318 Domini,

506 4346 695 4393 tamen
752 4337 1008 4407 quoniam
1069 4337 1448 4393 miserationes
1515 4337 1729 4394 Domini
1784 4356 1992 4413 magna:
2036 4354 2094 4399 et

2191 3362 2331 3413 rum,
2366 3361 2469 3403 nec
2515 3345 2812 3420 amigerent
2864 3363 2963 3417 per
3006 3349 3338 3418 potentiam,
3389 3349 3483 3403 sed
3534 3356 3782 3416 tempore

2187 3435 2484 3493 constituto
2516 3446 2920 3493 reverterentur
2947 3437 3012 3492 ad
3048 3437 3420 3509 cognationem
3456 3444 3511 3492 et
3555 3448 3778 3506 posses-

2189 3528 2394 3584 sionem
2423 3537 2640 3600 patrum
2680 3542 2900 3585 suorum
2926 3546 2937 3583 :
2972 3528 3342 3598 haberentque
3376 3542 3564 3583 servos
3593 3535 3650 3580 et
3678 3541 3777 3581 an-

2189 3614 2339 3677 cillas
2378 3622 2446 3678 de
2487 3621 2800 3678 nationibus
2828 3636 2947 3692 quae
2977 3620 3032 3676 in
3074 3619 3305 3675 circuitu
3344 3634 3531 3675 eorum
3567 3625 3769 3673 essent.

2190 3711 2344 3779 Quod
2386 3710 2627 3767 volentes
2664 3710 2957 3766 Sedechias
2982 3717 3038 3764 et
3062 3708 3289 3780 populus
3314 3707 3406 3777 qui
3445 3707 3619 3762 fuerat
3649 3720 3775 3760 cum

2188 3818 2254 3860 eo
2279 3817 2498 3859 servare
2524 3802 2889 3875 promiserunt
2915 3814 2976 3857 se
2998 3801 3101 3856 hoc
3123 3785 3382 3861 facturos,
3405 3797 3499 3853 sed
3525 3794 3775 3851 conversi

2190 3903 2489 3953 retrorsum
2517 3900 2864 3951 retraxerunt
2900 3905 3086 3947 servos
3115 3896 3172 3945 et
3203 3888 3426 3944 ancillas
3453 3900 3601 3950 suas,
3634 3898 3776 3956 quos

2190 3984 2508 4043 dimiserant
2541 3983 2759 4050 liberos,
2788 3988 2845 4038 et
2886 3980 3307 4052 subjugaverunt
3348 3978 3404 4033 in
3449 3976 3683 4033 famulos
3718 3983 3776 4030 et

2190 4073 2245 4129 in
2292 4073 2542 4130 famulas.
2593 4072 2744 4130 Unde
2791 4071 2961 4127 iratus
3014 4071 3273 4126 Dominus
3318 4069 3537 4125 tradidit
3579 4082 3675 4123 eos
3717 4067 3775 4122 in

2189 4162 2602 4218 commotionem
2643 4161 2853 4217 cunctis
2897 4160 3075 4232 regnis
3116 4169 3294 4225 terrae,
3338 4168 3395 4217 et
3424 4159 3685 4230 gladium,
3718 4168 3775 4213 et

2188 4259 2419 4323 pestem,
2458 4259 2515 4306 et
2559 4249 2756 4305 famem
2798 4249 3020 4305 immisit
3058 4264 3221 4319 super
3253 4264 3383 4305 eos:
3425 4257 3482 4304 et
3522 4248 3647 4318 quia
3696 4246 3770 4301 illi

2189 4342 2465 4397 victimam
2494 4339 2735 4407 hederis,
2766 4354 2927 4410 quam
2969 4339 3279 4396 ceciderunt
3320 4340 3473 4411 juxta
3500 4338 3772 4393 conditio-

414 4444 437 4455 ’
512 4424 693 4525 ιιιιιιιαξ
720 4424 904 4525 “inliso
940 4425 1136 4494 “illius
1179 4439 1300 4525 (ευξη
1344 4439 1444 4525 De?
1472 4425 1763 4525 FI'Othlas
1792 4445 1919 4487 suos
1938 4445 2086 4487 com-
2122 4465 2167 4525 υ
2192 4452 2316 4494 nem
2337 4436 2521 4492 statuti
2545 4436 2706 4507 pacti,
2741 4436 3066 4507 polluerunt,
3086 4434 3195 4490 dati
3217 4442 3344 4489 sunt
3368 4433 3425 4488 in
3456 4448 3646 4488 manus
3670 4432 3773 4487 ini-

511 4512 781 4576 monebat,
822 4512 927 4567 hoc
963 4520 1067 4578 est,
1097 4526 1195 4583 per
1233 4510 1525 4569 Jeremiam
1558 4514 1613 4570 in
1642 4515 1846 4583 Judaea,
1868 4528 1926 4574 et
1957 4520 2087 4576 Eze-

512 4601 741 4661 chielem
784 4602 1167 4658 vaticinantem
1221 4603 1279 4658 in
1318 4603 1633 4677 Babylonia,
1690 4608 1992 4679 praedicans
2038 4613 2088 4667 ei

509 4693 875 4765 captivitatem
918 4690 1177 4759 futuram,
1218 4692 1265 4749 si
1310 4696 1579 4764 quomodo
1620 4697 1771 4753 illum
1813 4700 1879 4755 ad
1915 4700 2091 4771 paeni-

512 4782 733 4839 tentiam
762 4788 1120 4852 provocarat:
1150 4783 1247 4838 sed
1270 4798 1427 4842 mens
1452 4785 1696 4843 indurata
1723 4788 1776 4843 in
1814 4788 2086 4846 fastidium

510 4872 740 4928 ducebat
766 4872 932 4927 verba
958 4870 1165 4942 prolata
1196 4888 1209 4926 :
1234 4880 1289 4929 et
1323 4874 1496 4945 magis
1528 4876 1688 4947 eliget
1719 4879 1951 4950 incoepta
1993 4896 2089 4935 ne-

509 4963 678 5034 quitia
699 4976 1068 5032 perseverare,
1097 4977 1257 5034 quam
1288 4980 1388 5036 per
1411 4969 1840 5027 emendationem
1881 4973 2005 5028 vitae
2028 4988 2088 5029 se

508 5052 800 5120 corrigere.
830 5052 985 5109 Unde
1007 5054 1241 5110 debitam
1270 5070 1485 5126 pmnam
1508 5059 1731 5127 invenit,
1754 5070 1810 5116 et
1828 5061 2085 5119 ultionem

512 5142 839 5213 captivitatis
878 5145 1038 5201 simul
1063 5162 1185 5203 cum
1214 5150 1409 5219 populo
1451 5150 1553 5207 sibi
1584 5152 1827 5222 subjecto
1863 5171 2084 5227 perpes-

512 5250 607 5290 808
626 5246 729 5291 08!.

588 5344 607 5377 ι
654 5325 885 5384 Verbum
917 5329 1061 5401 quod
1089 5331 1289 5388 factum
1326 5342 1413 5392 est
1456 5336 1526 5392 ad
1565 5334 1853 5395 Jeremiam
1905 5355 1935 5394 a
1976 5338 2085 5398 Do-

518 5437 539 5471 σ
581 5419 749 5485 mino,
802 5430 1084 5492 postquam
1123 5428 1389 5494 percussit
1429 5443 1524 5482 rex
1568 5427 1860 5486 Sedecbias
1912 5430 2087 5488 foedus

520 5526 538 5556 ι
582 5523 705 5563 cum
754 5510 902 5565 omni
966 5513 1163 5582 popqu
1220 5514 1274 5568 in
1314 5514 1633 5585 Jerusalem,
1677 5522 1975 5592 praedicans
2028 5531 2089 5577 ut

520 5614 538 5648 ε
584 5598 877 5655 dimitteret
914 5602 1282 5674 unusquisque
1332 5620 1547 5663 servum
1585 5624 1764 5675 suum,
1812 5619 1868 5665 et
1922 5627 2087 5667 unus-

521 5711 539 5743 ι
580 5692 808 5763 quisque
850 5693 1100 5750 ancillam
1147 5712 1318 5765 suam,
1370 5698 1650 5757 Hebrmum
1701 5712 1757 5757 et
1804 5702 2082 5759 llebrazam

2194 4528 2455 4584 micorum
2477 4527 2607 4608 etin
2627 4542 2820 4583 manus
2844 4526 3201 4598 qumrentium
3230 4527 3438 4582 animas
3465 4540 3652 4582 eorum
3680 4534 3775 4581 :et

2192 4626 2309 4675 erat
2336 4617 2680 4673 morticinum
2711 4631 2897 4673 eorum
2923 4618 2978 4672 in
3020 4631 3201 4673 escam
3227 4616 3536 4673 volucribus
3570 4616 3696 4673 caeli
3718 4624 3776 4671 et

2193 4709 2381 4766 bestiis
2405 4716 2597 4764 terrae:
2626 4716 2682 4763 et
2723 4723 2829 4763 non
2856 4706 3026 4763 solum
3053 4707 3279 4779 populus
3313 4717 3534 4780 propter
3563 4708 3773 4763 scelera

2193 4815 2289 4856 sua
2319 4799 2387 4854 ab
2417 4798 2650 4854 inimicis
2676 4798 2885 4877 occisus
2905 4804 2959 4852 et
2986 4797 3274 4867 dissipatus
3302 4807 3407 4865 est,
3440 4798 3533 4854 sed
3554 4806 3611 4853 et
3634 4797 3771 4853 civi-

2194 4899 2333 4945 tates
2353 4905 2540 4946 eorum
2566 4888 2802 4946 incensae
2841 4899 2899 4945 et
2925 4889 3191 4946 demolitre
3223 4898 3367 4946 sunt.
3398 4888 3556 4947 Juxta
3586 4900 3771 4962 tropo.

2192 4979 2387 5051 logiam
2423 4993 2555 5035 vero
2589 4993 2687 5034 nos
2718 4979 2809 5033 hic
2836 4978 2986 5035 locus
3011 4980 3189 5046 docet,
3219 4990 3280 5035 ut
3312 4995 3436 5039 cum
3473 4981 3773 5052 susceperi-

2192 5084 2311 5123 mus
2331 5067 2524 5124 fratres
2547 5076 2762 5125 nostros
2784 5070 2883 5126 sub
2902 5086 3033 5126 cura
3057 5080 3264 5138 nostra,
3288 5081 3344 5127 et
3361 5082 3581 5143 propter
3600 5072 3772 5126 Deum

2191 5157 2413 5229 subjecti
2444 5159 2646 5214 fuerint
2671 5161 2846 5228 nobis,
2877 5177 2982 5217 non
3008 5163 3375 5231 opprimamus
3411 5179 3504 5219 eos
3532 5180 3630 5234 per
3667 5181 3771 5235 po-

2192 5249 2435 5315 tentiam,
2475 5265 2575 5304 nec
2620 5248 2817 5319 injuste
2844 5251 3117 5307 servitutis
3146 5252 3225 5307 eis
3257 5252 3565 5308 violentiam
3600 5255 3772 5324 impo-

2191 5355 2410 5405 namus;
2442 5339 2535 5395 sed
2582 5341 2753 5412 magis
2780 5340 3020 5398 fraterno
3048 5343 3241 5399 atl‘cetu
3267 5358 3362 5400 eos
3391 5353 3689 5401 tractemus
3715 5354 3774 5401 et

2189 5429 2501 5499 adjuvemus
2549 5434 2715 5487 verbo
2761 5440 2922 5504 atque
2976 5432 3221 5503 exemplo
3259 5452 3273 5487 :
3324 5443 3591 5505 quatenus
3640 5449 3772 5491 vero

2188 5521 2411 5576 Domino
2440 5521 2533 5591 qui
2574 5536 2669 5578 eos
2684 5526 2974 5604 .sanguine
3019 5540 3117 5579 suo
3163 5525 3388 5581 redemit
3438 5526 3649 5596 possint
3689 5524 3770 5580 di-

2186 5628 2348 5684 gnum
2388 5614 2666 5670 Servitium
2694 5616 2969 5682 exhibere,
3014 5617 3184 5673 donec
3209 5631 3370 5673 verus
3393 5616 3649 5673 Jubilmus
3680 5631 3770 5671 ve-

2184 5704 2346 5762 niat:
2396 5714 2453 5762 et
2477 5706 2843 5777 unusquisque
2886 5710 3117 5779 proprize
3158 5711 3475 5767 restituatur
3518 5706 3768 5780 dignitati
