  <div class='ocr_page' id='page_1' title='image "/cluster/home/n/w/nwhite01/storage/ocr_20150623/111/hvd.32044009716333/542.png"; bbox 0 0 4044 6326; ppageno 0'>
   <div class='ocr_carea' id='block_1_1' title="bbox 361 392 504 449">
    <p class='ocr_par' dir='ltr' id='par_1_1' title="bbox 361 392 504 449">
     <span class='ocr_line' id='line_1_1' title="bbox 361 392 504 449; baseline 0.014 -2"><span class='ocrx_word' id='word_1_1' title='bbox 361 392 504 449; x_wconf 77' lang='grc'><strong>1069</strong></span> 
     </span>
    </p>
   </div>
   <div class='ocr_carea' id='block_1_2' title="bbox 1247 389 2722 447">
    <p class='ocr_par' dir='ltr' id='par_1_2' title="bbox 1247 389 2722 447">
     <span class='ocr_line' id='line_1_2' title="bbox 1247 389 2722 447; baseline -0.001 -2"><span class='ocrx_word' id='word_1_2' title='bbox 1247 392 1610 447; x_wconf 78' lang='lat' dir='ltr'><strong>EXPOSITIO</strong></span> <span class='ocrx_word' id='word_1_3' title='bbox 1652 390 1877 447; x_wconf 79' lang='lat' dir='ltr'><strong>SUPER</strong></span> <span class='ocrx_word' id='word_1_4' title='bbox 1913 389 2276 445; x_wconf 61' lang='lat' dir='ltr'><strong>IEREMIAM.</strong></span> <span class='ocrx_word' id='word_1_5' title='bbox 2318 422 2384 429; x_wconf 95' lang='lat'><strong><em>—</em></strong></span> <span class='ocrx_word' id='word_1_6' title='bbox 2423 390 2549 444; x_wconf 84' lang='lat' dir='ltr'><strong>LIB.</strong></span> <span class='ocrx_word' id='word_1_7' title='bbox 2589 391 2722 445; x_wconf 73' lang='lat' dir='ltr'><strong>Xlll.</strong></span> 
     </span>
    </p>
   </div>
   <div class='ocr_carea' id='block_1_3' title="bbox 3461 368 3597 448">
    <p class='ocr_par' dir='ltr' id='par_1_3' title="bbox 3461 368 3597 448">
     <span class='ocr_line' id='line_1_3' title="bbox 3461 368 3597 448; baseline 0.029 -4"><span class='ocrx_word' id='word_1_8' title='bbox 3461 368 3597 448; x_wconf 71' lang='lat' dir='ltr'><strong>i070</strong></span> 
     </span>
    </p>
   </div>
   <div class='ocr_carea' id='block_1_4' title="bbox 351 498 3596 573">
    <p class='ocr_par' dir='ltr' id='par_1_4' title="bbox 351 498 3596 573">
     <span class='ocr_line' id='line_1_4' title="bbox 351 498 3596 573; baseline 0 -14"><span class='ocrx_word' id='word_1_9' title='bbox 351 512 515 573; x_wconf 85' lang='lat' dir='ltr'><strong>atque</strong></span> <span class='ocrx_word' id='word_1_10' title='bbox 549 498 895 571; x_wconf 84' lang='lat' dir='ltr'><strong>possessioni.</strong></span> <span class='ocrx_word' id='word_1_11' title='bbox 924 499 999 553; x_wconf 91' lang='lat' dir='ltr'><strong>De</strong></span> <span class='ocrx_word' id='word_1_12' title='bbox 1024 514 1130 569; x_wconf 91' lang='lat' dir='ltr'><strong>quo</strong></span> <span class='ocrx_word' id='word_1_13' title='bbox 1162 515 1257 554; x_wconf 87' lang='lat' dir='ltr'><strong>nos</strong></span> <span class='ocrx_word' id='word_1_14' title='bbox 1292 502 1500 570; x_wconf 90' lang='lat' dir='ltr'><strong>primus</strong></span> <span class='ocrx_word' id='word_1_15' title='bbox 1528 509 1712 570; x_wconf 91' lang='lat' dir='ltr'><strong>pastor</strong></span> <span class='ocrx_word' id='word_1_16' title='bbox 1753 499 1933 553; x_wconf 82' lang='lat' dir='ltr'><strong>Eccle-</strong></span> <span class='ocrx_word' id='word_1_17' title='bbox 1962 503 2005 561; x_wconf 72' lang='grc' dir='ltr'><strong>Α</strong></span> <span class='ocrx_word' id='word_1_18' title='bbox 2034 505 2299 567; x_wconf 83' lang='lat' dir='ltr'><strong>praecepta</strong></span> <span class='ocrx_word' id='word_1_19' title='bbox 2329 498 2558 553; x_wconf 78' lang='lat' dir='ltr'><strong>fuerant.</strong></span> <span class='ocrx_word' id='word_1_20' title='bbox 2604 498 2831 569; x_wconf 77' lang='lat' dir='ltr'><strong>Propter</strong></span> <span class='ocrx_word' id='word_1_21' title='bbox 2855 501 2953 554; x_wconf 91' lang='lat' dir='ltr'><strong>hoc</strong></span> <span class='ocrx_word' id='word_1_22' title='bbox 2992 516 3202 571; x_wconf 66' lang='lat' dir='ltr'><strong>quoque</strong></span> <span class='ocrx_word' id='word_1_23' title='bbox 3226 504 3489 570; x_wconf 80' lang='lat' dir='ltr'><strong>promittit</strong></span> <span class='ocrx_word' id='word_1_24' title='bbox 3518 506 3596 560; x_wconf 90' lang='lat' dir='ltr'><strong>eis</strong></span> 
     </span>
    </p>
   </div>
   <div class='ocr_carea' id='block_1_5' title="bbox 353 587 1928 660">
    <p class='ocr_par' dir='ltr' id='par_1_5' title="bbox 353 587 1928 660">
     <span class='ocr_line' id='line_1_5' title="bbox 353 587 1928 660; baseline -0.004 -11"><span class='ocrx_word' id='word_1_25' title='bbox 353 594 446 649; x_wconf 77' lang='lat' dir='ltr'><strong>site</strong></span> <span class='ocrx_word' id='word_1_26' title='bbox 491 589 730 656; x_wconf 88' lang='lat' dir='ltr'><strong>instruit,</strong></span> <span class='ocrx_word' id='word_1_27' title='bbox 770 588 992 643; x_wconf 88' lang='lat' dir='ltr'><strong>dicens:</strong></span> <span class='ocrx_word' id='word_1_28' title='bbox 1031 607 1049 639; x_wconf 72' lang='grc' dir='ltr'>ι</span> <span class='ocrx_word' id='word_1_29' title='bbox 1084 587 1336 645; x_wconf 88' lang='lat' dir='ltr'><strong>Seniores</strong></span> <span class='ocrx_word' id='word_1_30' title='bbox 1377 605 1506 660; x_wconf 87' lang='lat' dir='ltr'><strong>ergo</strong></span> <span class='ocrx_word' id='word_1_31' title='bbox 1547 589 1637 658; x_wconf 87' lang='lat' dir='ltr'><strong>qui</strong></span> <span class='ocrx_word' id='word_1_32' title='bbox 1683 588 1736 642; x_wconf 94' lang='lat' dir='ltr'><strong>in</strong></span> <span class='ocrx_word' id='word_1_33' title='bbox 1778 589 1928 642; x_wconf 80' lang='lat' dir='ltr'><strong>vobis</strong></span> 
     </span>
    </p>
   </div>
   <div class='ocr_carea' id='block_1_6' title="bbox 352 677 1929 747">
    <p class='ocr_par' dir='ltr' id='par_1_6' title="bbox 352 677 1929 747">
     <span class='ocr_line' id='line_1_6' title="bbox 352 677 1929 747; baseline -0.004 -9"><span class='ocrx_word' id='word_1_34' title='bbox 352 688 480 738; x_wconf 91' lang='lat' dir='ltr'><strong>sunt</strong></span> <span class='ocrx_word' id='word_1_35' title='bbox 503 680 750 745; x_wconf 89' lang='lat' dir='ltr'><strong>obsecro,</strong></span> <span class='ocrx_word' id='word_1_36' title='bbox 774 677 1057 732; x_wconf 91' lang='lat' dir='ltr'><strong>consenior</strong></span> <span class='ocrx_word' id='word_1_37' title='bbox 1079 677 1133 731; x_wconf 79' lang='lat' dir='ltr'><strong>et</strong></span> <span class='ocrx_word' id='word_1_38' title='bbox 1155 678 1268 747; x_wconf 90' lang='lat' dir='ltr'><strong>ipse</strong></span> <span class='ocrx_word' id='word_1_39' title='bbox 1301 679 1452 733; x_wconf 87' lang='lat' dir='ltr'><strong>testis</strong></span> <span class='ocrx_word' id='word_1_40' title='bbox 1486 677 1685 733; x_wconf 87' lang='lat' dir='ltr'><strong>Christi</strong></span> <span class='ocrx_word' id='word_1_41' title='bbox 1728 678 1929 747; x_wconf 84' lang='lat' dir='ltr'><strong>passio—</strong></span> 
     </span>
    </p>
   </div>
   <div class='ocr_carea' id='block_1_7' title="bbox 353 756 1937 840">
    <p class='ocr_par' dir='ltr' id='par_1_7' title="bbox 353 756 1937 840">
     <span class='ocr_line' id='line_1_7' title="bbox 353 756 1937 840; baseline -0.002 -15"><span class='ocrx_word' id='word_1_42' title='bbox 353 784 505 836; x_wconf 87' lang='lat' dir='ltr'><strong>num,</strong></span> <span class='ocrx_word' id='word_1_43' title='bbox 531 769 624 840; x_wconf 86' lang='lat' dir='ltr'><strong>qui</strong></span> <span class='ocrx_word' id='word_1_44' title='bbox 649 776 703 824; x_wconf 91' lang='lat' dir='ltr'><strong>et</strong></span> <span class='ocrx_word' id='word_1_45' title='bbox 726 766 842 837; x_wconf 85' lang='lat' dir='ltr'><strong>ejus</strong></span> <span class='ocrx_word' id='word_1_46' title='bbox 866 779 1003 838; x_wconf 70' lang='lat' dir='ltr'><strong>qute&#39;</strong></span> <span class='ocrx_word' id='word_1_47' title='bbox 1028 768 1081 822; x_wconf 92' lang='lat' dir='ltr'><strong>in</strong></span> <span class='ocrx_word' id='word_1_48' title='bbox 1119 767 1300 823; x_wconf 91' lang='lat' dir='ltr'><strong>futuro</strong></span> <span class='ocrx_word' id='word_1_49' title='bbox 1340 768 1622 824; x_wconf 84' lang='lat' dir='ltr'><strong>revelanda</strong></span> <span class='ocrx_word' id='word_1_50' title='bbox 1651 778 1733 823; x_wconf 91' lang='lat' dir='ltr'><strong>est</strong></span> <span class='ocrx_word' id='word_1_51' title='bbox 1758 756 1937 840; x_wconf 78' lang='lat' dir='ltr'><strong>gloria</strong></span> 
     </span>
    </p>
   </div>
   <div class='ocr_carea' id='block_1_8' title="bbox 352 860 1923 933">
    <p class='ocr_par' dir='ltr' id='par_1_8' title="bbox 352 860 1923 933">
     <span class='ocr_line' id='line_1_8' title="bbox 352 860 1923 933; baseline -0.001 -14"><span class='ocrx_word' id='word_1_52' title='bbox 352 862 781 919; x_wconf 89' lang='lat' dir='ltr'><strong>communicator</strong></span> <span class='ocrx_word' id='word_1_53' title='bbox 809 877 822 914; x_wconf 92' lang='lat'>:</span> <span class='ocrx_word' id='word_1_54' title='bbox 848 860 1053 930; x_wconf 87' lang='lat' dir='ltr'><strong>pascite</strong></span> <span class='ocrx_word' id='word_1_55' title='bbox 1087 862 1177 930; x_wconf 88' lang='lat' dir='ltr'><strong>qui</strong></span> <span class='ocrx_word' id='word_1_56' title='bbox 1209 863 1262 915; x_wconf 89' lang='lat' dir='ltr'><strong>in</strong></span> <span class='ocrx_word' id='word_1_57' title='bbox 1291 861 1441 917; x_wconf 81' lang='lat' dir='ltr'><strong>vobis</strong></span> <span class='ocrx_word' id='word_1_58' title='bbox 1464 873 1547 918; x_wconf 89' lang='lat' dir='ltr'><strong>est</strong></span> <span class='ocrx_word' id='word_1_59' title='bbox 1574 877 1786 933; x_wconf 80' lang='lat' dir='ltr'><strong>gregem</strong></span> <span class='ocrx_word' id='word_1_60' title='bbox 1808 865 1923 930; x_wconf 94' lang='lat' dir='ltr'><strong>Dei,</strong></span> 
     </span>
    </p>
   </div>
   <div class='ocr_carea' id='block_1_9' title="bbox 351 952 1924 1026">
    <p class='ocr_par' dir='ltr' id='par_1_9' title="bbox 351 952 1924 1026">
     <span class='ocr_line' id='line_1_9' title="bbox 351 952 1924 1026; baseline -0.001 -16"><span class='ocrx_word' id='word_1_61' title='bbox 351 954 694 1026; x_wconf 82' lang='lat' dir='ltr'><strong>providentes</strong></span> <span class='ocrx_word' id='word_1_62' title='bbox 738 967 845 1007; x_wconf 89' lang='lat' dir='ltr'><strong>non</strong></span> <span class='ocrx_word' id='word_1_63' title='bbox 887 959 1100 1017; x_wconf 89' lang='lat' dir='ltr'><strong>coacte,</strong></span> <span class='ocrx_word' id='word_1_64' title='bbox 1152 952 1248 1007; x_wconf 90' lang='lat' dir='ltr'><strong>sed</strong></span> <span class='ocrx_word' id='word_1_65' title='bbox 1286 960 1580 1022; x_wconf 84' lang='lat' dir='ltr'><strong>spontanee</strong></span> <span class='ocrx_word' id='word_1_66' title='bbox 1631 953 1924 1008; x_wconf 88' lang='lat' dir='ltr'><strong>secundum</strong></span> 
     </span>
    </p>
   </div>
   <div class='ocr_carea' id='block_1_10' title="bbox 352 1039 1922 1109">
    <p class='ocr_par' dir='ltr' id='par_1_10' title="bbox 352 1039 1922 1109">
     <span class='ocr_line' id='line_1_10' title="bbox 352 1039 1922 1109; baseline -0.001 -11"><span class='ocrx_word' id='word_1_67' title='bbox 352 1044 560 1106; x_wconf 80' lang='lat' dir='ltr'><strong>Deum;</strong></span> <span class='ocrx_word' id='word_1_68' title='bbox 591 1054 767 1109; x_wconf 89' lang='lat' dir='ltr'><strong>neque</strong></span> <span class='ocrx_word' id='word_1_69' title='bbox 807 1040 981 1108; x_wconf 82' lang='lat' dir='ltr'><strong>turpis</strong></span> <span class='ocrx_word' id='word_1_70' title='bbox 1026 1039 1161 1094; x_wconf 92' lang='lat' dir='ltr'><strong>lucri</strong></span> <span class='ocrx_word' id='word_1_71' title='bbox 1210 1040 1413 1109; x_wconf 88' lang='lat' dir='ltr'><strong>gratia,</strong></span> <span class='ocrx_word' id='word_1_72' title='bbox 1461 1041 1554 1096; x_wconf 92' lang='lat' dir='ltr'><strong>sed</strong></span> <span class='ocrx_word' id='word_1_73' title='bbox 1595 1041 1922 1107; x_wconf 83' lang='lat' dir='ltr'><strong>voluntarie;</strong></span> 
     </span>
    </p>
   </div>
   <div class='ocr_carea' id='block_1_11' title="bbox 353 1111 1926 1204">
    <p class='ocr_par' dir='ltr' id='par_1_11' title="bbox 353 1111 1926 1204">
     <span class='ocr_line' id='line_1_11' title="bbox 353 1111 1926 1204; baseline 0.002 -18"><span class='ocrx_word' id='word_1_74' title='bbox 353 1146 525 1202; x_wconf 90' lang='lat' dir='ltr'><strong>neque</strong></span> <span class='ocrx_word' id='word_1_75' title='bbox 549 1140 609 1185; x_wconf 92' lang='lat' dir='ltr'><strong>ut</strong></span> <span class='ocrx_word' id='word_1_76' title='bbox 632 1111 967 1186; x_wconf 66' lang='lat' dir='ltr'><strong>dominantes</strong></span> <span class='ocrx_word' id='word_1_77' title='bbox 995 1132 1046 1184; x_wconf 93' lang='lat' dir='ltr'><strong>in</strong></span> <span class='ocrx_word' id='word_1_78' title='bbox 1082 1131 1260 1196; x_wconf 90' lang='lat' dir='ltr'><strong>cleris,</strong></span> <span class='ocrx_word' id='word_1_79' title='bbox 1283 1133 1378 1187; x_wconf 92' lang='lat' dir='ltr'><strong>sed</strong></span> <span class='ocrx_word' id='word_1_80' title='bbox 1404 1132 1575 1187; x_wconf 90' lang='lat' dir='ltr'><strong>forma</strong></span> <span class='ocrx_word' id='word_1_81' title='bbox 1598 1132 1721 1187; x_wconf 91' lang='lat' dir='ltr'><strong>facti</strong></span> <span class='ocrx_word' id='word_1_82' title='bbox 1748 1134 1926 1204; x_wconf 80' lang='lat' dir='ltr'><strong>gregis</strong></span> 
     </span>
    </p>
   </div>
   <div class='ocr_carea' id='block_1_12' title="bbox 350 1214 1921 1297">
    <p class='ocr_par' dir='ltr' id='par_1_12' title="bbox 350 1214 1921 1297">
     <span class='ocr_line' id='line_1_12' title="bbox 350 1214 1921 1297; baseline 0.001 -22"><span class='ocrx_word' id='word_1_83' title='bbox 350 1236 418 1275; x_wconf 79' lang='lat' dir='ltr'><strong>ex</strong></span> <span class='ocrx_word' id='word_1_84' title='bbox 459 1221 639 1275; x_wconf 89' lang='lat' dir='ltr'><strong>animo</strong></span> <span class='ocrx_word' id='word_1_85' title='bbox 683 1238 698 1275; x_wconf 87' lang='lat'><strong>:</strong></span> <span class='ocrx_word' id='word_1_86' title='bbox 735 1228 791 1277; x_wconf 91' lang='lat' dir='ltr'><strong>et</strong></span> <span class='ocrx_word' id='word_1_87' title='bbox 826 1235 948 1275; x_wconf 90' lang='lat' dir='ltr'><strong>cum</strong></span> <span class='ocrx_word' id='word_1_88' title='bbox 985 1214 1584 1297; x_wconf 70' lang='lat' dir='ltr'><strong>apparuerit&#39;priuceps</strong></span> <span class='ocrx_word' id='word_1_89' title='bbox 1625 1231 1921 1292; x_wconf 83' lang='lat' dir='ltr'><strong>pastorum,</strong></span> 
     </span>
    </p>
   </div>
   <div class='ocr_carea' id='block_1_13' title="bbox 350 1309 1919 1382">
    <p class='ocr_par' dir='ltr' id='par_1_13' title="bbox 350 1309 1919 1382">
     <span class='ocr_line' id='line_1_13' title="bbox 350 1309 1919 1382; baseline -0.001 -16"><span class='ocrx_word' id='word_1_90' title='bbox 350 1312 660 1382; x_wconf 88' lang='lat' dir='ltr'><strong>percipietis</strong></span> <span class='ocrx_word' id='word_1_91' title='bbox 683 1311 1184 1366; x_wconf 89' lang='lat' dir='ltr'><strong>immarceseibilem</strong></span> <span class='ocrx_word' id='word_1_92' title='bbox 1208 1311 1389 1381; x_wconf 84' lang='lat' dir='ltr'><strong>gloriae</strong></span> <span class='ocrx_word' id='word_1_93' title='bbox 1411 1327 1665 1367; x_wconf 90' lang='lat' dir='ltr'><strong>coronam</strong></span> <span class='ocrx_word' id='word_1_94' title='bbox 1693 1310 1745 1382; x_wconf 82' lang='grc' dir='ltr'><strong>(ι</strong></span> <span class='ocrx_word' id='word_1_95' title='bbox 1774 1309 1919 1380; x_wconf 73' lang='lat' dir='ltr'><strong>Petr.</strong></span> 
     </span>
    </p>
   </div>
   <div class='ocr_carea' id='block_1_14' title="bbox 351 1403 496 1474">
    <p class='ocr_par' dir='ltr' id='par_1_14' title="bbox 351 1403 496 1474">
     <span class='ocr_line' id='line_1_14' title="bbox 351 1403 496 1474; baseline 0.007 -18"><span class='ocrx_word' id='word_1_96' title='bbox 351 1403 429 1474; x_wconf 92' lang='lat' dir='ltr'><strong>v).</strong></span> <span class='ocrx_word' id='word_1_97' title='bbox 473 1421 496 1467; x_wconf 61' lang='grc' dir='ltr'><em>η</em></span> 
     </span>
    </p>
   </div>
   <div class='ocr_carea' id='block_1_15' title="bbox 475 1476 1380 1547">
    <p class='ocr_par' dir='ltr' id='par_1_15' title="bbox 475 1476 1380 1547">
     <span class='ocr_line' id='line_1_15' title="bbox 475 1476 1380 1547; baseline 0.001 -1"><span class='ocrx_word' id='word_1_98' title='bbox 475 1476 486 1499; x_wconf 83' lang='grc'><em>¹</em></span> <span class='ocrx_word' id='word_1_99' title='bbox 898 1490 1127 1547; x_wconf 83' lang='lat' dir='ltr'><strong>CAPUT</strong></span> <span class='ocrx_word' id='word_1_100' title='bbox 1166 1491 1380 1547; x_wconf 79' lang='lat' dir='ltr'><strong>xxxv.</strong></span> 
     </span>
    </p>
   </div>
   <div class='ocr_carea' id='block_1_16' title="bbox 350 1577 1917 1654">
    <p class='ocr_par' dir='ltr' id='par_1_16' title="bbox 350 1577 1917 1654">
     <span class='ocr_line' id='line_1_16' title="bbox 350 1577 1917 1654; baseline 0.001 -21"><span class='ocrx_word' id='word_1_101' title='bbox 350 1577 602 1654; x_wconf 78' lang='lat' dir='ltr'><strong>Exemplo</strong></span> <span class='ocrx_word' id='word_1_102' title='bbox 640 1580 1281 1654; x_wconf 69' lang='lat' dir='ltr'><strong>Recltebitarunt__40ce_tur</strong></span> <span class='ocrx_word' id='word_1_103' title='bbox 1299 1580 1518 1654; x_wconf 71' lang='lat' dir='ltr'><strong>populus</strong></span> <span class='ocrx_word' id='word_1_104' title='bbox 1554 1582 1917 1654; x_wconf 71' lang='lat' dir='ltr'><strong>obedientiam,</strong></span> 
     </span>
    </p>
   </div>
   <div class='ocr_carea' id='block_1_17' title="bbox 556 1649 1705 1720">
    <p class='ocr_par' dir='ltr' id='par_1_17' title="bbox 556 1649 1705 1720">
     <span class='ocr_line' id='line_1_17' title="bbox 556 1649 1705 1720; baseline -0.001 -15"><span class='ocrx_word' id='word_1_105' title='bbox 556 1659 609 1705; x_wconf 82' lang='lat' dir='ltr'><strong>et</strong></span> <span class='ocrx_word' id='word_1_106' title='bbox 646 1651 968 1720; x_wconf 77' lang='lat' dir='ltr'><strong>promittitur</strong></span> <span class='ocrx_word' id='word_1_107' title='bbox 993 1650 1117 1718; x_wconf 82' lang='lat' dir='ltr'><strong>ﬁliis</strong></span> <span class='ocrx_word' id='word_1_108' title='bbox 1160 1649 1374 1704; x_wconf 23' lang='lat' dir='ltr'><strong>Seclt&#39;ab‘</strong></span> <span class='ocrx_word' id='word_1_109' title='bbox 1406 1650 1705 1704; x_wconf 78' lang='lat' dir='ltr'><strong>benedictio.</strong></span> 
     </span>
    </p>
   </div>
   <div class='ocr_carea' id='block_1_18' title="bbox 425 1740 1919 1831">
    <p class='ocr_par' dir='ltr' id='par_1_18' title="bbox 425 1740 1919 1831">
     <span class='ocr_line' id='line_1_18' title="bbox 425 1740 1919 1831; baseline 0.003 -18"><span class='ocrx_word' id='word_1_110' title='bbox 425 1781 443 1813; x_wconf 75' lang='grc' dir='ltr'>ι</span> <span class='ocrx_word' id='word_1_111' title='bbox 472 1761 707 1818; x_wconf 76' lang='lat' dir='ltr'><strong>Verbum</strong></span> <span class='ocrx_word' id='word_1_112' title='bbox 728 1762 872 1831; x_wconf 90' lang='lat' dir='ltr'><strong>quod</strong></span> <span class='ocrx_word' id='word_1_113' title='bbox 891 1761 1091 1816; x_wconf 89' lang='lat' dir='ltr'><strong>factum</strong></span> <span class='ocrx_word' id='word_1_114' title='bbox 1120 1768 1201 1817; x_wconf 91' lang='lat' dir='ltr'><strong>est</strong></span> <span class='ocrx_word' id='word_1_115' title='bbox 1224 1761 1289 1815; x_wconf 93' lang='lat' dir='ltr'><strong>ad</strong></span> <span class='ocrx_word' id='word_1_116' title='bbox 1316 1759 1602 1815; x_wconf 87' lang='lat' dir='ltr'><strong>Ieremiam</strong></span> <span class='ocrx_word' id='word_1_117' title='bbox 1633 1777 1663 1815; x_wconf 90' lang='lat' dir='ltr'><strong>a</strong></span> <span class='ocrx_word' id='word_1_118' title='bbox 1694 1740 1919 1817; x_wconf 82' lang='lat' dir='ltr'><strong>Domino</strong></span> 
     </span>
    </p>
   </div>
   <div class='ocr_carea' id='block_1_19' title="bbox 2029 587 3597 660">
    <p class='ocr_par' dir='ltr' id='par_1_19' title="bbox 2029 587 3597 660">
     <span class='ocr_line' id='line_1_19' title="bbox 2029 587 3597 660; baseline 0.007 -21"><span class='ocrx_word' id='word_1_119' title='bbox 2029 587 2309 651; x_wconf 87' lang='lat' dir='ltr'><strong>Dominus,</strong></span> <span class='ocrx_word' id='word_1_120' title='bbox 2334 588 2479 656; x_wconf 89' lang='lat' dir='ltr'><strong>quod</strong></span> <span class='ocrx_word' id='word_1_121' title='bbox 2524 603 2628 641; x_wconf 88' lang='lat' dir='ltr'><strong>non</strong></span> <span class='ocrx_word' id='word_1_122' title='bbox 2659 589 2874 643; x_wconf 86' lang='lat' dir='ltr'><strong>deﬁciat</strong></span> <span class='ocrx_word' id='word_1_123' title='bbox 2918 591 3001 644; x_wconf 86' lang='lat' dir='ltr'><strong>vir</strong></span> <span class='ocrx_word' id='word_1_124' title='bbox 3042 592 3108 645; x_wconf 90' lang='lat' dir='ltr'><strong>de</strong></span> <span class='ocrx_word' id='word_1_125' title='bbox 3155 594 3320 660; x_wconf 85' lang='lat' dir='ltr'><strong>stirpe</strong></span> <span class='ocrx_word' id='word_1_126' title='bbox 3353 591 3597 650; x_wconf 87' lang='lat' dir='ltr'><strong>Ionadab</strong></span> 
     </span>
    </p>
   </div>
   <div class='ocr_carea' id='block_1_20' title="bbox 2030 674 3592 748">
    <p class='ocr_par' dir='ltr' id='par_1_20' title="bbox 2030 674 3592 748">
     <span class='ocr_line' id='line_1_20' title="bbox 2030 674 3592 748; baseline 0.006 -20"><span class='ocrx_word' id='word_1_127' title='bbox 2030 674 2122 729; x_wconf 87' lang='lat' dir='ltr'><strong>ﬁlii</strong></span> <span class='ocrx_word' id='word_1_128' title='bbox 2166 675 2402 741; x_wconf 81' lang='lat' dir='ltr'><strong>Rechab,</strong></span> <span class='ocrx_word' id='word_1_129' title='bbox 2430 685 2580 732; x_wconf 89' lang='lat' dir='ltr'><strong>stans</strong></span> <span class='ocrx_word' id='word_1_130' title='bbox 2606 677 2658 731; x_wconf 91' lang='lat' dir='ltr'><strong>in</strong></span> <span class='ocrx_word' id='word_1_131' title='bbox 2687 686 2977 748; x_wconf 88' lang='lat' dir='ltr'><strong>conspectu</strong></span> <span class='ocrx_word' id='word_1_132' title='bbox 3016 694 3112 734; x_wconf 93' lang='lat' dir='ltr'><strong>suo</strong></span> <span class='ocrx_word' id='word_1_133' title='bbox 3139 683 3347 737; x_wconf 84' lang='lat' dir='ltr'><strong>cunctis</strong></span> <span class='ocrx_word' id='word_1_134' title='bbox 3385 682 3592 739; x_wconf 91' lang='lat' dir='ltr'><strong>diebus.</strong></span> 
     </span>
    </p>
   </div>
   <div class='ocr_carea' id='block_1_21' title="bbox 2028 765 3596 846">
    <p class='ocr_par' dir='ltr' id='par_1_21' title="bbox 2028 765 3596 846">
     <span class='ocr_line' id='line_1_21' title="bbox 2028 765 3596 846; baseline 0.009 -27"><span class='ocrx_word' id='word_1_135' title='bbox 2028 765 2249 836; x_wconf 83' lang='lat' dir='ltr'><strong>Mystice</strong></span> <span class='ocrx_word' id='word_1_136' title='bbox 2277 776 2452 822; x_wconf 90' lang='lat' dir='ltr'><strong>autem</strong></span> <span class='ocrx_word' id='word_1_137' title='bbox 2480 769 2567 824; x_wconf 81' lang='lat' dir='ltr'><strong>isti</strong></span> <span class='ocrx_word' id='word_1_138' title='bbox 2592 769 2901 826; x_wconf 74' lang='lat' dir='ltr'><strong>Rechabitze</strong></span> <span class='ocrx_word' id='word_1_139' title='bbox 2928 774 3233 845; x_wconf 90' lang='lat' dir='ltr'><strong>signiﬁcant</strong></span> <span class='ocrx_word' id='word_1_140' title='bbox 3256 791 3349 831; x_wconf 90' lang='lat' dir='ltr'><strong>eos</strong></span> <span class='ocrx_word' id='word_1_141' title='bbox 3391 778 3481 846; x_wconf 90' lang='lat' dir='ltr'><strong>qui</strong></span> <span class='ocrx_word' id='word_1_142' title='bbox 3505 780 3596 833; x_wconf 83' lang='lat' dir='ltr'><strong>dc-</strong></span> 
     </span>
    </p>
   </div>
   <div class='ocr_carea' id='block_1_22' title="bbox 2027 855 3597 936">
    <p class='ocr_par' dir='ltr' id='par_1_22' title="bbox 2027 855 3597 936">
     <span class='ocr_line' id='line_1_22' title="bbox 2027 855 3597 936; baseline 0.006 -25"><span class='ocrx_word' id='word_1_143' title='bbox 2027 856 2228 911; x_wconf 88' lang='lat' dir='ltr'><strong>siderio</strong></span> <span class='ocrx_word' id='word_1_144' title='bbox 2276 855 2625 926; x_wconf 81' lang='lat' dir='ltr'><strong>perfectionis</strong></span> <span class='ocrx_word' id='word_1_145' title='bbox 2654 861 2872 915; x_wconf 89' lang='lat' dir='ltr'><strong>arctiori</strong></span> <span class='ocrx_word' id='word_1_146' title='bbox 2902 862 3011 916; x_wconf 82' lang='lat' dir='ltr'><strong>vita</strong></span> <span class='ocrx_word' id='word_1_147' title='bbox 3047 865 3433 919; x_wconf 89' lang='lat' dir='ltr'><strong>transcendunt</strong></span> <span class='ocrx_word' id='word_1_148' title='bbox 3463 865 3597 936; x_wconf 89' lang='lat' dir='ltr'><strong>legis</strong></span> 
     </span>
    </p>
   </div>
   <div class='ocr_carea' id='block_1_23' title="bbox 2027 950 3594 1028">
    <p class='ocr_par' dir='ltr' id='par_1_23' title="bbox 2027 950 3594 1028">
     <span class='ocr_line' id='line_1_23' title="bbox 2027 950 3594 1028; baseline 0.006 -25"><span class='ocrx_word' id='word_1_149' title='bbox 2027 950 2316 1005; x_wconf 89' lang='lat' dir='ltr'><strong>mandata:</strong></span> <span class='ocrx_word' id='word_1_150' title='bbox 2358 951 2511 1020; x_wconf 87' lang='lat' dir='ltr'><strong>juxta</strong></span> <span class='ocrx_word' id='word_1_151' title='bbox 2550 951 2602 1005; x_wconf 88' lang='lat' dir='ltr'><strong>id</strong></span> <span class='ocrx_word' id='word_1_152' title='bbox 2630 953 2774 1021; x_wconf 92' lang='lat' dir='ltr'><strong>quod</strong></span> <span class='ocrx_word' id='word_1_153' title='bbox 2830 954 2932 1008; x_wconf 88' lang='lat' dir='ltr'><strong>sibi</strong></span> <span class='ocrx_word' id='word_1_154' title='bbox 2963 955 3235 1026; x_wconf 81' lang='lat' dir='ltr'><strong>Evangelii</strong></span> <span class='ocrx_word' id='word_1_155' title='bbox 3266 957 3513 1028; x_wconf 83' lang='lat' dir='ltr'><strong>dogmata</strong></span> <span class='ocrx_word' id='word_1_156' title='bbox 3545 969 3594 1013; x_wconf 82' lang='lat' dir='ltr'><strong>et</strong></span> 
     </span>
    </p>
   </div>
   <div class='ocr_carea' id='block_1_24' title="bbox 2025 1040 3592 1120">
    <p class='ocr_par' dir='ltr' id='par_1_24' title="bbox 2025 1040 3592 1120">
     <span class='ocr_line' id='line_1_24' title="bbox 2025 1040 3592 1120; baseline 0.006 -26"><span class='ocrx_word' id='word_1_157' title='bbox 2025 1040 2330 1109; x_wconf 86' lang='lat' dir='ltr'><strong>Apostolica</strong></span> <span class='ocrx_word' id='word_1_158' title='bbox 2370 1041 2647 1096; x_wconf 91' lang='lat' dir='ltr'><strong>insinuant</strong></span> <span class='ocrx_word' id='word_1_159' title='bbox 2682 1045 2945 1117; x_wconf 81' lang='lat' dir='ltr'><strong>exempla.</strong></span> <span class='ocrx_word' id='word_1_160' title='bbox 3001 1045 3135 1101; x_wconf 85' lang='lat' dir='ltr'><strong>Iusti</strong></span> <span class='ocrx_word' id='word_1_161' title='bbox 3183 1049 3348 1114; x_wconf 92' lang='lat' dir='ltr'><strong>enim,</strong></span> <span class='ocrx_word' id='word_1_162' title='bbox 3398 1050 3592 1120; x_wconf 74' lang='lat' dir='ltr'><strong>quibus</strong></span> 
     </span>
    </p>
   </div>
   <div class='ocr_carea' id='block_1_25' title="bbox 2026 1130 3594 1213">
    <p class='ocr_par' dir='ltr' id='par_1_25' title="bbox 2026 1130 3594 1213">
     <span class='ocr_line' id='line_1_25' title="bbox 2026 1130 3594 1213; baseline 0.008 -30"><span class='ocrx_word' id='word_1_163' title='bbox 2026 1130 2107 1186; x_wconf 78' lang='lat' dir='ltr'><strong>lex</strong></span> <span class='ocrx_word' id='word_1_164' title='bbox 2134 1147 2249 1213; x_wconf 28' lang='lat' dir='ltr'><strong>‘non</strong></span> <span class='ocrx_word' id='word_1_165' title='bbox 2273 1142 2357 1187; x_wconf 91' lang='lat' dir='ltr'><strong>est</strong></span> <span class='ocrx_word' id='word_1_166' title='bbox 2380 1132 2575 1202; x_wconf 90' lang='lat' dir='ltr'><strong>posita,</strong></span> <span class='ocrx_word' id='word_1_167' title='bbox 2600 1134 2680 1187; x_wconf 88' lang='lat' dir='ltr'><strong>sic</strong></span> <span class='ocrx_word' id='word_1_168' title='bbox 2713 1136 3029 1204; x_wconf 86' lang='lat' dir='ltr'><strong>probantur,</strong></span> <span class='ocrx_word' id='word_1_169' title='bbox 3055 1155 3158 1192; x_wconf 91' lang='lat' dir='ltr'><strong>non</strong></span> <span class='ocrx_word' id='word_1_170' title='bbox 3186 1154 3306 1194; x_wconf 88' lang='lat' dir='ltr'><strong>esse</strong></span> <span class='ocrx_word' id='word_1_171' title='bbox 3335 1141 3434 1196; x_wconf 90' lang='lat' dir='ltr'><strong>sub</strong></span> <span class='ocrx_word' id='word_1_172' title='bbox 3457 1141 3594 1213; x_wconf 86' lang='lat' dir='ltr'><strong>lege,</strong></span> 
     </span>
    </p>
   </div>
   <div class='ocr_carea' id='block_1_26' title="bbox 2024 1206 3592 1296">
    <p class='ocr_par' dir='ltr' id='par_1_26' title="bbox 2024 1206 3592 1296">
     <span class='ocr_line' id='line_1_26' title="bbox 2024 1206 3592 1296; baseline 0.008 -21"><span class='ocrx_word' id='word_1_173' title='bbox 2024 1230 2083 1275; x_wconf 91' lang='lat' dir='ltr'><strong>ut</strong></span> <span class='ocrx_word' id='word_1_174' title='bbox 2106 1206 2341 1290; x_wconf 83' lang='lat' dir='ltr'><strong>justitias</strong></span> <span class='ocrx_word' id='word_1_175' title='bbox 2389 1223 2524 1295; x_wconf 90' lang='lat' dir='ltr'><strong>legis</strong></span> <span class='ocrx_word' id='word_1_176' title='bbox 2565 1240 2669 1279; x_wconf 90' lang='lat' dir='ltr'><strong>non</strong></span> <span class='ocrx_word' id='word_1_177' title='bbox 2716 1225 2886 1279; x_wconf 89' lang='lat' dir='ltr'><strong>solum</strong></span> <span class='ocrx_word' id='word_1_178' title='bbox 2920 1228 3164 1296; x_wconf 88' lang='lat' dir='ltr'><strong>implere,</strong></span> <span class='ocrx_word' id='word_1_179' title='bbox 3195 1245 3384 1284; x_wconf 86' lang='lat' dir='ltr'><strong>verum</strong></span> <span class='ocrx_word' id='word_1_180' title='bbox 3427 1233 3592 1288; x_wconf 88' lang='lat' dir='ltr'><strong>etiam</strong></span> 
     </span>
    </p>
   </div>
   <div class='ocr_carea' id='block_1_27' title="bbox 2023 1312 3593 1390">
    <p class='ocr_par' dir='ltr' id='par_1_27' title="bbox 2023 1312 3593 1390">
     <span class='ocr_line' id='line_1_27' title="bbox 2023 1312 3593 1390; baseline 0.006 -26"><span class='ocrx_word' id='word_1_181' title='bbox 2023 1326 2279 1381; x_wconf 90' lang='lat' dir='ltr'><strong>superare</strong></span> <span class='ocrx_word' id='word_1_182' title='bbox 2313 1312 2685 1366; x_wconf 78' lang='lat' dir='ltr'><strong>contendant.</strong></span> <span class='ocrx_word' id='word_1_183' title='bbox 2734 1313 2907 1382; x_wconf 89' lang='lat' dir='ltr'><strong>sitque</strong></span> <span class='ocrx_word' id='word_1_184' title='bbox 2950 1315 3160 1370; x_wconf 76' lang='lat' dir='ltr'><strong>deretio</strong></span> <span class='ocrx_word' id='word_1_185' title='bbox 3203 1332 3389 1372; x_wconf 90' lang='lat' dir='ltr'><strong>eorum</strong></span> <span class='ocrx_word' id='word_1_186' title='bbox 3436 1319 3593 1390; x_wconf 78' lang='lat' dir='ltr'><strong>legali</strong></span> 
     </span>
    </p>
   </div>
   <div class='ocr_carea' id='block_1_28' title="bbox 2024 1400 3599 1483">
    <p class='ocr_par' dir='ltr' id='par_1_28' title="bbox 2024 1400 3599 1483">
     <span class='ocr_line' id='line_1_28' title="bbox 2024 1400 3599 1483; baseline 0.006 -29"><span class='ocrx_word' id='word_1_187' title='bbox 2024 1400 2194 1470; x_wconf 83' lang='lat' dir='ltr'><strong>major</strong></span> <span class='ocrx_word' id='word_1_188' title='bbox 2216 1401 2462 1472; x_wconf 87' lang='lat' dir='ltr'><strong>imperio,</strong></span> <span class='ocrx_word' id='word_1_189' title='bbox 2495 1418 2613 1472; x_wconf 67' lang='lat' dir='ltr'><strong>quae</strong></span> <span class='ocrx_word' id='word_1_190' title='bbox 2652 1403 3053 1460; x_wconf 86' lang='lat' dir='ltr'><strong>observantiam</strong></span> <span class='ocrx_word' id='word_1_191' title='bbox 3097 1408 3376 1483; x_wconf 86' lang='lat' dir='ltr'><strong>cumulans</strong></span> <span class='ocrx_word' id='word_1_192' title='bbox 3398 1425 3599 1480; x_wconf 70' lang='lat' dir='ltr'><strong>prtece-</strong></span> 
     </span>
    </p>
   </div>
   <div class='ocr_carea' id='block_1_29' title="bbox 2022 1480 3597 1569">
    <p class='ocr_par' dir='ltr' id='par_1_29' title="bbox 2022 1480 3597 1569">
     <span class='ocr_line' id='line_1_29' title="bbox 2022 1480 3597 1569; baseline 0.007 -26"><span class='ocrx_word' id='word_1_193' title='bbox 2022 1480 2238 1561; x_wconf 85' lang='lat' dir='ltr'><strong>ptornm</strong></span> <span class='ocrx_word' id='word_1_194' title='bbox 2277 1492 2575 1547; x_wconf 90' lang='lat' dir='ltr'><strong>voluntaria</strong></span> <span class='ocrx_word' id='word_1_195' title='bbox 2603 1493 2763 1549; x_wconf 88' lang='lat' dir='ltr'><strong>addat</strong></span> <span class='ocrx_word' id='word_1_196' title='bbox 2788 1495 2854 1548; x_wconf 88' lang='lat' dir='ltr'><strong>ad</strong></span> <span class='ocrx_word' id='word_1_197' title='bbox 2898 1496 3097 1551; x_wconf 88' lang='lat' dir='ltr'><strong>debita.</strong></span> <span class='ocrx_word' id='word_1_198' title='bbox 3144 1497 3219 1551; x_wconf 90' lang='lat' dir='ltr'><strong>Ita</strong></span> <span class='ocrx_word' id='word_1_199' title='bbox 3268 1480 3502 1569; x_wconf 85' lang='lat' dir='ltr'><strong>namque</strong></span> <span class='ocrx_word' id='word_1_200' title='bbox 3541 1509 3597 1555; x_wconf 88' lang='lat' dir='ltr'><strong>et</strong></span> 
     </span>
    </p>
   </div>
   <div class='ocr_carea' id='block_1_30' title="bbox 2021 1580 3599 1659">
    <p class='ocr_par' dir='ltr' id='par_1_30' title="bbox 2021 1580 3599 1659">
     <span class='ocr_line' id='line_1_30' title="bbox 2021 1580 3599 1659; baseline 0.006 -25"><span class='ocrx_word' id='word_1_201' title='bbox 2021 1580 2295 1659; x_wconf 75' lang='lat' dir='ltr'><strong>Abraham</strong></span> <span class='ocrx_word' id='word_1_202' title='bbox 2327 1580 2519 1637; x_wconf 70' lang='lat' dir='ltr'><strong>futura:</strong></span> <span class='ocrx_word' id='word_1_203' title='bbox 2561 1583 2694 1654; x_wconf 79' lang='lat' dir='ltr'><strong>legis</strong></span> <span class='ocrx_word' id='word_1_204' title='bbox 2738 1596 3005 1655; x_wconf 69' lang='lat' dir='ltr'><strong>prmcepta</strong></span> <span class='ocrx_word' id='word_1_205' title='bbox 3036 1587 3259 1658; x_wconf 79' lang='lat' dir='ltr'><strong>legimus</strong></span> <span class='ocrx_word' id='word_1_206' title='bbox 3291 1604 3599 1659; x_wconf 87' lang='lat' dir='ltr'><strong>supergres-</strong></span> 
     </span>
    </p>
   </div>
   <div class='ocr_carea' id='block_1_31' title="bbox 2022 1654 3598 1748">
    <p class='ocr_par' dir='ltr' id='par_1_31' title="bbox 2022 1654 3598 1748">
     <span class='ocr_line' id='line_1_31' title="bbox 2022 1654 3598 1748; baseline 0.005 -22"><span class='ocrx_word' id='word_1_207' title='bbox 2022 1654 2162 1734; x_wconf 76' lang='lat' dir='ltr'><strong>sum,</strong></span> <span class='ocrx_word' id='word_1_208' title='bbox 2196 1687 2318 1725; x_wconf 89' lang='lat' dir='ltr'><strong>cum</strong></span> <span class='ocrx_word' id='word_1_209' title='bbox 2346 1673 2611 1740; x_wconf 90' lang='lat' dir='ltr'><strong>superatis</strong></span> <span class='ocrx_word' id='word_1_210' title='bbox 2643 1684 2872 1744; x_wconf 89' lang='lat' dir='ltr'><strong>quatuor</strong></span> <span class='ocrx_word' id='word_1_211' title='bbox 2916 1676 3128 1745; x_wconf 88' lang='lat' dir='ltr'><strong>regibus</strong></span> <span class='ocrx_word' id='word_1_212' title='bbox 3171 1679 3237 1733; x_wconf 90' lang='lat' dir='ltr'><strong>de</strong></span> <span class='ocrx_word' id='word_1_213' title='bbox 3263 1679 3447 1748; x_wconf 86' lang='lat' dir='ltr'><strong>spoliis</strong></span> <span class='ocrx_word' id='word_1_214' title='bbox 3497 1679 3598 1734; x_wconf 88' lang='lat' dir='ltr'><strong>So-</strong></span> 
     </span>
    </p>
   </div>
   <div class='ocr_carea' id='block_1_32' title="bbox 2022 1764 3600 1835">
    <p class='ocr_par' dir='ltr' id='par_1_32' title="bbox 2022 1764 3600 1835">
     <span class='ocr_line' id='line_1_32' title="bbox 2022 1764 3600 1835; baseline 0.006 -17"><span class='ocrx_word' id='word_1_215' title='bbox 2022 1764 2322 1831; x_wconf 89' lang='lat' dir='ltr'><strong>domorum,</strong></span> <span class='ocrx_word' id='word_1_216' title='bbox 2358 1781 2477 1835; x_wconf 73' lang='lat' dir='ltr'><strong>qua:</strong></span> <span class='ocrx_word' id='word_1_217' title='bbox 2498 1767 2599 1822; x_wconf 90' lang='lat' dir='ltr'><strong>sibi</strong></span> <span class='ocrx_word' id='word_1_218' title='bbox 2623 1767 2764 1822; x_wconf 90' lang='lat' dir='ltr'><strong>velut</strong></span> <span class='ocrx_word' id='word_1_219' title='bbox 2791 1770 2978 1825; x_wconf 87' lang='lat' dir='ltr'><strong>victori</strong></span> <span class='ocrx_word' id='word_1_220' title='bbox 3007 1786 3111 1825; x_wconf 91' lang='lat' dir='ltr'><strong>non</strong></span> <span class='ocrx_word' id='word_1_221' title='bbox 3140 1771 3408 1826; x_wconf 89' lang='lat' dir='ltr'><strong>immerito</strong></span> <span class='ocrx_word' id='word_1_222' title='bbox 3437 1772 3600 1828; x_wconf 86' lang='lat' dir='ltr'><strong>debe-</strong></span> 
     </span>
    </p>
   </div>
   <div class='ocr_carea' id='block_1_33' title="bbox 352 1836 3600 1935">
    <p class='ocr_par' dir='ltr' id='par_1_33' title="bbox 352 1836 3600 1935">
     <span class='ocr_line' id='line_1_33' title="bbox 352 1836 3600 1935; baseline 0.004 -33"><span class='ocrx_word' id='word_1_223' title='bbox 352 1869 373 1901; x_wconf 73' lang='grc'><strong>(</strong></span> <span class='ocrx_word' id='word_1_224' title='bbox 405 1850 458 1904; x_wconf 92' lang='lat' dir='ltr'><strong>in</strong></span> <span class='ocrx_word' id='word_1_225' title='bbox 514 1850 701 1905; x_wconf 87' lang='lat' dir='ltr'><strong>diebus</strong></span> <span class='ocrx_word' id='word_1_226' title='bbox 765 1842 1007 1904; x_wconf 88' lang='lat' dir='ltr'><strong>Ioacbitu</strong></span> <span class='ocrx_word' id='word_1_227' title='bbox 1075 1848 1167 1902; x_wconf 91' lang='lat' dir='ltr'><strong>ﬁlii</strong></span> <span class='ocrx_word' id='word_1_228' title='bbox 1213 1846 1372 1902; x_wconf 67' lang='lat' dir='ltr'><strong>Iosim</strong></span> <span class='ocrx_word' id='word_1_229' title='bbox 1420 1849 1564 1918; x_wconf 85' lang='lat' dir='ltr'><strong>regis</strong></span> <span class='ocrx_word' id='word_1_230' title='bbox 1619 1848 1776 1913; x_wconf 86' lang='lat' dir='ltr'><strong>Iuda,</strong></span> <span class='ocrx_word' id='word_1_231' title='bbox 1833 1852 1917 1904; x_wconf 81' lang='lat' dir='ltr'><strong>tli-</strong></span> <span class='ocrx_word' id='word_1_232' title='bbox 1950 1836 1994 1893; x_wconf 78' lang='grc' dir='ltr'><strong><em>Β</em></strong></span> <span class='ocrx_word' id='word_1_233' title='bbox 2022 1853 2237 1918; x_wconf 88' lang='lat' dir='ltr'><strong>bantur,</strong></span> <span class='ocrx_word' id='word_1_234' title='bbox 2270 1862 2326 1909; x_wconf 91' lang='lat' dir='ltr'><strong>et</strong></span> <span class='ocrx_word' id='word_1_235' title='bbox 2374 1855 2588 1923; x_wconf 89' lang='lat' dir='ltr'><strong>quidem</strong></span> <span class='ocrx_word' id='word_1_236' title='bbox 2636 1871 2759 1927; x_wconf 87' lang='lat' dir='ltr'><strong>rege</strong></span> <span class='ocrx_word' id='word_1_237' title='bbox 2795 1856 2909 1927; x_wconf 89' lang='lat' dir='ltr'><strong>ipso</strong></span> <span class='ocrx_word' id='word_1_238' title='bbox 2934 1857 3085 1927; x_wconf 90' lang='lat' dir='ltr'><strong>cujus</strong></span> <span class='ocrx_word' id='word_1_239' title='bbox 3128 1860 3296 1929; x_wconf 88' lang='lat' dir='ltr'><strong>spolia</strong></span> <span class='ocrx_word' id='word_1_240' title='bbox 3341 1861 3600 1935; x_wconf 88' lang='lat' dir='ltr'><strong>retulerat</strong></span> 
     </span>
    </p>
   </div>
   <div class='ocr_carea' id='block_1_34' title="bbox 352 1940 1919 2014">
    <p class='ocr_par' dir='ltr' id='par_1_34' title="bbox 352 1940 1919 2014">
     <span class='ocr_line' id='line_1_34' title="bbox 352 1940 1919 2014; baseline 0.003 -20"><span class='ocrx_word' id='word_1_241' title='bbox 352 1957 527 1998; x_wconf 67' lang='lat' dir='ltr'><strong>«cens</strong></span> <span class='ocrx_word' id='word_1_242' title='bbox 577 1962 590 1996; x_wconf 85' lang='lat'><strong>:</strong></span> <span class='ocrx_word' id='word_1_243' title='bbox 640 1962 659 1994; x_wconf 75' lang='grc' dir='ltr'><strong>ο</strong></span> <span class='ocrx_word' id='word_1_244' title='bbox 709 1941 998 2012; x_wconf 63' lang='grc' dir='ltr'><strong>(Μλωίυό.)</strong></span> <span class='ocrx_word' id='word_1_245' title='bbox 1061 1940 1192 1997; x_wconf 87' lang='lat' dir='ltr'><strong>Cum</strong></span> <span class='ocrx_word' id='word_1_246' title='bbox 1255 1942 1514 2012; x_wconf 87' lang='lat' dir='ltr'><strong>proplteta</strong></span> <span class='ocrx_word' id='word_1_247' title='bbox 1570 1943 1623 1997; x_wconf 91' lang='lat' dir='ltr'><strong>iu</strong></span> <span class='ocrx_word' id='word_1_248' title='bbox 1671 1944 1919 2014; x_wconf 82' lang='lat' dir='ltr'><strong>proximo</strong></span> 
     </span>
    </p>
   </div>
   <div class='ocr_carea' id='block_1_35' title="bbox 346 2022 1918 2109">
    <p class='ocr_par' dir='ltr' id='par_1_35' title="bbox 346 2022 1918 2109">
     <span class='ocr_line' id='line_1_35' title="bbox 346 2022 1918 2109; baseline 0.001 -17"><span class='ocrx_word' id='word_1_249' title='bbox 346 2039 583 2109; x_wconf 87' lang='lat' dir='ltr'><strong>capitulo</strong></span> <span class='ocrx_word' id='word_1_250' title='bbox 620 2024 685 2094; x_wconf 82' lang='lat' dir='ltr'><strong>de</strong></span> <span class='ocrx_word' id='word_1_251' title='bbox 715 2022 977 2092; x_wconf 88' lang='lat' dir='ltr'><strong>Sedechia</strong></span> <span class='ocrx_word' id='word_1_252' title='bbox 1013 2052 1136 2108; x_wconf 87' lang='lat' dir='ltr'><strong>rege</strong></span> <span class='ocrx_word' id='word_1_253' title='bbox 1177 2048 1234 2092; x_wconf 92' lang='lat' dir='ltr'><strong>et</strong></span> <span class='ocrx_word' id='word_1_254' title='bbox 1278 2037 1362 2093; x_wconf 89' lang='lat' dir='ltr'><strong>his</strong></span> <span class='ocrx_word' id='word_1_255' title='bbox 1405 2039 1498 2107; x_wconf 88' lang='lat' dir='ltr'><strong>qui</strong></span> <span class='ocrx_word' id='word_1_256' title='bbox 1529 2039 1628 2093; x_wconf 87' lang='lat' dir='ltr'><strong>sub</strong></span> <span class='ocrx_word' id='word_1_257' title='bbox 1678 2054 1744 2094; x_wconf 91' lang='lat' dir='ltr'><strong>eo</strong></span> <span class='ocrx_word' id='word_1_258' title='bbox 1774 2039 1918 2093; x_wconf 90' lang='lat' dir='ltr'><strong>facta</strong></span> 
     </span>
    </p>
   </div>
   <div class='ocr_carea' id='block_1_36' title="bbox 346 2127 1915 2194">
    <p class='ocr_par' dir='ltr' id='par_1_36' title="bbox 346 2127 1915 2194">
     <span class='ocr_line' id='line_1_36' title="bbox 346 2127 1915 2194; baseline -0.001 -10"><span class='ocrx_word' id='word_1_259' title='bbox 346 2139 473 2186; x_wconf 84' lang='lat' dir='ltr'><strong>sunt</strong></span> <span class='ocrx_word' id='word_1_260' title='bbox 507 2130 1141 2194; x_wconf 81' lang='lat' dir='ltr'><strong>sermonem-habuisset,</strong></span> <span class='ocrx_word' id='word_1_261' title='bbox 1174 2146 1315 2184; x_wconf 91' lang='lat' dir='ltr'><strong>nunc</strong></span> <span class='ocrx_word' id='word_1_262' title='bbox 1362 2138 1539 2184; x_wconf 86' lang='lat' dir='ltr'><strong>autem</strong></span> <span class='ocrx_word' id='word_1_263' title='bbox 1572 2130 1766 2182; x_wconf 88' lang='lat' dir='ltr'><strong>iterum</strong></span> <span class='ocrx_word' id='word_1_264' title='bbox 1789 2127 1915 2182; x_wconf 91' lang='lat' dir='ltr'><strong>Ioa-</strong></span> 
     </span>
    </p>
   </div>
   <div class='ocr_carea' id='block_1_37' title="bbox 346 2222 1915 2296">
    <p class='ocr_par' dir='ltr' id='par_1_37' title="bbox 346 2222 1915 2296">
     <span class='ocr_line' id='line_1_37' title="bbox 346 2222 1915 2296; baseline -0.004 -14"><span class='ocrx_word' id='word_1_265' title='bbox 346 2226 489 2282; x_wconf 85' lang='lat' dir='ltr'><strong>chim</strong></span> <span class='ocrx_word' id='word_1_266' title='bbox 515 2226 607 2280; x_wconf 89' lang='lat' dir='ltr'><strong>ﬁlii</strong></span> <span class='ocrx_word' id='word_1_267' title='bbox 662 2223 823 2281; x_wconf 72' lang='lat' dir='ltr'><strong>Iosite</strong></span> <span class='ocrx_word' id='word_1_268' title='bbox 872 2223 1012 2296; x_wconf 88' lang='lat' dir='ltr'><strong>regis</strong></span> <span class='ocrx_word' id='word_1_269' title='bbox 1065 2222 1200 2278; x_wconf 88' lang='lat' dir='ltr'><strong>Iuda</strong></span> <span class='ocrx_word' id='word_1_270' title='bbox 1255 2232 1497 2294; x_wconf 87' lang='lat' dir='ltr'><strong>tempore</strong></span> <span class='ocrx_word' id='word_1_271' title='bbox 1551 2223 1915 2278; x_wconf 88' lang='lat' dir='ltr'><strong>narrationem</strong></span> 
     </span>
    </p>
   </div>
   <div class='ocr_carea' id='block_1_38' title="bbox 345 2315 1919 2387">
    <p class='ocr_par' dir='ltr' id='par_1_38' title="bbox 345 2315 1919 2387">
     <span class='ocr_line' id='line_1_38' title="bbox 345 2315 1919 2387; baseline -0.003 -14"><span class='ocrx_word' id='word_1_272' title='bbox 345 2326 665 2383; x_wconf 87' lang='lat' dir='ltr'><strong>convertat,</strong></span> <span class='ocrx_word' id='word_1_273' title='bbox 710 2324 861 2387; x_wconf 89' lang='lat' dir='ltr'><strong>patet</strong></span> <span class='ocrx_word' id='word_1_274' title='bbox 886 2315 1149 2386; x_wconf 88' lang='lat' dir='ltr'><strong>profecto,</strong></span> <span class='ocrx_word' id='word_1_275' title='bbox 1200 2316 1325 2385; x_wconf 90' lang='lat' dir='ltr'><strong>quia</strong></span> <span class='ocrx_word' id='word_1_276' title='bbox 1372 2331 1477 2371; x_wconf 88' lang='lat' dir='ltr'><strong>non</strong></span> <span class='ocrx_word' id='word_1_277' title='bbox 1506 2316 1752 2371; x_wconf 90' lang='lat' dir='ltr'><strong>ordinem</strong></span> <span class='ocrx_word' id='word_1_278' title='bbox 1783 2322 1919 2369; x_wconf 81' lang='lat' dir='ltr'><strong>tem-</strong></span> 
     </span>
    </p>
   </div>
   <div class='ocr_carea' id='block_1_39' title="bbox 343 2400 1918 2477">
    <p class='ocr_par' dir='ltr' id='par_1_39' title="bbox 343 2400 1918 2477">
     <span class='ocr_line' id='line_1_39' title="bbox 343 2400 1918 2477; baseline -0.003 -17"><span class='ocrx_word' id='word_1_279' title='bbox 343 2408 490 2477; x_wconf 87' lang='lat' dir='ltr'><strong>poris</strong></span> <span class='ocrx_word' id='word_1_280' title='bbox 514 2407 567 2462; x_wconf 88' lang='lat' dir='ltr'><strong>in</strong></span> <span class='ocrx_word' id='word_1_281' title='bbox 592 2407 901 2463; x_wconf 84' lang='lat' dir='ltr'><strong>narratione</strong></span> <span class='ocrx_word' id='word_1_282' title='bbox 928 2405 1317 2469; x_wconf 87' lang='lat' dir='ltr'><strong>observaverit,</strong></span> <span class='ocrx_word' id='word_1_283' title='bbox 1345 2404 1484 2460; x_wconf 92' lang='lat' dir='ltr'><strong>sicut</strong></span> <span class='ocrx_word' id='word_1_284' title='bbox 1504 2404 1617 2473; x_wconf 90' lang='lat' dir='ltr'><strong>jam</strong></span> <span class='ocrx_word' id='word_1_285' title='bbox 1648 2400 1806 2475; x_wconf 83' lang='lat' dir='ltr'><strong>supra</strong></span> <span class='ocrx_word' id='word_1_286' title='bbox 1838 2404 1918 2457; x_wconf 80' lang='lat' dir='ltr'><strong>tli-</strong></span> 
     </span>
    </p>
   </div>
   <div class='ocr_carea' id='block_1_40' title="bbox 345 2494 1917 2564">
    <p class='ocr_par' dir='ltr' id='par_1_40' title="bbox 345 2494 1917 2564">
     <span class='ocr_line' id='line_1_40' title="bbox 345 2494 1917 2564; baseline 0 -17"><span class='ocrx_word' id='word_1_287' title='bbox 345 2503 492 2551; x_wconf 87' lang='lat' dir='ltr'><strong>ctum</strong></span> <span class='ocrx_word' id='word_1_288' title='bbox 534 2504 637 2560; x_wconf 90' lang='lat' dir='ltr'><strong>est,</strong></span> <span class='ocrx_word' id='word_1_289' title='bbox 692 2497 789 2552; x_wconf 89' lang='lat' dir='ltr'><strong>sed</strong></span> <span class='ocrx_word' id='word_1_290' title='bbox 835 2496 1127 2551; x_wconf 87' lang='lat' dir='ltr'><strong>secundum</strong></span> <span class='ocrx_word' id='word_1_291' title='bbox 1177 2495 1628 2564; x_wconf 82' lang='lat' dir='ltr'><strong>dispensationem</strong></span> <span class='ocrx_word' id='word_1_292' title='bbox 1686 2494 1917 2559; x_wconf 77' lang='lat' dir='ltr'><strong>Spiritus</strong></span> 
     </span>
    </p>
   </div>
   <div class='ocr_carea' id='block_1_41' title="bbox 344 2584 1916 2654">
    <p class='ocr_par' dir='ltr' id='par_1_41' title="bbox 344 2584 1916 2654">
     <span class='ocr_line' id='line_1_41' title="bbox 344 2584 1916 2654; baseline 0.001 -16"><span class='ocrx_word' id='word_1_293' title='bbox 344 2586 533 2650; x_wconf 85' lang='lat' dir='ltr'><strong>sancti,</strong></span> <span class='ocrx_word' id='word_1_294' title='bbox 569 2585 660 2654; x_wconf 87' lang='lat' dir='ltr'><strong>qui</strong></span> <span class='ocrx_word' id='word_1_295' title='bbox 688 2585 742 2639; x_wconf 92' lang='lat' dir='ltr'><strong>in</strong></span> <span class='ocrx_word' id='word_1_296' title='bbox 775 2600 841 2639; x_wconf 91' lang='lat' dir='ltr'><strong>eo</strong></span> <span class='ocrx_word' id='word_1_297' title='bbox 863 2585 1072 2640; x_wconf 90' lang='lat' dir='ltr'><strong>locutus</strong></span> <span class='ocrx_word' id='word_1_298' title='bbox 1100 2592 1204 2649; x_wconf 91' lang='lat' dir='ltr'><strong>est,</strong></span> <span class='ocrx_word' id='word_1_299' title='bbox 1232 2600 1331 2653; x_wconf 90' lang='lat' dir='ltr'><strong>pro</strong></span> <span class='ocrx_word' id='word_1_300' title='bbox 1360 2584 1761 2654; x_wconf 87' lang='lat' dir='ltr'><strong>opportunitate</strong></span> <span class='ocrx_word' id='word_1_301' title='bbox 1787 2600 1916 2639; x_wconf 91' lang='lat' dir='ltr'><strong>cau-</strong></span> 
     </span>
    </p>
   </div>
   <div class='ocr_carea' id='block_1_42' title="bbox 345 2675 1913 2744">
    <p class='ocr_par' dir='ltr' id='par_1_42' title="bbox 345 2675 1913 2744">
     <span class='ocr_line' id='line_1_42' title="bbox 345 2675 1913 2744; baseline 0.003 -18"><span class='ocrx_word' id='word_1_302' title='bbox 345 2688 546 2738; x_wconf 84' lang='lat' dir='ltr'><strong>sarum,</strong></span> <span class='ocrx_word' id='word_1_303' title='bbox 600 2684 656 2731; x_wconf 88' lang='lat' dir='ltr'><strong>et</strong></span> <span class='ocrx_word' id='word_1_304' title='bbox 703 2675 1077 2730; x_wconf 85' lang='lat' dir='ltr'><strong>convenientia</strong></span> <span class='ocrx_word' id='word_1_305' title='bbox 1125 2690 1304 2730; x_wconf 89' lang='lat' dir='ltr'><strong>rerum</strong></span> <span class='ocrx_word' id='word_1_306' title='bbox 1372 2676 1711 2744; x_wconf 84' lang='lat' dir='ltr'><strong>prophetiam</strong></span> <span class='ocrx_word' id='word_1_307' title='bbox 1762 2691 1913 2731; x_wconf 86' lang='lat' dir='ltr'><strong>suam</strong></span> 
     </span>
    </p>
   </div>
   <div class='ocr_carea' id='block_1_43' title="bbox 344 2761 1916 2834">
    <p class='ocr_par' dir='ltr' id='par_1_43' title="bbox 344 2761 1916 2834">
     <span class='ocr_line' id='line_1_43' title="bbox 344 2761 1916 2834; baseline 0.002 -20"><span class='ocrx_word' id='word_1_308' title='bbox 344 2761 617 2816; x_wconf 88' lang='lat' dir='ltr'><strong>conscribi</strong></span> <span class='ocrx_word' id='word_1_309' title='bbox 642 2762 830 2826; x_wconf 91' lang='lat' dir='ltr'><strong>voluit,</strong></span> <span class='ocrx_word' id='word_1_310' title='bbox 876 2764 1016 2818; x_wconf 89' lang='lat' dir='ltr'><strong>sicut</strong></span> <span class='ocrx_word' id='word_1_311' title='bbox 1049 2770 1102 2818; x_wconf 91' lang='lat' dir='ltr'><strong>et</strong></span> <span class='ocrx_word' id='word_1_312' title='bbox 1129 2762 1181 2817; x_wconf 92' lang='lat' dir='ltr'><strong>in</strong></span> <span class='ocrx_word' id='word_1_313' title='bbox 1204 2764 1416 2819; x_wconf 65' lang='lat' dir='ltr'><strong>caeteris</strong></span> <span class='ocrx_word' id='word_1_314' title='bbox 1456 2763 1769 2834; x_wconf 28' lang='lat' dir='ltr'><strong>Scripturis,</strong></span> <span class='ocrx_word' id='word_1_315' title='bbox 1791 2779 1916 2819; x_wconf 90' lang='lat' dir='ltr'><strong>san-</strong></span> 
     </span>
    </p>
   </div>
   <div class='ocr_carea' id='block_1_44' title="bbox 345 2850 1917 2926">
    <p class='ocr_par' dir='ltr' id='par_1_44' title="bbox 345 2850 1917 2926">
     <span class='ocr_line' id='line_1_44' title="bbox 345 2850 1917 2926; baseline 0.004 -22"><span class='ocrx_word' id='word_1_316' title='bbox 345 2850 471 2915; x_wconf 89' lang='lat' dir='ltr'><strong>ctis,</strong></span> <span class='ocrx_word' id='word_1_317' title='bbox 501 2859 554 2906; x_wconf 88' lang='lat' dir='ltr'><strong>et</strong></span> <span class='ocrx_word' id='word_1_318' title='bbox 582 2853 817 2909; x_wconf 74' lang='lat' dir='ltr'><strong>maxime</strong></span> <span class='ocrx_word' id='word_1_319' title='bbox 859 2853 913 2907; x_wconf 92' lang='lat' dir='ltr'><strong>in</strong></span> <span class='ocrx_word' id='word_1_320' title='bbox 948 2853 1235 2925; x_wconf 82' lang='lat' dir='ltr'><strong>Evangelio</strong></span> <span class='ocrx_word' id='word_1_321' title='bbox 1264 2853 1459 2908; x_wconf 84' lang='lat' dir='ltr'><strong>factum</strong></span> <span class='ocrx_word' id='word_1_322' title='bbox 1488 2857 1787 2926; x_wconf 81' lang='lat' dir='ltr'><strong>reperimus</strong></span> <span class='ocrx_word' id='word_1_323' title='bbox 1814 2876 1827 2909; x_wconf 88' lang='lat'><strong>:</strong></span> <span class='ocrx_word' id='word_1_324' title='bbox 1857 2864 1917 2911; x_wconf 91' lang='lat' dir='ltr'><strong>ut</strong></span> 
     </span>
    </p>
   </div>
   <div class='ocr_carea' id='block_1_45' title="bbox 342 2941 1916 3016">
    <p class='ocr_par' dir='ltr' id='par_1_45' title="bbox 342 2941 1916 3016">
     <span class='ocr_line' id='line_1_45' title="bbox 342 2941 1916 3016; baseline 0.006 -21"><span class='ocrx_word' id='word_1_325' title='bbox 342 2941 479 2996; x_wconf 90' lang='lat' dir='ltr'><strong>sciat</strong></span> <span class='ocrx_word' id='word_1_326' title='bbox 519 2942 688 2999; x_wconf 83' lang='lat' dir='ltr'><strong>lector</strong></span> <span class='ocrx_word' id='word_1_327' title='bbox 720 2943 1028 3014; x_wconf 89' lang='lat' dir='ltr'><strong>Seripturas</strong></span> <span class='ocrx_word' id='word_1_328' title='bbox 1066 2959 1249 3000; x_wconf 88' lang='lat' dir='ltr'><strong>sacras</strong></span> <span class='ocrx_word' id='word_1_329' title='bbox 1290 2961 1397 3000; x_wconf 91' lang='lat' dir='ltr'><strong>non</strong></span> <span class='ocrx_word' id='word_1_330' title='bbox 1442 2946 1788 3016; x_wconf 89' lang='lat' dir='ltr'><strong>dispositione</strong></span> <span class='ocrx_word' id='word_1_331' title='bbox 1815 2950 1916 3004; x_wconf 91' lang='lat' dir='ltr'><strong>hu-</strong></span> 
     </span>
    </p>
   </div>
   <div class='ocr_carea' id='block_1_46' title="bbox 342 3034 1915 3104">
    <p class='ocr_par' dir='ltr' id='par_1_46' title="bbox 342 3034 1915 3104">
     <span class='ocr_line' id='line_1_46' title="bbox 342 3034 1915 3104; baseline 0.005 -20"><span class='ocrx_word' id='word_1_332' title='bbox 342 3046 501 3086; x_wconf 86' lang='lat' dir='ltr'><strong>mana</strong></span> <span class='ocrx_word' id='word_1_333' title='bbox 539 3034 866 3104; x_wconf 89' lang='lat' dir='ltr'><strong>compositas</strong></span> <span class='ocrx_word' id='word_1_334' title='bbox 911 3050 1049 3100; x_wconf 87' lang='lat' dir='ltr'><strong>esse,</strong></span> <span class='ocrx_word' id='word_1_335' title='bbox 1097 3036 1195 3090; x_wconf 85' lang='lat' dir='ltr'><strong>sed</strong></span> <span class='ocrx_word' id='word_1_336' title='bbox 1234 3035 1579 3104; x_wconf 86' lang='lat' dir='ltr'><strong>inspiratione</strong></span> <span class='ocrx_word' id='word_1_337' title='bbox 1608 3045 1663 3092; x_wconf 90' lang='lat' dir='ltr'><strong>et</strong></span> <span class='ocrx_word' id='word_1_338' title='bbox 1698 3034 1915 3092; x_wconf 77' lang='lat' dir='ltr'><strong>ordina-</strong></span> 
     </span>
    </p>
   </div>
   <div class='ocr_carea' id='block_1_47' title="bbox 343 3123 707 3180">
    <p class='ocr_par' dir='ltr' id='par_1_47' title="bbox 343 3123 707 3180">
     <span class='ocr_line' id='line_1_47' title="bbox 343 3123 707 3180; baseline 0.008 -4"><span class='ocrx_word' id='word_1_339' title='bbox 343 3123 487 3179; x_wconf 86' lang='lat' dir='ltr'><strong>tione</strong></span> <span class='ocrx_word' id='word_1_340' title='bbox 508 3124 707 3180; x_wconf 83' lang='lat' dir='ltr'><strong>divina.</strong></span> 
     </span>
    </p>
   </div>
   <div class='ocr_carea' id='block_1_48' title="bbox 415 3217 1908 3293">
    <p class='ocr_par' dir='ltr' id='par_1_48' title="bbox 415 3217 1908 3293">
     <span class='ocr_line' id='line_1_48' title="bbox 415 3217 1908 3293; baseline 0.005 -24"><span class='ocrx_word' id='word_1_341' title='bbox 415 3235 434 3267; x_wconf 74' lang='grc' dir='ltr'>ι</span> <span class='ocrx_word' id='word_1_342' title='bbox 471 3217 618 3273; x_wconf 86' lang='lat' dir='ltr'><strong>Vade</strong></span> <span class='ocrx_word' id='word_1_343' title='bbox 659 3219 725 3272; x_wconf 89' lang='lat' dir='ltr'><strong>ad</strong></span> <span class='ocrx_word' id='word_1_344' title='bbox 754 3218 971 3273; x_wconf 89' lang='lat' dir='ltr'><strong>domum</strong></span> <span class='ocrx_word' id='word_1_345' title='bbox 1019 3220 1429 3276; x_wconf 76' lang='lat' dir='ltr'><strong>Roehabitarum</strong></span> <span class='ocrx_word' id='word_1_346' title='bbox 1457 3230 1511 3277; x_wconf 90' lang='lat' dir='ltr'><strong>et</strong></span> <span class='ocrx_word' id='word_1_347' title='bbox 1550 3222 1768 3293; x_wconf 85' lang='lat' dir='ltr'><strong>loquere</strong></span> <span class='ocrx_word' id='word_1_348' title='bbox 1793 3224 1908 3278; x_wconf 90' lang='lat' dir='ltr'><strong>eis:</strong></span> 
     </span>
    </p>
   </div>
   <div class='ocr_carea' id='block_1_49' title="bbox 344 3309 1912 3368">
    <p class='ocr_par' dir='ltr' id='par_1_49' title="bbox 344 3309 1912 3368">
     <span class='ocr_line' id='line_1_49' title="bbox 344 3309 1912 3368; baseline 0.008 -12"><span class='ocrx_word' id='word_1_349' title='bbox 344 3326 361 3356; x_wconf 74' lang='grc' dir='ltr'>ι</span> <span class='ocrx_word' id='word_1_350' title='bbox 395 3316 450 3361; x_wconf 92' lang='lat' dir='ltr'><strong>et</strong></span> <span class='ocrx_word' id='word_1_351' title='bbox 490 3309 795 3364; x_wconf 87' lang='lat' dir='ltr'><strong>introduces</strong></span> <span class='ocrx_word' id='word_1_352' title='bbox 821 3325 916 3364; x_wconf 90' lang='lat' dir='ltr'><strong>eos</strong></span> <span class='ocrx_word' id='word_1_353' title='bbox 947 3310 999 3365; x_wconf 89' lang='lat' dir='ltr'><strong>in</strong></span> <span class='ocrx_word' id='word_1_354' title='bbox 1026 3312 1241 3367; x_wconf 92' lang='lat' dir='ltr'><strong>domum</strong></span> <span class='ocrx_word' id='word_1_355' title='bbox 1283 3313 1494 3367; x_wconf 89' lang='lat' dir='ltr'><strong>Domini</strong></span> <span class='ocrx_word' id='word_1_356' title='bbox 1522 3314 1574 3367; x_wconf 90' lang='lat' dir='ltr'><strong>in</strong></span> <span class='ocrx_word' id='word_1_357' title='bbox 1606 3328 1766 3368; x_wconf 91' lang='lat' dir='ltr'><strong>unam</strong></span> <span class='ocrx_word' id='word_1_358' title='bbox 1792 3330 1912 3368; x_wconf 77' lang='lat' dir='ltr'><strong>exe-</strong></span> 
     </span>
    </p>
   </div>
   <div class='ocr_carea' id='block_1_50' title="bbox 344 3396 1913 3459">
    <p class='ocr_par' dir='ltr' id='par_1_50' title="bbox 344 3396 1913 3459">
     <span class='ocr_line' id='line_1_50' title="bbox 344 3396 1913 3459; baseline 0.006 -13"><span class='ocrx_word' id='word_1_359' title='bbox 344 3415 362 3446; x_wconf 75' lang='lat' dir='ltr'><strong>t</strong></span> <span class='ocrx_word' id='word_1_360' title='bbox 392 3396 543 3451; x_wconf 86' lang='lat' dir='ltr'><strong>dram</strong></span> <span class='ocrx_word' id='word_1_361' title='bbox 575 3398 950 3452; x_wconf 83' lang='lat' dir='ltr'><strong>thesaurorum</strong></span> <span class='ocrx_word' id='word_1_362' title='bbox 982 3418 993 3453; x_wconf 91' lang='lat'><strong>:</strong></span> <span class='ocrx_word' id='word_1_363' title='bbox 1022 3408 1078 3453; x_wconf 90' lang='lat' dir='ltr'><strong>et</strong></span> <span class='ocrx_word' id='word_1_364' title='bbox 1113 3401 1265 3455; x_wconf 88' lang='lat' dir='ltr'><strong>dabis</strong></span> <span class='ocrx_word' id='word_1_365' title='bbox 1302 3402 1381 3455; x_wconf 91' lang='lat' dir='ltr'><strong>eis</strong></span> <span class='ocrx_word' id='word_1_366' title='bbox 1414 3401 1596 3459; x_wconf 87' lang='lat' dir='ltr'><strong>bibere</strong></span> <span class='ocrx_word' id='word_1_367' title='bbox 1618 3402 1820 3456; x_wconf 86' lang='lat' dir='ltr'><strong>vinum.</strong></span> <span class='ocrx_word' id='word_1_368' title='bbox 1849 3402 1913 3457; x_wconf 89' lang='lat' dir='ltr'><strong>Et</strong></span> 
     </span>
    </p>
   </div>
   <div class='ocr_carea' id='block_1_51' title="bbox 345 3485 1908 3557">
    <p class='ocr_par' dir='ltr' id='par_1_51' title="bbox 345 3485 1908 3557">
     <span class='ocr_line' id='line_1_51' title="bbox 345 3485 1908 3557; baseline 0.006 -18"><span class='ocrx_word' id='word_1_369' title='bbox 345 3508 363 3539; x_wconf 71' lang='grc' dir='ltr'>α</span> <span class='ocrx_word' id='word_1_370' title='bbox 402 3489 664 3557; x_wconf 86' lang='lat' dir='ltr'><strong>assumpsi</strong></span> <span class='ocrx_word' id='word_1_371' title='bbox 688 3489 1002 3544; x_wconf 86' lang='lat' dir='ltr'><strong>Iechoniam</strong></span> <span class='ocrx_word' id='word_1_372' title='bbox 1045 3485 1223 3545; x_wconf 57' lang='lat' dir='ltr'><strong>ﬁlium&#39;</strong></span> <span class='ocrx_word' id='word_1_373' title='bbox 1247 3491 1494 3547; x_wconf 69' lang='lat' dir='ltr'><strong>Ieremizc</strong></span> <span class='ocrx_word' id='word_1_374' title='bbox 1520 3492 1614 3547; x_wconf 88' lang='lat' dir='ltr'><strong>ﬁlii</strong></span> <span class='ocrx_word' id='word_1_375' title='bbox 1641 3493 1908 3557; x_wconf 72' lang='lat' dir='ltr'><strong>Absanitn,</strong></span> 
     </span>
    </p>
   </div>
   <div class='ocr_carea' id='block_1_52' title="bbox 345 3577 1912 3650">
    <p class='ocr_par' dir='ltr' id='par_1_52' title="bbox 345 3577 1912 3650">
     <span class='ocr_line' id='line_1_52' title="bbox 345 3577 1912 3650; baseline 0.005 -20"><span class='ocrx_word' id='word_1_376' title='bbox 345 3597 362 3629; x_wconf 77' lang='grc' dir='ltr'><strong><em>ι</em></strong></span> <span class='ocrx_word' id='word_1_377' title='bbox 396 3587 450 3632; x_wconf 91' lang='lat' dir='ltr'><strong>et</strong></span> <span class='ocrx_word' id='word_1_378' title='bbox 475 3577 670 3634; x_wconf 77' lang='lat' dir='ltr'><strong>fratres</strong></span> <span class='ocrx_word' id='word_1_379' title='bbox 694 3577 829 3648; x_wconf 83' lang='lat' dir='ltr'><strong>ejus,</strong></span> <span class='ocrx_word' id='word_1_380' title='bbox 859 3587 913 3635; x_wconf 89' lang='lat' dir='ltr'><strong>et</strong></span> <span class='ocrx_word' id='word_1_381' title='bbox 954 3595 1143 3636; x_wconf 89' lang='lat' dir='ltr'><strong>omnes</strong></span> <span class='ocrx_word' id='word_1_382' title='bbox 1181 3581 1320 3636; x_wconf 90' lang='lat' dir='ltr'><strong>ﬁlios</strong></span> <span class='ocrx_word' id='word_1_383' title='bbox 1363 3581 1496 3650; x_wconf 89' lang='lat' dir='ltr'><strong>ejus,</strong></span> <span class='ocrx_word' id='word_1_384' title='bbox 1524 3593 1580 3636; x_wconf 89' lang='lat' dir='ltr'><strong>et</strong></span> <span class='ocrx_word' id='word_1_385' title='bbox 1608 3583 1912 3638; x_wconf 85' lang='lat' dir='ltr'><strong>universam</strong></span> 
     </span>
    </p>
   </div>
   <div class='ocr_carea' id='block_1_53' title="bbox 344 3669 1912 3735">
    <p class='ocr_par' dir='ltr' id='par_1_53' title="bbox 344 3669 1912 3735">
     <span class='ocr_line' id='line_1_53' title="bbox 344 3669 1912 3735; baseline 0.006 -16"><span class='ocrx_word' id='word_1_386' title='bbox 344 3688 363 3719; x_wconf 76' lang='lat' dir='ltr'><strong>t</strong></span> <span class='ocrx_word' id='word_1_387' title='bbox 393 3670 610 3724; x_wconf 91' lang='lat' dir='ltr'><strong>domum</strong></span> <span class='ocrx_word' id='word_1_388' title='bbox 633 3669 1076 3735; x_wconf 80' lang='lat' dir='ltr'><strong>Rechabitarum,</strong></span> <span class='ocrx_word' id='word_1_389' title='bbox 1103 3680 1159 3725; x_wconf 88' lang='lat' dir='ltr'><strong>et</strong></span> <span class='ocrx_word' id='word_1_390' title='bbox 1202 3672 1471 3727; x_wconf 82' lang='lat' dir='ltr'><strong>introduxi</strong></span> <span class='ocrx_word' id='word_1_391' title='bbox 1496 3688 1591 3729; x_wconf 88' lang='lat' dir='ltr'><strong>eos</strong></span> <span class='ocrx_word' id='word_1_392' title='bbox 1617 3674 1670 3728; x_wconf 90' lang='lat' dir='ltr'><strong>in</strong></span> <span class='ocrx_word' id='word_1_393' title='bbox 1695 3674 1912 3729; x_wconf 88' lang='lat' dir='ltr'><strong>domum</strong></span> 
     </span>
    </p>
   </div>
   <div class='ocr_carea' id='block_1_54' title="bbox 343 3759 1913 3832">
    <p class='ocr_par' dir='ltr' id='par_1_54' title="bbox 343 3759 1913 3832">
     <span class='ocr_line' id='line_1_54' title="bbox 343 3759 1913 3832; baseline 0.003 -20"><span class='ocrx_word' id='word_1_394' title='bbox 343 3780 361 3811; x_wconf 84' lang='grc'><em>‹</em></span> <span class='ocrx_word' id='word_1_395' title='bbox 399 3760 631 3826; x_wconf 85' lang='lat' dir='ltr'><strong>Domini,</strong></span> <span class='ocrx_word' id='word_1_396' title='bbox 656 3762 722 3815; x_wconf 87' lang='lat' dir='ltr'><strong>ad</strong></span> <span class='ocrx_word' id='word_1_397' title='bbox 767 3759 1204 3832; x_wconf 85' lang='lat' dir='ltr'><strong>gazophylacium</strong></span> <span class='ocrx_word' id='word_1_398' title='bbox 1234 3761 1463 3816; x_wconf 88' lang='lat' dir='ltr'><strong>ﬁliorum</strong></span> <span class='ocrx_word' id='word_1_399' title='bbox 1491 3763 1662 3829; x_wconf 84' lang='lat' dir='ltr'><strong>Anan,</strong></span> <span class='ocrx_word' id='word_1_400' title='bbox 1707 3762 1800 3817; x_wconf 90' lang='lat' dir='ltr'><strong>ﬁlii</strong></span> <span class='ocrx_word' id='word_1_401' title='bbox 1826 3763 1913 3818; x_wconf 86' lang='lat' dir='ltr'><strong>Ie-</strong></span> 
     </span>
    </p>
   </div>
   <div class='ocr_carea' id='block_1_55' title="bbox 343 3838 1915 3925">
    <p class='ocr_par' dir='ltr' id='par_1_55' title="bbox 343 3838 1915 3925">
     <span class='ocr_line' id='line_1_55' title="bbox 343 3838 1915 3925; baseline 0.004 -24"><span class='ocrx_word' id='word_1_402' title='bbox 343 3870 360 3901; x_wconf 79' lang='lat' dir='ltr'><strong>t</strong></span> <span class='ocrx_word' id='word_1_403' title='bbox 397 3850 604 3921; x_wconf 88' lang='lat' dir='ltr'><strong>gadalia</strong></span> <span class='ocrx_word' id='word_1_404' title='bbox 637 3838 868 3906; x_wconf 88' lang='lat' dir='ltr'><strong>hominis</strong></span> <span class='ocrx_word' id='word_1_405' title='bbox 909 3850 1026 3917; x_wconf 90' lang='lat' dir='ltr'><strong>Dei,</strong></span> <span class='ocrx_word' id='word_1_406' title='bbox 1057 3851 1198 3921; x_wconf 89' lang='lat' dir='ltr'><strong>quod</strong></span> <span class='ocrx_word' id='word_1_407' title='bbox 1252 3861 1372 3908; x_wconf 87' lang='lat' dir='ltr'><strong>erat</strong></span> <span class='ocrx_word' id='word_1_408' title='bbox 1404 3852 1557 3922; x_wconf 82' lang='lat' dir='ltr'><strong>juxta</strong></span> <span class='ocrx_word' id='word_1_409' title='bbox 1603 3853 1915 3925; x_wconf 50' lang='lat' dir='ltr'><strong>galepltilae</strong></span> 
     </span>
    </p>
   </div>
   <div class='ocr_carea' id='block_1_56' title="bbox 342 3942 1913 4012">
    <p class='ocr_par' dir='ltr' id='par_1_56' title="bbox 342 3942 1913 4012">
     <span class='ocr_line' id='line_1_56' title="bbox 342 3942 1913 4012; baseline 0.001 -19"><span class='ocrx_word' id='word_1_410' title='bbox 342 3961 360 3993; x_wconf 77' lang='grc' dir='ltr'>ι</span> <span class='ocrx_word' id='word_1_411' title='bbox 395 3942 538 3998; x_wconf 91' lang='lat' dir='ltr'><strong>cium</strong></span> <span class='ocrx_word' id='word_1_412' title='bbox 562 3942 885 4012; x_wconf 87' lang='lat' dir='ltr'><strong>principum,</strong></span> <span class='ocrx_word' id='word_1_413' title='bbox 914 3956 1077 4011; x_wconf 89' lang='lat' dir='ltr'><strong>super</strong></span> <span class='ocrx_word' id='word_1_414' title='bbox 1102 3942 1416 3998; x_wconf 87' lang='lat' dir='ltr'><strong>thesaurum</strong></span> <span class='ocrx_word' id='word_1_415' title='bbox 1446 3943 1658 3998; x_wconf 75' lang='lat' dir='ltr'><strong>Maasia:</strong></span> <span class='ocrx_word' id='word_1_416' title='bbox 1687 3942 1778 3997; x_wconf 90' lang='lat' dir='ltr'><strong>lilii</strong></span> <span class='ocrx_word' id='word_1_417' title='bbox 1806 3942 1913 3997; x_wconf 90' lang='lat' dir='ltr'><strong>Sel-</strong></span> 
     </span>
    </p>
   </div>
   <div class='ocr_carea' id='block_1_57' title="bbox 342 4032 1912 4104">
    <p class='ocr_par' dir='ltr' id='par_1_57' title="bbox 342 4032 1912 4104">
     <span class='ocr_line' id='line_1_57' title="bbox 342 4032 1912 4104; baseline 0.002 -19"><span class='ocrx_word' id='word_1_418' title='bbox 342 4052 358 4084; x_wconf 81' lang='lat' dir='ltr'><strong>t</strong></span> <span class='ocrx_word' id='word_1_419' title='bbox 393 4032 524 4097; x_wconf 91' lang='lat' dir='ltr'><strong>lum,</strong></span> <span class='ocrx_word' id='word_1_420' title='bbox 554 4033 646 4102; x_wconf 89' lang='lat' dir='ltr'><strong>qui</strong></span> <span class='ocrx_word' id='word_1_421' title='bbox 672 4040 789 4089; x_wconf 89' lang='lat' dir='ltr'><strong>erat</strong></span> <span class='ocrx_word' id='word_1_422' title='bbox 804 4036 986 4092; x_wconf 69' lang='lat' dir='ltr'><strong>custos</strong></span> <span class='ocrx_word' id='word_1_423' title='bbox 1010 4033 1283 4098; x_wconf 88' lang='lat' dir='ltr'><strong>vestibuli,</strong></span> <span class='ocrx_word' id='word_1_424' title='bbox 1312 4043 1366 4088; x_wconf 91' lang='lat' dir='ltr'><strong>et</strong></span> <span class='ocrx_word' id='word_1_425' title='bbox 1385 4034 1537 4104; x_wconf 90' lang='lat' dir='ltr'><strong>posui</strong></span> <span class='ocrx_word' id='word_1_426' title='bbox 1564 4048 1746 4088; x_wconf 91' lang='lat' dir='ltr'><strong>coram</strong></span> <span class='ocrx_word' id='word_1_427' title='bbox 1785 4034 1912 4088; x_wconf 92' lang='lat' dir='ltr'><strong>ﬁliis</strong></span> 
     </span>
    </p>
   </div>
   <div class='ocr_carea' id='block_1_58' title="bbox 341 4122 1910 4196">
    <p class='ocr_par' dir='ltr' id='par_1_58' title="bbox 341 4122 1910 4196">
     <span class='ocr_line' id='line_1_58' title="bbox 341 4122 1910 4196; baseline 0.007 -25"><span class='ocrx_word' id='word_1_428' title='bbox 341 4140 358 4171; x_wconf 77' lang='grc' dir='ltr'>ι</span> <span class='ocrx_word' id='word_1_429' title='bbox 391 4124 583 4178; x_wconf 87' lang='lat' dir='ltr'><strong>domus</strong></span> <span class='ocrx_word' id='word_1_430' title='bbox 604 4122 1018 4178; x_wconf 79' lang='lat' dir='ltr'><strong>Rcehabitarum</strong></span> <span class='ocrx_word' id='word_1_431' title='bbox 1041 4125 1243 4194; x_wconf 85' lang='lat' dir='ltr'><strong>cyphos</strong></span> <span class='ocrx_word' id='word_1_432' title='bbox 1258 4125 1443 4196; x_wconf 87' lang='lat' dir='ltr'><strong>plenos</strong></span> <span class='ocrx_word' id='word_1_433' title='bbox 1460 4126 1605 4189; x_wconf 86' lang='lat' dir='ltr'><strong>vino,</strong></span> <span class='ocrx_word' id='word_1_434' title='bbox 1623 4133 1679 4180; x_wconf 90' lang='lat' dir='ltr'><strong>et</strong></span> <span class='ocrx_word' id='word_1_435' title='bbox 1694 4125 1910 4191; x_wconf 89' lang='lat' dir='ltr'><strong>calices,</strong></span> 
     </span>
    </p>
   </div>
   <div class='ocr_carea' id='block_1_59' title="bbox 342 4213 1911 4286">
    <p class='ocr_par' dir='ltr' id='par_1_59' title="bbox 342 4213 1911 4286">
     <span class='ocr_line' id='line_1_59' title="bbox 342 4213 1911 4286; baseline 0.004 -23"><span class='ocrx_word' id='word_1_436' title='bbox 342 4231 360 4263; x_wconf 71' lang='grc' dir='ltr'><strong><em>ς</em></strong></span> <span class='ocrx_word' id='word_1_437' title='bbox 397 4223 453 4267; x_wconf 91' lang='lat' dir='ltr'><strong>et</strong></span> <span class='ocrx_word' id='word_1_438' title='bbox 482 4213 593 4271; x_wconf 77' lang='lat' dir='ltr'><strong>dixi</strong></span> <span class='ocrx_word' id='word_1_439' title='bbox 633 4213 700 4268; x_wconf 90' lang='lat' dir='ltr'><strong>ad</strong></span> <span class='ocrx_word' id='word_1_440' title='bbox 733 4228 867 4269; x_wconf 89' lang='lat' dir='ltr'><strong>eos:</strong></span> <span class='ocrx_word' id='word_1_441' title='bbox 900 4214 1074 4270; x_wconf 85' lang='lat' dir='ltr'><strong>Bibite</strong></span> <span class='ocrx_word' id='word_1_442' title='bbox 1110 4216 1314 4271; x_wconf 90' lang='lat' dir='ltr'><strong>vinum.</strong></span> <span class='ocrx_word' id='word_1_443' title='bbox 1356 4216 1456 4282; x_wconf 84' lang='lat' dir='ltr'><strong>Qui</strong></span> <span class='ocrx_word' id='word_1_444' title='bbox 1485 4217 1911 4286; x_wconf 87' lang='lat' dir='ltr'><strong>responderunt:</strong></span> 
     </span>
    </p>
   </div>
   <div class='ocr_carea' id='block_1_60' title="bbox 339 4301 1912 4376">
    <p class='ocr_par' dir='ltr' id='par_1_60' title="bbox 339 4301 1912 4376">
     <span class='ocr_line' id='line_1_60' title="bbox 339 4301 1912 4376; baseline 0.004 -23"><span class='ocrx_word' id='word_1_445' title='bbox 339 4323 357 4353; x_wconf 74' lang='grc' dir='ltr'>ι</span> <span class='ocrx_word' id='word_1_446' title='bbox 394 4301 506 4357; x_wconf 83' lang='grc' dir='ltr'><strong>Νοιι</strong></span> <span class='ocrx_word' id='word_1_447' title='bbox 532 4302 765 4360; x_wconf 86' lang='lat' dir='ltr'><strong>bibimus</strong></span> <span class='ocrx_word' id='word_1_448' title='bbox 781 4304 980 4369; x_wconf 88' lang='lat' dir='ltr'><strong>vinum,</strong></span> <span class='ocrx_word' id='word_1_449' title='bbox 1003 4305 1129 4374; x_wconf 89' lang='lat' dir='ltr'><strong>quia</strong></span> <span class='ocrx_word' id='word_1_450' title='bbox 1142 4303 1383 4361; x_wconf 89' lang='lat' dir='ltr'><strong>Ionadab</strong></span> <span class='ocrx_word' id='word_1_451' title='bbox 1404 4306 1543 4362; x_wconf 89' lang='lat' dir='ltr'><strong>ﬁlius</strong></span> <span class='ocrx_word' id='word_1_452' title='bbox 1574 4306 1790 4362; x_wconf 79' lang='lat' dir='ltr'><strong>Rechab</strong></span> <span class='ocrx_word' id='word_1_453' title='bbox 1816 4321 1912 4376; x_wconf 87' lang='lat' dir='ltr'><strong>pa-</strong></span> 
     </span>
    </p>
   </div>
   <div class='ocr_carea' id='block_1_61' title="bbox 338 4395 1913 4469">
    <p class='ocr_par' dir='ltr' id='par_1_61' title="bbox 338 4395 1913 4469">
     <span class='ocr_line' id='line_1_61' title="bbox 338 4395 1913 4469; baseline 0.005 -26"><span class='ocrx_word' id='word_1_454' title='bbox 338 4412 356 4442; x_wconf 78' lang='grc' dir='ltr'>ι</span> <span class='ocrx_word' id='word_1_455' title='bbox 387 4401 468 4446; x_wconf 84' lang='lat' dir='ltr'><strong>ter</strong></span> <span class='ocrx_word' id='word_1_456' title='bbox 487 4401 671 4448; x_wconf 86' lang='lat' dir='ltr'><strong>noster</strong></span> <span class='ocrx_word' id='word_1_457' title='bbox 684 4395 937 4463; x_wconf 81' lang='lat' dir='ltr'><strong>praecepit</strong></span> <span class='ocrx_word' id='word_1_458' title='bbox 958 4396 1113 4450; x_wconf 89' lang='lat' dir='ltr'><strong>nobis</strong></span> <span class='ocrx_word' id='word_1_459' title='bbox 1127 4396 1310 4451; x_wconf 91' lang='lat' dir='ltr'><strong>dicens</strong></span> <span class='ocrx_word' id='word_1_460' title='bbox 1332 4411 1346 4450; x_wconf 90' lang='lat'><strong>:</strong></span> <span class='ocrx_word' id='word_1_461' title='bbox 1373 4396 1486 4452; x_wconf 83' lang='lat' dir='ltr'><strong>Non</strong></span> <span class='ocrx_word' id='word_1_462' title='bbox 1511 4398 1705 4469; x_wconf 86' lang='lat' dir='ltr'><strong>bibetis</strong></span> <span class='ocrx_word' id='word_1_463' title='bbox 1730 4398 1913 4455; x_wconf 87' lang='lat' dir='ltr'><strong>vinum</strong></span> 
     </span>
    </p>
   </div>
   <div class='ocr_carea' id='block_1_62' title="bbox 2021 1943 3594 2018">
    <p class='ocr_par' dir='ltr' id='par_1_62' title="bbox 2021 1943 3594 2018">
     <span class='ocr_line' id='line_1_62' title="bbox 2021 1943 3594 2018; baseline 0.005 -22"><span class='ocrx_word' id='word_1_464' title='bbox 2021 1943 2331 2013; x_wconf 86' lang='lat' dir='ltr'><strong>suppliciter</strong></span> <span class='ocrx_word' id='word_1_465' title='bbox 2355 1944 2632 2010; x_wconf 77' lang='lat' dir='ltr'><strong>offerente,</strong></span> <span class='ocrx_word' id='word_1_466' title='bbox 2680 1946 2809 2001; x_wconf 84' lang='lat' dir='ltr'><strong>nihil</strong></span> <span class='ocrx_word' id='word_1_467' title='bbox 2840 1949 3054 2018; x_wconf 89' lang='lat' dir='ltr'><strong>penitus</strong></span> <span class='ocrx_word' id='word_1_468' title='bbox 3094 1950 3388 2018; x_wconf 87' lang='lat' dir='ltr'><strong>acquiescit</strong></span> <span class='ocrx_word' id='word_1_469' title='bbox 3431 1952 3594 2005; x_wconf 88' lang='lat' dir='ltr'><strong>attin-</strong></span> 
     </span>
    </p>
   </div>
   <div class='ocr_carea' id='block_1_63' title="bbox 2021 2026 3593 2111">
    <p class='ocr_par' dir='ltr' id='par_1_63' title="bbox 2021 2026 3593 2111">
     <span class='ocr_line' id='line_1_63' title="bbox 2021 2026 3593 2111; baseline 0.006 -26"><span class='ocrx_word' id='word_1_470' title='bbox 2021 2047 2167 2102; x_wconf 89' lang='lat' dir='ltr'><strong>gere,</strong></span> <span class='ocrx_word' id='word_1_471' title='bbox 2203 2035 2301 2089; x_wconf 89' lang='lat' dir='ltr'><strong>sub</strong></span> <span class='ocrx_word' id='word_1_472' title='bbox 2335 2035 2499 2089; x_wconf 88' lang='lat' dir='ltr'><strong>divini</strong></span> <span class='ocrx_word' id='word_1_473' title='bbox 2529 2036 2762 2091; x_wconf 88' lang='lat' dir='ltr'><strong>nominis</strong></span> <span class='ocrx_word' id='word_1_474' title='bbox 2801 2038 3177 2095; x_wconf 88' lang='lat' dir='ltr'><strong>testiﬁcatione</strong></span> <span class='ocrx_word' id='word_1_475' title='bbox 3215 2026 3593 2111; x_wconf 84' lang='lat' dir='ltr'><strong>proclamans:</strong></span> 
     </span>
    </p>
   </div>
   <div class='ocr_carea' id='block_1_64' title="bbox 2022 2121 3595 2197">
    <p class='ocr_par' dir='ltr' id='par_1_64' title="bbox 2022 2121 3595 2197">
     <span class='ocr_line' id='line_1_64' title="bbox 2022 2121 3595 2197; baseline 0.006 -22"><span class='ocrx_word' id='word_1_476' title='bbox 2022 2121 2318 2177; x_wconf 78' lang='lat' dir='ltr'><strong>Extendam</strong></span> <span class='ocrx_word' id='word_1_477' title='bbox 2371 2139 2589 2179; x_wconf 90' lang='lat' dir='ltr'><strong>manum</strong></span> <span class='ocrx_word' id='word_1_478' title='bbox 2646 2142 2817 2181; x_wconf 86' lang='lat' dir='ltr'><strong>meam</strong></span> <span class='ocrx_word' id='word_1_479' title='bbox 2862 2129 2929 2183; x_wconf 88' lang='lat' dir='ltr'><strong>ad</strong></span> <span class='ocrx_word' id='word_1_480' title='bbox 2980 2129 3265 2185; x_wconf 89' lang='lat' dir='ltr'><strong>Dominum</strong></span> <span class='ocrx_word' id='word_1_481' title='bbox 3304 2131 3595 2197; x_wconf 76' lang='lat' dir='ltr'><strong>excelsum,</strong></span> 
     </span>
    </p>
   </div>
   <div class='ocr_carea' id='block_1_65' title="bbox 2018 2211 3597 2291">
    <p class='ocr_par' dir='ltr' id='par_1_65' title="bbox 2018 2211 3597 2291">
     <span class='ocr_line' id='line_1_65' title="bbox 2018 2211 3597 2291; baseline 0.008 -28"><span class='ocrx_word' id='word_1_482' title='bbox 2018 2211 2111 2279; x_wconf 90' lang='lat' dir='ltr'><strong>qui</strong></span> <span class='ocrx_word' id='word_1_483' title='bbox 2144 2211 2270 2267; x_wconf 82' lang='lat' dir='ltr'><strong>fecit</strong></span> <span class='ocrx_word' id='word_1_484' title='bbox 2296 2213 2492 2268; x_wconf 56' lang='lat' dir='ltr'><strong>coelum</strong></span> <span class='ocrx_word' id='word_1_485' title='bbox 2519 2223 2573 2270; x_wconf 92' lang='lat' dir='ltr'><strong>et</strong></span> <span class='ocrx_word' id='word_1_486' title='bbox 2600 2225 2819 2283; x_wconf 88' lang='lat' dir='ltr'><strong>terram,</strong></span> <span class='ocrx_word' id='word_1_487' title='bbox 2851 2219 2893 2271; x_wconf 84' lang='lat' dir='ltr'><strong>si</strong></span> <span class='ocrx_word' id='word_1_488' title='bbox 2923 2235 2951 2271; x_wconf 89' lang='lat' dir='ltr'><strong>a</strong></span> <span class='ocrx_word' id='word_1_489' title='bbox 2984 2218 3074 2274; x_wconf 90' lang='lat' dir='ltr'><strong>ﬁlo</strong></span> <span class='ocrx_word' id='word_1_490' title='bbox 3117 2221 3470 2291; x_wconf 87' lang='lat' dir='ltr'><strong>sublegminis</strong></span> <span class='ocrx_word' id='word_1_491' title='bbox 3508 2238 3597 2277; x_wconf 84' lang='lat' dir='ltr'><strong>us-</strong></span> 
     </span>
    </p>
   </div>
   <div class='ocr_carea' id='block_1_66' title="bbox 2019 2294 3597 2382">
    <p class='ocr_par' dir='ltr' id='par_1_66' title="bbox 2019 2294 3597 2382">
     <span class='ocr_line' id='line_1_66' title="bbox 2019 2294 3597 2382; baseline 0.009 -31"><span class='ocrx_word' id='word_1_492' title='bbox 2019 2315 2123 2369; x_wconf 90' lang='lat' dir='ltr'><strong>que</strong></span> <span class='ocrx_word' id='word_1_493' title='bbox 2148 2301 2214 2354; x_wconf 85' lang='lat' dir='ltr'><strong>ad</strong></span> <span class='ocrx_word' id='word_1_494' title='bbox 2246 2302 2533 2372; x_wconf 80' lang='lat' dir='ltr'><strong>corrigiam</strong></span> <span class='ocrx_word' id='word_1_495' title='bbox 2564 2304 2749 2376; x_wconf 66' lang='lat' dir='ltr'><strong>caliga:</strong></span> <span class='ocrx_word' id='word_1_496' title='bbox 2794 2308 3057 2377; x_wconf 86' lang='lat' dir='ltr'><strong>accipiam</strong></span> <span class='ocrx_word' id='word_1_497' title='bbox 3090 2294 3163 2362; x_wconf 10' lang='lat' dir='ltr'><strong>exi</strong></span> <span class='ocrx_word' id='word_1_498' title='bbox 3195 2310 3444 2365; x_wconf 89' lang='lat' dir='ltr'><strong>omnibus</strong></span> <span class='ocrx_word' id='word_1_499' title='bbox 3476 2328 3597 2382; x_wconf 77' lang='lat' dir='ltr'><strong>qua:</strong></span> 
     </span>
    </p>
   </div>
   <div class='ocr_carea' id='block_1_67' title="bbox 2021 2390 3597 2471">
    <p class='ocr_par' dir='ltr' id='par_1_67' title="bbox 2021 2390 3597 2471">
     <span class='ocr_line' id='line_1_67' title="bbox 2021 2390 3597 2471; baseline 0.006 -27"><span class='ocrx_word' id='word_1_500' title='bbox 2021 2400 2110 2445; x_wconf 90' lang='lat' dir='ltr'><strong>tua</strong></span> <span class='ocrx_word' id='word_1_501' title='bbox 2142 2400 2267 2447; x_wconf 90' lang='lat' dir='ltr'><strong>sunt</strong></span> <span class='ocrx_word' id='word_1_502' title='bbox 2291 2390 2439 2463; x_wconf 80' lang='lat' dir='ltr'><strong>(Gen.</strong></span> <span class='ocrx_word' id='word_1_503' title='bbox 2466 2394 2599 2465; x_wconf 81' lang='lat' dir='ltr'><strong>xiv).</strong></span> <span class='ocrx_word' id='word_1_504' title='bbox 2629 2394 2719 2449; x_wconf 88' lang='lat' dir='ltr'><strong>Sic</strong></span> <span class='ocrx_word' id='word_1_505' title='bbox 2764 2397 2928 2450; x_wconf 81' lang='lat' dir='ltr'><strong>David</strong></span> <span class='ocrx_word' id='word_1_506' title='bbox 2951 2407 3215 2468; x_wconf 74' lang='lat' dir='ltr'><strong>praecepta</strong></span> <span class='ocrx_word' id='word_1_507' title='bbox 3244 2399 3375 2470; x_wconf 89' lang='lat' dir='ltr'><strong>legis</strong></span> <span class='ocrx_word' id='word_1_508' title='bbox 3399 2414 3597 2471; x_wconf 86' lang='lat' dir='ltr'><strong>cegno-</strong></span> 
     </span>
    </p>
   </div>
   <div class='ocr_carea' id='block_1_68' title="bbox 2019 2483 3596 2561">
    <p class='ocr_par' dir='ltr' id='par_1_68' title="bbox 2019 2483 3596 2561">
     <span class='ocr_line' id='line_1_68' title="bbox 2019 2483 3596 2561; baseline 0.006 -26"><span class='ocrx_word' id='word_1_509' title='bbox 2019 2483 2219 2561; x_wconf 86' lang='lat' dir='ltr'><strong>scimus</strong></span> <span class='ocrx_word' id='word_1_510' title='bbox 2265 2498 2695 2554; x_wconf 78' lang='lat' dir='ltr'><strong>supergressum,</strong></span> <span class='ocrx_word' id='word_1_511' title='bbox 2757 2487 2867 2553; x_wconf 84' lang='lat' dir='ltr'><strong>qui,</strong></span> <span class='ocrx_word' id='word_1_512' title='bbox 2925 2488 3269 2559; x_wconf 57' lang='lat' dir='ltr'><strong>praecipiente</strong></span> <span class='ocrx_word' id='word_1_513' title='bbox 3321 2489 3485 2561; x_wconf 73' lang='lat' dir='ltr'><strong>Moysi</strong></span> <span class='ocrx_word' id='word_1_514' title='bbox 3539 2503 3596 2544; x_wconf 91' lang='lat' dir='ltr'><strong>ut</strong></span> 
     </span>
    </p>
   </div>
   <div class='ocr_carea' id='block_1_69' title="bbox 2018 2555 3590 2643">
    <p class='ocr_par' dir='ltr' id='par_1_69' title="bbox 2018 2555 3590 2643">
     <span class='ocr_line' id='line_1_69' title="bbox 2018 2555 3590 2643; baseline 0.004 -16"><span class='ocrx_word' id='word_1_515' title='bbox 2018 2555 2249 2629; x_wconf 80' lang='lat' dir='ltr'><strong>inimicis</strong></span> <span class='ocrx_word' id='word_1_516' title='bbox 2297 2574 2425 2628; x_wconf 88' lang='lat' dir='ltr'><strong>talio</strong></span> <span class='ocrx_word' id='word_1_517' title='bbox 2452 2573 2781 2640; x_wconf 82' lang='lat' dir='ltr'><strong>redderetur,</strong></span> <span class='ocrx_word' id='word_1_518' title='bbox 2816 2592 2919 2629; x_wconf 82' lang='lat' dir='ltr'><strong>non</strong></span> <span class='ocrx_word' id='word_1_519' title='bbox 2964 2577 3135 2632; x_wconf 86' lang='lat' dir='ltr'><strong>solum</strong></span> <span class='ocrx_word' id='word_1_520' title='bbox 3176 2579 3278 2634; x_wconf 93' lang='lat' dir='ltr'><strong>hoc</strong></span> <span class='ocrx_word' id='word_1_521' title='bbox 3307 2595 3410 2633; x_wconf 91' lang='lat' dir='ltr'><strong>nou</strong></span> <span class='ocrx_word' id='word_1_522' title='bbox 3443 2580 3590 2643; x_wconf 90' lang='lat' dir='ltr'><strong>fecit,</strong></span> 
     </span>
    </p>
   </div>
   <div class='ocr_carea' id='block_1_70' title="bbox 2017 2665 3591 2738">
    <p class='ocr_par' dir='ltr' id='par_1_70' title="bbox 2017 2665 3591 2738">
     <span class='ocr_line' id='line_1_70' title="bbox 2017 2665 3591 2738; baseline 0.006 -22"><span class='ocrx_word' id='word_1_523' title='bbox 2017 2680 2204 2720; x_wconf 90' lang='lat' dir='ltr'><strong>verum</strong></span> <span class='ocrx_word' id='word_1_524' title='bbox 2225 2665 2388 2721; x_wconf 88' lang='lat' dir='ltr'><strong>etiam</strong></span> <span class='ocrx_word' id='word_1_525' title='bbox 2422 2665 2709 2721; x_wconf 87' lang='lat' dir='ltr'><strong>dilectione</strong></span> <span class='ocrx_word' id='word_1_526' title='bbox 2738 2668 3051 2737; x_wconf 87' lang='lat' dir='ltr'><strong>complexus</strong></span> <span class='ocrx_word' id='word_1_527' title='bbox 3077 2678 3159 2722; x_wconf 91' lang='lat' dir='ltr'><strong>est</strong></span> <span class='ocrx_word' id='word_1_528' title='bbox 3184 2672 3591 2738; x_wconf 83' lang='lat' dir='ltr'><strong>persequentes.</strong></span> 
     </span>
    </p>
   </div>
   <div class='ocr_carea' id='block_1_71' title="bbox 2016 2752 3596 2831">
    <p class='ocr_par' dir='ltr' id='par_1_71' title="bbox 2016 2752 3596 2831">
     <span class='ocr_line' id='line_1_71' title="bbox 2016 2752 3596 2831; baseline 0.003 -22"><span class='ocrx_word' id='word_1_529' title='bbox 2016 2764 2072 2809; x_wconf 92' lang='lat' dir='ltr'><strong>et</strong></span> <span class='ocrx_word' id='word_1_530' title='bbox 2096 2771 2194 2825; x_wconf 86' lang='lat' dir='ltr'><strong>pro</strong></span> <span class='ocrx_word' id='word_1_531' title='bbox 2224 2757 2309 2810; x_wconf 90' lang='lat' dir='ltr'><strong>his</strong></span> <span class='ocrx_word' id='word_1_532' title='bbox 2356 2752 2595 2811; x_wconf 45' lang='lat' dir='ltr'><strong>Domino’</strong></span> <span class='ocrx_word' id='word_1_533' title='bbox 2624 2757 2711 2827; x_wconf 90' lang='lat' dir='ltr'><strong>pie</strong></span> <span class='ocrx_word' id='word_1_534' title='bbox 2755 2758 3064 2828; x_wconf 79' lang='lat' dir='ltr'><strong>supplicans</strong></span> <span class='ocrx_word' id='word_1_535' title='bbox 3106 2760 3269 2813; x_wconf 87' lang='lat' dir='ltr'><strong>etiam</strong></span> <span class='ocrx_word' id='word_1_536' title='bbox 3297 2759 3596 2831; x_wconf 88' lang='lat' dir='ltr'><strong>lugubriter</strong></span> 
     </span>
    </p>
   </div>
   <div class='ocr_carea' id='block_1_72' title="bbox 2017 2843 3596 2919">
    <p class='ocr_par' dir='ltr' id='par_1_72' title="bbox 2017 2843 3596 2919">
     <span class='ocr_line' id='line_1_72' title="bbox 2017 2843 3596 2919; baseline 0.004 -23"><span class='ocrx_word' id='word_1_537' title='bbox 2017 2843 2161 2899; x_wconf 88' lang='lat' dir='ltr'><strong>ﬁevit</strong></span> <span class='ocrx_word' id='word_1_538' title='bbox 2196 2853 2252 2899; x_wconf 91' lang='lat' dir='ltr'><strong>et</strong></span> <span class='ocrx_word' id='word_1_539' title='bbox 2299 2843 2529 2900; x_wconf 85' lang='lat' dir='ltr'><strong>ululatus</strong></span> <span class='ocrx_word' id='word_1_540' title='bbox 2568 2857 2653 2901; x_wconf 91' lang='lat' dir='ltr'><strong>est</strong></span> <span class='ocrx_word' id='word_1_541' title='bbox 2694 2846 3023 2903; x_wconf 84' lang='lat' dir='ltr'><strong>interfectos.</strong></span> <span class='ocrx_word' id='word_1_542' title='bbox 3067 2848 3141 2902; x_wconf 89' lang='lat' dir='ltr'><strong>Ita</strong></span> <span class='ocrx_word' id='word_1_543' title='bbox 3180 2848 3348 2904; x_wconf 86' lang='lat' dir='ltr'><strong>Eliam</strong></span> <span class='ocrx_word' id='word_1_544' title='bbox 3379 2862 3596 2919; x_wconf 88' lang='lat' dir='ltr'><strong>quoque</strong></span> 
     </span>
    </p>
   </div>
   <div class='ocr_carea' id='block_1_73' title="bbox 2017 2934 3589 3009">
    <p class='ocr_par' dir='ltr' id='par_1_73' title="bbox 2017 2934 3589 3009">
     <span class='ocr_line' id='line_1_73' title="bbox 2017 2934 3589 3009; baseline 0.002 -20"><span class='ocrx_word' id='word_1_545' title='bbox 2017 2943 2071 2989; x_wconf 89' lang='lat' dir='ltr'><strong>et</strong></span> <span class='ocrx_word' id='word_1_546' title='bbox 2094 2934 2380 2990; x_wconf 90' lang='lat' dir='ltr'><strong>Ieremiam</strong></span> <span class='ocrx_word' id='word_1_547' title='bbox 2407 2936 2693 3004; x_wconf 88' lang='lat' dir='ltr'><strong>probamus</strong></span> <span class='ocrx_word' id='word_1_548' title='bbox 2724 2952 2828 2990; x_wconf 91' lang='lat' dir='ltr'><strong>non</strong></span> <span class='ocrx_word' id='word_1_549' title='bbox 2863 2936 3029 2991; x_wconf 69' lang='lat' dir='ltr'><strong>fuisse</strong></span> <span class='ocrx_word' id='word_1_550' title='bbox 3051 2939 3151 2992; x_wconf 90' lang='lat' dir='ltr'><strong>sub</strong></span> <span class='ocrx_word' id='word_1_551' title='bbox 3176 2937 3310 3009; x_wconf 87' lang='lat' dir='ltr'><strong>lege,</strong></span> <span class='ocrx_word' id='word_1_552' title='bbox 3352 2940 3441 3009; x_wconf 86' lang='lat' dir='ltr'><strong>qui</strong></span> <span class='ocrx_word' id='word_1_553' title='bbox 3466 2954 3589 2993; x_wconf 91' lang='lat' dir='ltr'><strong>cum</strong></span> 
     </span>
    </p>
   </div>
   <div class='ocr_carea' id='block_1_74' title="bbox 2016 3024 3590 3097">
    <p class='ocr_par' dir='ltr' id='par_1_74' title="bbox 2016 3024 3590 3097">
     <span class='ocr_line' id='line_1_74' title="bbox 2016 3024 3590 3097; baseline 0.004 -22"><span class='ocrx_word' id='word_1_554' title='bbox 2016 3024 2164 3080; x_wconf 88' lang='lat' dir='ltr'><strong>licito</strong></span> <span class='ocrx_word' id='word_1_555' title='bbox 2206 3026 2281 3080; x_wconf 90' lang='lat' dir='ltr'><strong>uti</strong></span> <span class='ocrx_word' id='word_1_556' title='bbox 2316 3025 2568 3097; x_wconf 85' lang='lat' dir='ltr'><strong>conjugio</strong></span> <span class='ocrx_word' id='word_1_557' title='bbox 2594 3027 2797 3096; x_wconf 86' lang='lat' dir='ltr'><strong>absque</strong></span> <span class='ocrx_word' id='word_1_558' title='bbox 2830 3028 3248 3096; x_wconf 89' lang='lat' dir='ltr'><strong>reprehensione</strong></span> <span class='ocrx_word' id='word_1_559' title='bbox 3295 3030 3590 3097; x_wconf 89' lang='lat' dir='ltr'><strong>potuerint,</strong></span> 
     </span>
    </p>
   </div>
   <div class='ocr_carea' id='block_1_75' title="bbox 2016 3115 3592 3186">
    <p class='ocr_par' dir='ltr' id='par_1_75' title="bbox 2016 3115 3592 3186">
     <span class='ocr_line' id='line_1_75' title="bbox 2016 3115 3592 3186; baseline 0.004 -19"><span class='ocrx_word' id='word_1_560' title='bbox 2016 3115 2252 3186; x_wconf 87' lang='lat' dir='ltr'><strong>virgines</strong></span> <span class='ocrx_word' id='word_1_561' title='bbox 2301 3124 2480 3170; x_wconf 90' lang='lat' dir='ltr'><strong>tamen</strong></span> <span class='ocrx_word' id='word_1_562' title='bbox 2546 3130 2893 3185; x_wconf 88' lang='lat' dir='ltr'><strong>perseverare</strong></span> <span class='ocrx_word' id='word_1_563' title='bbox 2960 3118 3281 3173; x_wconf 90' lang='lat' dir='ltr'><strong>maluerunt.</strong></span> <span class='ocrx_word' id='word_1_564' title='bbox 3344 3118 3434 3174; x_wconf 90' lang='lat' dir='ltr'><strong>Sic</strong></span> <span class='ocrx_word' id='word_1_565' title='bbox 3484 3118 3592 3174; x_wconf 87' lang='lat' dir='ltr'><strong>Eli-</strong></span> 
     </span>
    </p>
   </div>
   <div class='ocr_carea' id='block_1_76' title="bbox 1940 3178 3595 3277">
    <p class='ocr_par' dir='ltr' id='par_1_76' title="bbox 1940 3178 3595 3277">
     <span class='ocr_line' id='line_1_76' title="bbox 1940 3178 3595 3277; baseline 0.005 -19"><span class='ocrx_word' id='word_1_566' title='bbox 1940 3178 1985 3240; x_wconf 69' lang='grc' dir='ltr'>ο</span> <span class='ocrx_word' id='word_1_567' title='bbox 2017 3220 2181 3259; x_wconf 68' lang='lat' dir='ltr'><strong>smum</strong></span> <span class='ocrx_word' id='word_1_568' title='bbox 2212 3220 2277 3261; x_wconf 89' lang='lat' dir='ltr'><strong>ac</strong></span> <span class='ocrx_word' id='word_1_569' title='bbox 2305 3205 2540 3276; x_wconf 89' lang='lat' dir='ltr'><strong>reliquos</strong></span> <span class='ocrx_word' id='word_1_570' title='bbox 2578 3205 2735 3274; x_wconf 88' lang='lat' dir='ltr'><strong>hujus</strong></span> <span class='ocrx_word' id='word_1_571' title='bbox 2763 3208 3020 3277; x_wconf 89' lang='lat' dir='ltr'><strong>propositi</strong></span> <span class='ocrx_word' id='word_1_572' title='bbox 3068 3208 3211 3263; x_wconf 89' lang='lat' dir='ltr'><strong>viros</strong></span> <span class='ocrx_word' id='word_1_573' title='bbox 3247 3208 3595 3267; x_wconf 69' lang='lat' dir='ltr'><strong>Mosaicale~</strong></span> 
     </span>
    </p>
   </div>
   <div class='ocr_carea' id='block_1_77' title="bbox 2014 3300 3593 3382">
    <p class='ocr_par' dir='ltr' id='par_1_77' title="bbox 2014 3300 3593 3382">
     <span class='ocr_line' id='line_1_77' title="bbox 2014 3300 3593 3382; baseline 0.006 -30"><span class='ocrx_word' id='word_1_574' title='bbox 2014 3300 2188 3370; x_wconf 91' lang='lat' dir='ltr'><strong>gimus</strong></span> <span class='ocrx_word' id='word_1_575' title='bbox 2216 3316 2497 3369; x_wconf 89' lang='lat' dir='ltr'><strong>superasse</strong></span> <span class='ocrx_word' id='word_1_576' title='bbox 2536 3301 2786 3355; x_wconf 88' lang='lat' dir='ltr'><strong>mandata</strong></span> <span class='ocrx_word' id='word_1_577' title='bbox 2810 3342 2825 3367; x_wconf 93' lang='lat'><strong>,</strong></span> <span class='ocrx_word' id='word_1_578' title='bbox 2853 3302 2921 3382; x_wconf 69' lang='lat' dir='ltr'><strong>de</strong></span> <span class='ocrx_word' id='word_1_579' title='bbox 2954 3302 3149 3372; x_wconf 90' lang='lat' dir='ltr'><strong>quibus</strong></span> <span class='ocrx_word' id='word_1_580' title='bbox 3193 3303 3485 3373; x_wconf 81' lang='lat' dir='ltr'><strong>Apostolus</strong></span> <span class='ocrx_word' id='word_1_581' title='bbox 3515 3306 3593 3361; x_wconf 82' lang='lat' dir='ltr'><strong>ita</strong></span> 
     </span>
    </p>
   </div>
   <div class='ocr_carea' id='block_1_78' title="bbox 2013 3386 3586 3463">
    <p class='ocr_par' dir='ltr' id='par_1_78' title="bbox 2013 3386 3586 3463">
     <span class='ocr_line' id='line_1_78' title="bbox 2013 3386 3586 3463; baseline 0.006 -23"><span class='ocrx_word' id='word_1_582' title='bbox 2013 3386 2141 3441; x_wconf 88' lang='lat' dir='ltr'><strong>dicit</strong></span> <span class='ocrx_word' id='word_1_583' title='bbox 2170 3404 2182 3441; x_wconf 89' lang='lat'><strong>:</strong></span> <span class='ocrx_word' id='word_1_584' title='bbox 2216 3406 2234 3437; x_wconf 83' lang='lat' dir='ltr'><strong>t</strong></span> <span class='ocrx_word' id='word_1_585' title='bbox 2262 3387 2576 3443; x_wconf 81' lang='lat' dir='ltr'><strong>Circuibunt</strong></span> <span class='ocrx_word' id='word_1_586' title='bbox 2598 3390 2649 3443; x_wconf 93' lang='lat' dir='ltr'><strong>in</strong></span> <span class='ocrx_word' id='word_1_587' title='bbox 2679 3390 2890 3444; x_wconf 88' lang='lat' dir='ltr'><strong>melotis</strong></span> <span class='ocrx_word' id='word_1_588' title='bbox 2914 3398 2968 3444; x_wconf 89' lang='lat' dir='ltr'><strong>et</strong></span> <span class='ocrx_word' id='word_1_589' title='bbox 2999 3391 3049 3445; x_wconf 91' lang='lat' dir='ltr'><strong>in</strong></span> <span class='ocrx_word' id='word_1_590' title='bbox 3075 3390 3303 3462; x_wconf 90' lang='lat' dir='ltr'><strong>pellibus</strong></span> <span class='ocrx_word' id='word_1_591' title='bbox 3327 3394 3586 3463; x_wconf 89' lang='lat' dir='ltr'><strong>caprinis,</strong></span> 
     </span>
    </p>
   </div>
   <div class='ocr_carea' id='block_1_79' title="bbox 2013 3479 3591 3552">
    <p class='ocr_par' dir='ltr' id='par_1_79' title="bbox 2013 3479 3591 3552">
     <span class='ocr_line' id='line_1_79' title="bbox 2013 3479 3591 3552; baseline 0.006 -22"><span class='ocrx_word' id='word_1_592' title='bbox 2013 3486 2253 3548; x_wconf 89' lang='lat' dir='ltr'><strong>egentes,</strong></span> <span class='ocrx_word' id='word_1_593' title='bbox 2286 3480 2595 3549; x_wconf 82' lang='lat' dir='ltr'><strong>angustiati,</strong></span> <span class='ocrx_word' id='word_1_594' title='bbox 2643 3479 2844 3545; x_wconf 79' lang='lat' dir='ltr'><strong>afﬂicti,</strong></span> <span class='ocrx_word' id='word_1_595' title='bbox 2879 3480 3072 3549; x_wconf 88' lang='lat' dir='ltr'><strong>quibus</strong></span> <span class='ocrx_word' id='word_1_596' title='bbox 3102 3483 3293 3552; x_wconf 86' lang='lat' dir='ltr'><strong>dignus</strong></span> <span class='ocrx_word' id='word_1_597' title='bbox 3324 3499 3427 3538; x_wconf 91' lang='lat' dir='ltr'><strong>non</strong></span> <span class='ocrx_word' id='word_1_598' title='bbox 3470 3497 3591 3540; x_wconf 89' lang='lat' dir='ltr'><strong>erat</strong></span> 
     </span>
    </p>
   </div>
   <div class='ocr_carea' id='block_1_80' title="bbox 2015 3569 3592 3641">
    <p class='ocr_par' dir='ltr' id='par_1_80' title="bbox 2015 3569 3592 3641">
     <span class='ocr_line' id='line_1_80' title="bbox 2015 3569 3592 3641; baseline 0.005 -19"><span class='ocrx_word' id='word_1_599' title='bbox 2015 3569 2262 3632; x_wconf 90' lang='lat' dir='ltr'><strong>mundus,</strong></span> <span class='ocrx_word' id='word_1_600' title='bbox 2308 3569 2360 3624; x_wconf 92' lang='lat' dir='ltr'><strong>in</strong></span> <span class='ocrx_word' id='word_1_601' title='bbox 2391 3570 2766 3626; x_wconf 74' lang='lat' dir='ltr'><strong>solitudinibus</strong></span> <span class='ocrx_word' id='word_1_602' title='bbox 2797 3585 3062 3636; x_wconf 73' lang='lat' dir='ltr'><strong>errantes,</strong></span> <span class='ocrx_word' id='word_1_603' title='bbox 3109 3584 3164 3629; x_wconf 90' lang='lat' dir='ltr'><strong>et</strong></span> <span class='ocrx_word' id='word_1_604' title='bbox 3203 3577 3494 3641; x_wconf 88' lang='lat' dir='ltr'><strong>montibus,</strong></span> <span class='ocrx_word' id='word_1_605' title='bbox 3535 3589 3592 3632; x_wconf 82' lang='lat' dir='ltr'><strong>et</strong></span> 
     </span>
    </p>
   </div>
   <div class='ocr_carea' id='block_1_81' title="bbox 2014 3658 3591 3734">
    <p class='ocr_par' dir='ltr' id='par_1_81' title="bbox 2014 3658 3591 3734">
     <span class='ocr_line' id='line_1_81' title="bbox 2014 3658 3591 3734; baseline 0.003 -21"><span class='ocrx_word' id='word_1_606' title='bbox 2014 3658 2305 3727; x_wconf 84' lang='lat' dir='ltr'><strong>speluncis,</strong></span> <span class='ocrx_word' id='word_1_607' title='bbox 2329 3668 2383 3713; x_wconf 89' lang='lat' dir='ltr'><strong>et</strong></span> <span class='ocrx_word' id='word_1_608' title='bbox 2421 3660 2473 3713; x_wconf 92' lang='lat' dir='ltr'><strong>in</strong></span> <span class='ocrx_word' id='word_1_609' title='bbox 2515 3661 2762 3715; x_wconf 81' lang='lat' dir='ltr'><strong>cavernis</strong></span> <span class='ocrx_word' id='word_1_610' title='bbox 2796 3669 2962 3731; x_wconf 81' lang='lat' dir='ltr'><strong>petrae</strong></span> <span class='ocrx_word' id='word_1_611' title='bbox 2993 3661 3176 3734; x_wconf 80' lang='lat' dir='ltr'><strong>(Hebr.</strong></span> <span class='ocrx_word' id='word_1_612' title='bbox 3223 3662 3321 3731; x_wconf 70' lang='lat' dir='ltr'><strong>xu).</strong></span> <span class='ocrx_word' id='word_1_613' title='bbox 3358 3683 3377 3715; x_wconf 72' lang='grc' dir='ltr'><strong><em>ι</em></strong></span> <span class='ocrx_word' id='word_1_614' title='bbox 3413 3664 3507 3719; x_wconf 89' lang='lat' dir='ltr'><strong>Sic</strong></span> <span class='ocrx_word' id='word_1_615' title='bbox 3534 3676 3591 3718; x_wconf 89' lang='lat' dir='ltr'><strong>et</strong></span> 
     </span>
    </p>
   </div>
   <div class='ocr_carea' id='block_1_82' title="bbox 2016 3747 3589 3821">
    <p class='ocr_par' dir='ltr' id='par_1_82' title="bbox 2016 3747 3589 3821">
     <span class='ocr_line' id='line_1_82' title="bbox 2016 3747 3589 3821; baseline 0.003 -20"><span class='ocrx_word' id='word_1_616' title='bbox 2016 3761 2157 3802; x_wconf 89' lang='lat' dir='ltr'><strong>nunc</strong></span> <span class='ocrx_word' id='word_1_617' title='bbox 2184 3748 2267 3802; x_wconf 90' lang='lat' dir='ltr'><strong>isti</strong></span> <span class='ocrx_word' id='word_1_618' title='bbox 2318 3748 2409 3802; x_wconf 89' lang='lat' dir='ltr'><strong>ﬁlii</strong></span> <span class='ocrx_word' id='word_1_619' title='bbox 2454 3747 2717 3814; x_wconf 76' lang='lat' dir='ltr'><strong>Ionadab,</strong></span> <span class='ocrx_word' id='word_1_620' title='bbox 2771 3759 2992 3820; x_wconf 89' lang='lat' dir='ltr'><strong>propter</strong></span> <span class='ocrx_word' id='word_1_621' title='bbox 3039 3751 3400 3805; x_wconf 89' lang='lat' dir='ltr'><strong>obedientiam</strong></span> <span class='ocrx_word' id='word_1_622' title='bbox 3448 3755 3589 3821; x_wconf 86' lang='lat' dir='ltr'><strong>patri</strong></span> 
     </span>
    </p>
   </div>
   <div class='ocr_carea' id='block_1_83' title="bbox 2016 3839 3590 3905">
    <p class='ocr_par' dir='ltr' id='par_1_83' title="bbox 2016 3839 3590 3905">
     <span class='ocr_line' id='line_1_83' title="bbox 2016 3839 3590 3905; baseline 0.003 -14"><span class='ocrx_word' id='word_1_623' title='bbox 2016 3852 2113 3891; x_wconf 93' lang='lat' dir='ltr'><strong>suo</strong></span> <span class='ocrx_word' id='word_1_624' title='bbox 2142 3839 2435 3892; x_wconf 82' lang='lat' dir='ltr'><strong>exhibitam</strong></span> <span class='ocrx_word' id='word_1_625' title='bbox 2478 3839 2661 3893; x_wconf 86' lang='lat' dir='ltr'><strong>divino</strong></span> <span class='ocrx_word' id='word_1_626' title='bbox 2704 3856 2953 3894; x_wconf 89' lang='lat' dir='ltr'><strong>sermone</strong></span> <span class='ocrx_word' id='word_1_627' title='bbox 2982 3840 3283 3905; x_wconf 87' lang='lat' dir='ltr'><strong>laudantur,</strong></span> <span class='ocrx_word' id='word_1_628' title='bbox 3314 3850 3370 3894; x_wconf 88' lang='lat' dir='ltr'><strong>ct</strong></span> <span class='ocrx_word' id='word_1_629' title='bbox 3408 3841 3590 3895; x_wconf 88' lang='lat' dir='ltr'><strong>futura</strong></span> 
     </span>
    </p>
   </div>
   <div class='ocr_carea' id='block_1_84' title="bbox 2016 3928 3590 4001">
    <p class='ocr_par' dir='ltr' id='par_1_84' title="bbox 2016 3928 3590 4001">
     <span class='ocr_line' id='line_1_84' title="bbox 2016 3928 3590 4001; baseline 0.005 -22"><span class='ocrx_word' id='word_1_630' title='bbox 2016 3928 2093 3981; x_wconf 91' lang='lat' dir='ltr'><strong>eis</strong></span> <span class='ocrx_word' id='word_1_631' title='bbox 2118 3929 2256 3981; x_wconf 90' lang='lat' dir='ltr'><strong>bona</strong></span> <span class='ocrx_word' id='word_1_632' title='bbox 2287 3928 2690 3996; x_wconf 88' lang='lat' dir='ltr'><strong>promittuntur,</strong></span> <span class='ocrx_word' id='word_1_633' title='bbox 2721 3930 2813 3997; x_wconf 88' lang='lat' dir='ltr'><strong>qui</strong></span> <span class='ocrx_word' id='word_1_634' title='bbox 2848 3944 3036 3984; x_wconf 86' lang='lat' dir='ltr'><strong>omnes</strong></span> <span class='ocrx_word' id='word_1_635' title='bbox 3068 3929 3263 3985; x_wconf 87' lang='lat' dir='ltr'><strong>oﬁ&#39;erre</strong></span> <span class='ocrx_word' id='word_1_636' title='bbox 3295 3933 3590 4001; x_wconf 89' lang='lat' dir='ltr'><strong>possessio-</strong></span> 
     </span>
    </p>
   </div>
   <div class='ocr_carea' id='block_1_85' title="bbox 2017 4020 3584 4095">
    <p class='ocr_par' dir='ltr' id='par_1_85' title="bbox 2017 4020 3584 4095">
     <span class='ocr_line' id='line_1_85' title="bbox 2017 4020 3584 4095; baseline 0.003 -21"><span class='ocrx_word' id='word_1_637' title='bbox 2017 4035 2142 4074; x_wconf 90' lang='lat' dir='ltr'><strong>num</strong></span> <span class='ocrx_word' id='word_1_638' title='bbox 2167 4035 2384 4074; x_wconf 90' lang='lat' dir='ltr'><strong>suarum</strong></span> <span class='ocrx_word' id='word_1_639' title='bbox 2426 4020 2663 4075; x_wconf 85' lang='lat' dir='ltr'><strong>decimas</strong></span> <span class='ocrx_word' id='word_1_640' title='bbox 2695 4036 2799 4075; x_wconf 89' lang='lat' dir='ltr'><strong>non</strong></span> <span class='ocrx_word' id='word_1_641' title='bbox 2833 4023 3094 4086; x_wconf 85' lang='lat' dir='ltr'><strong>contenti,</strong></span> <span class='ocrx_word' id='word_1_642' title='bbox 3124 4022 3217 4077; x_wconf 89' lang='lat' dir='ltr'><strong>sed</strong></span> <span class='ocrx_word' id='word_1_643' title='bbox 3245 4022 3359 4092; x_wconf 87' lang='lat' dir='ltr'><strong>ipsa</strong></span> <span class='ocrx_word' id='word_1_644' title='bbox 3385 4024 3584 4095; x_wconf 76' lang='lat' dir='ltr'><strong>prtedia</strong></span> 
     </span>
    </p>
   </div>
   <div class='ocr_carea' id='block_1_86' title="bbox 2019 4112 3587 4183">
    <p class='ocr_par' dir='ltr' id='par_1_86' title="bbox 2019 4112 3587 4183">
     <span class='ocr_line' id='line_1_86' title="bbox 2019 4112 3587 4183; baseline 0.003 -19"><span class='ocrx_word' id='word_1_645' title='bbox 2019 4120 2352 4183; x_wconf 88' lang='lat' dir='ltr'><strong>respuentcs,</strong></span> <span class='ocrx_word' id='word_1_646' title='bbox 2384 4112 2700 4181; x_wconf 87' lang='lat' dir='ltr'><strong>semetipsos</strong></span> <span class='ocrx_word' id='word_1_647' title='bbox 2736 4114 2912 4182; x_wconf 89' lang='lat' dir='ltr'><strong>potius</strong></span> <span class='ocrx_word' id='word_1_648' title='bbox 2958 4112 3067 4168; x_wconf 91' lang='lat' dir='ltr'><strong>Deo</strong></span> <span class='ocrx_word' id='word_1_649' title='bbox 3109 4129 3171 4168; x_wconf 92' lang='lat' dir='ltr'><strong>ac</strong></span> <span class='ocrx_word' id='word_1_650' title='bbox 3217 4129 3341 4170; x_wconf 89' lang='lat' dir='ltr'><strong>suas</strong></span> <span class='ocrx_word' id='word_1_651' title='bbox 3377 4115 3587 4169; x_wconf 82' lang='lat' dir='ltr'><strong>animas</strong></span> 
     </span>
    </p>
   </div>
   <div class='ocr_carea' id='block_1_87' title="bbox 2017 4200 3583 4272">
    <p class='ocr_par' dir='ltr' id='par_1_87' title="bbox 2017 4200 3583 4272">
     <span class='ocr_line' id='line_1_87' title="bbox 2017 4200 3583 4272; baseline 0.002 -16"><span class='ocrx_word' id='word_1_652' title='bbox 2017 4201 2345 4256; x_wconf 91' lang='lat' dir='ltr'><strong>obtulerunt.</strong></span> <span class='ocrx_word' id='word_1_653' title='bbox 2379 4200 2486 4255; x_wconf 90' lang='lat' dir='ltr'><strong>Pro</strong></span> <span class='ocrx_word' id='word_1_654' title='bbox 2529 4202 2720 4272; x_wconf 88' lang='lat' dir='ltr'><strong>quibus</strong></span> <span class='ocrx_word' id='word_1_655' title='bbox 2750 4201 2893 4256; x_wconf 91' lang='lat' dir='ltr'><strong>nulla</strong></span> <span class='ocrx_word' id='word_1_656' title='bbox 2925 4203 2993 4257; x_wconf 76' lang='lat' dir='ltr'><strong>a&#39;b</strong></span> <span class='ocrx_word' id='word_1_657' title='bbox 3030 4203 3246 4259; x_wconf 89' lang='lat' dir='ltr'><strong>homine</strong></span> <span class='ocrx_word' id='word_1_658' title='bbox 3277 4203 3393 4259; x_wconf 86' lang='lat' dir='ltr'><strong>ﬁeri</strong></span> <span class='ocrx_word' id='word_1_659' title='bbox 3435 4219 3583 4261; x_wconf 88' lang='lat' dir='ltr'><strong>com-</strong></span> 
     </span>
    </p>
   </div>
   <div class='ocr_carea' id='block_1_88' title="bbox 2018 4291 3587 4365">
    <p class='ocr_par' dir='ltr' id='par_1_88' title="bbox 2018 4291 3587 4365">
     <span class='ocr_line' id='line_1_88' title="bbox 2018 4291 3587 4365; baseline 0.003 -19"><span class='ocrx_word' id='word_1_660' title='bbox 2018 4291 2243 4346; x_wconf 87' lang='lat' dir='ltr'><strong>mutatio</strong></span> <span class='ocrx_word' id='word_1_661' title='bbox 2269 4300 2482 4361; x_wconf 80' lang='lat' dir='ltr'><strong>potest:</strong></span> <span class='ocrx_word' id='word_1_662' title='bbox 2517 4292 2655 4346; x_wconf 84' lang='lat' dir='ltr'><strong>sicut</strong></span> <span class='ocrx_word' id='word_1_663' title='bbox 2696 4292 2951 4347; x_wconf 88' lang='lat' dir='ltr'><strong>Dominus</strong></span> <span class='ocrx_word' id='word_1_664' title='bbox 2982 4293 3034 4346; x_wconf 92' lang='lat' dir='ltr'><strong>in</strong></span> <span class='ocrx_word' id='word_1_665' title='bbox 3075 4292 3364 4365; x_wconf 85' lang='lat' dir='ltr'><strong>Evangelio</strong></span> <span class='ocrx_word' id='word_1_666' title='bbox 3406 4304 3587 4351; x_wconf 85' lang='lat' dir='ltr'><strong>conte-</strong></span> 
     </span>
    </p>
   </div>
   <div class='ocr_carea' id='block_1_89' title="bbox 2018 4381 3579 4457">
    <p class='ocr_par' dir='ltr' id='par_1_89' title="bbox 2018 4381 3579 4457">
     <span class='ocr_line' id='line_1_89' title="bbox 2018 4381 3579 4457; baseline 0.003 -20"><span class='ocrx_word' id='word_1_667' title='bbox 2018 4390 2228 4437; x_wconf 85' lang='lat' dir='ltr'><strong>statur:</strong></span> <span class='ocrx_word' id='word_1_668' title='bbox 2262 4402 2277 4433; x_wconf 82' lang='lat' dir='ltr'><strong>t</strong></span> <span class='ocrx_word' id='word_1_669' title='bbox 2335 4381 2509 4450; x_wconf 78' lang='lat' dir='ltr'><strong>Quam</strong></span> <span class='ocrx_word' id='word_1_670' title='bbox 2547 4383 2695 4438; x_wconf 81' lang='lat' dir='ltr'><strong>dabit</strong></span> <span class='ocrx_word' id='word_1_671' title='bbox 2747 4383 2906 4438; x_wconf 92' lang='lat' dir='ltr'><strong>homo</strong></span> <span class='ocrx_word' id='word_1_672' title='bbox 2953 4385 3428 4441; x_wconf 88' lang='lat' dir='ltr'><strong>commutationem</strong></span> <span class='ocrx_word' id='word_1_673' title='bbox 3473 4400 3579 4457; x_wconf 87' lang='lat' dir='ltr'><strong>pro</strong></span> 
     </span>
    </p>
   </div>
   <div class='ocr_carea' id='block_1_90' title="bbox 338 4473 1914 4577">
    <p class='ocr_par' dir='ltr' id='par_1_90' title="bbox 338 4484 1910 4566">
     <span class='ocr_line' id='line_1_90' title="bbox 338 4484 1910 4566; baseline 0.007 -33"><span class='ocrx_word' id='word_1_674' title='bbox 338 4503 373 4566; x_wconf 36' lang='grc' dir='ltr'><strong>«ο</strong></span> <span class='ocrx_word' id='word_1_675' title='bbox 393 4498 489 4538; x_wconf 90' lang='lat' dir='ltr'><strong>vos</strong></span> <span class='ocrx_word' id='word_1_676' title='bbox 517 4492 574 4538; x_wconf 91' lang='lat' dir='ltr'><strong>et</strong></span> <span class='ocrx_word' id='word_1_677' title='bbox 599 4484 695 4538; x_wconf 87' lang='lat' dir='ltr'><strong>ﬁlii</strong></span> <span class='ocrx_word' id='word_1_678' title='bbox 723 4485 888 4539; x_wconf 84' lang='lat' dir='ltr'><strong>vestri</strong></span> <span class='ocrx_word' id='word_1_679' title='bbox 907 4500 1078 4553; x_wconf 88' lang='lat' dir='ltr'><strong>usque</strong></span> <span class='ocrx_word' id='word_1_680' title='bbox 1106 4486 1160 4540; x_wconf 88' lang='lat' dir='ltr'><strong>in</strong></span> <span class='ocrx_word' id='word_1_681' title='bbox 1186 4487 1592 4556; x_wconf 87' lang='lat' dir='ltr'><strong>sempiternum,</strong></span> <span class='ocrx_word' id='word_1_682' title='bbox 1612 4498 1668 4543; x_wconf 89' lang='lat' dir='ltr'><strong>et</strong></span> <span class='ocrx_word' id='word_1_683' title='bbox 1694 4489 1910 4543; x_wconf 90' lang='lat' dir='ltr'><strong>domum</strong></span> 
     </span>
    </p>
   </div>
   <div class='ocr_carea' id='block_1_91' title="bbox 2016 4473 3583 4577">
    <p class='ocr_par' dir='ltr' id='par_1_91' title="bbox 2018 4473 3583 4547">
     <span class='ocr_line' id='line_1_91' title="bbox 2018 4473 3583 4547; baseline 0.003 -18"><span class='ocrx_word' id='word_1_684' title='bbox 2018 4475 2197 4529; x_wconf 90' lang='lat' dir='ltr'><strong>anima</strong></span> <span class='ocrx_word' id='word_1_685' title='bbox 2227 4476 2357 4529; x_wconf 88' lang='lat' dir='ltr'><strong>sua?</strong></span> <span class='ocrx_word' id='word_1_686' title='bbox 2383 4495 2401 4524; x_wconf 74' lang='grc' dir='ltr'><strong><em>ι</em></strong></span> <span class='ocrx_word' id='word_1_687' title='bbox 2420 4473 2632 4545; x_wconf 82' lang='lat' dir='ltr'><strong>(Matth.</strong></span> <span class='ocrx_word' id='word_1_688' title='bbox 2658 4475 2788 4546; x_wconf 73' lang='lat' dir='ltr'><strong>xvn).</strong></span> <span class='ocrx_word' id='word_1_689' title='bbox 2807 4474 3140 4547; x_wconf 82' lang='lat' dir='ltr'><strong>Quapropter</strong></span> <span class='ocrx_word' id='word_1_690' title='bbox 3160 4478 3300 4533; x_wconf 90' lang='lat' dir='ltr'><strong>scire</strong></span> <span class='ocrx_word' id='word_1_691' title='bbox 3323 4478 3583 4534; x_wconf 88' lang='lat' dir='ltr'><strong>debemus</strong></span> 
     </span>
    </p>
   </div>
   <div class='ocr_carea' id='block_1_92' title="bbox 340 4559 1911 4643">
    <p class='ocr_par' dir='ltr' id='par_1_92' title="bbox 340 4559 1911 4643">
     <span class='ocr_line' id='line_1_92' title="bbox 340 4559 1911 4643; baseline 0.006 -21"><span class='ocrx_word' id='word_1_692' title='bbox 340 4559 373 4622; x_wconf 77' lang='grc' dir='ltr'><strong>ι’</strong></span> <span class='ocrx_word' id='word_1_693' title='bbox 397 4585 501 4625; x_wconf 90' lang='lat' dir='ltr'><strong>non</strong></span> <span class='ocrx_word' id='word_1_694' title='bbox 541 4572 897 4638; x_wconf 69' lang='lat' dir='ltr'><strong>aediﬁcabitis,</strong></span> <span class='ocrx_word' id='word_1_695' title='bbox 931 4581 988 4629; x_wconf 89' lang='lat' dir='ltr'><strong>et</strong></span> <span class='ocrx_word' id='word_1_696' title='bbox 1022 4584 1317 4631; x_wconf 84' lang='lat' dir='ltr'><strong>sementem</strong></span> <span class='ocrx_word' id='word_1_697' title='bbox 1359 4591 1466 4632; x_wconf 91' lang='lat' dir='ltr'><strong>non</strong></span> <span class='ocrx_word' id='word_1_698' title='bbox 1495 4578 1706 4643; x_wconf 87' lang='lat' dir='ltr'><strong>seretis,</strong></span> <span class='ocrx_word' id='word_1_699' title='bbox 1751 4586 1806 4633; x_wconf 91' lang='lat' dir='ltr'><strong>et</strong></span> <span class='ocrx_word' id='word_1_700' title='bbox 1843 4579 1911 4632; x_wconf 82' lang='lat' dir='ltr'><strong>vi-</strong></span> 
     </span>
    </p>
   </div>
   <div class='ocr_carea' id='block_1_93' title="bbox 339 4661 1912 4733">
    <p class='ocr_par' dir='ltr' id='par_1_93' title="bbox 339 4661 1912 4733">
     <span class='ocr_line' id='line_1_93' title="bbox 339 4661 1912 4733; baseline 0.006 -21"><span class='ocrx_word' id='word_1_701' title='bbox 339 4680 357 4712; x_wconf 75' lang='lat' dir='ltr'><strong>t</strong></span> <span class='ocrx_word' id='word_1_702' title='bbox 391 4676 520 4715; x_wconf 90' lang='lat' dir='ltr'><strong>neas</strong></span> <span class='ocrx_word' id='word_1_703' title='bbox 539 4676 645 4717; x_wconf 87' lang='lat' dir='ltr'><strong>non</strong></span> <span class='ocrx_word' id='word_1_704' title='bbox 670 4661 996 4733; x_wconf 87' lang='lat' dir='ltr'><strong>plantabitis,</strong></span> <span class='ocrx_word' id='word_1_705' title='bbox 1013 4678 1117 4729; x_wconf 87' lang='lat' dir='ltr'><strong>nec</strong></span> <span class='ocrx_word' id='word_1_706' title='bbox 1142 4665 1404 4720; x_wconf 89' lang='lat' dir='ltr'><strong>habebitis</strong></span> <span class='ocrx_word' id='word_1_707' title='bbox 1432 4684 1445 4719; x_wconf 92' lang='lat'>:</span> <span class='ocrx_word' id='word_1_708' title='bbox 1477 4665 1567 4721; x_wconf 89' lang='lat' dir='ltr'><strong>sed</strong></span> <span class='ocrx_word' id='word_1_709' title='bbox 1593 4667 1645 4721; x_wconf 92' lang='lat' dir='ltr'><strong>in</strong></span> <span class='ocrx_word' id='word_1_710' title='bbox 1670 4668 1912 4722; x_wconf 89' lang='lat' dir='ltr'><strong>taberna-</strong></span> 
     </span>
    </p>
   </div>
   <div class='ocr_carea' id='block_1_94' title="bbox 340 4750 1910 4823">
    <p class='ocr_par' dir='ltr' id='par_1_94' title="bbox 340 4750 1910 4823">
     <span class='ocr_line' id='line_1_94' title="bbox 340 4750 1910 4823; baseline 0.007 -20"><span class='ocrx_word' id='word_1_711' title='bbox 340 4771 359 4803; x_wconf 76' lang='grc' dir='ltr'>ι</span> <span class='ocrx_word' id='word_1_712' title='bbox 393 4750 529 4808; x_wconf 84' lang='lat' dir='ltr'><strong>culis</strong></span> <span class='ocrx_word' id='word_1_713' title='bbox 573 4752 885 4811; x_wconf 79' lang='lat' dir='ltr'><strong>habitabilis</strong></span> <span class='ocrx_word' id='word_1_714' title='bbox 918 4754 1129 4809; x_wconf 89' lang='lat' dir='ltr'><strong>cunctis</strong></span> <span class='ocrx_word' id='word_1_715' title='bbox 1156 4755 1344 4812; x_wconf 74' lang='lat' dir='ltr'><strong>diebus</strong></span> <span class='ocrx_word' id='word_1_716' title='bbox 1366 4756 1579 4823; x_wconf 85' lang='lat' dir='ltr'><strong>vestris,</strong></span> <span class='ocrx_word' id='word_1_717' title='bbox 1621 4768 1679 4811; x_wconf 92' lang='lat' dir='ltr'><strong>ut</strong></span> <span class='ocrx_word' id='word_1_718' title='bbox 1719 4757 1910 4815; x_wconf 90' lang='lat' dir='ltr'><strong>vivatis</strong></span> 
     </span>
    </p>
   </div>
   <div class='ocr_carea' id='block_1_95' title="bbox 339 4839 1903 4918">
    <p class='ocr_par' dir='ltr' id='par_1_95' title="bbox 339 4839 1903 4918">
     <span class='ocr_line' id='line_1_95' title="bbox 339 4839 1903 4918; baseline 0.007 -27"><span class='ocrx_word' id='word_1_719' title='bbox 339 4859 359 4891; x_wconf 69' lang='grc' dir='ltr'>ι</span> <span class='ocrx_word' id='word_1_720' title='bbox 398 4839 581 4897; x_wconf 87' lang='lat' dir='ltr'><strong>multis</strong></span> <span class='ocrx_word' id='word_1_721' title='bbox 601 4840 791 4897; x_wconf 88' lang='lat' dir='ltr'><strong>diebus</strong></span> <span class='ocrx_word' id='word_1_722' title='bbox 811 4855 975 4913; x_wconf 89' lang='lat' dir='ltr'><strong>super</strong></span> <span class='ocrx_word' id='word_1_723' title='bbox 993 4842 1185 4899; x_wconf 89' lang='lat' dir='ltr'><strong>faciem</strong></span> <span class='ocrx_word' id='word_1_724' title='bbox 1203 4853 1379 4910; x_wconf 82' lang='lat' dir='ltr'><strong>terrae,</strong></span> <span class='ocrx_word' id='word_1_725' title='bbox 1404 4846 1456 4900; x_wconf 93' lang='lat' dir='ltr'><strong>in</strong></span> <span class='ocrx_word' id='word_1_726' title='bbox 1487 4861 1591 4915; x_wconf 90' lang='lat' dir='ltr'><strong>qua</strong></span> <span class='ocrx_word' id='word_1_727' title='bbox 1625 4862 1724 4902; x_wconf 93' lang='lat' dir='ltr'><strong>nos</strong></span> <span class='ocrx_word' id='word_1_728' title='bbox 1756 4863 1903 4918; x_wconf 83' lang='lat' dir='ltr'><strong>perc-</strong></span> 
     </span>
    </p>
   </div>
   <div class='ocr_carea' id='block_1_96' title="bbox 340 4930 1906 5009">
    <p class='ocr_par' dir='ltr' id='par_1_96' title="bbox 340 4930 1906 5009">
     <span class='ocr_line' id='line_1_96' title="bbox 340 4930 1906 5009; baseline 0.008 -28"><span class='ocrx_word' id='word_1_729' title='bbox 340 4948 359 4981; x_wconf 77' lang='grc' dir='ltr'>ι</span> <span class='ocrx_word' id='word_1_730' title='bbox 388 4930 694 4999; x_wconf 89' lang='lat' dir='ltr'><strong>grinamini,</strong></span> <span class='ocrx_word' id='word_1_731' title='bbox 730 4951 749 4982; x_wconf 73' lang='grc' dir='ltr'><strong><em>ι</em></strong></span> <span class='ocrx_word' id='word_1_732' title='bbox 790 4940 845 4986; x_wconf 92' lang='lat' dir='ltr'><strong>et</strong></span> <span class='ocrx_word' id='word_1_733' title='bbox 886 4932 1111 5001; x_wconf 90' lang='lat' dir='ltr'><strong>reliqua.</strong></span> <span class='ocrx_word' id='word_1_734' title='bbox 1136 4933 1215 4989; x_wconf 82' lang='lat' dir='ltr'><strong>Ad</strong></span> <span class='ocrx_word' id='word_1_735' title='bbox 1250 4936 1681 4993; x_wconf 89' lang='lat' dir='ltr'><strong>confundendum</strong></span> <span class='ocrx_word' id='word_1_736' title='bbox 1720 4954 1906 5009; x_wconf 84' lang='lat' dir='ltr'><strong>super-</strong></span> 
     </span>
    </p>
   </div>
   <div class='ocr_carea' id='block_1_97' title="bbox 332 5020 1908 5098">
    <p class='ocr_par' dir='ltr' id='par_1_97' title="bbox 332 5020 1908 5098">
     <span class='ocr_line' id='line_1_97' title="bbox 332 5020 1908 5098; baseline 0.006 -21"><span class='ocrx_word' id='word_1_737' title='bbox 332 5020 477 5078; x_wconf 82' lang='lat' dir='ltr'><strong>biam</strong></span> <span class='ocrx_word' id='word_1_738' title='bbox 489 5032 546 5078; x_wconf 89' lang='lat' dir='ltr'><strong>et</strong></span> <span class='ocrx_word' id='word_1_739' title='bbox 557 5026 949 5081; x_wconf 87' lang='lat' dir='ltr'><strong>contumaciam</strong></span> <span class='ocrx_word' id='word_1_740' title='bbox 963 5023 1288 5091; x_wconf 78' lang='lat' dir='ltr'><strong>Iudzeorum,</strong></span> <span class='ocrx_word' id='word_1_741' title='bbox 1305 5028 1395 5096; x_wconf 87' lang='lat' dir='ltr'><strong>qui</strong></span> <span class='ocrx_word' id='word_1_742' title='bbox 1412 5043 1625 5098; x_wconf 87' lang='lat' dir='ltr'><strong>semper</strong></span> <span class='ocrx_word' id='word_1_743' title='bbox 1640 5030 1908 5086; x_wconf 87' lang='lat' dir='ltr'><strong>mandatis</strong></span> 
     </span>
    </p>
   </div>
   <div class='ocr_carea' id='block_1_98' title="bbox 335 5111 1906 5188">
    <p class='ocr_par' dir='ltr' id='par_1_98' title="bbox 335 5111 1906 5188">
     <span class='ocr_line' id='line_1_98' title="bbox 335 5111 1906 5188; baseline 0.003 -21"><span class='ocrx_word' id='word_1_744' title='bbox 335 5111 428 5167; x_wconf 87' lang='lat' dir='ltr'><strong>Dei</strong></span> <span class='ocrx_word' id='word_1_745' title='bbox 461 5113 808 5171; x_wconf 88' lang='lat' dir='ltr'><strong>adversantes</strong></span> <span class='ocrx_word' id='word_1_746' title='bbox 836 5116 1166 5181; x_wconf 87' lang='lat' dir='ltr'><strong>restiterant,</strong></span> <span class='ocrx_word' id='word_1_747' title='bbox 1212 5118 1471 5186; x_wconf 90' lang='lat' dir='ltr'><strong>propheta</strong></span> <span class='ocrx_word' id='word_1_748' title='bbox 1497 5118 1652 5188; x_wconf 89' lang='lat' dir='ltr'><strong>jussu</strong></span> <span class='ocrx_word' id='word_1_749' title='bbox 1695 5118 1906 5175; x_wconf 88' lang='lat' dir='ltr'><strong>Domini</strong></span> 
     </span>
    </p>
   </div>
   <div class='ocr_carea' id='block_1_99' title="bbox 334 5204 1905 5285">
    <p class='ocr_par' dir='ltr' id='par_1_99' title="bbox 334 5204 1905 5285">
     <span class='ocr_line' id='line_1_99' title="bbox 334 5204 1905 5285; baseline 0.004 -27"><span class='ocrx_word' id='word_1_750' title='bbox 334 5204 655 5262; x_wconf 78' lang='lat' dir='ltr'><strong>Rechabitas</strong></span> <span class='ocrx_word' id='word_1_751' title='bbox 688 5208 1002 5263; x_wconf 85' lang='lat' dir='ltr'><strong>obedientes</strong></span> <span class='ocrx_word' id='word_1_752' title='bbox 1029 5216 1083 5263; x_wconf 89' lang='lat' dir='ltr'><strong>et</strong></span> <span class='ocrx_word' id='word_1_753' title='bbox 1128 5207 1286 5263; x_wconf 90' lang='lat' dir='ltr'><strong>mites</strong></span> <span class='ocrx_word' id='word_1_754' title='bbox 1312 5208 1364 5261; x_wconf 92' lang='lat' dir='ltr'><strong>in</strong></span> <span class='ocrx_word' id='word_1_755' title='bbox 1413 5210 1779 5285; x_wconf 85' lang='lat' dir='ltr'><strong>testimonium</strong></span> <span class='ocrx_word' id='word_1_756' title='bbox 1807 5212 1905 5265; x_wconf 87' lang='lat' dir='ltr'><strong>ad-</strong></span> 
     </span>
    </p>
   </div>
   <div class='ocr_carea' id='block_1_100' title="bbox 335 5295 1908 5371">
    <p class='ocr_par' dir='ltr' id='par_1_100' title="bbox 335 5295 1908 5371">
     <span class='ocr_line' id='line_1_100' title="bbox 335 5295 1908 5371; baseline 0.005 -21"><span class='ocrx_word' id='word_1_757' title='bbox 335 5295 602 5363; x_wconf 87' lang='lat' dir='ltr'><strong>hibuerat,</strong></span> <span class='ocrx_word' id='word_1_758' title='bbox 626 5299 718 5369; x_wconf 92' lang='lat' dir='ltr'><strong>qui</strong></span> <span class='ocrx_word' id='word_1_759' title='bbox 760 5299 1042 5369; x_wconf 67' lang='lat' dir='ltr'><strong>praeceptis</strong></span> <span class='ocrx_word' id='word_1_760' title='bbox 1069 5297 1311 5355; x_wconf 87' lang='lat' dir='ltr'><strong>Ionadab</strong></span> <span class='ocrx_word' id='word_1_761' title='bbox 1358 5300 1450 5355; x_wconf 90' lang='lat' dir='ltr'><strong>ﬁlii</strong></span> <span class='ocrx_word' id='word_1_762' title='bbox 1489 5300 1711 5356; x_wconf 79' lang='lat' dir='ltr'><strong>Rechab</strong></span> <span class='ocrx_word' id='word_1_763' title='bbox 1739 5303 1908 5371; x_wconf 88' lang='lat' dir='ltr'><strong>patris</strong></span> 
     </span>
    </p>
   </div>
   <div class='ocr_carea' id='block_1_101' title="bbox 331 5388 1903 5459">
    <p class='ocr_par' dir='ltr' id='par_1_101' title="bbox 331 5388 1903 5459">
     <span class='ocr_line' id='line_1_101' title="bbox 331 5388 1903 5459; baseline 0.004 -19"><span class='ocrx_word' id='word_1_764' title='bbox 331 5397 521 5441; x_wconf 85' lang='lat' dir='ltr'><strong>eorum</strong></span> <span class='ocrx_word' id='word_1_765' title='bbox 546 5388 601 5442; x_wconf 90' lang='lat' dir='ltr'><strong>in</strong></span> <span class='ocrx_word' id='word_1_766' title='bbox 625 5390 875 5444; x_wconf 88' lang='lat' dir='ltr'><strong>omnibus</strong></span> <span class='ocrx_word' id='word_1_767' title='bbox 902 5391 1184 5459; x_wconf 88' lang='lat' dir='ltr'><strong>parebant,</strong></span> <span class='ocrx_word' id='word_1_768' title='bbox 1208 5389 1283 5444; x_wconf 90' lang='lat' dir='ltr'><strong>ita</strong></span> <span class='ocrx_word' id='word_1_769' title='bbox 1309 5400 1368 5444; x_wconf 93' lang='lat' dir='ltr'><strong>ut</strong></span> <span class='ocrx_word' id='word_1_770' title='bbox 1396 5406 1496 5446; x_wconf 90' lang='lat' dir='ltr'><strong>nec</strong></span> <span class='ocrx_word' id='word_1_771' title='bbox 1524 5390 1707 5446; x_wconf 86' lang='lat' dir='ltr'><strong>vinum</strong></span> <span class='ocrx_word' id='word_1_772' title='bbox 1749 5392 1903 5448; x_wconf 84' lang='lat' dir='ltr'><strong>bibe-</strong></span> 
     </span>
    </p>
   </div>
   <div class='ocr_carea' id='block_1_102' title="bbox 336 5477 1903 5541">
    <p class='ocr_par' dir='ltr' id='par_1_102' title="bbox 336 5477 1903 5541">
     <span class='ocr_line' id='line_1_102' title="bbox 336 5477 1903 5541; baseline 0.004 -14"><span class='ocrx_word' id='word_1_773' title='bbox 336 5481 476 5539; x_wconf 87' lang='lat' dir='ltr'><strong>rent,</strong></span> <span class='ocrx_word' id='word_1_774' title='bbox 527 5490 629 5530; x_wconf 90' lang='lat' dir='ltr'><strong>nec</strong></span> <span class='ocrx_word' id='word_1_775' title='bbox 676 5477 890 5531; x_wconf 88' lang='lat' dir='ltr'><strong>domum</strong></span> <span class='ocrx_word' id='word_1_776' title='bbox 940 5477 1287 5541; x_wconf 64' lang='lat' dir='ltr'><strong>aediﬁcarent,</strong></span> <span class='ocrx_word' id='word_1_777' title='bbox 1329 5477 1423 5532; x_wconf 90' lang='lat' dir='ltr'><strong>sed</strong></span> <span class='ocrx_word' id='word_1_778' title='bbox 1462 5494 1562 5534; x_wconf 90' lang='lat' dir='ltr'><strong>nec</strong></span> <span class='ocrx_word' id='word_1_779' title='bbox 1608 5486 1903 5533; x_wconf 85' lang='lat' dir='ltr'><strong>sementem</strong></span> 
     </span>
    </p>
   </div>
   <div class='ocr_carea' id='block_1_103' title="bbox 336 5567 1907 5637">
    <p class='ocr_par' dir='ltr' id='par_1_103' title="bbox 336 5567 1907 5637">
     <span class='ocr_line' id='line_1_103' title="bbox 336 5567 1907 5637; baseline 0.005 -20"><span class='ocrx_word' id='word_1_780' title='bbox 336 5571 601 5629; x_wconf 82' lang='lat' dir='ltr'><strong>sererent,</strong></span> <span class='ocrx_word' id='word_1_781' title='bbox 626 5580 800 5634; x_wconf 86' lang='lat' dir='ltr'><strong>neque</strong></span> <span class='ocrx_word' id='word_1_782' title='bbox 826 5567 1010 5623; x_wconf 89' lang='lat' dir='ltr'><strong>vineas</strong></span> <span class='ocrx_word' id='word_1_783' title='bbox 1056 5568 1362 5637; x_wconf 87' lang='lat' dir='ltr'><strong>plantarent</strong></span> <span class='ocrx_word' id='word_1_784' title='bbox 1390 5608 1407 5631; x_wconf 95' lang='lat'><strong>,</strong></span> <span class='ocrx_word' id='word_1_785' title='bbox 1450 5569 1543 5623; x_wconf 71' lang='lat' dir='ltr'><strong>sed</strong></span> <span class='ocrx_word' id='word_1_786' title='bbox 1571 5569 1625 5623; x_wconf 91' lang='lat' dir='ltr'><strong>in</strong></span> <span class='ocrx_word' id='word_1_787' title='bbox 1659 5572 1907 5625; x_wconf 89' lang='lat' dir='ltr'><strong>taberna-</strong></span> 
     </span>
    </p>
   </div>
   <div class='ocr_carea' id='block_1_104' title="bbox 334 5653 1906 5728">
    <p class='ocr_par' dir='ltr' id='par_1_104' title="bbox 334 5653 1906 5728">
     <span class='ocr_line' id='line_1_104' title="bbox 334 5653 1906 5728; baseline 0.005 -21"><span class='ocrx_word' id='word_1_788' title='bbox 334 5653 471 5709; x_wconf 89' lang='lat' dir='ltr'><strong>culis</strong></span> <span class='ocrx_word' id='word_1_789' title='bbox 496 5653 811 5711; x_wconf 83' lang='lat' dir='ltr'><strong>habitabant</strong></span> <span class='ocrx_word' id='word_1_790' title='bbox 837 5657 1046 5712; x_wconf 87' lang='lat' dir='ltr'><strong>cunctis</strong></span> <span class='ocrx_word' id='word_1_791' title='bbox 1087 5659 1276 5714; x_wconf 90' lang='lat' dir='ltr'><strong>diebus</strong></span> <span class='ocrx_word' id='word_1_792' title='bbox 1305 5674 1476 5728; x_wconf 86' lang='lat' dir='ltr'><strong>usque</strong></span> <span class='ocrx_word' id='word_1_793' title='bbox 1517 5661 1586 5714; x_wconf 88' lang='lat' dir='ltr'><strong>ad</strong></span> <span class='ocrx_word' id='word_1_794' title='bbox 1616 5662 1906 5716; x_wconf 89' lang='lat' dir='ltr'><strong>necessita-</strong></span> 
     </span>
    </p>
   </div>
   <div class='ocr_carea' id='block_1_105' title="bbox 333 5742 1897 5820">
    <p class='ocr_par' dir='ltr' id='par_1_105' title="bbox 333 5742 1897 5820">
     <span class='ocr_line' id='line_1_105' title="bbox 333 5742 1897 5820; baseline 0.006 -23"><span class='ocrx_word' id='word_1_795' title='bbox 333 5759 418 5798; x_wconf 89' lang='lat' dir='ltr'><strong>em</strong></span> <span class='ocrx_word' id='word_1_796' title='bbox 466 5742 770 5802; x_wconf 69' lang='lat' dir='ltr'><strong>Chaldaica:</strong></span> <span class='ocrx_word' id='word_1_797' title='bbox 817 5748 1167 5815; x_wconf 84' lang='lat' dir='ltr'><strong>captivitatis,</strong></span> <span class='ocrx_word' id='word_1_798' title='bbox 1212 5753 1363 5818; x_wconf 81' lang='lat' dir='ltr'><strong>juxta</strong></span> <span class='ocrx_word' id='word_1_799' title='bbox 1410 5752 1588 5804; x_wconf 85' lang='lat' dir='ltr'><strong>omnia</strong></span> <span class='ocrx_word' id='word_1_800' title='bbox 1635 5767 1752 5820; x_wconf 73' lang='lat' dir='ltr'><strong>qua:</strong></span> <span class='ocrx_word' id='word_1_801' title='bbox 1794 5754 1897 5808; x_wconf 87' lang='lat' dir='ltr'><strong>sibi</strong></span> 
     </span>
    </p>
   </div>
   <div class='ocr_carea' id='block_1_106' title="bbox 2019 4567 3587 4642">
    <p class='ocr_par' dir='ltr' id='par_1_106' title="bbox 2019 4567 3587 4642">
     <span class='ocr_line' id='line_1_106' title="bbox 2019 4567 3587 4642; baseline 0.001 -19"><span class='ocrx_word' id='word_1_802' title='bbox 2019 4583 2136 4633; x_wconf 89' lang='lat' dir='ltr'><strong>nos,</strong></span> <span class='ocrx_word' id='word_1_803' title='bbox 2152 4583 2181 4621; x_wconf 89' lang='lat' dir='ltr'><strong>a</strong></span> <span class='ocrx_word' id='word_1_804' title='bbox 2199 4568 2392 4636; x_wconf 90' lang='lat' dir='ltr'><strong>quibus</strong></span> <span class='ocrx_word' id='word_1_805' title='bbox 2417 4584 2521 4621; x_wconf 92' lang='lat' dir='ltr'><strong>non</strong></span> <span class='ocrx_word' id='word_1_806' title='bbox 2560 4567 2669 4636; x_wconf 91' lang='lat' dir='ltr'><strong>jam</strong></span> <span class='ocrx_word' id='word_1_807' title='bbox 2691 4568 2922 4637; x_wconf 79' lang='lat' dir='ltr'><strong>exigitur</strong></span> <span class='ocrx_word' id='word_1_808' title='bbox 2944 4569 3114 4642; x_wconf 86' lang='lat' dir='ltr'><strong>legale</strong></span> <span class='ocrx_word' id='word_1_809' title='bbox 3139 4571 3472 4634; x_wconf 89' lang='lat' dir='ltr'><strong>mandatum,</strong></span> <span class='ocrx_word' id='word_1_810' title='bbox 3492 4572 3587 4624; x_wconf 79' lang='lat' dir='ltr'><strong>sed</strong></span> 
     </span>
    </p>
   </div>
   <div class='ocr_carea' id='block_1_107' title="bbox 2016 4658 3587 4729">
    <p class='ocr_par' dir='ltr' id='par_1_107' title="bbox 2016 4658 3587 4729">
     <span class='ocr_line' id='line_1_107' title="bbox 2016 4658 3587 4729; baseline 0.001 -16"><span class='ocrx_word' id='word_1_811' title='bbox 2016 4661 2210 4729; x_wconf 91' lang='lat' dir='ltr'><strong>quibus</strong></span> <span class='ocrx_word' id='word_1_812' title='bbox 2236 4658 2575 4728; x_wconf 88' lang='lat' dir='ltr'><strong>cvangelieus</strong></span> <span class='ocrx_word' id='word_1_813' title='bbox 2600 4659 2837 4727; x_wconf 87' lang='lat' dir='ltr'><strong>quotidie</strong></span> <span class='ocrx_word' id='word_1_814' title='bbox 2872 4661 3085 4715; x_wconf 88' lang='lat' dir='ltr'><strong>intonat</strong></span> <span class='ocrx_word' id='word_1_815' title='bbox 3117 4676 3296 4716; x_wconf 90' lang='lat' dir='ltr'><strong>sermo</strong></span> <span class='ocrx_word' id='word_1_816' title='bbox 3325 4676 3341 4714; x_wconf 90' lang='lat'><strong>:</strong></span> <span class='ocrx_word' id='word_1_817' title='bbox 3375 4680 3393 4712; x_wconf 83' lang='lat' dir='ltr'><strong>t</strong></span> <span class='ocrx_word' id='word_1_818' title='bbox 3425 4662 3482 4715; x_wconf 90' lang='lat' dir='ltr'><strong>Si</strong></span> <span class='ocrx_word' id='word_1_819' title='bbox 3506 4663 3587 4715; x_wconf 86' lang='lat' dir='ltr'><strong>vis</strong></span> 
     </span>
    </p>
   </div>
   <div class='ocr_carea' id='block_1_108' title="bbox 2012 4750 3695 4821">
    <p class='ocr_par' dir='ltr' id='par_1_108' title="bbox 2012 4750 3695 4821">
     <span class='ocr_line' id='line_1_108' title="bbox 2012 4750 3695 4821; baseline 0.001 -18"><span class='ocrx_word' id='word_1_820' title='bbox 2012 4750 2285 4820; x_wconf 85' lang='lat' dir='ltr'><strong>perfectus</strong></span> <span class='ocrx_word' id='word_1_821' title='bbox 2317 4764 2456 4815; x_wconf 91' lang='lat' dir='ltr'><strong>esse,</strong></span> <span class='ocrx_word' id='word_1_822' title='bbox 2502 4751 2653 4810; x_wconf 85' lang='lat' dir='ltr'><strong>vade.</strong></span> <span class='ocrx_word' id='word_1_823' title='bbox 2705 4753 2873 4806; x_wconf 88' lang='lat' dir='ltr'><strong>vende</strong></span> <span class='ocrx_word' id='word_1_824' title='bbox 2918 4752 3097 4805; x_wconf 89' lang='lat' dir='ltr'><strong>omnia</strong></span> <span class='ocrx_word' id='word_1_825' title='bbox 3147 4767 3265 4821; x_wconf 73' lang='lat' dir='ltr'><strong>qum</strong></span> <span class='ocrx_word' id='word_1_826' title='bbox 3304 4752 3489 4818; x_wconf 88' lang='lat' dir='ltr'><strong>habes,</strong></span> <span class='ocrx_word' id='word_1_827' title='bbox 3531 4764 3588 4807; x_wconf 89' lang='lat' dir='ltr'><strong>et</strong></span> <span class='ocrx_word' id='word_1_828' title='bbox 3682 4795 3695 4804; x_wconf 90' lang='lat'><strong>.</strong></span> 
     </span>
    </p>
   </div>
   <div class='ocr_carea' id='block_1_109' title="bbox 2014 4841 3585 4913">
    <p class='ocr_par' dir='ltr' id='par_1_109' title="bbox 2014 4841 3585 4913">
     <span class='ocr_line' id='line_1_109' title="bbox 2014 4841 3585 4913; baseline 0.001 -16"><span class='ocrx_word' id='word_1_829' title='bbox 2014 4842 2081 4897; x_wconf 90' lang='lat' dir='ltr'><strong>da</strong></span> <span class='ocrx_word' id='word_1_830' title='bbox 2107 4843 2449 4913; x_wconf 90' lang='lat' dir='ltr'><strong>pauperibus,</strong></span> <span class='ocrx_word' id='word_1_831' title='bbox 2475 4850 2530 4896; x_wconf 91' lang='lat' dir='ltr'><strong>et</strong></span> <span class='ocrx_word' id='word_1_832' title='bbox 2549 4841 2771 4896; x_wconf 88' lang='lat' dir='ltr'><strong>habebis</strong></span> <span class='ocrx_word' id='word_1_833' title='bbox 2797 4844 3103 4897; x_wconf 87' lang='lat' dir='ltr'><strong>thesaurum</strong></span> <span class='ocrx_word' id='word_1_834' title='bbox 3128 4844 3179 4896; x_wconf 88' lang='lat' dir='ltr'><strong>in</strong></span> <span class='ocrx_word' id='word_1_835' title='bbox 3201 4842 3354 4904; x_wconf 76' lang='lat' dir='ltr'><strong>ctelo,</strong></span> <span class='ocrx_word' id='word_1_836' title='bbox 3388 4854 3444 4899; x_wconf 90' lang='lat' dir='ltr'><strong>et</strong></span> <span class='ocrx_word' id='word_1_837' title='bbox 3464 4847 3585 4899; x_wconf 89' lang='lat' dir='ltr'><strong>veni</strong></span> 
     </span>
    </p>
   </div>
   <div class='ocr_carea' id='block_1_110' title="bbox 2016 4930 3586 5002">
    <p class='ocr_par' dir='ltr' id='par_1_110' title="bbox 2016 4930 3586 5002">
     <span class='ocr_line' id='line_1_110' title="bbox 2016 4930 3586 5002; baseline 0.003 -18"><span class='ocrx_word' id='word_1_838' title='bbox 2016 4946 2239 4999; x_wconf 89' lang='lat' dir='ltr'><strong>sequere</strong></span> <span class='ocrx_word' id='word_1_839' title='bbox 2255 4945 2339 4985; x_wconf 92' lang='lat' dir='ltr'><strong>me</strong></span> <span class='ocrx_word' id='word_1_840' title='bbox 2356 4930 2571 5001; x_wconf 81' lang='lat' dir='ltr'><strong>(Matth.</strong></span> <span class='ocrx_word' id='word_1_841' title='bbox 2590 4932 2724 5002; x_wconf 78' lang='lat' dir='ltr'><strong>xix).</strong></span> <span class='ocrx_word' id='word_1_842' title='bbox 2758 4953 2775 4982; x_wconf 71' lang='grc' dir='ltr'><strong><em>ι</em></strong></span> <span class='ocrx_word' id='word_1_843' title='bbox 2794 4931 2925 4986; x_wconf 85' lang='lat' dir='ltr'><strong>Cum</strong></span> <span class='ocrx_word' id='word_1_844' title='bbox 2942 4932 3176 4987; x_wconf 85' lang='lat' dir='ltr'><strong>decimas</strong></span> <span class='ocrx_word' id='word_1_845' title='bbox 3188 4932 3253 4987; x_wconf 93' lang='lat' dir='ltr'><strong>de</strong></span> <span class='ocrx_word' id='word_1_846' title='bbox 3272 4932 3586 4989; x_wconf 87' lang='lat' dir='ltr'><strong>substantiis</strong></span> 
     </span>
    </p>
   </div>
   <div class='ocr_carea' id='block_1_111' title="bbox 2011 5018 3586 5093">
    <p class='ocr_par' dir='ltr' id='par_1_111' title="bbox 2011 5018 3586 5093">
     <span class='ocr_line' id='line_1_111' title="bbox 2011 5018 3586 5093; baseline 0.001 -17"><span class='ocrx_word' id='word_1_847' title='bbox 2011 5022 2209 5079; x_wconf 83' lang='lat' dir='ltr'><strong>nostris</strong></span> <span class='ocrx_word' id='word_1_848' title='bbox 2237 5018 2514 5077; x_wconf 71' lang='lat' dir='ltr'><strong>oﬁ‘erimus</strong></span> <span class='ocrx_word' id='word_1_849' title='bbox 2551 5021 2660 5075; x_wconf 90' lang='lat' dir='ltr'><strong>Deo</strong></span> <span class='ocrx_word' id='word_1_850' title='bbox 2694 5022 2867 5077; x_wconf 85' lang='lat' dir='ltr'><strong>adhuc</strong></span> <span class='ocrx_word' id='word_1_851' title='bbox 2894 5021 3283 5092; x_wconf 73' lang='lat' dir='ltr'><strong>quodammodo</strong></span> <span class='ocrx_word' id='word_1_852' title='bbox 3322 5020 3423 5077; x_wconf 89' lang='lat' dir='ltr'><strong>sub</strong></span> <span class='ocrx_word' id='word_1_853' title='bbox 3451 5022 3586 5093; x_wconf 85' lang='lat' dir='ltr'><strong>legis</strong></span> 
     </span>
    </p>
   </div>
   <div class='ocr_carea' id='block_1_112' title="bbox 2010 5111 3583 5181">
    <p class='ocr_par' dir='ltr' id='par_1_112' title="bbox 2010 5111 3583 5181">
     <span class='ocr_line' id='line_1_112' title="bbox 2010 5111 3583 5181; baseline -0.003 -12"><span class='ocrx_word' id='word_1_854' title='bbox 2010 5114 2220 5169; x_wconf 89' lang='lat' dir='ltr'><strong>sarcina</strong></span> <span class='ocrx_word' id='word_1_855' title='bbox 2274 5113 2523 5178; x_wconf 91' lang='lat' dir='ltr'><strong>detineri,</strong></span> <span class='ocrx_word' id='word_1_856' title='bbox 2562 5122 2615 5167; x_wconf 90' lang='lat' dir='ltr'><strong>et</strong></span> <span class='ocrx_word' id='word_1_857' title='bbox 2661 5113 2884 5167; x_wconf 72' lang='lat' dir='ltr'><strong>necdum</strong></span> <span class='ocrx_word' id='word_1_858' title='bbox 2929 5113 2997 5166; x_wconf 85' lang='lat' dir='ltr'><strong>atl</strong></span> <span class='ocrx_word' id='word_1_859' title='bbox 3046 5112 3409 5181; x_wconf 85' lang='lat' dir='ltr'><strong>evangelicum</strong></span> <span class='ocrx_word' id='word_1_860' title='bbox 3455 5111 3583 5165; x_wconf 80' lang='lat' dir='ltr'><strong>illud</strong></span> 
     </span>
    </p>
   </div>
   <div class='ocr_carea' id='block_1_113' title="bbox 2011 5190 3580 5275">
    <p class='ocr_par' dir='ltr' id='par_1_113' title="bbox 2011 5190 3580 5275">
     <span class='ocr_line' id='line_1_113' title="bbox 2011 5190 3580 5275; baseline -0.001 -17"><span class='ocrx_word' id='word_1_861' title='bbox 2011 5206 2284 5275; x_wconf 89' lang='lat' dir='ltr'><strong>fastigium</strong></span> <span class='ocrx_word' id='word_1_862' title='bbox 2309 5205 2641 5275; x_wconf 84' lang='lat' dir='ltr'><strong>pervenisse,</strong></span> <span class='ocrx_word' id='word_1_863' title='bbox 2685 5204 2827 5272; x_wconf 84' lang='lat' dir='ltr'><strong>quod</strong></span> <span class='ocrx_word' id='word_1_864' title='bbox 2871 5190 3301 5272; x_wconf 84' lang='lat' dir='ltr'><strong>obtemperantes</strong></span> <span class='ocrx_word' id='word_1_865' title='bbox 3328 5203 3429 5258; x_wconf 85' lang='lat' dir='ltr'><strong>sibi</strong></span> <span class='ocrx_word' id='word_1_866' title='bbox 3474 5220 3580 5257; x_wconf 87' lang='lat' dir='ltr'><strong>non</strong></span> 
     </span>
    </p>
   </div>
   <div class='ocr_carea' id='block_1_114' title="bbox 2011 5292 3583 5366">
    <p class='ocr_par' dir='ltr' id='par_1_114' title="bbox 2011 5292 3583 5366">
     <span class='ocr_line' id='line_1_114' title="bbox 2011 5292 3583 5366; baseline -0.001 -16"><span class='ocrx_word' id='word_1_867' title='bbox 2011 5305 2216 5351; x_wconf 85' lang='lat' dir='ltr'><strong>tantum</strong></span> <span class='ocrx_word' id='word_1_868' title='bbox 2246 5295 2529 5366; x_wconf 70' lang='lat' dir='ltr'><strong>prassentis</strong></span> <span class='ocrx_word' id='word_1_869' title='bbox 2557 5294 2676 5347; x_wconf 65' lang='lat' dir='ltr'><strong>vita:</strong></span> <span class='ocrx_word' id='word_1_870' title='bbox 2720 5293 3013 5354; x_wconf 86' lang='lat' dir='ltr'><strong>beneﬁciis,</strong></span> <span class='ocrx_word' id='word_1_871' title='bbox 3059 5293 3149 5347; x_wconf 82' lang='lat' dir='ltr'><strong>sed</strong></span> <span class='ocrx_word' id='word_1_872' title='bbox 3181 5293 3343 5347; x_wconf 88' lang='lat' dir='ltr'><strong>etiam</strong></span> <span class='ocrx_word' id='word_1_873' title='bbox 3390 5292 3583 5348; x_wconf 78' lang='lat' dir='ltr'><strong>futuris</strong></span> 
     </span>
    </p>
   </div>
   <div class='ocr_carea' id='block_1_115' title="bbox 2010 5382 3581 5458">
    <p class='ocr_par' dir='ltr' id='par_1_115' title="bbox 2010 5382 3581 5458">
     <span class='ocr_line' id='line_1_115' title="bbox 2010 5382 3581 5458; baseline -0.003 -17"><span class='ocrx_word' id='word_1_874' title='bbox 2010 5387 2244 5458; x_wconf 65' lang='lat' dir='ltr'><strong>praemiis</strong></span> <span class='ocrx_word' id='word_1_875' title='bbox 2285 5392 2621 5440; x_wconf 88' lang='lat' dir='ltr'><strong>numeratur.</strong></span> <span class='ocrx_word' id='word_1_876' title='bbox 2667 5382 2777 5437; x_wconf 78' lang='lat' dir='ltr'><strong>Lex</strong></span> <span class='ocrx_word' id='word_1_877' title='bbox 2805 5383 2948 5438; x_wconf 88' lang='lat' dir='ltr'><strong>enim</strong></span> <span class='ocrx_word' id='word_1_878' title='bbox 2998 5382 3285 5439; x_wconf 90' lang='lat' dir='ltr'><strong>factoribus</strong></span> <span class='ocrx_word' id='word_1_879' title='bbox 3314 5382 3428 5440; x_wconf 91' lang='lat' dir='ltr'><strong>suis</strong></span> <span class='ocrx_word' id='word_1_880' title='bbox 3472 5400 3581 5439; x_wconf 88' lang='lat' dir='ltr'><strong>nou</strong></span> 
     </span>
    </p>
   </div>
   <div class='ocr_carea' id='block_1_116' title="bbox 2014 5472 3582 5543">
    <p class='ocr_par' dir='ltr' id='par_1_116' title="bbox 2014 5472 3582 5543">
     <span class='ocr_line' id='line_1_116' title="bbox 2014 5472 3582 5543; baseline -0.001 -17"><span class='ocrx_word' id='word_1_881' title='bbox 2014 5489 2297 5543; x_wconf 87' lang='lat' dir='ltr'><strong>regnorum</strong></span> <span class='ocrx_word' id='word_1_882' title='bbox 2324 5473 2623 5528; x_wconf 74' lang='lat' dir='ltr'><strong>cmlestium</strong></span> <span class='ocrx_word' id='word_1_883' title='bbox 2656 5474 2895 5543; x_wconf 61' lang='lat' dir='ltr'><strong>praemia,</strong></span> <span class='ocrx_word' id='word_1_884' title='bbox 2925 5473 3016 5528; x_wconf 85' lang='lat' dir='ltr'><strong>setl</strong></span> <span class='ocrx_word' id='word_1_885' title='bbox 3057 5473 3180 5528; x_wconf 81' lang='lat' dir='ltr'><strong>vitae</strong></span> <span class='ocrx_word' id='word_1_886' title='bbox 3210 5474 3368 5542; x_wconf 83' lang='lat' dir='ltr'><strong>hujus</strong></span> <span class='ocrx_word' id='word_1_887' title='bbox 3393 5472 3582 5529; x_wconf 81' lang='lat' dir='ltr'><strong>solatia</strong></span> 
     </span>
    </p>
   </div>
   <div class='ocr_carea' id='block_1_117' title="bbox 2017 5562 3579 5633">
    <p class='ocr_par' dir='ltr' id='par_1_117' title="bbox 2017 5562 3579 5633">
     <span class='ocr_line' id='line_1_117' title="bbox 2017 5562 3579 5633; baseline -0.003 -16"><span class='ocrx_word' id='word_1_888' title='bbox 2017 5564 2347 5633; x_wconf 78' lang='lat' dir='ltr'><strong>repromisit,</strong></span> <span class='ocrx_word' id='word_1_889' title='bbox 2368 5564 2553 5618; x_wconf 80' lang='lat' dir='ltr'><strong>dicens</strong></span> <span class='ocrx_word' id='word_1_890' title='bbox 2582 5578 2595 5615; x_wconf 92' lang='lat'>:</span> <span class='ocrx_word' id='word_1_891' title='bbox 2625 5583 2642 5612; x_wconf 75' lang='grc' dir='ltr'>ι</span> <span class='ocrx_word' id='word_1_892' title='bbox 2679 5562 2777 5629; x_wconf 87' lang='lat' dir='ltr'><strong>Qui</strong></span> <span class='ocrx_word' id='word_1_893' title='bbox 2820 5562 3007 5618; x_wconf 75' lang='lat' dir='ltr'><strong>fecerit</strong></span> <span class='ocrx_word' id='word_1_894' title='bbox 3039 5565 3137 5618; x_wconf 89' lang='lat' dir='ltr'><strong>hoc</strong></span> <span class='ocrx_word' id='word_1_895' title='bbox 3166 5564 3299 5618; x_wconf 88' lang='lat' dir='ltr'><strong>vivit</strong></span> <span class='ocrx_word' id='word_1_896' title='bbox 3322 5565 3377 5619; x_wconf 90' lang='lat' dir='ltr'><strong>in</strong></span> <span class='ocrx_word' id='word_1_897' title='bbox 3404 5564 3519 5619; x_wconf 88' lang='lat' dir='ltr'><strong>eis:</strong></span> <span class='ocrx_word' id='word_1_898' title='bbox 3560 5585 3579 5612; x_wconf 73' lang='grc' dir='ltr'>ι</span> 
     </span>
    </p>
   </div>
   <div class='ocr_carea' id='block_1_118' title="bbox 2016 5654 3584 5726">
    <p class='ocr_par' dir='ltr' id='par_1_118' title="bbox 2016 5654 3584 5726">
     <span class='ocr_line' id='line_1_118' title="bbox 2016 5654 3584 5726; baseline -0.001 -19"><span class='ocrx_word' id='word_1_899' title='bbox 2016 5655 2273 5709; x_wconf 88' lang='lat' dir='ltr'><strong>Dominus</strong></span> <span class='ocrx_word' id='word_1_900' title='bbox 2305 5662 2481 5713; x_wconf 86' lang='lat' dir='ltr'><strong>antem</strong></span> <span class='ocrx_word' id='word_1_901' title='bbox 2527 5654 2802 5722; x_wconf 88' lang='lat' dir='ltr'><strong>discipulis</strong></span> <span class='ocrx_word' id='word_1_902' title='bbox 2843 5654 2954 5708; x_wconf 85' lang='lat' dir='ltr'><strong>suis</strong></span> <span class='ocrx_word' id='word_1_903' title='bbox 2997 5664 3053 5710; x_wconf 89' lang='lat' dir='ltr'><strong>et</strong></span> <span class='ocrx_word' id='word_1_904' title='bbox 3093 5656 3280 5711; x_wconf 88' lang='lat' dir='ltr'><strong>amicis</strong></span> <span class='ocrx_word' id='word_1_905' title='bbox 3316 5654 3584 5726; x_wconf 90' lang='lat' dir='ltr'><strong>promittit</strong></span> 
     </span>
    </p>
   </div>
   <div class='ocr_carea' id='block_1_119' title="bbox 2015 5747 3586 5822">
    <p class='ocr_par' dir='ltr' id='par_1_119' title="bbox 2015 5747 3586 5822">
     <span class='ocr_line' id='line_1_119' title="bbox 2015 5747 3586 5822; baseline -0.003 -16"><span class='ocrx_word' id='word_1_906' title='bbox 2015 5768 2176 5822; x_wconf 87' lang='lat' dir='ltr'><strong>regna</strong></span> <span class='ocrx_word' id='word_1_907' title='bbox 2204 5751 2501 5807; x_wconf 73' lang='lat' dir='ltr'><strong>cmlorum:</strong></span> <span class='ocrx_word' id='word_1_908' title='bbox 2550 5770 2565 5798; x_wconf 73' lang='grc' dir='ltr'><strong>ι</strong></span> <span class='ocrx_word' id='word_1_909' title='bbox 2617 5748 2789 5812; x_wconf 81' lang='lat' dir='ltr'><strong>Beati,</strong></span> <span class='ocrx_word' id='word_1_910' title='bbox 2834 5749 3024 5818; x_wconf 86' lang='lat' dir='ltr'><strong>inquit,</strong></span> <span class='ocrx_word' id='word_1_911' title='bbox 3068 5765 3328 5821; x_wconf 84' lang='lat' dir='ltr'><strong>pauperes</strong></span> <span class='ocrx_word' id='word_1_912' title='bbox 3371 5747 3586 5818; x_wconf 83' lang='lat' dir='ltr'><strong>spiritu—</strong></span> 
     </span>
    </p>
   </div>
  </div>
