4044 6326
341 367 362 422 Ι
375 368 482 425 073'

337 579 464 627 sunt
493 572 799 634 verborum,
831 569 924 623 sed
949 568 1151 634 omnia,
1182 575 1242 620 ut
1269 567 1550 636 oportebat
1583 573 1826 634 prompte
1855 572 1911 617 et

341 663 495 717 facile
515 675 699 715 coram
728 660 1062 714 auditoribus
1089 658 1222 722 suis,
1271 656 1504 726 Spiritus
1542 655 1710 710 sancti
1737 654 1908 724 gratia

341 751 630 814 tribuente,
667 747 913 818 proferre
955 755 1238 817 poterant.
1275 745 1426 801 Unde
1455 745 1568 813 ipsa
1610 742 1822 798 Veritas
1855 741 1910 795 in

339 840 626 911 Evangelio
655 837 930 908 discipulis
981 837 1097 891 ait:
1136 856 1154 888 ι
1190 836 1326 889 Dum
1358 833 1620 890 steteritis
1661 839 1787 886 ante
1826 844 1911 884 re-

341 948 435 1001 ges
456 940 511 986 et
546 931 822 999 pra-sides,
864 929 1030 985 nolite
1060 927 1319 998 cogitare,
1363 925 1629 995 quomodo
1665 930 1758 977 aut
1783 921 1939 991 quid'

342 1022 633 1092 loquamini
658 1039 671 1074 :
697 1020 910 1076 dabitur
931 1018 1074 1074 enim
1106 1017 1257 1073 vobis
1295 1016 1349 1070 in
1393 1013 1481 1069 illa
1510 1013 1646 1068 hora
1677 1011 1805 1082 quid
1835 1010 1911 1064 lo-

341 1111 600 1182 qpamini.
627 1111 740 1165 Non
765 1111 907 1166 enim
929 1125 1024 1165 vos
1043 1109 1210 1173 estis,.
1225 1106 1315 1177 qui
1339 1104 1640 1176 loquimini,
1669 1101 1762 1157 sed
1785 1098 1908 1170 Spi-

343 1204 480 1259 ritus
524 1201 698 1256 Patris
734 1201 930 1264 vestri,
971 1201 1061 1270 qui
1102 1197 1423 1269 loquituriu
1457 1195 1611 1251 vobis
1651 1193 1800 1266 (L‘uc.
1860 1207 1908 1257 ι,

343 1294 534 1350 Matth.
560 1295 636 1364 χ).
675 1314 692 1345 ι
723 1293 790 1348 Ει
833 1293 960 1347 item
991 1311 1002 1346 :
1042 1312 1060 1344 ι
1099 1291 1348 1362 Spiritus,
1379 1287 1573 1358 inquit,
1596 1285 1908 1357 paraclitus,

341 1401 500 1455 quem
529 1385 704 1439 mittet
740 1385 901 1439 Pater
944 1383 996 1438 in
1041 1381 1256 1437 nomine
1304 1394 1426 1434 meo
1459 1377 1547 1432 ille
1577 1392 1672 1432 vos
1699 1374 1914 1431 docebit

339 1478 522 1532 ouniia
560 1486 617 1533 et
658 1485 909 1548 suggeret
930 1475 1080 1530 vobis
1120 1472 1300 1529 omnia
1351 1485 1683 1540 quaecunque
1728 1467 1914 1522 dixero

341 1567 493 1622 vobis
517 1565 696 1637 (Joan.
729 1564 863 1637 xvi).
896 1585 914 1616 ι
945 1563 1166 1632 Hocque
1194 1561 1491 1626 sciendum,
1517 1559 1659 1628 quod
1693 1573 1798 1612 non
1828 1571 1915 1611 so-

342 1656 451 1711 lum
480 1657 810 1721 doctoribus,
859 1654 952 1710 sed
1003 1655 1166 1708 etiam
1220 1649 1556 1707 auditoribus
1610 1646 1913 1703 necessaria

341 1754 425 1802 est
454 1747 636 1818 gratia
676 1746 910 1818 Spiritus
948 1744 1141 1810 sancti,
1165 1744 1308 1815 quia.
1348 1749 1408 1797 ut
1432 1755 1593 1810 supra
1634 1737 1745 1808 jam
1776 1736 1915 1792 dixi-

1213 355 1583 422 IEXPOSITIO
1623 363 1848 421 SUPER
1885 361 2251 419 JEREMIAM.
2290 393 2358 422 -,—
2397 361 2523 416 LIB.
2565 359 2702 416 Xlll.

337 483 535 537 nullam
571 479 941 535 necessitatem
973 487 1293 532 tractatuum
1328 477 1410 530 vel
1455 476 1729 546 penuriam
1756 474 1899 544 passi
1930 481 1974 538 Α
2005 474 2143 544 ignis
2188 472 2473 528 studebant
2535 484 2858 526 consumere
2927 469 3137 522 ﬂamma
3184 487 3195 520 :

3445 352 3582 408 l0“

3264 469 3482 536 insuper
3525 477 3582 522 ct

2010 564 2356 634 prophetam,
2388 576 2557 631 quem
2579 575 2676 630 per
2714 560 2941 627 gratiam
2979 557 3236 612 doctrinae
3267 566 3427 625 atque
3463 566 3594 611 (ποι-⁷

2011 653 2270 723 reptionis
2316 653 2511 709 merito
2559 651 2826 707 honorare
2877 648 3194 714 debuerant,
3259 645 3586 703 contumelia

2011 742 2222 800 atlléere
2246 743 2664 798 contendebant.
2697 740 2926 796 Et'unde
2955 739 3100 795 hoc?
3128 739 3230 794 nisi
3263 739 3389 809 quia
3419 737 3608 808 spiri-'

2011 842 2098 890 tus
2133 848 2388 902 nequam,
2418 834 2508 902 qui
2537 846 2748 902 semper
2775 830 2987 901 spiritui
3029 831 3216 901 gratiae
3243 830 3586 894 adversatur,

2010 924 2065 978 iii
2097 923 2349 980 cordibus
2377 937 2565 977 eorum
2597 921 2811 976 duritiae
2848 921 3195 991 asperitatem
3239 935 3346 974 non
3393 920 3588 974 levita-

2012 1024 2120 1070 tem
2158 1014 2473 1069 obedientia:
2500 1012 2929 1076 machi'nabatur,
2973 1025 3041 1066 ne
3067 1011 3358 1067 credentes
3379 1018 3434 1066 et
3468 1024 3586 1081 pce.

2011 1105 2291 1161 nitentiam
2331 1111 2550 1174 agentes
2579 1102 2712 1158 salvi
2757 1101 2984 1157 ﬁerent?

2087 1215 2105 1247 ι
2143 1194 2211 1250 Ει
2236 1193 2492 1265 praecepit
2517 1207 2610 1248 rex
2652 1191 2904 1250 Jeremiel
2953 1190 3064 1247 lilio
3101 1191 3377 1256 Amalech,
3409 1197 3465 1244 et
3492 1188 3592 1244 Sa-‘

2019 1305 2036 1338 ι
2074 1285 2204 1340 τειίιε
2269 1283 2380 1338 tilio
2433 1281 2640 1349 Ezriel,
2695 1289 2751 1337 et
2803 1281 3049 1337 Selemiae
3107 1281 3216 1336 tilio
3266 1279 3505 1344 Abdeel,
3535 1287 3589 1333 ut

2018 1393 2036 1427 ι
2074 1373 2595 1444 comprehenderent
2662 1370 2874 1427 Baruch
2920 1372 3155 1426 scribam
3197 1378 3254 1425 et
3299 1369 3591 1425 Jeremiam

2019 1483 2039 1517 ι
2071 1464 2389 1536 prophetam
2413 1480 2424 1516 :
2449 1461 2732 1518 abscondit
2759 1471 2942 1517 autem
2965 1477 3059 1517 eos
3085 1459 3363 1516 Dominus.
3401 1477 3420 1511 ›
3449 1458 3587 1513 Fru-.

2014 1563 2126 1611 stra
2177 1554 2338 1624 igitur
2386 1552 2589 1622 aliquid
2644 1566 2804 1622 agere
2836 1550 3027 1606 nititur
3069 1551 3306 1605 humana
3335 1565 3597 1620 prtesuma

2013 1647 2147 1718 ptio,
2177 1645 2266 1700 ubi
2289 1645 2543 1700 resistere
2563 1642 2795 1698 voluerit
2813 1642 3009 1698 divina
3039 1641 3355 1696 deminatio.
3381 1640 3592 1695 Praece-

2014 1737 2097 1808 pit
2129 1751 2224 1791 rex
2279 1743 2556 1800 terrenus,
2600 1741 2660 1788 ut
2697 1732 3283 1802 comprehenderentur
3332 1731 3596 1802 propheta

344 1856 487 1905 mus,
529 1839 632 1895 nisi
669 1839 820 1896 idem
851 1838 1077 1909 spiritus
1101 1837 1249 1894 cordi
1295 1834 1435 1890 adsit
1462 1832 1751 1896 audientis,
1778 1831 1915 1886 otio-
1943 1825 1989 1884 Β
2016 1837 2080 1884 et
2121 1826 2364 1883 notarius
2413 1825 2562 1897 ejus,
2613 1833 2670 1880 et
2719 1825 3005 1879 mittantur
3053 1824 3106 1877 in
3153 1838 3450 1889 carcerem,
3501 1823 3610 1878 εεὼ

343 1944 435 1983 ειιε
459 1936 542 1983 εει
584 1944 762 1984 sermo
788 1928 1042 1983 doctoris.
1081 1925 1250 1980 Nemo
1276 1940 1405 1996 ergo
1449 1922 1663 1978 docenti
1715 1919 1922 1976 homini

345 2018 565 2084 tribuat,
598 2016 739 2088 quod
785 2034 852 2074 ex
886 2034 980 2074 ore
1013 2017 1257 2074 docentis
1306 2015 1595 2086 intelligit:
1644 2014 1767 2086 quia
1819 2011 1924 2067 nisi

345 2110 487 2166 intus
513 2111 601 2174 sit,
655 2111 745 2180 qui
798 2111 1012 2177 doceat,
1061 2109 1308 2166 doctoris.
1346 2109 1525 2178 lingua
1574 2108 1819 2164 exterius
1868 2106 1924 2160 in

345 2213 568 2255 vacuum
596 2199 820 2254 laborat.
851 2199 1184 2254 Ecce-unam
1202 2197 1478 2268 loquentis
1509 2211 1702 2252 vocem
1731 2210 1923 2251 omnes

343 2289 548 2358 pariter
573 2271 633 2343 iu
655 2289 891 2346 Ecclesia
918 2289 1186 2353 audimus,
1214 2303 1324 2344 non
1354 2295 1534 2343 tamen
1563 2286 1766 2356 pariter
1797 2300 1924 2341 sen-

344 2395 470 2432 sum
493 2380 689 2436 auditae
715 2381 862 2435 vocis
887 2380 1234 2451 percipimus.
1266 2377 1401 2446 Cum
1445 2392 1574 2448 ergo
1601 2392 1705 2432 vox
1744 2376 1925 2446 dispar

345 2485 451 2522 non
479 2470 570 2536 sit,
598 2485 696 2526 cur
737 2471 792 2525 in
829 2472 1080 2527 cordibus
1117 2470 1317 2526 nostris
1346 2470 1528 2540 dispar
1563 2478 1646 2526 est
1671 2469 1816 2525 vocis
1843 2469 1927 2524 in-

346 2557 682 2630 telligentia:
715 2560 822 2616 nisi
847 2561 971 2630 quia
1006 2577 1102 2632 per
1139 2562 1263 2626 hoc,
1315 2563 1458 2630 quod
1498 2560 1922 2632 voxlequontis

345 2650 704 2706 communiter
737 2653 1012 2718 admonet,
1038 2652 1416 2723 est.magistcr
1455 2651 1704 2716 interior,
1734 2652 1826 2721 qui
1857 2653 1923 2706 de

348 2739 498 2794 vocis
520 2739 872 2811 intelligentia
900 2742 1160 2811 quosdam
1183 2740 1490 2812 specialiter
1519 2740 1695 2797 docet.
1725 2741 1801 2796 De
1822 2743 1926 2797 hac

349 2843 563 2898 quoque
591 2828 824 2900 Spiritus
847 2833 1016 2886 sancti
1051 2834 1224 2904 gratia
1258 2847 1356 2904 per
1381 2829 1642 2886 Joannem
1684 2831 1881 2888 dicitur
1906 2852 1919 2890 :

357 2940 373 2970 ι
395 2918 548 2976 Sicut
563 2923 744 2977 unctio
763 2921 880 2993 ejus
901 2924 1057 2980 docet
1070 2923 1240 2979 vosde
1255 2922 1502 2978 omnibus
1517 2921 1567 2995 (1
1579 2921 1615 2985 ,1
1619 2939 1741 2976 οαη.
1761 2922 1883 2994 xu).
1897 2940 1916 2973 ›

349 3014 454 3068 Per
487 3029 673 3069 vocem
715 3030 845 3085 ergo
878 3031 985 3071 non
1025 3015 1330 3077 instruitur,
1384 3014 1600 3086 quando
1639 3029 1792 3069 mens
1827 3028 1922 3084 per

346 3103 594 3174 spiritum
622 3119 728 3160 non
753 3104 983 3177 ungitur.
1021 3104 1128 3161 Sed
1155 3120 1254 3161 cur
1287 3106 1388 3161 ista
1430 3107 1496 3162 de
1530 3105 1775 3161 doctrina
1818 3105 1921 3160 ho—

2022 1917 2301 1974 abscondit
2345 1932 2440 1972 eos
2486 1915 2598 1971 Rex
2645 1915 2900 1981 caelestis,
2951 1916 3054 1971 hoc
3086 1921 3192 1980 est,
3247 1915 3502 1984 protexit,
3531 1928 3600 1969 ne

2023 2012 2258 2068 humana
2308 2010 2514 2066 malitia
2566 2009 2853 2066 hederetur
2905 2016 3215 2064 sanctorum
3267 2007 3598 2063 innocentia.

2029 2123 2048 2155 ‹
2084 2101 2330 2159 Custodit
2370 2103 2515 2157 enim
2541 2101 2822 2158 .Dominus
2867 2115 3058 2156 omnes
3101 2099 3382 2172 diligentes
3433 2115 3519 2166 se,
3543 2106 3600 2155 et

2021 2207 2212 2249 omnes
2258 2201 2571 2263 peccatores
2623 2190 2886 2260 disperdit
2933 2189 3106 2261 (Psal.
3157 2189 3390 2262 cxuv);
3424 2207 3442 2241 ι
3494 2198 3596 2245 et:

2029 2303 2048 2337 ι
2082 2283 2446 2340 Ambulabunt
2472 2283 2741 2347 homines,
2763 2289 2838 2338 .ut
2871 2281 3033 2348 caeci,
3063 2281 3190 2351 quia
3213 2281 3443 2337 Domino
3470 2296 3599 2351 pCC‘.

2023 2387 2284 2437 caverunt
2308 2377 2496 2449 (Soph.
2529 2377 2591 2449 ι).
2628 2398 2646 2428 ι
2791 2447 2796 2452 ε
2973 2397 2975 2400 ‹
3113 2368 3123 2377 ·
3589 2395 3592 2400 .

2099 2491 2120 2524 ι
2150 2470 2373 2526 Factum
2400 2477 2488 2525 est
2516 2469 2739 2526 verbum
2782 2465 2996 2524 Domini
3025 2467 3094 2522 ad
3131 2463 3427 2522 .leremiam‘
3448 2472 3599 2534 posu

2029 2581 2048 2616 ι
2089 2577 2251 2632 quam
2271 2560 2641 2616 combusserat
2667 2575 2760 2614 rex
2781 2559 3053 2624 volumen,
3075 2549 3130 2614 et
3152 2555 3430 2612 sermones

2031 2672 2048 2705 ι
2078 2653 2372 2723 scripserat
2393 2652 2603 2708 Baruch
2625 2667 2691 2709 ex
2711 2667 2806 2707 ore
2827 2649 3095 2718 Ieremiae,
3115 2649 3299 2705 dicens
3324 2663 3338 2702 :
3361 2641 3596 2702 Rursum

2029 2763 2048 2797 ι
2079 2744 2208 2799 tolle
2218 2744 2470 2799 volumen
2487 2742 2654 2808 aliud,
2677 2751 2732 2798 et
2754 2741 2931 2798 scribe
2953 2741 3005 2795 in
3031 2755 3095 2796 eo
3110 2754 3300 2796 omnes
3315 2752 3594 2794 sermones

2029 2854 2049 2888 ι
2081 2835 2312 2906 priores,
2345 2833 2436 2904 qui
2464 2841 2623 2889 erant
2650 2832 2704 2888 in
2734 2831 3006 2888 volumine
3029 2831 3226 2902 primo,
3259 2830 3404 2899 quod
3447 2843 3598 2884 com-

2029 2947 2046 2980 ι
2075 2924 2517 2982 bussitJoachim
2569 2942 2665 2982 rex
2710 2923 2868 2990 Juda,
2913 2933 2968 2980 et
3011 2925 3078 2979 ad
3125 2921 3372 2978 Joachim
3419 2936 3603 3000 regem

2027 3033 2047 3068 ι
2082 3015 2242 3080 Juda,
2269 3016 2418 3072 dices
2448 3034 2462 3071 :
2489 3013 2616 3071 Haec
2643 3015 2773 3071 dicit
2796 3015 3093 3070 Dominus:
3145 3013 3224 3068 Tu
3256 3012 3607 3068 combussisti

2029 3126 2047 3160 ι
2075 3105 2326 3162 volumen
2368 3105 2527 3172 illud,
2563 3105 2749 3162 dicens
2781 3122 2794 3158 :
2825 3103 3004 3174 Quare
3041 3102 3305 3174 scripsisti
3337 3103 3392 3157 in
3418 3117 3484 3157 eo
3507 3115 3602 3155 an-

347 3193 553 3248 minum
599 3167 870 3264 loquimur
896 3198 1110 3269 quando
1147 3205 1205 3253 et
1253 3197 1368 3267 ipse
1410 3196 1656 3252 conditor
1696 3213 1804 3252 non
1851 3195 1920 3250 ad
1947 3167 1992 3232 δ
2029 3214 2049 3250 ι
2082 3197 2362 3261 nuntians,
2407 3167 2634 3251 festinus
2671 3167 2983 3250 venietmrex
3010 3167 3301 3264 Babylonis
3327 3199 3380 3248 et
3415 3198 3600 3246 vasta-

345 3284 699 3340 eruditionem
727 3286 930 3342 homini
977 3287 1237 3358 loquitur,
1262 3287 1309 3344 si
1347 3288 1519 3344 eidem
1569 3287 1772 3343 homini
1822 3302 1919 3359 per

348 3375 658 3430 unctionem
689 3377 912 3446 spiritus
964 3394 1071 3434 non
1120 3379 1407 3451 loquatur?
1431 3379 1722 3451 (MAURDS.)
1758 3379 1919 3435 Certe

345 3466 479 3522 Cain
513 3468 822 3538 priusquam
853 3469 1211 3527 fratricidium
1248 3486 1411 3542 opere
1438 3478 1792 3542 perpetraret,
1819 3487 1919 3526 au-

346 3557 521 3613 divit:
579 3577 598 3610 ‹
653 3558 916 3626 Peccasti,
964 3561 1183 3631 quiesce
1223 3558 1374 3634 (Gen.
1428 3562 1532 3631 ιιι).
1581 3580 1598 3612 ι
1634 3560 1742 3616 Sed
1791 3562 1929 3632 quia

346 3648 518 3717 culpis
541 3648 653 3704 suis
679 3648 1015 3720 exigentibus
1035 3666 1222 3706 vocem
1242 3651 1570 3717 admonitus,
1599 3667 1706 3705 non
1738 3652 1791 3706 in
1820 3667 1920 3706 un-

345 3739 527 3796 ctione
575 3738 764 3796 audire
813 3740 909 3796 Dei
957 3739 1120 3796 verba
1161 3741 1354 3811 potuit,
1392 3742 1486 3796 sed
1530 3756 1750 3797 scrvare
1784 3757 1918 3797 con-

349 3831 568 3901 tcmpsit
597 3845 612 3885 :
649 3832 728 3888 sic
753 3840 809 3888 et
837 3848 1018 3898 nunc,.
1039 3849 1158 3904 qua:
1193 3842 1492 3904 sequuntur
1539 3833 1591 3888 in
1625 3834 1728 3888 huc
1771 3835 1919 3905 capi-

348 3923 483 3989 tulo,
523 3924 730 3995 prolata
774 3925 1180 3992 demonstrant,
1231 3925 1377 3996 quod
1424 3923 1669 3980 Joachim
1718 3940 1812 3980 rex
1864 3933 1936 3980 et.

345 4014 488 4068 servi
511 4014 646 4085 ejus,
684 4014 944 4084 quianon
990 4013 1206 4070 fuerunt
1252 4014 1485 4086 Spiritus
1514 4014 1685 4070 sancti
1723 4015 1920 4086 gratia,

346 4121 454 4176 qua
492 4106 752 4176 propheta
774 4106 986 4162 locutus
1033 4115 1142 4171 est,
1195 4107 1340 4162 intus
1385 4106 1706 4172 illuminati,
1755 4107 1938 4162 verba,

346 4196 442 4252 Dei
467 4197 684 4267 quidem
706 4198 892 4254 audire
918 4214 1046 4255 aure
1073 4201 1315 4270 corporis
1333 4207 1605 4270 poterant,
1649 4201 1744 4256 sed
1776 4200 1943 4255 auri-~

346 4289 447 4344 bus
471 4289 647 4346 cordis
666 4306 780 4346 non
805 4297 1072 4360 poterant,
1101 4307 1236 4362 quas
1261 4291 1519 4348 Dominus
1545 4293 1598 4348 iu
1626 4292 1918 4365 Evangelio

345 4384 592 4454 requirit,
620 4386 804 4442 dicens
833 4404 845 4439 :
878 4405 896 4437 ι
928 4384 1030 4452 Qui
1057 4386 1219 4442 habet
1242 4386 1694 4442 aurestaudiendi
1735 4387 1920 4442 audiat

347 4473 864 4580 ςᾶξαιιΙιιμιχοιιω.
910 4477 1105 4549 γιιι)..›
1158 4477 1226 4532 Ει
1270 4477 1326 4532 in
1367 4477 1725 4548 Apocalypsi:
1762 4499 1780 4530 ›
1814 4477 1917 4546 Qui
1945 4521 1997 4580 D

345 4563 525 4630 habet,
574 4548 767 4634 inquit,
814 4581 972 4622 aures
1012 4548 1264 4625 audiendi
1290 4568 1474 4623 audiat
1521 4569 1652 4638 quid
1680 4570 1936 4641 Spiritus.

345 4655 492 4709 dicat
519 4655 761 4711 ecclesiis
783 4657 966 4728 (Apoc.
1007 4659 1088 4730 ιι).
1129 4679 1148 4710 ι
1180 4659 1317 4714 Nam
1343 4659 1609 4730 sequitur.

423 4763 441 4795 ι
485 4746 602 4800 Rex
646 4756 824 4802 autem
853 4749 1075 4805 sedebat
1111 4750 1167 4804 in
1195 4751 1355 4806 domo
1391 4751 1608 4806 hiemali
1647 4752 1702 4806 in
1735 4767 1922 4809 mense

351 4863 370 4892 ι
409 4852 551 4895 nono
580 4855 594 4893 :
624 4849 679 4895 et
704 4839 879 4910 posita
907 4850 1027 4895 erat
1047 4842 1195 4897 arula
1223 4858 1406 4900 coram
1435 4858 1500 4899 eo
1520 4844 1712 4914 prunis
1737 4844 1917 4915 plena.

350 4952 369 4982 ε
405 4931 646 5002 Cumque
687 4931 906 5004 legisset
951 4934 1040 4988 vix
1084 4942 1195 4990 tres
1250 4935 1488 5006 pagellas
1533 4935 1618 4991 vel
1665 4946 1935 5005 quatuor,»

351 5041 369 5072 ι
400 5022 561 5076 scidit
603 5021 731 5077 illud
773 5023 1025 5094 scalpello
1052 5025 1265 5092 scribae,
1292 5033 1347 5080 et
1372 5027 1601 5098 projeeit
1633 5028 1685 5082 in
1715 5027 1916 5098 ignem,

351 5131 370 5162 ‹
405 5112 637 5180 quierat
665 5127 826 5184 super
849 5114 1076 5180 arulam,
1122 5115 1293 5170 donec
1321 5127 1726 5173 consumeretur
1759 5134 1918 5175 omne

350 5224 370 5256 ι
403 5203 654 5260 volumen
681 5205 812 5276 igni,
835 5206 928 5276 qui
963 5216 1082 5262 erat
1107 5207 1159 5260 in
1187 5207 1360 5273 arula,
1389 5220 1446 5263 et
1472 5225 1580 5264 non
1601 5210 1913 5276 timuerunt,

353 5311 374 5345 ι
403 5310 578 5364 neque
635 5297 910 5352 sciderunt
957 5299 1278 5354 vestimenta
1329 5314 1426 5354 sua
1480 5316 1572 5355 rex
1620 5309 1676 5356 et
1728 5317 1918 5358 omnes

352 5405 372 5439 ι
407 5388 552 5442 servi
579 5388 714 5458 ejus,
740 5389 1708 5458 quiaudieruntuniversossermones
1732 5393 1916 5459 istos,.

347 5481 407 5530 et
433 5475 659 5544 reliqua.
717 5476 760 5532 Ο
809 5477 1052 5533 miranda
1079 5480 1291 5534 czecitas
1335 5480 1584 5535 humana:
1621 5483 1835 5549 mentis,
1865 5495 1922 5538 et

350 5572 613 5644 stupenda
659 5573 895 5641 nequitia
937 5575 1173 5629 indurati
1221 5575 1443 5631 cordis!
1497 5574 1597 5642 Qui
1627 5577 1922 5633 debuerant

352 5663 574 5719 monitis
599 5662 920 5718 salutaribus
950 5666 1254 5736 compungi,
1300 5666 1369 5721 ad
1416 5676 1764 5737 peccatorum
1793 5685 1921 5725 suo-

355 5773 475 5817 rum
509 5755 899 5828 pmnitcntiam,
930 5758 1094 5815 verba
1127 5757 1338 5816 Durnini
1371 5758 1427 5816 in
1453 5759 1589 5817 libro
1615 5761 1831 5832 scripta,
1868 5761 1920 5816 in

2025 3307 2044 3343 ι
2077 3287 2157 3345 bit
2182 3296 2386 3344 terram
2411 3287 2571 3351 hanc,
2601 3296 2658 3342 et
2680 3299 2893 3342 cessare
2919 3285 3084 3340 faciet
3109 3299 3174 3340 ex
3208 3282 3298 3344 illa
3325 3281 3603 3338 hominem

2025 3399 2053 3433 ι.
2077 3380 2473 3452 etjumentum.
2504 3378 2795 3448 Propterea
2819 3377 2935 3433 lucc
2962 3376 3094 3434 dicit
3126 3375 3385 3432 Dominus
3409 3382 3605 3431 contra

2025 3467 2321 3526 ¢.Joachim
2352 3482 2534 3539 regem
2564 3467 2740 3522 Juda:
2775 3465 2890 3522 Non
2935 3466 3041 3529 erit
3089 3479 3157 3522 ex
3192 3481 3259 3523 eo
3289 3465 3383 3536 qui
3417 3461 3605 3521 sedeat

2027 3579 2046 3613 ι
2083 3573 2247 3630 super
2272 3558 2465 3626 solium
2495 3557 2685 3623 David,
2719 3565 2775 3612 et
2797 3556 3030 3612 cadaver
3051 3554 3167 3624 ejus
3190 3554 3504 3626 projicietur
3527 3555 3598 3611 ad

2027 3670 2049 3704 ι.
2083 3659 2272 3705 aestum
2316 3664 2412 3720 per
2435 3648 2598 3712 diem,
2631 3656 2687 3702 et
2711 3647 2777 3702 ad
2825 3647 2943 3716 gelu
2991 3663 3087 3718 per
3125 3654 3360 3712 noctem,
3391 3646 3605 3701 et‘visi-

2026 3762 2045 3793 ‹
2076 3741 2201 3796 tabo
2227 3749 2416 3795 contra
2443 3754 2586 3806 eum,
2625 3747 2682 3794 et
2727 3749 2913 3794 contra
2939 3752 3123 3794 semen
3155 3737 3299 3808 ejus,
3325 3743 3605 3793 et‘contra

2028 3846 2264 3888 «-scrvos
2308 3831 2426 3901 ejus
2472 3830 2789 3900 iniquitates
2836 3845 3006 3895 suas,
3037 3837 3093 3886 et
3136 3829 3604 3900 adducam‘s’uper

2029 3939 2047 3972 ι
2084 3937 2177 3976 cos
2222 3929 2278 3976 et
2317 3934 2479 3990 super
2517 3919 2850 3975 habitatores
2875 3917 3206 3984 Jerusalem,
3249 3927 3305 3974 et
3333 3933 3497 3989 super
3519 3917 3606 3974 .vi-

2027 4034 2044 4065 ι
2084 4030 2174 4070 ros
2198 4013 2358 4081 Juda,
2384 4029 2545 4070 omne
2571 4013 2797 4080 malum,
2826 4013 2971 4084 quod
2998 4014 3213 4070 locutus
3244 4029 3365 4070 sum
3386 4013 3455 4069 ad
3483 4029 3605 4084 eos,

2026 4125 2046 4158 (
2074 4113 2129 4161 et
2164 4120 2270 4160 non
2297 4105 2601 4162 audierunt.
2640 4124 2668 4157 ι.
2693 4103 2886 4160 Merito
2913 4104 3150 4160 vindicta
3183 4113 3368 4162 secuta
3397 4114 3482 4163 est
3509 4121 3608 4162 τε·-

2021 4213 2142 4272 gem
2183 4196 2471 4269 perﬁdum,
2517 4205 2578 4252 ut
2619 4196 2712 4266 qui
2743 4211 3021 4253 sermones
3050 4195 3266 4253 Domini
3312 4198 3545 4268 scriptos
3571 4213 3605 4253 ιι

2020 4292 2284 4363 propheta
2309 4288 2630 4357 combussit,
2661 4288 2715 4344 in
2745 4289 2870 4361 igne
2903 4288 3076 4361 ipsius
3115 4288 3601 4360 cadaver-projice-

2021 4392 2170 4441 retur
2199 4383 2266 4438 ad
2295 4391 2486 4439 aestum
2512 4397 2610 4453 per
2653 4381 2820 4449 diem,
2861 4389 2916 4437 et
2943 4382 3009 4437 ad
3035 4380 3156 4449 gelu
3200 4395 3300 4452 per
3343 4381 3601 4437 noctem’:

2022 4483 2288 4549 quatenus
2313 4482 2500 4531 contra
2526 4488 2648 4529 eum
2688 4481 2745 4528 et
2767 4479 2957 4529 contra
3002 4487 3186 4528 semen
3215 4472 3353 4544 ejus,
3384 4480 3440 4527 et
3468 4476 3601 4528 conv

2023 4579 2106 4625 tra
2151 4584 2338 4625 servos
2381 4567 2499 4638 ejus
2541 4569 2894 4623 visitarentur
2941 4567 3276 4637 iniquitates.
3305 4567 3516 4630 eorum,
3542 4568 3608 4620 et

2019 4677 2182 4718 omne
2205 4663 2404 4716 malum
2462 4662 2605 4730 quod
2627 4662 2839 4716 locutus
2859 4669 2945 4716 est
2967 4661 3228 4716 Dominus
3255 4657 3420 4730 super
3448 4661 3604 4714 viros

2019 4751 2178 4817 Juda,
2209 4761 2264 4807 et
2286 4752 2620 4807 habitatores
2653 4749 2950 4806 Jerusalem
2973 4751 3234 4806 velociter
3267 4749 3595 4806 adveniret:

2020 4854 2082 4901 ut
2105 4844 2438 4910 ostendatur,
2467 4845 2609 4914 quod
2638 4844 3181 4915 quicunque-Domini
3206 4845 3475 4900 mandatis
3507 4861 3594 4899 re-

2022 4935 2181 4993 bellis
2223 4935 2517 5001 exstiterit,
2567 4944 2625 4990 et
2674 4936 2869 4991 durtun
2913 4950 3009 4990 eor
3051 4935 3218 5005 atque
3256 4935 3602 5005 impmnitens

2026 5025 2297 5090 habuerit,
2330 5034 2534 5082 certam
2583 5025 2801 5082 ultionis
2844 5025 3140 5082 vindictam
3194 5019 3422 5082 subeat':
3466 5033 3601 5098 quo-

2025 5118 2171 5173 niam
2195 5119 2348 5188 juxta
2403 5118 2552 5173 Pauli
2613 5120 2957 5174 sententiam.
2991 5140 3009 5170 ι
3068 5118 3199 5186 Qua:
3251 5113 3602 5176 seminaverit

2023 5211 2186 5266 homo
2228 5210 2344 5265 hazc
2369 5219 2424 5264 et
2467 5218 2665 5275 metet;
2709 5219 2765 5264 et
2808 5211 2898 5280 qui
2946 5218 3179 5266 seminat
3224 5210 3276 5264 in
3317 5226 3498 5275 carne,
3533 5201 3602 5266 de

2025 5319 2189 5359 carne
2234 5311 2401 5356 metet
2427 5303 2868 5372 corruptionem:
2915 5301 3006 5370 qui
3060 5311 3238 5356 autem
3281 5297 3606 5357 setninatin.

2022 5391 2237 5462 spiritu,
2265 5391 2332 5446 de
2357 5392 2549 5461 spiritu
2591 5399 2756 5446 metet
2796 5391 2962 5445 vitam
3000 5401 3279 5446 aeternam.
3310 5413 3327 5442 ι
3361 5391 3468 5446 Sed
3495 5405 3596 5447 uo-

2028 5489 2244 5542 tandum
2275 5485 2418 5556 quod
2465 5486 2518 5540 in
2547 5486 2687 5541 libro
2713 5484 3161 5555 Paralipomenon
3194 5473 3410 5555 legitur,
3452 5469 3597 5556 quod

2026 5579 2168 5634 hunc
2217 5577 2461 5632 Joachim
2524 5577 3022 5650 Nabuchodonosor
3069 5593 3162 5631 rex
3221 5567 3595 5631 Chaldzco‘rum

2025 5669 2265 5723 vinctum
2303 5669 2522 5724 catenis.
2543 5668 2757 5745 duxerit
2782 5669 2835 5723 in
2863 5668 3206 5739 Babylonem.
3239 5653 3605 5745 llcgnmjvero

2027 5760 2161 5816 liber
2200 5769 2390 5824 narrat
2421 5755 2561 5831 quod
2591 5741 2851 5817 durmirct
2896 5759 3139 5817 Joachint
3188 5745 3309 5817 cum
3354 5741 3612 5829 patribus.
