  <div class='ocr_page' id='page_1' title='image "/cluster/home/n/w/nwhite01/storage/ocr_20150623/111/hvd.32044009716333/545.png"; bbox 0 0 4044 6326; ppageno 0'>
   <div class='ocr_carea' id='block_1_1' title="bbox 455 308 592 360">
    <p class='ocr_par' dir='ltr' id='par_1_1' title="bbox 455 308 592 360">
     <span class='ocr_line' id='line_1_1' title="bbox 455 308 592 360; baseline -0.015 0"><span class='ocrx_word' id='word_1_1' title='bbox 455 308 592 360; x_wconf 72' lang='grc'><strong>1075</strong></span> 
     </span>
    </p>
   </div>
   <div class='ocr_carea' id='block_1_2' title="bbox 1123 309 3070 371">
    <p class='ocr_par' dir='ltr' id='par_1_2' title="bbox 1123 309 3070 371">
     <span class='ocr_line' id='line_1_2' title="bbox 1123 309 3070 371; baseline 0.003 -8"><span class='ocrx_word' id='word_1_2' title='bbox 1123 309 1180 364; x_wconf 89' lang='grc' dir='ltr'><strong>Β.</strong></span> <span class='ocrx_word' id='word_1_3' title='bbox 1226 313 1470 366; x_wconf 53' lang='lat' dir='ltr'><strong>[Mli-LVI</strong></span> <span class='ocrx_word' id='word_1_4' title='bbox 1514 314 1724 369; x_wconf 69' lang='lat' dir='ltr'><strong>MAUlil</strong></span> <span class='ocrx_word' id='word_1_5' title='bbox 1766 314 2078 368; x_wconf 78' lang='lat' dir='ltr'><strong>AltClllEP.</strong></span> <span class='ocrx_word' id='word_1_6' title='bbox 2120 315 2422 371; x_wconf 72' lang='lat' dir='ltr'><strong>MUGUNT.</strong></span> <span class='ocrx_word' id='word_1_7' title='bbox 2462 315 2740 371; x_wconf 73' lang='lat' dir='ltr'><strong>OI’ERUM</strong></span> <span class='ocrx_word' id='word_1_8' title='bbox 2781 314 2956 370; x_wconf 77' lang='lat' dir='ltr'><strong>PARS</strong></span> <span class='ocrx_word' id='word_1_9' title='bbox 2984 314 3070 370; x_wconf 86' lang='lat' dir='ltr'><strong>Ill.</strong></span> 
     </span>
    </p>
   </div>
   <div class='ocr_carea' id='block_1_3' title="bbox 3538 314 3688 368">
    <p class='ocr_par' dir='ltr' id='par_1_3' title="bbox 3538 314 3688 368">
     <span class='ocr_line' id='line_1_3' title="bbox 3538 314 3688 368; baseline 0.013 -1"><span class='ocrx_word' id='word_1_10' title='bbox 3538 314 3688 368; x_wconf 68' lang='lat' dir='ltr'><strong>i076</strong></span> 
     </span>
    </p>
   </div>
   <div class='ocr_carea' id='block_1_4' title="bbox 449 416 3704 491">
    <p class='ocr_par' dir='ltr' id='par_1_4' title="bbox 449 416 3704 491">
     <span class='ocr_line' id='line_1_4' title="bbox 449 416 3704 491; baseline 0.002 -20"><span class='ocrx_word' id='word_1_11' title='bbox 449 419 582 480; x_wconf 77' lang='lat' dir='ltr'><strong>suis,</strong></span> <span class='ocrx_word' id='word_1_12' title='bbox 609 419 1014 484; x_wconf 78' lang='lat' dir='ltr'><strong>regnaveritque</strong></span> <span class='ocrx_word' id='word_1_13' title='bbox 1047 416 1289 472; x_wconf 83' lang='lat' dir='ltr'><strong>Joaehim</strong></span> <span class='ocrx_word' id='word_1_14' title='bbox 1324 421 1464 474; x_wconf 85' lang='lat' dir='ltr'><strong>filius</strong></span> <span class='ocrx_word' id='word_1_15' title='bbox 1499 421 1616 488; x_wconf 85' lang='lat' dir='ltr'><strong>ejus</strong></span> <span class='ocrx_word' id='word_1_16' title='bbox 1646 437 1742 490; x_wconf 93' lang='lat' dir='ltr'><strong>pro</strong></span> <span class='ocrx_word' id='word_1_17' title='bbox 1784 437 1868 474; x_wconf 91' lang='lat' dir='ltr'><strong>eo.</strong></span> <span class='ocrx_word' id='word_1_18' title='bbox 1915 420 2020 474; x_wconf 92' lang='lat' dir='ltr'><strong>Sed</strong></span> <span class='ocrx_word' id='word_1_19' title='bbox 2050 430 2094 482; x_wconf 77' lang='grc' dir='ltr'><strong>Α</strong></span> <span class='ocrx_word' id='word_1_20' title='bbox 2131 442 2147 470; x_wconf 84' lang='grc' dir='ltr'><strong>ι</strong></span> <span class='ocrx_word' id='word_1_21' title='bbox 2182 422 2413 476; x_wconf 92' lang='lat' dir='ltr'><strong>donosor</strong></span> <span class='ocrx_word' id='word_1_22' title='bbox 2430 436 2519 475; x_wconf 88' lang='lat' dir='ltr'><strong>rex</strong></span> <span class='ocrx_word' id='word_1_23' title='bbox 2536 421 2816 491; x_wconf 88' lang='lat' dir='ltr'><strong>Babylonis</strong></span> <span class='ocrx_word' id='word_1_24' title='bbox 2842 423 2894 476; x_wconf 91' lang='lat' dir='ltr'><strong>in</strong></span> <span class='ocrx_word' id='word_1_25' title='bbox 2914 432 3056 478; x_wconf 86' lang='lat' dir='ltr'><strong>terra</strong></span> <span class='ocrx_word' id='word_1_26' title='bbox 3077 421 3229 487; x_wconf 86' lang='lat' dir='ltr'><strong>Juda,</strong></span> <span class='ocrx_word' id='word_1_27' title='bbox 3247 428 3303 476; x_wconf 89' lang='lat' dir='ltr'><strong>et</strong></span> <span class='ocrx_word' id='word_1_28' title='bbox 3320 436 3427 475; x_wconf 90' lang='lat' dir='ltr'><strong>non</strong></span> <span class='ocrx_word' id='word_1_29' title='bbox 3449 421 3704 477; x_wconf 80' lang='lat' dir='ltr'><strong>obcdivit</strong></span> 
     </span>
    </p>
   </div>
   <div class='ocr_carea' id='block_1_5' title="bbox 375 499 2024 576">
    <p class='ocr_par' dir='ltr' id='par_1_5' title="bbox 375 499 2024 576">
     <span class='ocr_line' id='line_1_5' title="bbox 375 499 2024 576; baseline 0 -13"><span class='ocrx_word' id='word_1_30' title='bbox 375 499 390 563; x_wconf 62' lang='grc' dir='ltr'><strong>,ἰ</strong></span> <span class='ocrx_word' id='word_1_31' title='bbox 448 506 717 575; x_wconf 85' lang='lat' dir='ltr'><strong>Josephus</strong></span> <span class='ocrx_word' id='word_1_32' title='bbox 754 507 1213 576; x_wconf 88' lang='lat' dir='ltr'><strong>historiographus</strong></span> <span class='ocrx_word' id='word_1_33' title='bbox 1253 508 1556 563; x_wconf 64' lang='lat' dir='ltr'><strong>Judazorum</strong></span> <span class='ocrx_word' id='word_1_34' title='bbox 1597 511 1682 564; x_wconf 91' lang='lat' dir='ltr'><strong>his</strong></span> <span class='ocrx_word' id='word_1_35' title='bbox 1724 511 1901 563; x_wconf 80' lang='lat' dir='ltr'><strong>verbis</strong></span> <span class='ocrx_word' id='word_1_36' title='bbox 1938 509 2024 564; x_wconf 76' lang='lat' dir='ltr'><strong>Je-</strong></span> 
     </span>
    </p>
   </div>
   <div class='ocr_carea' id='block_1_6' title="bbox 451 597 2023 668">
    <p class='ocr_par' dir='ltr' id='par_1_6' title="bbox 451 597 2023 668">
     <span class='ocr_line' id='line_1_6' title="bbox 451 597 2023 668; baseline 0.001 -18"><span class='ocrx_word' id='word_1_37' title='bbox 451 597 635 652; x_wconf 72' lang='lat' dir='ltr'><strong>remize</strong></span> <span class='ocrx_word' id='word_1_38' title='bbox 679 597 850 666; x_wconf 85' lang='lat' dir='ltr'><strong>magis</strong></span> <span class='ocrx_word' id='word_1_39' title='bbox 891 597 1220 652; x_wconf 88' lang='lat' dir='ltr'><strong>concordare</strong></span> <span class='ocrx_word' id='word_1_40' title='bbox 1269 600 1516 653; x_wconf 87' lang='lat' dir='ltr'><strong>videtur:</strong></span> <span class='ocrx_word' id='word_1_41' title='bbox 1563 615 1808 653; x_wconf 91' lang='lat' dir='ltr'><strong>asserens</strong></span> <span class='ocrx_word' id='word_1_42' title='bbox 1850 599 2023 668; x_wconf 90' lang='lat' dir='ltr'><strong>ipsum</strong></span> 
     </span>
    </p>
   </div>
   <div class='ocr_carea' id='block_1_7' title="bbox 451 686 2022 758">
    <p class='ocr_par' dir='ltr' id='par_1_7' title="bbox 451 686 2022 758">
     <span class='ocr_line' id='line_1_7' title="bbox 451 686 2022 758; baseline 0.001 -16"><span class='ocrx_word' id='word_1_43' title='bbox 451 687 698 742; x_wconf 85' lang='lat' dir='ltr'><strong>Joachim</strong></span> <span class='ocrx_word' id='word_1_44' title='bbox 727 695 934 755; x_wconf 88' lang='lat' dir='ltr'><strong>patrem</strong></span> <span class='ocrx_word' id='word_1_45' title='bbox 977 686 1261 741; x_wconf 70' lang='lat' dir='ltr'><strong>Jeehoniar</strong></span> <span class='ocrx_word' id='word_1_46' title='bbox 1292 704 1320 741; x_wconf 93' lang='lat' dir='ltr'><strong>a</strong></span> <span class='ocrx_word' id='word_1_47' title='bbox 1373 705 1494 758; x_wconf 61' lang='lat' dir='ltr'><strong>rege</strong></span> <span class='ocrx_word' id='word_1_48' title='bbox 1523 689 1808 758; x_wconf 76' lang='lat' dir='ltr'><strong>Babylonis</strong></span> <span class='ocrx_word' id='word_1_49' title='bbox 1844 689 1895 742; x_wconf 93' lang='lat' dir='ltr'><strong>in</strong></span> <span class='ocrx_word' id='word_1_50' title='bbox 1933 687 2022 743; x_wconf 84' lang='lat' dir='ltr'><strong>Je-</strong></span> 
     </span>
    </p>
   </div>
   <div class='ocr_carea' id='block_1_8' title="bbox 449 776 2022 849">
    <p class='ocr_par' dir='ltr' id='par_1_8' title="bbox 449 776 2022 849">
     <span class='ocr_line' id='line_1_8' title="bbox 449 776 2022 849; baseline -0.001 -17"><span class='ocrx_word' id='word_1_51' title='bbox 449 778 685 834; x_wconf 87' lang='lat' dir='ltr'><strong>rusalem</strong></span> <span class='ocrx_word' id='word_1_52' title='bbox 714 777 882 831; x_wconf 91' lang='lat' dir='ltr'><strong>fuisse</strong></span> <span class='ocrx_word' id='word_1_53' title='bbox 913 776 1274 840; x_wconf 87' lang='lat' dir='ltr'><strong>interfectum,</strong></span> <span class='ocrx_word' id='word_1_54' title='bbox 1317 794 1420 832; x_wconf 91' lang='lat' dir='ltr'><strong>non</strong></span> <span class='ocrx_word' id='word_1_55' title='bbox 1446 779 1715 848; x_wconf 82' lang='lat' dir='ltr'><strong>captivum</strong></span> <span class='ocrx_word' id='word_1_56' title='bbox 1753 779 1804 831; x_wconf 92' lang='lat' dir='ltr'><strong>in</strong></span> <span class='ocrx_word' id='word_1_57' title='bbox 1847 777 2022 849; x_wconf 81' lang='lat' dir='ltr'><strong>Baby-</strong></span> 
     </span>
    </p>
   </div>
   <div class='ocr_carea' id='block_1_9' title="bbox 446 865 2024 936">
    <p class='ocr_par' dir='ltr' id='par_1_9' title="bbox 446 865 2024 936">
     <span class='ocr_line' id='line_1_9' title="bbox 446 865 2024 936; baseline 0.002 -17"><span class='ocrx_word' id='word_1_58' title='bbox 446 867 627 923; x_wconf 89' lang='lat' dir='ltr'><strong>lonem</strong></span> <span class='ocrx_word' id='word_1_59' title='bbox 647 865 890 931; x_wconf 89' lang='lat' dir='ltr'><strong>ductum,</strong></span> <span class='ocrx_word' id='word_1_60' title='bbox 927 867 1016 934; x_wconf 87' lang='lat' dir='ltr'><strong>qui</strong></span> <span class='ocrx_word' id='word_1_61' title='bbox 1061 867 1112 920; x_wconf 92' lang='lat' dir='ltr'><strong>in</strong></span> <span class='ocrx_word' id='word_1_62' title='bbox 1142 868 1348 923; x_wconf 88' lang='lat' dir='ltr'><strong>decimo</strong></span> <span class='ocrx_word' id='word_1_63' title='bbox 1382 866 1777 936; x_wconf 89' lang='lat' dir='ltr'><strong>Antiquitatum</strong></span> <span class='ocrx_word' id='word_1_64' title='bbox 1806 883 2024 922; x_wconf 91' lang='lat' dir='ltr'><strong>suarum</strong></span> 
     </span>
    </p>
   </div>
   <div class='ocr_carea' id='block_1_10' title="bbox 451 955 2027 1029">
    <p class='ocr_par' dir='ltr' id='par_1_10' title="bbox 451 955 2027 1029">
     <span class='ocr_line' id='line_1_10' title="bbox 451 955 2027 1029; baseline 0.002 -19"><span class='ocrx_word' id='word_1_65' title='bbox 451 959 593 1012; x_wconf 81' lang='lat' dir='ltr'><strong>libro</strong></span> <span class='ocrx_word' id='word_1_66' title='bbox 621 957 694 1011; x_wconf 88' lang='lat' dir='ltr'><strong>ita</strong></span> <span class='ocrx_word' id='word_1_67' title='bbox 719 955 905 1022; x_wconf 77' lang='lat' dir='ltr'><strong>refert,</strong></span> <span class='ocrx_word' id='word_1_68' title='bbox 934 957 1117 1012; x_wconf 90' lang='lat' dir='ltr'><strong>dicens</strong></span> <span class='ocrx_word' id='word_1_69' title='bbox 1144 971 1158 1008; x_wconf 95' lang='lat'><strong>:</strong></span> <span class='ocrx_word' id='word_1_70' title='bbox 1197 957 1329 1011; x_wconf 88' lang='lat' dir='ltr'><strong>Dum</strong></span> <span class='ocrx_word' id='word_1_71' title='bbox 1371 973 1463 1011; x_wconf 92' lang='lat' dir='ltr'><strong>rex</strong></span> <span class='ocrx_word' id='word_1_72' title='bbox 1506 958 1811 1029; x_wconf 66' lang='lat' dir='ltr'><strong>Babyloniae</strong></span> <span class='ocrx_word' id='word_1_73' title='bbox 1834 959 2027 1013; x_wconf 83' lang='lat' dir='ltr'><strong>intras-</strong></span> 
     </span>
    </p>
   </div>
   <div class='ocr_carea' id='block_1_11' title="bbox 451 1048 2026 1118">
    <p class='ocr_par' dir='ltr' id='par_1_11' title="bbox 451 1048 2026 1118">
     <span class='ocr_line' id='line_1_11' title="bbox 451 1048 2026 1118; baseline -0.001 -14"><span class='ocrx_word' id='word_1_74' title='bbox 451 1058 536 1104; x_wconf 97' lang='lat' dir='ltr'><strong>set</strong></span> <span class='ocrx_word' id='word_1_75' title='bbox 559 1050 612 1103; x_wconf 91' lang='lat' dir='ltr'><strong>in</strong></span> <span class='ocrx_word' id='word_1_76' title='bbox 640 1048 936 1112; x_wconf 87' lang='lat' dir='ltr'><strong>civitatem,</strong></span> <span class='ocrx_word' id='word_1_77' title='bbox 972 1049 1128 1102; x_wconf 90' lang='lat' dir='ltr'><strong>fidem</strong></span> <span class='ocrx_word' id='word_1_78' title='bbox 1157 1063 1495 1118; x_wconf 80' lang='lat' dir='ltr'><strong>nequaquam</strong></span> <span class='ocrx_word' id='word_1_79' title='bbox 1527 1050 1776 1114; x_wconf 76' lang='lat' dir='ltr'><strong>servavit,</strong></span> <span class='ocrx_word' id='word_1_80' title='bbox 1822 1051 1914 1104; x_wconf 91' lang='lat' dir='ltr'><strong>sed</strong></span> <span class='ocrx_word' id='word_1_81' title='bbox 1939 1048 2026 1116; x_wconf 87' lang='lat' dir='ltr'><strong>ju-</strong></span> 
     </span>
    </p>
   </div>
   <div class='ocr_carea' id='block_1_12' title="bbox 459 1136 2025 1206">
    <p class='ocr_par' dir='ltr' id='par_1_12' title="bbox 459 1136 2025 1206">
     <span class='ocr_line' id='line_1_12' title="bbox 459 1136 2025 1206; baseline 0.004 -18"><span class='ocrx_word' id='word_1_82' title='bbox 459 1152 624 1194; x_wconf 82' lang='lat' dir='ltr'><strong>venes</strong></span> <span class='ocrx_word' id='word_1_83' title='bbox 667 1136 986 1191; x_wconf 87' lang='lat' dir='ltr'><strong>fortissimos</strong></span> <span class='ocrx_word' id='word_1_84' title='bbox 1027 1146 1081 1191; x_wconf 91' lang='lat' dir='ltr'><strong>et</strong></span> <span class='ocrx_word' id='word_1_85' title='bbox 1115 1137 1510 1206; x_wconf 91' lang='lat' dir='ltr'><strong>pulchritudine</strong></span> <span class='ocrx_word' id='word_1_86' title='bbox 1541 1140 1763 1194; x_wconf 89' lang='lat' dir='ltr'><strong>decoros</strong></span> <span class='ocrx_word' id='word_1_87' title='bbox 1815 1139 2025 1194; x_wconf 83' lang='lat' dir='ltr'><strong>Jeroso-</strong></span> 
     </span>
    </p>
   </div>
   <div class='ocr_carea' id='block_1_13' title="bbox 451 1229 2024 1301">
    <p class='ocr_par' dir='ltr' id='par_1_13' title="bbox 451 1229 2024 1301">
     <span class='ocr_line' id='line_1_13' title="bbox 451 1229 2024 1301; baseline -0.001 -17"><span class='ocrx_word' id='word_1_88' title='bbox 451 1231 838 1300; x_wconf 87' lang='lat' dir='ltr'><strong>lymitanorum</strong></span> <span class='ocrx_word' id='word_1_89' title='bbox 879 1231 1074 1285; x_wconf 90' lang='lat' dir='ltr'><strong>occidit</strong></span> <span class='ocrx_word' id='word_1_90' title='bbox 1110 1246 1215 1284; x_wconf 89' lang='lat' dir='ltr'><strong>una</strong></span> <span class='ocrx_word' id='word_1_91' title='bbox 1257 1246 1532 1301; x_wconf 83' lang='lat' dir='ltr'><strong>cumrege</strong></span> <span class='ocrx_word' id='word_1_92' title='bbox 1574 1229 1838 1295; x_wconf 88' lang='lat' dir='ltr'><strong>Joachim,</strong></span> <span class='ocrx_word' id='word_1_93' title='bbox 1866 1245 2024 1299; x_wconf 91' lang='lat' dir='ltr'><strong>quem</strong></span> 
     </span>
    </p>
   </div>
   <div class='ocr_carea' id='block_1_14' title="bbox 452 1319 2025 1389">
    <p class='ocr_par' dir='ltr' id='par_1_14' title="bbox 452 1319 2025 1389">
     <span class='ocr_line' id='line_1_14' title="bbox 452 1319 2025 1389; baseline 0.003 -19"><span class='ocrx_word' id='word_1_94' title='bbox 452 1321 615 1373; x_wconf 86' lang='lat' dir='ltr'><strong>etiam</strong></span> <span class='ocrx_word' id='word_1_95' title='bbox 653 1328 778 1373; x_wconf 89' lang='lat' dir='ltr'><strong>ante</strong></span> <span class='ocrx_word' id='word_1_96' title='bbox 801 1335 983 1374; x_wconf 88' lang='lat' dir='ltr'><strong>muros</strong></span> <span class='ocrx_word' id='word_1_97' title='bbox 1025 1319 1349 1389; x_wconf 87' lang='lat' dir='ltr'><strong>insepultum</strong></span> <span class='ocrx_word' id='word_1_98' title='bbox 1392 1321 1581 1389; x_wconf 91' lang='lat' dir='ltr'><strong>projici</strong></span> <span class='ocrx_word' id='word_1_99' title='bbox 1618 1319 1800 1388; x_wconf 82' lang='lat' dir='ltr'><strong>jussit.</strong></span> <span class='ocrx_word' id='word_1_100' title='bbox 1832 1320 2025 1374; x_wconf 87' lang='lat' dir='ltr'><strong>Filium</strong></span> 
     </span>
    </p>
   </div>
   <div class='ocr_carea' id='block_1_15' title="bbox 449 1408 2026 1480">
    <p class='ocr_par' dir='ltr' id='par_1_15' title="bbox 449 1408 2026 1480">
     <span class='ocr_line' id='line_1_15' title="bbox 449 1408 2026 1480; baseline 0.001 -19"><span class='ocrx_word' id='word_1_101' title='bbox 449 1422 580 1463; x_wconf 89' lang='lat' dir='ltr'><strong>vero</strong></span> <span class='ocrx_word' id='word_1_102' title='bbox 607 1408 723 1479; x_wconf 87' lang='lat' dir='ltr'><strong>ejus</strong></span> <span class='ocrx_word' id='word_1_103' title='bbox 766 1409 1007 1464; x_wconf 87' lang='lat' dir='ltr'><strong>Joachim</strong></span> <span class='ocrx_word' id='word_1_104' title='bbox 1051 1409 1333 1463; x_wconf 90' lang='lat' dir='ltr'><strong>constituit</strong></span> <span class='ocrx_word' id='word_1_105' title='bbox 1381 1423 1562 1480; x_wconf 80' lang='lat' dir='ltr'><strong>regem</strong></span> <span class='ocrx_word' id='word_1_106' title='bbox 1603 1409 1866 1463; x_wconf 69' lang='lat' dir='ltr'><strong>universae</strong></span> <span class='ocrx_word' id='word_1_107' title='bbox 1905 1423 2026 1478; x_wconf 90' lang='lat' dir='ltr'><strong>pro-</strong></span> 
     </span>
    </p>
   </div>
   <div class='ocr_carea' id='block_1_16' title="bbox 449 1497 2028 1568">
    <p class='ocr_par' dir='ltr' id='par_1_16' title="bbox 449 1497 2028 1568">
     <span class='ocr_line' id='line_1_16' title="bbox 449 1497 2028 1568; baseline 0.001 -18"><span class='ocrx_word' id='word_1_108' title='bbox 449 1498 659 1553; x_wconf 80' lang='lat' dir='ltr'><strong>vinciae.</strong></span> <span class='ocrx_word' id='word_1_109' title='bbox 689 1499 796 1554; x_wconf 85' lang='lat' dir='ltr'><strong>Eos</strong></span> <span class='ocrx_word' id='word_1_110' title='bbox 825 1506 1022 1563; x_wconf 89' lang='lat' dir='ltr'><strong>autem,</strong></span> <span class='ocrx_word' id='word_1_111' title='bbox 1061 1498 1151 1568; x_wconf 90' lang='lat' dir='ltr'><strong>qui</strong></span> <span class='ocrx_word' id='word_1_112' title='bbox 1180 1507 1336 1552; x_wconf 90' lang='lat' dir='ltr'><strong>erant</strong></span> <span class='ocrx_word' id='word_1_113' title='bbox 1359 1497 1410 1551; x_wconf 90' lang='lat' dir='ltr'><strong>in</strong></span> <span class='ocrx_word' id='word_1_114' title='bbox 1453 1497 1806 1567; x_wconf 83' lang='lat' dir='ltr'><strong>dignitatibus</strong></span> <span class='ocrx_word' id='word_1_115' title='bbox 1827 1498 2028 1552; x_wconf 91' lang='lat' dir='ltr'><strong>consti-</strong></span> 
     </span>
    </p>
   </div>
   <div class='ocr_carea' id='block_1_17' title="bbox 447 1586 2024 1658">
    <p class='ocr_par' dir='ltr' id='par_1_17' title="bbox 447 1586 2024 1658">
     <span class='ocr_line' id='line_1_17' title="bbox 447 1586 2024 1658; baseline -0.002 -15"><span class='ocrx_word' id='word_1_116' title='bbox 447 1590 570 1655; x_wconf 84' lang='lat' dir='ltr'><strong>tuti,</strong></span> <span class='ocrx_word' id='word_1_117' title='bbox 593 1605 817 1644; x_wconf 91' lang='lat' dir='ltr'><strong>numero</strong></span> <span class='ocrx_word' id='word_1_118' title='bbox 840 1590 940 1643; x_wconf 84' lang='lat' dir='ltr'><strong>tria</strong></span> <span class='ocrx_word' id='word_1_119' title='bbox 969 1587 1132 1642; x_wconf 86' lang='lat' dir='ltr'><strong>millia</strong></span> <span class='ocrx_word' id='word_1_120' title='bbox 1160 1589 1398 1658; x_wconf 89' lang='lat' dir='ltr'><strong>captivos</strong></span> <span class='ocrx_word' id='word_1_121' title='bbox 1419 1587 1630 1642; x_wconf 78' lang='lat' dir='ltr'><strong>induxit</strong></span> <span class='ocrx_word' id='word_1_122' title='bbox 1655 1586 2024 1657; x_wconf 83' lang='lat' dir='ltr'><strong>Babyloniam,</strong></span> 
     </span>
    </p>
   </div>
   <div class='ocr_carea' id='block_1_18' title="bbox 448 1676 2025 1748">
    <p class='ocr_par' dir='ltr' id='par_1_18' title="bbox 448 1676 2025 1748">
     <span class='ocr_line' id='line_1_18' title="bbox 448 1676 2025 1748; baseline -0.001 -17"><span class='ocrx_word' id='word_1_123' title='bbox 448 1679 592 1734; x_wconf 89' lang='lat' dir='ltr'><strong>inter</strong></span> <span class='ocrx_word' id='word_1_124' title='bbox 615 1693 750 1748; x_wconf 90' lang='lat' dir='ltr'><strong>quos</strong></span> <span class='ocrx_word' id='word_1_125' title='bbox 777 1687 892 1732; x_wconf 88' lang='lat' dir='ltr'><strong>erat</strong></span> <span class='ocrx_word' id='word_1_126' title='bbox 924 1678 1183 1747; x_wconf 84' lang='lat' dir='ltr'><strong>propheta</strong></span> <span class='ocrx_word' id='word_1_127' title='bbox 1223 1677 1493 1741; x_wconf 86' lang='lat' dir='ltr'><strong>Ezechiel,</strong></span> <span class='ocrx_word' id='word_1_128' title='bbox 1523 1693 1646 1732; x_wconf 93' lang='lat' dir='ltr'><strong>cum</strong></span> <span class='ocrx_word' id='word_1_129' title='bbox 1679 1684 1822 1732; x_wconf 87' lang='lat' dir='ltr'><strong>esset</strong></span> <span class='ocrx_word' id='word_1_130' title='bbox 1852 1676 2025 1730; x_wconf 90' lang='lat' dir='ltr'><strong>adhuc</strong></span> 
     </span>
    </p>
   </div>
   <div class='ocr_carea' id='block_1_19' title="bbox 448 1758 2098 1839">
    <p class='ocr_par' dir='ltr' id='par_1_19' title="bbox 448 1758 2098 1839">
     <span class='ocr_line' id='line_1_19' title="bbox 448 1758 2098 1839; baseline -0.005 -14"><span class='ocrx_word' id='word_1_131' title='bbox 448 1785 602 1839; x_wconf 88' lang='lat' dir='ltr'><strong>puer.</strong></span> <span class='ocrx_word' id='word_1_132' title='bbox 631 1768 729 1824; x_wconf 87' lang='lat' dir='ltr'><strong>llic</strong></span> <span class='ocrx_word' id='word_1_133' title='bbox 763 1784 892 1838; x_wconf 83' lang='lat' dir='ltr'><strong>ergo</strong></span> <span class='ocrx_word' id='word_1_134' title='bbox 927 1769 1086 1822; x_wconf 89' lang='lat' dir='ltr'><strong>tinem</strong></span> <span class='ocrx_word' id='word_1_135' title='bbox 1117 1769 1304 1822; x_wconf 89' lang='lat' dir='ltr'><strong>habuit</strong></span> <span class='ocrx_word' id='word_1_136' title='bbox 1329 1766 1572 1822; x_wconf 85' lang='lat' dir='ltr'><strong>Joaehim</strong></span> <span class='ocrx_word' id='word_1_137' title='bbox 1608 1784 1724 1831; x_wconf 85' lang='lat' dir='ltr'><strong>rex,</strong></span> <span class='ocrx_word' id='word_1_138' title='bbox 1768 1767 1858 1836; x_wconf 91' lang='lat' dir='ltr'><strong>qui</strong></span> <span class='ocrx_word' id='word_1_139' title='bbox 1890 1767 2024 1819; x_wconf 80' lang='lat' dir='ltr'><strong>vixit</strong></span> <span class='ocrx_word' id='word_1_140' title='bbox 2052 1758 2098 1816; x_wconf 87' lang='grc' dir='ltr'><strong>Β</strong></span> 
     </span>
    </p>
   </div>
   <div class='ocr_carea' id='block_1_20' title="bbox 447 1858 2024 1930">
    <p class='ocr_par' dir='ltr' id='par_1_20' title="bbox 447 1858 2024 1930">
     <span class='ocr_line' id='line_1_20' title="bbox 447 1858 2024 1930; baseline 0.001 -18"><span class='ocrx_word' id='word_1_141' title='bbox 447 1860 664 1930; x_wconf 87' lang='lat' dir='ltr'><strong>quidem</strong></span> <span class='ocrx_word' id='word_1_142' title='bbox 692 1860 850 1913; x_wconf 88' lang='lat' dir='ltr'><strong>annis</strong></span> <span class='ocrx_word' id='word_1_143' title='bbox 874 1874 964 1912; x_wconf 84' lang='lat' dir='ltr'><strong>sex</strong></span> <span class='ocrx_word' id='word_1_144' title='bbox 993 1866 1047 1911; x_wconf 91' lang='lat' dir='ltr'><strong>et</strong></span> <span class='ocrx_word' id='word_1_145' title='bbox 1077 1858 1314 1926; x_wconf 77' lang='lat' dir='ltr'><strong>triginta,</strong></span> <span class='ocrx_word' id='word_1_146' title='bbox 1348 1859 1594 1928; x_wconf 82' lang='lat' dir='ltr'><strong>regnavit</strong></span> <span class='ocrx_word' id='word_1_147' title='bbox 1639 1869 1818 1912; x_wconf 86' lang='lat' dir='ltr'><strong>autem</strong></span> <span class='ocrx_word' id='word_1_148' title='bbox 1869 1860 2024 1914; x_wconf 87' lang='lat' dir='ltr'><strong>annis</strong></span> 
     </span>
    </p>
   </div>
   <div class='ocr_carea' id='block_1_21' title="bbox 447 1948 2025 2017">
    <p class='ocr_par' dir='ltr' id='par_1_21' title="bbox 447 1948 2025 2017">
     <span class='ocr_line' id='line_1_21' title="bbox 447 1948 2025 2017; baseline 0.001 -15"><span class='ocrx_word' id='word_1_149' title='bbox 447 1965 660 2004; x_wconf 89' lang='lat' dir='ltr'><strong>novem.</strong></span> <span class='ocrx_word' id='word_1_150' title='bbox 705 1949 994 2003; x_wconf 88' lang='lat' dir='ltr'><strong>Successor</strong></span> <span class='ocrx_word' id='word_1_151' title='bbox 1023 1965 1148 2002; x_wconf 88' lang='lat' dir='ltr'><strong>vero</strong></span> <span class='ocrx_word' id='word_1_152' title='bbox 1195 1949 1341 2017; x_wconf 90' lang='lat' dir='ltr'><strong>regni</strong></span> <span class='ocrx_word' id='word_1_153' title='bbox 1385 1948 1649 2014; x_wconf 84' lang='lat' dir='ltr'><strong>Joachim,</strong></span> <span class='ocrx_word' id='word_1_154' title='bbox 1677 1965 1765 2003; x_wconf 91' lang='lat' dir='ltr'><strong>rex</strong></span> <span class='ocrx_word' id='word_1_155' title='bbox 1809 1949 2025 2004; x_wconf 83' lang='lat' dir='ltr'><strong>nomine</strong></span> 
     </span>
    </p>
   </div>
   <div class='ocr_carea' id='block_1_22' title="bbox 451 2038 2020 2109">
    <p class='ocr_par' dir='ltr' id='par_1_22' title="bbox 451 2038 2020 2109">
     <span class='ocr_line' id='line_1_22' title="bbox 451 2038 2020 2109; baseline -0.001 -15"><span class='ocrx_word' id='word_1_156' title='bbox 451 2039 616 2103; x_wconf 85' lang='lat' dir='ltr'><strong>Onos,</strong></span> <span class='ocrx_word' id='word_1_157' title='bbox 647 2039 891 2109; x_wconf 88' lang='lat' dir='ltr'><strong>regnavit</strong></span> <span class='ocrx_word' id='word_1_158' title='bbox 939 2038 1210 2094; x_wconf 87' lang='lat' dir='ltr'><strong>mensibus</strong></span> <span class='ocrx_word' id='word_1_159' title='bbox 1251 2041 1424 2095; x_wconf 88' lang='lat' dir='ltr'><strong>tribus</strong></span> <span class='ocrx_word' id='word_1_160' title='bbox 1473 2050 1527 2094; x_wconf 91' lang='lat' dir='ltr'><strong>et</strong></span> <span class='ocrx_word' id='word_1_161' title='bbox 1584 2039 1766 2096; x_wconf 79' lang='lat' dir='ltr'><strong>diebus</strong></span> <span class='ocrx_word' id='word_1_162' title='bbox 1815 2041 2020 2096; x_wconf 85' lang='lat' dir='ltr'><strong>decem.</strong></span> 
     </span>
    </p>
   </div>
   <div class='ocr_carea' id='block_1_23' title="bbox 453 2129 2023 2189">
    <p class='ocr_par' dir='ltr' id='par_1_23' title="bbox 453 2129 2023 2189">
     <span class='ocr_line' id='line_1_23' title="bbox 453 2129 2023 2189; baseline 0.002 -4"><span class='ocrx_word' id='word_1_163' title='bbox 453 2131 558 2185; x_wconf 86' lang='lat' dir='ltr'><strong>Sed</strong></span> <span class='ocrx_word' id='word_1_164' title='bbox 614 2141 793 2186; x_wconf 89' lang='lat' dir='ltr'><strong>utrum</strong></span> <span class='ocrx_word' id='word_1_165' title='bbox 843 2129 1136 2185; x_wconf 79' lang='lat' dir='ltr'><strong>Jerusalem</strong></span> <span class='ocrx_word' id='word_1_166' title='bbox 1177 2148 1242 2186; x_wconf 90' lang='lat' dir='ltr'><strong>an</strong></span> <span class='ocrx_word' id='word_1_167' title='bbox 1292 2133 1344 2188; x_wconf 91' lang='lat' dir='ltr'><strong>in</strong></span> <span class='ocrx_word' id='word_1_168' title='bbox 1396 2133 1642 2188; x_wconf 76' lang='lat' dir='ltr'><strong>Chaldaea</strong></span> <span class='ocrx_word' id='word_1_169' title='bbox 1695 2143 2023 2189; x_wconf 83' lang='lat' dir='ltr'><strong>memoratus</strong></span> 
     </span>
    </p>
   </div>
   <div class='ocr_carea' id='block_1_24' title="bbox 448 2219 2021 2292">
    <p class='ocr_par' dir='ltr' id='par_1_24' title="bbox 448 2219 2021 2292">
     <span class='ocr_line' id='line_1_24' title="bbox 448 2219 2021 2292; baseline 0.002 -19"><span class='ocrx_word' id='word_1_170' title='bbox 448 2219 689 2274; x_wconf 81' lang='lat' dir='ltr'><strong>Joachim</strong></span> <span class='ocrx_word' id='word_1_171' title='bbox 747 2220 986 2290; x_wconf 85' lang='lat' dir='ltr'><strong>perierit,</strong></span> <span class='ocrx_word' id='word_1_172' title='bbox 1034 2236 1137 2273; x_wconf 90' lang='lat' dir='ltr'><strong>non</strong></span> <span class='ocrx_word' id='word_1_173' title='bbox 1201 2222 1330 2276; x_wconf 91' lang='lat' dir='ltr'><strong>mihi</strong></span> <span class='ocrx_word' id='word_1_174' title='bbox 1389 2223 1598 2277; x_wconf 89' lang='lat' dir='ltr'><strong>videtur</strong></span> <span class='ocrx_word' id='word_1_175' title='bbox 1649 2224 2021 2292; x_wconf 63' lang='lat' dir='ltr'><strong>qnierendum,</strong></span> 
     </span>
    </p>
   </div>
   <div class='ocr_carea' id='block_1_25' title="bbox 449 2309 2023 2382">
    <p class='ocr_par' dir='ltr' id='par_1_25' title="bbox 449 2309 2023 2382">
     <span class='ocr_line' id='line_1_25' title="bbox 449 2309 2023 2382; baseline 0.004 -20"><span class='ocrx_word' id='word_1_176' title='bbox 449 2326 568 2364; x_wconf 91' lang='lat' dir='ltr'><strong>eum</strong></span> <span class='ocrx_word' id='word_1_177' title='bbox 609 2320 819 2366; x_wconf 84' lang='lat' dir='ltr'><strong>constat</strong></span> <span class='ocrx_word' id='word_1_178' title='bbox 861 2326 1044 2364; x_wconf 88' lang='lat' dir='ltr'><strong>verum</strong></span> <span class='ocrx_word' id='word_1_179' title='bbox 1075 2309 1226 2377; x_wconf 89' lang='lat' dir='ltr'><strong>juxta</strong></span> <span class='ocrx_word' id='word_1_180' title='bbox 1285 2313 1360 2377; x_wconf 91' lang='lat' dir='ltr'><strong>id,</strong></span> <span class='ocrx_word' id='word_1_181' title='bbox 1409 2313 1551 2381; x_wconf 84' lang='lat' dir='ltr'><strong>quod</strong></span> <span class='ocrx_word' id='word_1_182' title='bbox 1608 2315 1865 2382; x_wconf 86' lang='lat' dir='ltr'><strong>propheta</strong></span> <span class='ocrx_word' id='word_1_183' title='bbox 1900 2323 2023 2368; x_wconf 88' lang='lat' dir='ltr'><strong>ante</strong></span> 
     </span>
    </p>
   </div>
   <div class='ocr_carea' id='block_1_26' title="bbox 446 2401 2021 2474">
    <p class='ocr_par' dir='ltr' id='par_1_26' title="bbox 446 2401 2021 2474">
     <span class='ocr_line' id='line_1_26' title="bbox 446 2401 2021 2474; baseline 0.003 -21"><span class='ocrx_word' id='word_1_184' title='bbox 446 2403 784 2470; x_wconf 70' lang='lat' dir='ltr'><strong>praedixerat,</strong></span> <span class='ocrx_word' id='word_1_185' title='bbox 813 2403 1040 2456; x_wconf 86' lang='lat' dir='ltr'><strong>cadaver</strong></span> <span class='ocrx_word' id='word_1_186' title='bbox 1070 2401 1201 2469; x_wconf 85' lang='lat' dir='ltr'><strong>ejus</strong></span> <span class='ocrx_word' id='word_1_187' title='bbox 1231 2417 1348 2457; x_wconf 87' lang='lat' dir='ltr'><strong>csse</strong></span> <span class='ocrx_word' id='word_1_188' title='bbox 1395 2401 1688 2474; x_wconf 81' lang='lat' dir='ltr'><strong>projectum</strong></span> <span class='ocrx_word' id='word_1_189' title='bbox 1738 2403 1801 2458; x_wconf 89' lang='lat' dir='ltr'><strong>ad</strong></span> <span class='ocrx_word' id='word_1_190' title='bbox 1831 2413 2021 2460; x_wconf 64' lang='lat' dir='ltr'><strong>aestum</strong></span> 
     </span>
    </p>
   </div>
   <div class='ocr_carea' id='block_1_27' title="bbox 446 2491 2023 2561">
    <p class='ocr_par' dir='ltr' id='par_1_27' title="bbox 446 2491 2023 2561">
     <span class='ocr_line' id='line_1_27' title="bbox 446 2491 2023 2561; baseline 0.003 -16"><span class='ocrx_word' id='word_1_191' title='bbox 446 2507 540 2558; x_wconf 87' lang='lat' dir='ltr'><strong>per</strong></span> <span class='ocrx_word' id='word_1_192' title='bbox 567 2491 708 2545; x_wconf 84' lang='lat' dir='ltr'><strong>diem</strong></span> <span class='ocrx_word' id='word_1_193' title='bbox 738 2501 791 2546; x_wconf 90' lang='lat' dir='ltr'><strong>et</strong></span> <span class='ocrx_word' id='word_1_194' title='bbox 808 2493 873 2545; x_wconf 89' lang='lat' dir='ltr'><strong>ad</strong></span> <span class='ocrx_word' id='word_1_195' title='bbox 903 2491 1020 2561; x_wconf 88' lang='lat' dir='ltr'><strong>gelu</strong></span> <span class='ocrx_word' id='word_1_196' title='bbox 1049 2507 1143 2560; x_wconf 83' lang='lat' dir='ltr'><strong>per</strong></span> <span class='ocrx_word' id='word_1_197' title='bbox 1169 2502 1400 2546; x_wconf 89' lang='lat' dir='ltr'><strong>noctem.</strong></span> <span class='ocrx_word' id='word_1_198' title='bbox 1435 2494 1585 2559; x_wconf 87' lang='lat' dir='ltr'><strong>Quod</strong></span> <span class='ocrx_word' id='word_1_199' title='bbox 1611 2495 1867 2548; x_wconf 85' lang='lat' dir='ltr'><strong>nimirum</strong></span> <span class='ocrx_word' id='word_1_200' title='bbox 1895 2510 2023 2549; x_wconf 87' lang='lat' dir='ltr'><strong>con-</strong></span> 
     </span>
    </p>
   </div>
   <div class='ocr_carea' id='block_1_28' title="bbox 447 2568 2022 2655">
    <p class='ocr_par' dir='ltr' id='par_1_28' title="bbox 447 2568 2022 2655">
     <span class='ocr_line' id='line_1_28' title="bbox 447 2568 2022 2655; baseline 0.005 -23"><span class='ocrx_word' id='word_1_201' title='bbox 447 2583 723 2638; x_wconf 90' lang='lat' dir='ltr'><strong>venienter</strong></span> <span class='ocrx_word' id='word_1_202' title='bbox 768 2591 946 2637; x_wconf 90' lang='lat' dir='ltr'><strong>actum</strong></span> <span class='ocrx_word' id='word_1_203' title='bbox 969 2592 1088 2648; x_wconf 91' lang='lat' dir='ltr'><strong>est,</strong></span> <span class='ocrx_word' id='word_1_204' title='bbox 1132 2594 1190 2637; x_wconf 88' lang='lat' dir='ltr'><strong>ut</strong></span> <span class='ocrx_word' id='word_1_205' title='bbox 1233 2585 1324 2653; x_wconf 89' lang='lat' dir='ltr'><strong>qui</strong></span> <span class='ocrx_word' id='word_1_206' title='bbox 1370 2568 1705 2654; x_wconf 62' lang='lat' dir='ltr'><strong>Scripturam</strong></span> <span class='ocrx_word' id='word_1_207' title='bbox 1752 2587 2022 2655; x_wconf 86' lang='lat' dir='ltr'><strong>propheti-</strong></span> 
     </span>
    </p>
   </div>
   <div class='ocr_carea' id='block_1_29' title="bbox 449 2674 2024 2749">
    <p class='ocr_par' dir='ltr' id='par_1_29' title="bbox 449 2674 2024 2749">
     <span class='ocr_line' id='line_1_29' title="bbox 449 2674 2024 2749; baseline 0.006 -26"><span class='ocrx_word' id='word_1_208' title='bbox 449 2687 570 2725; x_wconf 89' lang='lat' dir='ltr'><strong>cam</strong></span> <span class='ocrx_word' id='word_1_209' title='bbox 599 2687 662 2726; x_wconf 89' lang='lat' dir='ltr'><strong>ex</strong></span> <span class='ocrx_word' id='word_1_210' title='bbox 694 2674 831 2728; x_wconf 89' lang='lat' dir='ltr'><strong>libro</strong></span> <span class='ocrx_word' id='word_1_211' title='bbox 853 2675 1118 2729; x_wconf 86' lang='lat' dir='ltr'><strong>abscisam</strong></span> <span class='ocrx_word' id='word_1_212' title='bbox 1143 2676 1263 2747; x_wconf 89' lang='lat' dir='ltr'><strong>igne</strong></span> <span class='ocrx_word' id='word_1_213' title='bbox 1293 2694 1637 2732; x_wconf 88' lang='lat' dir='ltr'><strong>concremare</strong></span> <span class='ocrx_word' id='word_1_214' title='bbox 1667 2680 1888 2744; x_wconf 84' lang='lat' dir='ltr'><strong>studuit,</strong></span> <span class='ocrx_word' id='word_1_215' title='bbox 1949 2680 2024 2749; x_wconf 87' lang='lat' dir='ltr'><strong>ip-</strong></span> 
     </span>
    </p>
   </div>
   <div class='ocr_carea' id='block_1_30' title="bbox 449 2765 1946 2838">
    <p class='ocr_par' dir='ltr' id='par_1_30' title="bbox 449 2765 1946 2838">
     <span class='ocr_line' id='line_1_30' title="bbox 449 2765 1946 2838; baseline 0.003 -20"><span class='ocrx_word' id='word_1_216' title='bbox 449 2765 560 2820; x_wconf 88' lang='lat' dir='ltr'><strong>sius</strong></span> <span class='ocrx_word' id='word_1_217' title='bbox 591 2765 820 2819; x_wconf 87' lang='lat' dir='ltr'><strong>cadavcr</strong></span> <span class='ocrx_word' id='word_1_218' title='bbox 843 2776 972 2820; x_wconf 73' lang='lat' dir='ltr'><strong>mstn</strong></span> <span class='ocrx_word' id='word_1_219' title='bbox 1006 2767 1133 2820; x_wconf 88' lang='lat' dir='ltr'><strong>solis</strong></span> <span class='ocrx_word' id='word_1_220' title='bbox 1181 2778 1234 2820; x_wconf 78' lang='lat' dir='ltr'><strong>et</strong></span> <span class='ocrx_word' id='word_1_221' title='bbox 1276 2769 1393 2838; x_wconf 81' lang='lat' dir='ltr'><strong>gelu</strong></span> <span class='ocrx_word' id='word_1_222' title='bbox 1426 2770 1598 2825; x_wconf 87' lang='lat' dir='ltr'><strong>noctis</strong></span> <span class='ocrx_word' id='word_1_223' title='bbox 1625 2769 1946 2825; x_wconf 80' lang='lat' dir='ltr'><strong>afﬁceretur.</strong></span> 
     </span>
    </p>
   </div>
   <div class='ocr_carea' id='block_1_31' title="bbox 532 2851 2020 2913">
    <p class='ocr_par' dir='ltr' id='par_1_31' title="bbox 532 2851 2020 2913">
     <span class='ocr_line' id='line_1_31' title="bbox 532 2851 2020 2913; baseline 0.006 -11"><span class='ocrx_word' id='word_1_224' title='bbox 532 2871 550 2902; x_wconf 73' lang='grc' dir='ltr'><strong>ι</strong></span> <span class='ocrx_word' id='word_1_225' title='bbox 583 2851 846 2909; x_wconf 83' lang='lat' dir='ltr'><strong>Jeremias</strong></span> <span class='ocrx_word' id='word_1_226' title='bbox 880 2864 1055 2910; x_wconf 90' lang='lat' dir='ltr'><strong>autem</strong></span> <span class='ocrx_word' id='word_1_227' title='bbox 1103 2856 1220 2910; x_wconf 91' lang='lat' dir='ltr'><strong>tulit</strong></span> <span class='ocrx_word' id='word_1_228' title='bbox 1246 2858 1491 2913; x_wconf 86' lang='lat' dir='ltr'><strong>volumen</strong></span> <span class='ocrx_word' id='word_1_229' title='bbox 1524 2858 1666 2913; x_wconf 88' lang='lat' dir='ltr'><strong>aliud</strong></span> <span class='ocrx_word' id='word_1_230' title='bbox 1706 2867 1758 2912; x_wconf 90' lang='lat' dir='ltr'><strong>et</strong></span> <span class='ocrx_word' id='word_1_231' title='bbox 1782 2859 1928 2913; x_wconf 90' lang='lat' dir='ltr'><strong>dedit</strong></span> <span class='ocrx_word' id='word_1_232' title='bbox 1957 2859 2020 2912; x_wconf 92' lang='lat' dir='ltr'><strong>il-</strong></span> 
     </span>
    </p>
   </div>
   <div class='ocr_carea' id='block_1_32' title="bbox 455 2941 2017 3018">
    <p class='ocr_par' dir='ltr' id='par_1_32' title="bbox 455 2941 2017 3018">
     <span class='ocr_line' id='line_1_32' title="bbox 455 2941 2017 3018; baseline 0.006 -27"><span class='ocrx_word' id='word_1_233' title='bbox 455 2965 469 2988; x_wconf 82' lang='grc' dir='ltr'><strong>ι</strong></span> <span class='ocrx_word' id='word_1_234' title='bbox 510 2941 599 2995; x_wconf 92' lang='lat' dir='ltr'><strong>lud</strong></span> <span class='ocrx_word' id='word_1_235' title='bbox 629 2943 835 2997; x_wconf 88' lang='lat' dir='ltr'><strong>Barueh</strong></span> <span class='ocrx_word' id='word_1_236' title='bbox 868 2944 973 2998; x_wconf 85' lang='lat' dir='ltr'><strong>filio</strong></span> <span class='ocrx_word' id='word_1_237' title='bbox 995 2944 1167 2999; x_wconf 76' lang='lat' dir='ltr'><strong>Neria:</strong></span> <span class='ocrx_word' id='word_1_238' title='bbox 1194 2947 1400 3010; x_wconf 84' lang='lat' dir='ltr'><strong>scribae,</strong></span> <span class='ocrx_word' id='word_1_239' title='bbox 1430 2949 1520 3018; x_wconf 90' lang='lat' dir='ltr'><strong>qui</strong></span> <span class='ocrx_word' id='word_1_240' title='bbox 1550 2948 1834 3017; x_wconf 88' lang='lat' dir='ltr'><strong>scripsitin</strong></span> <span class='ocrx_word' id='word_1_241' title='bbox 1863 2962 1929 3002; x_wconf 89' lang='lat' dir='ltr'><strong>eo</strong></span> <span class='ocrx_word' id='word_1_242' title='bbox 1953 2963 2017 3003; x_wconf 92' lang='lat' dir='ltr'><strong>ex</strong></span> 
     </span>
    </p>
   </div>
   <div class='ocr_carea' id='block_1_33' title="bbox 453 3030 2018 3108">
    <p class='ocr_par' dir='ltr' id='par_1_33' title="bbox 453 3030 2018 3108">
     <span class='ocr_line' id='line_1_33' title="bbox 453 3030 2018 3108; baseline 0.01 -30"><span class='ocrx_word' id='word_1_243' title='bbox 453 3050 469 3078; x_wconf 79' lang='grc' dir='ltr'><strong>ι</strong></span> <span class='ocrx_word' id='word_1_244' title='bbox 507 3045 602 3084; x_wconf 87' lang='lat' dir='ltr'><strong>ore</strong></span> <span class='ocrx_word' id='word_1_245' title='bbox 627 3030 870 3086; x_wconf 74' lang='lat' dir='ltr'><strong>Jeremice</strong></span> <span class='ocrx_word' id='word_1_246' title='bbox 897 3049 1082 3089; x_wconf 89' lang='lat' dir='ltr'><strong>omnes</strong></span> <span class='ocrx_word' id='word_1_247' title='bbox 1109 3051 1385 3092; x_wconf 88' lang='lat' dir='ltr'><strong>sermones</strong></span> <span class='ocrx_word' id='word_1_248' title='bbox 1407 3037 1555 3104; x_wconf 91' lang='lat' dir='ltr'><strong>libri,</strong></span> <span class='ocrx_word' id='word_1_249' title='bbox 1580 3054 1740 3108; x_wconf 82' lang='lat' dir='ltr'><strong>quem</strong></span> <span class='ocrx_word' id='word_1_250' title='bbox 1765 3039 2018 3094; x_wconf 86' lang='lat' dir='ltr'><strong>combus-</strong></span> 
     </span>
    </p>
   </div>
   <div class='ocr_carea' id='block_1_34' title="bbox 453 3100 2090 3196">
    <p class='ocr_par' dir='ltr' id='par_1_34' title="bbox 453 3100 2090 3196">
     <span class='ocr_line' id='line_1_34' title="bbox 453 3100 2090 3196; baseline 0.01 -30"><span class='ocrx_word' id='word_1_251' title='bbox 453 3138 469 3166; x_wconf 75' lang='grc' dir='ltr'><strong>ι</strong></span> <span class='ocrx_word' id='word_1_252' title='bbox 509 3126 655 3172; x_wconf 91' lang='lat' dir='ltr'><strong>serat</strong></span> <span class='ocrx_word' id='word_1_253' title='bbox 677 3118 914 3174; x_wconf 87' lang='lat' dir='ltr'><strong>Joaehim</strong></span> <span class='ocrx_word' id='word_1_254' title='bbox 931 3137 1023 3174; x_wconf 85' lang='lat' dir='ltr'><strong>rex</strong></span> <span class='ocrx_word' id='word_1_255' title='bbox 1052 3121 1182 3178; x_wconf 82' lang='lat' dir='ltr'><strong>Juda</strong></span> <span class='ocrx_word' id='word_1_256' title='bbox 1217 3125 1337 3194; x_wconf 82' lang='lat' dir='ltr'><strong>igne</strong></span> <span class='ocrx_word' id='word_1_257' title='bbox 1364 3143 1374 3178; x_wconf 93' lang='lat'><strong>:</strong></span> <span class='ocrx_word' id='word_1_258' title='bbox 1407 3135 1459 3180; x_wconf 90' lang='lat' dir='ltr'><strong>et</strong></span> <span class='ocrx_word' id='word_1_259' title='bbox 1484 3100 2018 3196; x_wconf 80' lang='lat' dir='ltr'><strong>insuperadditisunt</strong></span> <span class='ocrx_word' id='word_1_260' title='bbox 2045 3100 2090 3162; x_wconf 64' lang='grc' dir='ltr'><strong>δ</strong></span> 
     </span>
    </p>
   </div>
   <div class='ocr_carea' id='block_1_35' title="bbox 455 3209 2019 3284">
    <p class='ocr_par' dir='ltr' id='par_1_35' title="bbox 455 3209 2019 3284">
     <span class='ocr_line' id='line_1_35' title="bbox 455 3209 2019 3284; baseline 0.011 -28"><span class='ocrx_word' id='word_1_261' title='bbox 455 3227 471 3256; x_wconf 81' lang='grc' dir='ltr'><strong>ι</strong></span> <span class='ocrx_word' id='word_1_262' title='bbox 515 3221 790 3263; x_wconf 89' lang='lat' dir='ltr'><strong>sermones</strong></span> <span class='ocrx_word' id='word_1_263' title='bbox 817 3209 982 3263; x_wconf 86' lang='lat' dir='ltr'><strong>multo</strong></span> <span class='ocrx_word' id='word_1_264' title='bbox 997 3211 1198 3280; x_wconf 91' lang='lat' dir='ltr'><strong>plures,</strong></span> <span class='ocrx_word' id='word_1_265' title='bbox 1221 3229 1380 3282; x_wconf 89' lang='lat' dir='ltr'><strong>quam</strong></span> <span class='ocrx_word' id='word_1_266' title='bbox 1405 3224 1558 3269; x_wconf 90' lang='lat' dir='ltr'><strong>antea</strong></span> <span class='ocrx_word' id='word_1_267' title='bbox 1579 3215 1806 3271; x_wconf 81' lang='lat' dir='ltr'><strong>fuerant.</strong></span> <span class='ocrx_word' id='word_1_268' title='bbox 1841 3237 1857 3267; x_wconf 85' lang='grc'>›</span> <span class='ocrx_word' id='word_1_269' title='bbox 1881 3217 2019 3284; x_wconf 87' lang='lat' dir='ltr'><strong>Quid</strong></span> 
     </span>
    </p>
   </div>
   <div class='ocr_carea' id='block_1_36' title="bbox 448 3297 2017 3373">
    <p class='ocr_par' dir='ltr' id='par_1_36' title="bbox 448 3297 2017 3373">
     <span class='ocr_line' id='line_1_36' title="bbox 448 3297 2017 3373; baseline 0.009 -25"><span class='ocrx_word' id='word_1_270' title='bbox 448 3310 580 3367; x_wconf 83' lang='lat' dir='ltr'><strong>ergo</strong></span> <span class='ocrx_word' id='word_1_271' title='bbox 605 3297 736 3360; x_wconf 86' lang='lat' dir='ltr'><strong>vult,</strong></span> <span class='ocrx_word' id='word_1_272' title='bbox 761 3300 901 3368; x_wconf 90' lang='lat' dir='ltr'><strong>quod</strong></span> <span class='ocrx_word' id='word_1_273' title='bbox 923 3301 1181 3370; x_wconf 85' lang='lat' dir='ltr'><strong>propheta</strong></span> <span class='ocrx_word' id='word_1_274' title='bbox 1197 3312 1463 3373; x_wconf 65' lang='lat' dir='ltr'><strong>praecepto</strong></span> <span class='ocrx_word' id='word_1_275' title='bbox 1479 3305 1689 3360; x_wconf 91' lang='lat' dir='ltr'><strong>Domini</strong></span> <span class='ocrx_word' id='word_1_276' title='bbox 1719 3309 2017 3362; x_wconf 88' lang='lat' dir='ltr'><strong>commoni-</strong></span> 
     </span>
    </p>
   </div>
   <div class='ocr_carea' id='block_1_37' title="bbox 451 3389 2015 3468">
    <p class='ocr_par' dir='ltr' id='par_1_37' title="bbox 451 3389 2015 3468">
     <span class='ocr_line' id='line_1_37' title="bbox 451 3389 2015 3468; baseline 0.01 -24"><span class='ocrx_word' id='word_1_277' title='bbox 451 3395 562 3456; x_wconf 65' lang='lat' dir='ltr'><strong>tus,</strong></span> <span class='ocrx_word' id='word_1_278' title='bbox 592 3398 714 3462; x_wconf 70' lang='lat' dir='ltr'><strong>post</strong></span> <span class='ocrx_word' id='word_1_279' title='bbox 739 3389 1162 3451; x_wconf 74' lang='lat' dir='ltr'><strong>combustionem</strong></span> <span class='ocrx_word' id='word_1_280' title='bbox 1195 3397 1694 3468; x_wconf 67' lang='lat' dir='ltr'><strong>priortsviluminls</strong></span> <span class='ocrx_word' id='word_1_281' title='bbox 1727 3397 1843 3460; x_wconf 82' lang='lat' dir='ltr'><strong>tulit</strong></span> <span class='ocrx_word' id='word_1_282' title='bbox 1873 3400 2015 3460; x_wconf 83' lang='lat' dir='ltr'><strong>aliud</strong></span> 
     </span>
    </p>
   </div>
   <div class='ocr_carea' id='block_1_38' title="bbox 451 3481 2014 3563">
    <p class='ocr_par' dir='ltr' id='par_1_38' title="bbox 451 3481 2014 3563">
     <span class='ocr_line' id='line_1_38' title="bbox 451 3481 2014 3563; baseline 0.012 -32"><span class='ocrx_word' id='word_1_283' title='bbox 451 3481 727 3548; x_wconf 81' lang='lat' dir='ltr'><strong>volumen,</strong></span> <span class='ocrx_word' id='word_1_284' title='bbox 773 3491 828 3537; x_wconf 91' lang='lat' dir='ltr'><strong>et</strong></span> <span class='ocrx_word' id='word_1_285' title='bbox 854 3483 998 3538; x_wconf 87' lang='lat' dir='ltr'><strong>dedit</strong></span> <span class='ocrx_word' id='word_1_286' title='bbox 1026 3485 1151 3540; x_wconf 90' lang='lat' dir='ltr'><strong>illud</strong></span> <span class='ocrx_word' id='word_1_287' title='bbox 1181 3486 1392 3542; x_wconf 89' lang='lat' dir='ltr'><strong>Barueh</strong></span> <span class='ocrx_word' id='word_1_288' title='bbox 1421 3491 1630 3556; x_wconf 77' lang='lat' dir='ltr'><strong>scribae,</strong></span> <span class='ocrx_word' id='word_1_289' title='bbox 1668 3492 1758 3561; x_wconf 91' lang='lat' dir='ltr'><strong>qui</strong></span> <span class='ocrx_word' id='word_1_290' title='bbox 1799 3495 2014 3563; x_wconf 86' lang='lat' dir='ltr'><strong>scripsit</strong></span> 
     </span>
    </p>
   </div>
   <div class='ocr_carea' id='block_1_39' title="bbox 451 3569 2010 3647">
    <p class='ocr_par' dir='ltr' id='par_1_39' title="bbox 451 3569 2010 3647">
     <span class='ocr_line' id='line_1_39' title="bbox 451 3569 2010 3647; baseline 0.009 -26"><span class='ocrx_word' id='word_1_291' title='bbox 451 3569 505 3622; x_wconf 92' lang='lat' dir='ltr'><strong>in</strong></span> <span class='ocrx_word' id='word_1_292' title='bbox 540 3583 604 3623; x_wconf 90' lang='lat' dir='ltr'><strong>eo</strong></span> <span class='ocrx_word' id='word_1_293' title='bbox 629 3585 694 3624; x_wconf 86' lang='lat' dir='ltr'><strong>ex</strong></span> <span class='ocrx_word' id='word_1_294' title='bbox 718 3585 813 3625; x_wconf 91' lang='lat' dir='ltr'><strong>ore</strong></span> <span class='ocrx_word' id='word_1_295' title='bbox 852 3572 1019 3642; x_wconf 90' lang='lat' dir='ltr'><strong>ipsius</strong></span> <span class='ocrx_word' id='word_1_296' title='bbox 1047 3571 1292 3629; x_wconf 66' lang='lat' dir='ltr'><strong>Ieremia:</strong></span> <span class='ocrx_word' id='word_1_297' title='bbox 1322 3591 1510 3632; x_wconf 91' lang='lat' dir='ltr'><strong>omnes</strong></span> <span class='ocrx_word' id='word_1_298' title='bbox 1541 3593 1815 3635; x_wconf 86' lang='lat' dir='ltr'><strong>sermones</strong></span> <span class='ocrx_word' id='word_1_299' title='bbox 1864 3582 2010 3647; x_wconf 92' lang='lat' dir='ltr'><strong>libri,</strong></span> 
     </span>
    </p>
   </div>
   <div class='ocr_carea' id='block_1_40' title="bbox 448 3659 2012 3738">
    <p class='ocr_par' dir='ltr' id='par_1_40' title="bbox 448 3659 2012 3738">
     <span class='ocr_line' id='line_1_40' title="bbox 448 3659 2012 3738; baseline 0.01 -29"><span class='ocrx_word' id='word_1_300' title='bbox 448 3673 607 3727; x_wconf 83' lang='lat' dir='ltr'><strong>quem</strong></span> <span class='ocrx_word' id='word_1_301' title='bbox 629 3659 995 3716; x_wconf 89' lang='lat' dir='ltr'><strong>combusserat</strong></span> <span class='ocrx_word' id='word_1_302' title='bbox 1009 3660 1250 3717; x_wconf 84' lang='lat' dir='ltr'><strong>Joachim</strong></span> <span class='ocrx_word' id='word_1_303' title='bbox 1285 3680 1378 3718; x_wconf 85' lang='lat' dir='ltr'><strong>rex</strong></span> <span class='ocrx_word' id='word_1_304' title='bbox 1405 3664 1538 3718; x_wconf 85' lang='lat' dir='ltr'><strong>Juda</strong></span> <span class='ocrx_word' id='word_1_305' title='bbox 1567 3666 1673 3734; x_wconf 78' lang='lat' dir='ltr'><strong>igni</strong></span> <span class='ocrx_word' id='word_1_306' title='bbox 1703 3685 1713 3719; x_wconf 94' lang='lat'><strong>:</strong></span> <span class='ocrx_word' id='word_1_307' title='bbox 1745 3669 1846 3722; x_wconf 90' lang='lat' dir='ltr'><strong>nisi</strong></span> <span class='ocrx_word' id='word_1_308' title='bbox 1871 3671 2012 3738; x_wconf 90' lang='lat' dir='ltr'><strong>quod</strong></span> 
     </span>
    </p>
   </div>
   <div class='ocr_carea' id='block_1_41' title="bbox 448 3749 2012 3830">
    <p class='ocr_par' dir='ltr' id='par_1_41' title="bbox 448 3749 2012 3830">
     <span class='ocr_line' id='line_1_41' title="bbox 448 3749 2012 3830; baseline 0.008 -28"><span class='ocrx_word' id='word_1_309' title='bbox 448 3749 731 3819; x_wconf 81' lang='lat' dir='ltr'><strong>reprobata</strong></span> <span class='ocrx_word' id='word_1_310' title='bbox 755 3751 822 3805; x_wconf 92' lang='lat' dir='ltr'><strong>ob</strong></span> <span class='ocrx_word' id='word_1_311' title='bbox 846 3751 1122 3820; x_wconf 84' lang='lat' dir='ltr'><strong>perfidiam</strong></span> <span class='ocrx_word' id='word_1_312' title='bbox 1154 3753 1358 3819; x_wconf 72' lang='lat' dir='ltr'><strong>Iudaea,</strong></span> <span class='ocrx_word' id='word_1_313' title='bbox 1386 3756 1504 3810; x_wconf 89' lang='lat' dir='ltr'><strong>libri</strong></span> <span class='ocrx_word' id='word_1_314' title='bbox 1542 3756 1672 3827; x_wconf 81' lang='lat' dir='ltr'><strong>legis</strong></span> <span class='ocrx_word' id='word_1_315' title='bbox 1688 3765 1747 3812; x_wconf 82' lang='lat' dir='ltr'><strong>et</strong></span> <span class='ocrx_word' id='word_1_316' title='bbox 1782 3761 2012 3830; x_wconf 90' lang='lat' dir='ltr'><strong>prophe-</strong></span> 
     </span>
    </p>
   </div>
   <div class='ocr_carea' id='block_1_42' title="bbox 451 3840 2014 3923">
    <p class='ocr_par' dir='ltr' id='par_1_42' title="bbox 451 3840 2014 3923">
     <span class='ocr_line' id='line_1_42' title="bbox 451 3840 2014 3923; baseline 0.01 -33"><span class='ocrx_word' id='word_1_317' title='bbox 451 3847 630 3893; x_wconf 87' lang='lat' dir='ltr'><strong>tarum</strong></span> <span class='ocrx_word' id='word_1_318' title='bbox 660 3840 728 3894; x_wconf 90' lang='lat' dir='ltr'><strong>ad</strong></span> <span class='ocrx_word' id='word_1_319' title='bbox 773 3841 1008 3911; x_wconf 86' lang='lat' dir='ltr'><strong>gentium</strong></span> <span class='ocrx_word' id='word_1_320' title='bbox 1045 3843 1272 3898; x_wconf 86' lang='lat' dir='ltr'><strong>salutem</strong></span> <span class='ocrx_word' id='word_1_321' title='bbox 1330 3847 1524 3901; x_wconf 82' lang='lat' dir='ltr'><strong>servati</strong></span> <span class='ocrx_word' id='word_1_322' title='bbox 1579 3858 1722 3914; x_wconf 89' lang='lat' dir='ltr'><strong>sunt,</strong></span> <span class='ocrx_word' id='word_1_323' title='bbox 1772 3849 1839 3905; x_wconf 90' lang='lat' dir='ltr'><strong>ad</strong></span> <span class='ocrx_word' id='word_1_324' title='bbox 1881 3867 2014 3923; x_wconf 90' lang='lat' dir='ltr'><strong>quas</strong></span> 
     </span>
    </p>
   </div>
   <div class='ocr_carea' id='block_1_43' title="bbox 446 3929 2010 4007">
    <p class='ocr_par' dir='ltr' id='par_1_43' title="bbox 446 3929 2010 4007">
     <span class='ocr_line' id='line_1_43' title="bbox 446 3929 2010 4007; baseline 0.009 -25"><span class='ocrx_word' id='word_1_325' title='bbox 446 3929 623 3985; x_wconf 87' lang='lat' dir='ltr'><strong>omnis</strong></span> <span class='ocrx_word' id='word_1_326' title='bbox 648 3929 817 4000; x_wconf 81' lang='lat' dir='ltr'><strong>gloria</strong></span> <span class='ocrx_word' id='word_1_327' title='bbox 846 3933 1056 3988; x_wconf 80' lang='lat' dir='ltr'><strong>Veteris</strong></span> <span class='ocrx_word' id='word_1_328' title='bbox 1084 3935 1411 3992; x_wconf 88' lang='lat' dir='ltr'><strong>Testamenti</strong></span> <span class='ocrx_word' id='word_1_329' title='bbox 1433 3951 1552 4007; x_wconf 89' lang='lat' dir='ltr'><strong>post</strong></span> <span class='ocrx_word' id='word_1_330' title='bbox 1573 3938 1774 3995; x_wconf 84' lang='lat' dir='ltr'><strong>Christi</strong></span> <span class='ocrx_word' id='word_1_331' title='bbox 1808 3943 2010 3996; x_wconf 89' lang='lat' dir='ltr'><strong>adven-</strong></span> 
     </span>
    </p>
   </div>
   <div class='ocr_carea' id='block_1_44' title="bbox 445 4021 2010 4102">
    <p class='ocr_par' dir='ltr' id='par_1_44' title="bbox 445 4021 2010 4102">
     <span class='ocr_line' id='line_1_44' title="bbox 445 4021 2010 4102; baseline 0.01 -30"><span class='ocrx_word' id='word_1_332' title='bbox 445 4029 556 4072; x_wconf 92' lang='lat' dir='ltr'><strong>tum</strong></span> <span class='ocrx_word' id='word_1_333' title='bbox 583 4021 838 4076; x_wconf 89' lang='lat' dir='ltr'><strong>translata</strong></span> <span class='ocrx_word' id='word_1_334' title='bbox 887 4034 966 4078; x_wconf 86' lang='lat' dir='ltr'><strong>est</strong></span> <span class='ocrx_word' id='word_1_335' title='bbox 989 4065 1003 4088; x_wconf 92' lang='lat'><strong>,</strong></span> <span class='ocrx_word' id='word_1_336' title='bbox 1033 4027 1285 4094; x_wconf 82' lang='lat' dir='ltr'><strong>quoniam</strong></span> <span class='ocrx_word' id='word_1_337' title='bbox 1320 4048 1337 4076; x_wconf 85' lang='grc'><strong><em>‹</em></strong></span> <span class='ocrx_word' id='word_1_338' title='bbox 1369 4030 1550 4082; x_wconf 90' lang='lat' dir='ltr'><strong>omnia</strong></span> <span class='ocrx_word' id='word_1_339' title='bbox 1600 4031 1653 4084; x_wconf 90' lang='lat' dir='ltr'><strong>in</strong></span> <span class='ocrx_word' id='word_1_340' title='bbox 1684 4032 1851 4102; x_wconf 81' lang='lat' dir='ltr'><strong>figura</strong></span> <span class='ocrx_word' id='word_1_341' title='bbox 1881 4049 2010 4088; x_wconf 85' lang='lat' dir='ltr'><strong>eon-</strong></span> 
     </span>
    </p>
   </div>
   <div class='ocr_carea' id='block_1_45' title="bbox 442 4109 2007 4189">
    <p class='ocr_par' dir='ltr' id='par_1_45' title="bbox 442 4109 2007 4189">
     <span class='ocr_line' id='line_1_45' title="bbox 442 4109 2007 4189; baseline 0.009 -28"><span class='ocrx_word' id='word_1_342' title='bbox 442 4109 720 4178; x_wconf 82' lang='lat' dir='ltr'><strong>tingebant</strong></span> <span class='ocrx_word' id='word_1_343' title='bbox 770 4111 919 4165; x_wconf 88' lang='lat' dir='ltr'><strong>illis:</strong></span> <span class='ocrx_word' id='word_1_344' title='bbox 952 4115 1152 4183; x_wconf 89' lang='lat' dir='ltr'><strong>scripta</strong></span> <span class='ocrx_word' id='word_1_345' title='bbox 1206 4126 1331 4169; x_wconf 92' lang='lat' dir='ltr'><strong>sunt</strong></span> <span class='ocrx_word' id='word_1_346' title='bbox 1381 4125 1562 4172; x_wconf 90' lang='lat' dir='ltr'><strong>autem</strong></span> <span class='ocrx_word' id='word_1_347' title='bbox 1605 4120 1670 4172; x_wconf 90' lang='lat' dir='ltr'><strong>ad</strong></span> <span class='ocrx_word' id='word_1_348' title='bbox 1711 4122 2007 4189; x_wconf 86' lang='lat' dir='ltr'><strong>correptio-</strong></span> 
     </span>
    </p>
   </div>
   <div class='ocr_carea' id='block_1_46' title="bbox 446 4201 2008 4272">
    <p class='ocr_par' dir='ltr' id='par_1_46' title="bbox 446 4201 2008 4272">
     <span class='ocr_line' id='line_1_46' title="bbox 446 4201 2008 4272; baseline 0.011 -25"><span class='ocrx_word' id='word_1_349' title='bbox 446 4211 568 4249; x_wconf 89' lang='lat' dir='ltr'><strong>nem</strong></span> <span class='ocrx_word' id='word_1_350' title='bbox 595 4206 855 4263; x_wconf 88' lang='lat' dir='ltr'><strong>nostram,</strong></span> <span class='ocrx_word' id='word_1_351' title='bbox 897 4201 963 4254; x_wconf 87' lang='lat' dir='ltr'><strong>ad</strong></span> <span class='ocrx_word' id='word_1_352' title='bbox 988 4218 1124 4272; x_wconf 88' lang='lat' dir='ltr'><strong>quos</strong></span> <span class='ocrx_word' id='word_1_353' title='bbox 1152 4203 1284 4258; x_wconf 86' lang='lat' dir='ltr'><strong>fines</strong></span> <span class='ocrx_word' id='word_1_354' title='bbox 1322 4206 1639 4260; x_wconf 70' lang='lat' dir='ltr'><strong>smculorum</strong></span> <span class='ocrx_word' id='word_1_355' title='bbox 1679 4209 2008 4264; x_wconf 87' lang='lat' dir='ltr'><strong>devenerunt</strong></span> 
     </span>
    </p>
   </div>
   <div class='ocr_carea' id='block_1_47' title="bbox 442 4286 2003 4370">
    <p class='ocr_par' dir='ltr' id='par_1_47' title="bbox 442 4286 2003 4370">
     <span class='ocr_line' id='line_1_47' title="bbox 442 4286 2003 4370; baseline 0.01 -30"><span class='ocrx_word' id='word_1_356' title='bbox 442 4286 495 4357; x_wconf 93' lang='lat' dir='ltr'><strong>(I</strong></span> <span class='ocrx_word' id='word_1_357' title='bbox 517 4288 637 4343; x_wconf 89' lang='lat' dir='ltr'><strong>Cor.</strong></span> <span class='ocrx_word' id='word_1_358' title='bbox 665 4292 743 4360; x_wconf 84' lang='lat' dir='ltr'><strong>x).</strong></span> <span class='ocrx_word' id='word_1_359' title='bbox 777 4311 794 4343; x_wconf 78' lang='grc' dir='ltr'><strong>ι</strong></span> <span class='ocrx_word' id='word_1_360' title='bbox 823 4292 974 4347; x_wconf 91' lang='lat' dir='ltr'><strong>Unde</strong></span> <span class='ocrx_word' id='word_1_361' title='bbox 1020 4296 1156 4348; x_wconf 83' lang='lat' dir='ltr'><strong>bene</strong></span> <span class='ocrx_word' id='word_1_362' title='bbox 1187 4298 1467 4350; x_wconf 89' lang='lat' dir='ltr'><strong>subditur:</strong></span> <span class='ocrx_word' id='word_1_363' title='bbox 1491 4308 1544 4352; x_wconf 89' lang='lat' dir='ltr'><strong>et</strong></span> <span class='ocrx_word' id='word_1_364' title='bbox 1590 4301 1807 4370; x_wconf 88' lang='lat' dir='ltr'><strong>insuper</strong></span> <span class='ocrx_word' id='word_1_365' title='bbox 1839 4301 2003 4356; x_wconf 90' lang='lat' dir='ltr'><strong>additi</strong></span> 
     </span>
    </p>
   </div>
   <div class='ocr_carea' id='block_1_48' title="bbox 444 4381 1999 4456">
    <p class='ocr_par' dir='ltr' id='par_1_48' title="bbox 444 4381 1999 4456">
     <span class='ocr_line' id='line_1_48' title="bbox 444 4381 1999 4456; baseline 0.01 -28"><span class='ocrx_word' id='word_1_366' title='bbox 444 4383 572 4428; x_wconf 86' lang='lat' dir='ltr'><strong>sunt</strong></span> <span class='ocrx_word' id='word_1_367' title='bbox 611 4391 887 4433; x_wconf 81' lang='lat' dir='ltr'><strong>sermones</strong></span> <span class='ocrx_word' id='word_1_368' title='bbox 937 4381 1104 4435; x_wconf 90' lang='lat' dir='ltr'><strong>multo</strong></span> <span class='ocrx_word' id='word_1_369' title='bbox 1131 4382 1310 4451; x_wconf 88' lang='lat' dir='ltr'><strong>plures</strong></span> <span class='ocrx_word' id='word_1_370' title='bbox 1336 4425 1350 4448; x_wconf 93' lang='lat'><strong>,</strong></span> <span class='ocrx_word' id='word_1_371' title='bbox 1380 4399 1542 4453; x_wconf 89' lang='lat' dir='ltr'><strong>quam</strong></span> <span class='ocrx_word' id='word_1_372' title='bbox 1596 4396 1720 4442; x_wconf 91' lang='lat' dir='ltr'><strong>ante</strong></span> <span class='ocrx_word' id='word_1_373' title='bbox 1768 4390 1999 4456; x_wconf 81' lang='lat' dir='ltr'><strong>fuerant,</strong></span> 
     </span>
    </p>
   </div>
   <div class='ocr_carea' id='block_1_49' title="bbox 443 4464 2000 4538">
    <p class='ocr_par' dir='ltr' id='par_1_49' title="bbox 443 4464 2000 4538">
     <span class='ocr_line' id='line_1_49' title="bbox 443 4464 2000 4538; baseline 0.012 -22"><span class='ocrx_word' id='word_1_374' title='bbox 443 4464 569 4532; x_wconf 83' lang='lat' dir='ltr'><strong>quia</strong></span> <span class='ocrx_word' id='word_1_375' title='bbox 597 4464 673 4518; x_wconf 90' lang='lat' dir='ltr'><strong>illi</strong></span> <span class='ocrx_word' id='word_1_376' title='bbox 699 4467 977 4522; x_wconf 84' lang='lat' dir='ltr'><strong>historiam</strong></span> <span class='ocrx_word' id='word_1_377' title='bbox 1010 4480 1236 4538; x_wconf 91' lang='lat' dir='ltr'><strong>tantum,</strong></span> <span class='ocrx_word' id='word_1_378' title='bbox 1292 4489 1388 4529; x_wconf 92' lang='lat' dir='ltr'><strong>nos</strong></span> <span class='ocrx_word' id='word_1_379' title='bbox 1418 4486 1599 4531; x_wconf 88' lang='lat' dir='ltr'><strong>autem</strong></span> <span class='ocrx_word' id='word_1_380' title='bbox 1626 4492 1748 4532; x_wconf 91' lang='lat' dir='ltr'><strong>cum</strong></span> <span class='ocrx_word' id='word_1_381' title='bbox 1776 4479 2000 4534; x_wconf 82' lang='lat' dir='ltr'><strong>historia</strong></span> 
     </span>
    </p>
   </div>
   <div class='ocr_carea' id='block_1_50' title="bbox 438 4554 2007 4639">
    <p class='ocr_par' dir='ltr' id='par_1_50' title="bbox 438 4554 2007 4639">
     <span class='ocr_line' id='line_1_50' title="bbox 438 4554 2007 4639; baseline 0.012 -33"><span class='ocrx_word' id='word_1_382' title='bbox 438 4554 725 4624; x_wconf 87' lang='lat' dir='ltr'><strong>mysticum</strong></span> <span class='ocrx_word' id='word_1_383' title='bbox 773 4571 988 4613; x_wconf 89' lang='lat' dir='ltr'><strong>sensum</strong></span> <span class='ocrx_word' id='word_1_384' title='bbox 1047 4561 1348 4619; x_wconf 89' lang='lat' dir='ltr'><strong>habemus:</strong></span> <span class='ocrx_word' id='word_1_385' title='bbox 1395 4566 1468 4620; x_wconf 93' lang='lat' dir='ltr'><strong>illi</strong></span> <span class='ocrx_word' id='word_1_386' title='bbox 1520 4569 1663 4622; x_wconf 91' lang='lat' dir='ltr'><strong>enim</strong></span> <span class='ocrx_word' id='word_1_387' title='bbox 1713 4584 1874 4639; x_wconf 90' lang='lat' dir='ltr'><strong>super</strong></span> <span class='ocrx_word' id='word_1_388' title='bbox 1912 4585 2007 4624; x_wconf 90' lang='lat' dir='ltr'><strong>cor</strong></span> 
     </span>
    </p>
   </div>
   <div class='ocr_carea' id='block_1_51' title="bbox 435 4643 2006 4736">
    <p class='ocr_par' dir='ltr' id='par_1_51' title="bbox 435 4643 2006 4736">
     <span class='ocr_line' id='line_1_51' title="bbox 435 4643 2006 4736; baseline 0.011 -39"><span class='ocrx_word' id='word_1_389' title='bbox 435 4643 682 4700; x_wconf 80' lang='lat' dir='ltr'><strong>velamen</strong></span> <span class='ocrx_word' id='word_1_390' title='bbox 735 4646 1046 4717; x_wconf 87' lang='lat' dir='ltr'><strong>habebant,</strong></span> <span class='ocrx_word' id='word_1_391' title='bbox 1095 4667 1218 4736; x_wconf 86' lang='lat' dir='ltr'><strong>eum</strong></span> <span class='ocrx_word' id='word_1_392' title='bbox 1272 4655 1540 4726; x_wconf 78' lang='lat' dir='ltr'><strong>legeretur</strong></span> <span class='ocrx_word' id='word_1_393' title='bbox 1591 4659 1814 4729; x_wconf 80' lang='lat' dir='ltr'><strong>Moyses.</strong></span> <span class='ocrx_word' id='word_1_394' title='bbox 1845 4679 1863 4709; x_wconf 82' lang='grc' dir='ltr'><strong>ι</strong></span> <span class='ocrx_word' id='word_1_395' title='bbox 1897 4659 2006 4715; x_wconf 87' lang='lat' dir='ltr'><strong>Nos</strong></span> 
     </span>
    </p>
   </div>
   <div class='ocr_carea' id='block_1_52' title="bbox 437 4739 2004 4818">
    <p class='ocr_par' dir='ltr' id='par_1_52' title="bbox 437 4739 2004 4818">
     <span class='ocr_line' id='line_1_52' title="bbox 437 4739 2004 4818; baseline 0.013 -31"><span class='ocrx_word' id='word_1_396' title='bbox 437 4743 617 4791; x_wconf 89' lang='lat' dir='ltr'><strong>autem</strong></span> <span class='ocrx_word' id='word_1_397' title='bbox 661 4739 896 4794; x_wconf 88' lang='lat' dir='ltr'><strong>revelata</strong></span> <span class='ocrx_word' id='word_1_398' title='bbox 946 4743 1082 4798; x_wconf 87' lang='lat' dir='ltr'><strong>faeie</strong></span> <span class='ocrx_word' id='word_1_399' title='bbox 1129 4745 1350 4815; x_wconf 81' lang='lat' dir='ltr'><strong>gloriam</strong></span> <span class='ocrx_word' id='word_1_400' title='bbox 1403 4749 1612 4804; x_wconf 90' lang='lat' dir='ltr'><strong>Domini</strong></span> <span class='ocrx_word' id='word_1_401' title='bbox 1662 4750 2004 4818; x_wconf 88' lang='lat' dir='ltr'><strong>speculantes</strong></span> 
     </span>
    </p>
   </div>
   <div class='ocr_carea' id='block_1_53' title="bbox 433 4826 2003 4905">
    <p class='ocr_par' dir='ltr' id='par_1_53' title="bbox 433 4826 2003 4905">
     <span class='ocr_line' id='line_1_53' title="bbox 433 4826 2003 4905; baseline 0.011 -25"><span class='ocrx_word' id='word_1_402' title='bbox 433 4826 489 4881; x_wconf 85' lang='lat' dir='ltr'><strong>in</strong></span> <span class='ocrx_word' id='word_1_403' title='bbox 545 4829 788 4886; x_wconf 87' lang='lat' dir='ltr'><strong>eamdem</strong></span> <span class='ocrx_word' id='word_1_404' title='bbox 822 4832 1105 4904; x_wconf 84' lang='lat' dir='ltr'><strong>imaginem</strong></span> <span class='ocrx_word' id='word_1_405' title='bbox 1154 4840 1647 4905; x_wconf 87' lang='lat' dir='ltr'><strong>transformamur,</strong></span> <span class='ocrx_word' id='word_1_406' title='bbox 1694 4857 1724 4895; x_wconf 89' lang='lat' dir='ltr'><strong>a</strong></span> <span class='ocrx_word' id='word_1_407' title='bbox 1759 4843 2003 4897; x_wconf 89' lang='lat' dir='ltr'><strong>claritate</strong></span> 
     </span>
    </p>
   </div>
   <div class='ocr_carea' id='block_1_54' title="bbox 433 4919 2002 4999">
    <p class='ocr_par' dir='ltr' id='par_1_54' title="bbox 433 4919 2002 4999">
     <span class='ocr_line' id='line_1_54' title="bbox 433 4919 2002 4999; baseline 0.011 -28"><span class='ocrx_word' id='word_1_408' title='bbox 433 4919 489 4972; x_wconf 83' lang='lat' dir='ltr'><strong>in</strong></span> <span class='ocrx_word' id='word_1_409' title='bbox 541 4919 845 4976; x_wconf 88' lang='lat' dir='ltr'><strong>claritatem</strong></span> <span class='ocrx_word' id='word_1_410' title='bbox 876 4933 1129 4995; x_wconf 84' lang='lat' dir='ltr'><strong>tanquam</strong></span> <span class='ocrx_word' id='word_1_411' title='bbox 1159 4943 1190 4980; x_wconf 90' lang='lat' dir='ltr'><strong>a</strong></span> <span class='ocrx_word' id='word_1_412' title='bbox 1226 4928 1435 4984; x_wconf 90' lang='lat' dir='ltr'><strong>Domini</strong></span> <span class='ocrx_word' id='word_1_413' title='bbox 1477 4932 1668 4999; x_wconf 84' lang='lat' dir='ltr'><strong>spiritu</strong></span> <span class='ocrx_word' id='word_1_414' title='bbox 1699 4950 1710 4984; x_wconf 92' lang='lat'>:</span> <span class='ocrx_word' id='word_1_415' title='bbox 1745 4933 2002 4988; x_wconf 86' lang='lat' dir='ltr'><strong>Dominus</strong></span> 
     </span>
    </p>
   </div>
   <div class='ocr_carea' id='block_1_55' title="bbox 435 5015 1998 5089">
    <p class='ocr_par' dir='ltr' id='par_1_55' title="bbox 435 5015 1998 5089">
     <span class='ocr_line' id='line_1_55' title="bbox 435 5015 1998 5089; baseline 0.01 -29"><span class='ocrx_word' id='word_1_416' title='bbox 435 5019 614 5063; x_wconf 87' lang='lat' dir='ltr'><strong>:mtem</strong></span> <span class='ocrx_word' id='word_1_417' title='bbox 643 5015 862 5080; x_wconf 85' lang='lat' dir='ltr'><strong>spiritus</strong></span> <span class='ocrx_word' id='word_1_418' title='bbox 909 5025 1008 5075; x_wconf 86' lang='lat' dir='ltr'><strong>est,</strong></span> <span class='ocrx_word' id='word_1_419' title='bbox 1041 5017 1129 5070; x_wconf 91' lang='lat' dir='ltr'><strong>ubi</strong></span> <span class='ocrx_word' id='word_1_420' title='bbox 1178 5028 1356 5073; x_wconf 88' lang='lat' dir='ltr'><strong>autem</strong></span> <span class='ocrx_word' id='word_1_421' title='bbox 1405 5022 1627 5089; x_wconf 89' lang='lat' dir='ltr'><strong>spiritus</strong></span> <span class='ocrx_word' id='word_1_422' title='bbox 1659 5022 1895 5085; x_wconf 87' lang='lat' dir='ltr'><strong>Domini,</strong></span> <span class='ocrx_word' id='word_1_423' title='bbox 1927 5023 1998 5076; x_wconf 91' lang='lat' dir='ltr'><strong>ibi</strong></span> 
     </span>
    </p>
   </div>
   <div class='ocr_carea' id='block_1_56' title="bbox 433 5096 1116 5174">
    <p class='ocr_par' dir='ltr' id='par_1_56' title="bbox 433 5096 1116 5174">
     <span class='ocr_line' id='line_1_56' title="bbox 433 5096 1116 5174; baseline 0.013 -26"><span class='ocrx_word' id='word_1_424' title='bbox 433 5096 655 5153; x_wconf 84' lang='lat' dir='ltr'><strong>libertas</strong></span> <span class='ocrx_word' id='word_1_425' title='bbox 688 5099 772 5167; x_wconf 86' lang='lat' dir='ltr'><strong>(ll</strong></span> <span class='ocrx_word' id='word_1_426' title='bbox 799 5099 919 5155; x_wconf 87' lang='lat' dir='ltr'><strong>Cor.</strong></span> <span class='ocrx_word' id='word_1_427' title='bbox 954 5106 1056 5174; x_wconf 86' lang='grc' dir='ltr'><strong>ιιι).</strong></span> <span class='ocrx_word' id='word_1_428' title='bbox 1097 5126 1116 5156; x_wconf 74' lang='grc' dir='ltr'><strong>ι</strong></span> 
     </span>
    </p>
   </div>
   <div class='ocr_carea' id='block_1_57' title="bbox 965 5215 1470 5273">
    <p class='ocr_par' dir='ltr' id='par_1_57' title="bbox 965 5215 1470 5273">
     <span class='ocr_line' id='line_1_57' title="bbox 965 5215 1470 5273; baseline 0.004 -3"><span class='ocrx_word' id='word_1_429' title='bbox 965 5215 1189 5272; x_wconf 82' lang='lat' dir='ltr'><strong>CAPUT</strong></span> <span class='ocrx_word' id='word_1_430' title='bbox 1214 5215 1470 5273; x_wconf 78' lang='lat' dir='ltr'><strong>XXXVII.</strong></span> 
     </span>
    </p>
   </div>
   <div class='ocr_carea' id='block_1_58' title="bbox 435 5297 1992 5380">
    <p class='ocr_par' dir='ltr' id='par_1_58' title="bbox 435 5297 1992 5380">
     <span class='ocr_line' id='line_1_58' title="bbox 435 5297 1992 5380; baseline 0.011 -31"><span class='ocrx_word' id='word_1_431' title='bbox 435 5297 716 5380; x_wconf 61' lang='lat' dir='ltr'><strong>Sedet-hius</strong></span> <span class='ocrx_word' id='word_1_432' title='bbox 764 5306 975 5380; x_wconf 68' lang='lat' dir='ltr'><strong>&quot;tundat</strong></span> <span class='ocrx_word' id='word_1_433' title='bbox 1004 5323 1166 5380; x_wconf 13' lang='lat' dir='ltr'><strong>orare,</strong></span> <span class='ocrx_word' id='word_1_434' title='bbox 1186 5307 1462 5380; x_wconf 81' lang='lat' dir='ltr'><strong>Dominum</strong></span> <span class='ocrx_word' id='word_1_435' title='bbox 1491 5326 1586 5377; x_wconf 89' lang='lat' dir='ltr'><strong>pro</strong></span> <span class='ocrx_word' id='word_1_436' title='bbox 1613 5327 1668 5362; x_wconf 80' lang='lat' dir='ltr'><strong>se</strong></span> <span class='ocrx_word' id='word_1_437' title='bbox 1708 5321 1754 5364; x_wconf 81' lang='lat' dir='ltr'><strong>et</strong></span> <span class='ocrx_word' id='word_1_438' title='bbox 1783 5312 1992 5380; x_wconf 84' lang='lat' dir='ltr'><strong>populo,</strong></span> 
     </span>
    </p>
   </div>
   <div class='ocr_carea' id='block_1_59' title="bbox 503 5368 1994 5449">
    <p class='ocr_par' dir='ltr' id='par_1_59' title="bbox 503 5368 1994 5449">
     <span class='ocr_line' id='line_1_59' title="bbox 503 5368 1994 5449; baseline 0.011 -29"><span class='ocrx_word' id='word_1_439' title='bbox 503 5368 757 5449; x_wconf 69' lang='lat' dir='ltr'><strong>Ieremias</strong></span> <span class='ocrx_word' id='word_1_440' title='bbox 779 5376 980 5449; x_wconf 67' lang='lat' dir='ltr'><strong>capitur</strong></span> <span class='ocrx_word' id='word_1_441' title='bbox 1018 5386 1065 5430; x_wconf 88' lang='lat' dir='ltr'><strong>et</strong></span> <span class='ocrx_word' id='word_1_442' title='bbox 1096 5379 1320 5431; x_wconf 76' lang='lat' dir='ltr'><strong>mittitm</strong></span> <span class='ocrx_word' id='word_1_443' title='bbox 1345 5381 1398 5430; x_wconf 79' lang='lat' dir='ltr'><strong>in</strong></span> <span class='ocrx_word' id='word_1_444' title='bbox 1425 5368 1704 5442; x_wconf 68' lang='lat' dir='ltr'><strong>carcerem,</strong></span> <span class='ocrx_word' id='word_1_445' title='bbox 1745 5368 1828 5434; x_wconf 68' lang='lat' dir='ltr'><strong>cui</strong></span> <span class='ocrx_word' id='word_1_446' title='bbox 1850 5368 1994 5436; x_wconf 67' lang='grc' dir='ltr'><strong>ὶοηὰ</strong></span> 
     </span>
    </p>
   </div>
   <div class='ocr_carea' id='block_1_60' title="bbox 503 5445 1108 5512">
    <p class='ocr_par' dir='ltr' id='par_1_60' title="bbox 503 5445 1108 5512">
     <span class='ocr_line' id='line_1_60' title="bbox 503 5445 1108 5512; baseline 0.013 -23"><span class='ocrx_word' id='word_1_447' title='bbox 503 5445 654 5503; x_wconf 76' lang='lat' dir='ltr'><strong>panis</strong></span> <span class='ocrx_word' id='word_1_448' title='bbox 680 5445 908 5512; x_wconf 73' lang='lat' dir='ltr'><strong>quotidie</strong></span> <span class='ocrx_word' id='word_1_449' title='bbox 933 5446 1108 5497; x_wconf 80' lang='lat' dir='ltr'><strong>datur.</strong></span> 
     </span>
    </p>
   </div>
   <div class='ocr_carea' id='block_1_61' title="bbox 511 5551 1996 5630">
    <p class='ocr_par' dir='ltr' id='par_1_61' title="bbox 511 5551 1996 5630">
     <span class='ocr_line' id='line_1_61' title="bbox 511 5551 1996 5630; baseline 0.011 -29"><span class='ocrx_word' id='word_1_450' title='bbox 511 5569 528 5600; x_wconf 83' lang='grc' dir='ltr'><strong>ι</strong></span> <span class='ocrx_word' id='word_1_451' title='bbox 553 5551 619 5605; x_wconf 79' lang='lat' dir='ltr'><strong>Et</strong></span> <span class='ocrx_word' id='word_1_452' title='bbox 649 5557 888 5623; x_wconf 80' lang='lat' dir='ltr'><strong>regnavit</strong></span> <span class='ocrx_word' id='word_1_453' title='bbox 919 5573 1010 5610; x_wconf 86' lang='lat' dir='ltr'><strong>rex</strong></span> <span class='ocrx_word' id='word_1_454' title='bbox 1043 5557 1295 5613; x_wconf 88' lang='lat' dir='ltr'><strong>Sedecias</strong></span> <span class='ocrx_word' id='word_1_455' title='bbox 1324 5560 1464 5615; x_wconf 88' lang='lat' dir='ltr'><strong>filius</strong></span> <span class='ocrx_word' id='word_1_456' title='bbox 1496 5561 1656 5616; x_wconf 73' lang='lat' dir='ltr'><strong>Josim</strong></span> <span class='ocrx_word' id='word_1_457' title='bbox 1685 5578 1781 5630; x_wconf 90' lang='lat' dir='ltr'><strong>pro</strong></span> <span class='ocrx_word' id='word_1_458' title='bbox 1805 5560 1996 5618; x_wconf 80' lang='lat' dir='ltr'><strong>Jecho-</strong></span> 
     </span>
    </p>
   </div>
   <div class='ocr_carea' id='block_1_62' title="bbox 440 5644 1994 5724">
    <p class='ocr_par' dir='ltr' id='par_1_62' title="bbox 440 5644 1994 5724">
     <span class='ocr_line' id='line_1_62' title="bbox 440 5644 1994 5724; baseline 0.012 -32"><span class='ocrx_word' id='word_1_459' title='bbox 440 5658 459 5692; x_wconf 79' lang='grc' dir='ltr'><strong>ι</strong></span> <span class='ocrx_word' id='word_1_460' title='bbox 483 5645 564 5696; x_wconf 88' lang='lat' dir='ltr'><strong>nia</strong></span> <span class='ocrx_word' id='word_1_461' title='bbox 593 5646 700 5697; x_wconf 82' lang='lat' dir='ltr'><strong>tilio</strong></span> <span class='ocrx_word' id='word_1_462' title='bbox 727 5644 1162 5715; x_wconf 81' lang='lat' dir='ltr'><strong>Joachim,quem</strong></span> <span class='ocrx_word' id='word_1_463' title='bbox 1187 5653 1462 5708; x_wconf 82' lang='lat' dir='ltr'><strong>constituit</strong></span> <span class='ocrx_word' id='word_1_464' title='bbox 1499 5670 1674 5724; x_wconf 75' lang='lat' dir='ltr'><strong>regem</strong></span> <span class='ocrx_word' id='word_1_465' title='bbox 1714 5652 1994 5710; x_wconf 70' lang='lat' dir='ltr'><strong>Nabucho-</strong></span> 
     </span>
    </p>
   </div>
   <div class='ocr_carea' id='block_1_63' title="bbox 2131 509 3699 580">
    <p class='ocr_par' dir='ltr' id='par_1_63' title="bbox 2131 509 3699 580">
     <span class='ocr_line' id='line_1_63' title="bbox 2131 509 3699 580; baseline 0.002 -19"><span class='ocrx_word' id='word_1_466' title='bbox 2131 531 2146 561; x_wconf 85' lang='grc' dir='ltr'><strong>ι</strong></span> <span class='ocrx_word' id='word_1_467' title='bbox 2189 513 2301 580; x_wconf 89' lang='lat' dir='ltr'><strong>ipse</strong></span> <span class='ocrx_word' id='word_1_468' title='bbox 2320 520 2374 565; x_wconf 91' lang='lat' dir='ltr'><strong>et</strong></span> <span class='ocrx_word' id='word_1_469' title='bbox 2407 511 2546 565; x_wconf 88' lang='lat' dir='ltr'><strong>servi</strong></span> <span class='ocrx_word' id='word_1_470' title='bbox 2571 510 2706 578; x_wconf 92' lang='lat' dir='ltr'><strong>ejus,</strong></span> <span class='ocrx_word' id='word_1_471' title='bbox 2731 519 2786 565; x_wconf 89' lang='lat' dir='ltr'><strong>et</strong></span> <span class='ocrx_word' id='word_1_472' title='bbox 2804 511 3030 580; x_wconf 90' lang='lat' dir='ltr'><strong>populus</strong></span> <span class='ocrx_word' id='word_1_473' title='bbox 3059 518 3218 566; x_wconf 66' lang='lat' dir='ltr'><strong>terrae</strong></span> <span class='ocrx_word' id='word_1_474' title='bbox 3245 509 3425 564; x_wconf 85' lang='lat' dir='ltr'><strong>verbis</strong></span> <span class='ocrx_word' id='word_1_475' title='bbox 3451 509 3699 575; x_wconf 90' lang='lat' dir='ltr'><strong>Domini,</strong></span> 
     </span>
    </p>
   </div>
   <div class='ocr_carea' id='block_1_64' title="bbox 2131 597 3694 670">
    <p class='ocr_par' dir='ltr' id='par_1_64' title="bbox 2131 597 3694 670">
     <span class='ocr_line' id='line_1_64' title="bbox 2131 597 3694 670; baseline 0.001 -21"><span class='ocrx_word' id='word_1_476' title='bbox 2131 624 2147 649; x_wconf 79' lang='grc' dir='ltr'><strong>ι</strong></span> <span class='ocrx_word' id='word_1_477' title='bbox 2187 617 2306 670; x_wconf 83' lang='lat' dir='ltr'><strong>quae</strong></span> <span class='ocrx_word' id='word_1_478' title='bbox 2354 601 2562 655; x_wconf 90' lang='lat' dir='ltr'><strong>locutus</strong></span> <span class='ocrx_word' id='word_1_479' title='bbox 2602 610 2688 654; x_wconf 90' lang='lat' dir='ltr'><strong>est</strong></span> <span class='ocrx_word' id='word_1_480' title='bbox 2732 600 2783 653; x_wconf 93' lang='lat' dir='ltr'><strong>in</strong></span> <span class='ocrx_word' id='word_1_481' title='bbox 2840 616 2999 654; x_wconf 87' lang='lat' dir='ltr'><strong>manu</strong></span> <span class='ocrx_word' id='word_1_482' title='bbox 3043 597 3288 654; x_wconf 68' lang='lat' dir='ltr'><strong>Ieremia:</strong></span> <span class='ocrx_word' id='word_1_483' title='bbox 3332 599 3629 669; x_wconf 63' lang='lat' dir='ltr'><strong>prophetae.</strong></span> <span class='ocrx_word' id='word_1_484' title='bbox 3669 619 3694 651; x_wconf 74' lang='grc' dir='ltr'><strong>ι</strong></span> 
     </span>
    </p>
   </div>
   <div class='ocr_carea' id='block_1_65' title="bbox 2126 688 3701 761">
    <p class='ocr_par' dir='ltr' id='par_1_65' title="bbox 2126 688 3701 761">
     <span class='ocr_line' id='line_1_65' title="bbox 2126 688 3701 761; baseline 0.002 -20"><span class='ocrx_word' id='word_1_485' title='bbox 2126 690 2414 761; x_wconf 66' lang='grc' dir='ltr'><strong>(Μιιυιιυε.)</strong></span> <span class='ocrx_word' id='word_1_486' title='bbox 2444 689 2593 757; x_wconf 87' lang='lat' dir='ltr'><strong>Quod</strong></span> <span class='ocrx_word' id='word_1_487' title='bbox 2639 689 2893 744; x_wconf 86' lang='lat' dir='ltr'><strong>Sedecias</strong></span> <span class='ocrx_word' id='word_1_488' title='bbox 2921 699 3039 759; x_wconf 91' lang='lat' dir='ltr'><strong>post</strong></span> <span class='ocrx_word' id='word_1_489' title='bbox 3067 688 3340 754; x_wconf 88' lang='lat' dir='ltr'><strong>Joachim,</strong></span> <span class='ocrx_word' id='word_1_490' title='bbox 3371 689 3465 759; x_wconf 92' lang='lat' dir='ltr'><strong>qui</strong></span> <span class='ocrx_word' id='word_1_491' title='bbox 3492 704 3701 760; x_wconf 80' lang='lat' dir='ltr'><strong>cogno-</strong></span> 
     </span>
    </p>
   </div>
   <div class='ocr_carea' id='block_1_66' title="bbox 2126 777 3705 849">
    <p class='ocr_par' dir='ltr' id='par_1_66' title="bbox 2126 777 3705 849">
     <span class='ocr_line' id='line_1_66' title="bbox 2126 777 3705 849; baseline 0 -17"><span class='ocrx_word' id='word_1_492' title='bbox 2126 781 2359 834; x_wconf 88' lang='lat' dir='ltr'><strong>minatus</strong></span> <span class='ocrx_word' id='word_1_493' title='bbox 2387 789 2470 834; x_wconf 87' lang='lat' dir='ltr'><strong>est</strong></span> <span class='ocrx_word' id='word_1_494' title='bbox 2489 777 2799 841; x_wconf 82' lang='lat' dir='ltr'><strong>Jechouias,</strong></span> <span class='ocrx_word' id='word_1_495' title='bbox 2830 779 3137 849; x_wconf 77' lang='lat' dir='ltr'><strong>regnaverit</strong></span> <span class='ocrx_word' id='word_1_496' title='bbox 3167 793 3355 832; x_wconf 90' lang='lat' dir='ltr'><strong>novem</strong></span> <span class='ocrx_word' id='word_1_497' title='bbox 3382 778 3558 842; x_wconf 85' lang='lat' dir='ltr'><strong>annis,</strong></span> <span class='ocrx_word' id='word_1_498' title='bbox 3585 794 3705 833; x_wconf 87' lang='lat' dir='ltr'><strong>non</strong></span> 
     </span>
    </p>
   </div>
   <div class='ocr_carea' id='block_1_67' title="bbox 2125 867 3704 938">
    <p class='ocr_par' dir='ltr' id='par_1_67' title="bbox 2125 867 3704 938">
     <span class='ocr_line' id='line_1_67' title="bbox 2125 867 3704 938; baseline -0.001 -14"><span class='ocrx_word' id='word_1_499' title='bbox 2125 869 2297 924; x_wconf 90' lang='lat' dir='ltr'><strong>solum</strong></span> <span class='ocrx_word' id='word_1_500' title='bbox 2339 869 2618 934; x_wconf 83' lang='lat' dir='ltr'><strong>Jeremias,</strong></span> <span class='ocrx_word' id='word_1_501' title='bbox 2647 869 2741 923; x_wconf 90' lang='lat' dir='ltr'><strong>sed</strong></span> <span class='ocrx_word' id='word_1_502' title='bbox 2779 868 2916 923; x_wconf 86' lang='lat' dir='ltr'><strong>liber</strong></span> <span class='ocrx_word' id='word_1_503' title='bbox 2943 869 3148 938; x_wconf 79' lang='lat' dir='ltr'><strong>Regum</strong></span> <span class='ocrx_word' id='word_1_504' title='bbox 3171 876 3224 922; x_wconf 86' lang='lat' dir='ltr'><strong>et</strong></span> <span class='ocrx_word' id='word_1_505' title='bbox 3264 867 3439 923; x_wconf 79' lang='lat' dir='ltr'><strong>Verba</strong></span> <span class='ocrx_word' id='word_1_506' title='bbox 3482 867 3704 922; x_wconf 88' lang='lat' dir='ltr'><strong>dierum</strong></span> 
     </span>
    </p>
   </div>
   <div class='ocr_carea' id='block_1_68' title="bbox 2126 955 3704 1028">
    <p class='ocr_par' dir='ltr' id='par_1_68' title="bbox 2126 955 3704 1028">
     <span class='ocr_line' id='line_1_68' title="bbox 2126 955 3704 1028; baseline -0.001 -16"><span class='ocrx_word' id='word_1_507' title='bbox 2126 968 2347 1013; x_wconf 90' lang='lat' dir='ltr'><strong>narrant</strong></span> <span class='ocrx_word' id='word_1_508' title='bbox 2377 977 2389 1010; x_wconf 91' lang='lat'><strong>:</strong></span> <span class='ocrx_word' id='word_1_509' title='bbox 2419 958 2682 1027; x_wconf 91' lang='lat' dir='ltr'><strong>siquidem</strong></span> <span class='ocrx_word' id='word_1_510' title='bbox 2725 967 2848 1028; x_wconf 90' lang='lat' dir='ltr'><strong>post</strong></span> <span class='ocrx_word' id='word_1_511' title='bbox 2866 955 3065 1012; x_wconf 82' lang='lat' dir='ltr'><strong>Josiam</strong></span> <span class='ocrx_word' id='word_1_512' title='bbox 3093 965 3298 1028; x_wconf 89' lang='lat' dir='ltr'><strong>patrem</strong></span> <span class='ocrx_word' id='word_1_513' title='bbox 3336 957 3456 1027; x_wconf 86' lang='lat' dir='ltr'><strong>ejus</strong></span> <span class='ocrx_word' id='word_1_514' title='bbox 3494 970 3704 1026; x_wconf 83' lang='lat' dir='ltr'><strong>regna-</strong></span> 
     </span>
    </p>
   </div>
   <div class='ocr_carea' id='block_1_69' title="bbox 2125 1049 3702 1118">
    <p class='ocr_par' dir='ltr' id='par_1_69' title="bbox 2125 1049 3702 1118">
     <span class='ocr_line' id='line_1_69' title="bbox 2125 1049 3702 1118; baseline -0.002 -14"><span class='ocrx_word' id='word_1_515' title='bbox 2125 1052 2201 1104; x_wconf 85' lang='lat' dir='ltr'><strong>vit</strong></span> <span class='ocrx_word' id='word_1_516' title='bbox 2247 1049 2483 1106; x_wconf 78' lang='lat' dir='ltr'><strong>Joachaz</strong></span> <span class='ocrx_word' id='word_1_517' title='bbox 2538 1050 2811 1104; x_wconf 90' lang='lat' dir='ltr'><strong>mensibus</strong></span> <span class='ocrx_word' id='word_1_518' title='bbox 2848 1049 3042 1114; x_wconf 90' lang='lat' dir='ltr'><strong>tribus,</strong></span> <span class='ocrx_word' id='word_1_519' title='bbox 3087 1057 3206 1118; x_wconf 90' lang='lat' dir='ltr'><strong>post</strong></span> <span class='ocrx_word' id='word_1_520' title='bbox 3234 1064 3397 1118; x_wconf 88' lang='lat' dir='ltr'><strong>quem</strong></span> <span class='ocrx_word' id='word_1_521' title='bbox 3437 1049 3702 1114; x_wconf 87' lang='lat' dir='ltr'><strong>Eliacim,</strong></span> 
     </span>
    </p>
   </div>
   <div class='ocr_carea' id='block_1_70' title="bbox 2125 1137 3704 1211">
    <p class='ocr_par' dir='ltr' id='par_1_70' title="bbox 2125 1137 3704 1211">
     <span class='ocr_line' id='line_1_70' title="bbox 2125 1137 3704 1211; baseline 0.001 -17"><span class='ocrx_word' id='word_1_522' title='bbox 2125 1143 2213 1210; x_wconf 87' lang='lat' dir='ltr'><strong>qui</strong></span> <span class='ocrx_word' id='word_1_523' title='bbox 2245 1152 2300 1197; x_wconf 91' lang='lat' dir='ltr'><strong>et</strong></span> <span class='ocrx_word' id='word_1_524' title='bbox 2339 1142 2584 1197; x_wconf 83' lang='lat' dir='ltr'><strong>Joachim</strong></span> <span class='ocrx_word' id='word_1_525' title='bbox 2616 1140 2782 1195; x_wconf 89' lang='lat' dir='ltr'><strong>frater</strong></span> <span class='ocrx_word' id='word_1_526' title='bbox 2820 1141 2937 1211; x_wconf 89' lang='lat' dir='ltr'><strong>ejus</strong></span> <span class='ocrx_word' id='word_1_527' title='bbox 2966 1141 3124 1194; x_wconf 91' lang='lat' dir='ltr'><strong>annis</strong></span> <span class='ocrx_word' id='word_1_528' title='bbox 3148 1137 3360 1196; x_wconf 83' lang='lat' dir='ltr'><strong>novem.</strong></span> <span class='ocrx_word' id='word_1_529' title='bbox 3390 1139 3519 1195; x_wconf 87' lang='lat' dir='ltr'><strong>Post</strong></span> <span class='ocrx_word' id='word_1_530' title='bbox 3549 1141 3704 1195; x_wconf 88' lang='lat' dir='ltr'><strong>hunc</strong></span> 
     </span>
    </p>
   </div>
   <div class='ocr_carea' id='block_1_71' title="bbox 2125 1213 3706 1300">
    <p class='ocr_par' dir='ltr' id='par_1_71' title="bbox 2125 1213 3706 1300">
     <span class='ocr_line' id='line_1_71' title="bbox 2125 1213 3706 1300; baseline 0.001 -19"><span class='ocrx_word' id='word_1_531' title='bbox 2125 1245 2337 1300; x_wconf 87' lang='lat' dir='ltr'><strong>quoque</strong></span> <span class='ocrx_word' id='word_1_532' title='bbox 2366 1228 2610 1284; x_wconf 82' lang='lat' dir='ltr'><strong>Joachim</strong></span> <span class='ocrx_word' id='word_1_533' title='bbox 2649 1213 2790 1282; x_wconf 87' lang='lat' dir='ltr'><strong>ﬁlius</strong></span> <span class='ocrx_word' id='word_1_534' title='bbox 2818 1227 3062 1284; x_wconf 78' lang='lat' dir='ltr'><strong>Joachim</strong></span> <span class='ocrx_word' id='word_1_535' title='bbox 3100 1229 3375 1283; x_wconf 90' lang='lat' dir='ltr'><strong>mensibus</strong></span> <span class='ocrx_word' id='word_1_536' title='bbox 3415 1227 3588 1282; x_wconf 90' lang='lat' dir='ltr'><strong>tribus</strong></span> <span class='ocrx_word' id='word_1_537' title='bbox 3638 1237 3706 1282; x_wconf 82' lang='lat' dir='ltr'><strong>et</strong></span> 
     </span>
    </p>
   </div>
   <div class='ocr_carea' id='block_1_72' title="bbox 2127 1319 3707 1391">
    <p class='ocr_par' dir='ltr' id='par_1_72' title="bbox 2127 1319 3707 1391">
     <span class='ocr_line' id='line_1_72' title="bbox 2127 1319 3707 1391; baseline -0.002 -16"><span class='ocrx_word' id='word_1_538' title='bbox 2127 1323 2312 1377; x_wconf 87' lang='lat' dir='ltr'><strong>diebus</strong></span> <span class='ocrx_word' id='word_1_539' title='bbox 2345 1321 2554 1384; x_wconf 90' lang='lat' dir='ltr'><strong>decem,</strong></span> <span class='ocrx_word' id='word_1_540' title='bbox 2584 1331 2704 1391; x_wconf 89' lang='lat' dir='ltr'><strong>post</strong></span> <span class='ocrx_word' id='word_1_541' title='bbox 2730 1335 2890 1390; x_wconf 88' lang='lat' dir='ltr'><strong>quem</strong></span> <span class='ocrx_word' id='word_1_542' title='bbox 2919 1319 3174 1375; x_wconf 90' lang='lat' dir='ltr'><strong>Sedecias</strong></span> <span class='ocrx_word' id='word_1_543' title='bbox 3202 1329 3427 1389; x_wconf 88' lang='lat' dir='ltr'><strong>patruus</strong></span> <span class='ocrx_word' id='word_1_544' title='bbox 3467 1319 3606 1388; x_wconf 90' lang='lat' dir='ltr'><strong>ejus,</strong></span> <span class='ocrx_word' id='word_1_545' title='bbox 3635 1328 3707 1372; x_wconf 88' lang='lat' dir='ltr'><strong>ut</strong></span> 
     </span>
    </p>
   </div>
   <div class='ocr_carea' id='block_1_73' title="bbox 2127 1408 3704 1478">
    <p class='ocr_par' dir='ltr' id='par_1_73' title="bbox 2127 1408 3704 1478">
     <span class='ocr_line' id='line_1_73' title="bbox 2127 1408 3704 1478; baseline -0.001 -15"><span class='ocrx_word' id='word_1_546' title='bbox 2127 1410 2357 1464; x_wconf 85' lang='lat' dir='ltr'><strong>diximus</strong></span> <span class='ocrx_word' id='word_1_547' title='bbox 2381 1411 2538 1464; x_wconf 83' lang='lat' dir='ltr'><strong>annis</strong></span> <span class='ocrx_word' id='word_1_548' title='bbox 2571 1424 2783 1474; x_wconf 89' lang='lat' dir='ltr'><strong>novem,</strong></span> <span class='ocrx_word' id='word_1_549' title='bbox 2810 1409 2902 1464; x_wconf 88' lang='lat' dir='ltr'><strong>sed</strong></span> <span class='ocrx_word' id='word_1_550' title='bbox 2922 1425 3110 1464; x_wconf 90' lang='lat' dir='ltr'><strong>omnes</strong></span> <span class='ocrx_word' id='word_1_551' title='bbox 3140 1409 3192 1463; x_wconf 89' lang='lat' dir='ltr'><strong>hi</strong></span> <span class='ocrx_word' id='word_1_552' title='bbox 3210 1409 3376 1477; x_wconf 87' lang='lat' dir='ltr'><strong>iniqui</strong></span> <span class='ocrx_word' id='word_1_553' title='bbox 3403 1416 3458 1462; x_wconf 90' lang='lat' dir='ltr'><strong>et</strong></span> <span class='ocrx_word' id='word_1_554' title='bbox 3471 1408 3704 1478; x_wconf 84' lang='lat' dir='ltr'><strong>pessimi</strong></span> 
     </span>
    </p>
   </div>
   <div class='ocr_carea' id='block_1_74' title="bbox 2127 1498 3706 1570">
    <p class='ocr_par' dir='ltr' id='par_1_74' title="bbox 2127 1498 3706 1570">
     <span class='ocr_line' id='line_1_74' title="bbox 2127 1498 3706 1570; baseline -0.001 -18"><span class='ocrx_word' id='word_1_555' title='bbox 2127 1515 2280 1570; x_wconf 84' lang='lat' dir='ltr'><strong>reges</strong></span> <span class='ocrx_word' id='word_1_556' title='bbox 2295 1499 2531 1564; x_wconf 89' lang='lat' dir='ltr'><strong>fuerunt,</strong></span> <span class='ocrx_word' id='word_1_557' title='bbox 2547 1500 2637 1569; x_wconf 92' lang='lat' dir='ltr'><strong>qui</strong></span> <span class='ocrx_word' id='word_1_558' title='bbox 2650 1508 2836 1555; x_wconf 89' lang='lat' dir='ltr'><strong>contra</strong></span> <span class='ocrx_word' id='word_1_559' title='bbox 2853 1499 3022 1570; x_wconf 80' lang='lat' dir='ltr'><strong>legem</strong></span> <span class='ocrx_word' id='word_1_560' title='bbox 3041 1498 3249 1554; x_wconf 91' lang='lat' dir='ltr'><strong>Domini</strong></span> <span class='ocrx_word' id='word_1_561' title='bbox 3264 1507 3706 1568; x_wconf 85' lang='lat' dir='ltr'><strong>repugnaverunt</strong></span> 
     </span>
    </p>
   </div>
   <div class='ocr_carea' id='block_1_75' title="bbox 2087 1574 3702 1661">
    <p class='ocr_par' dir='ltr' id='par_1_75' title="bbox 2087 1574 3702 1661">
     <span class='ocr_line' id='line_1_75' title="bbox 2087 1574 3702 1661; baseline -0.002 -18"><span class='ocrx_word' id='word_1_562' title='bbox 2087 1574 2089 1576; x_wconf 48' lang='grc'><em>’</em></span> <span class='ocrx_word' id='word_1_563' title='bbox 2128 1598 2180 1643; x_wconf 92' lang='lat' dir='ltr'><strong>et</strong></span> <span class='ocrx_word' id='word_1_564' title='bbox 2206 1589 2518 1644; x_wconf 64' lang='lat' dir='ltr'><strong>idololatriae</strong></span> <span class='ocrx_word' id='word_1_565' title='bbox 2538 1589 2706 1661; x_wconf 86' lang='lat' dir='ltr'><strong>magis</strong></span> <span class='ocrx_word' id='word_1_566' title='bbox 2730 1605 2888 1659; x_wconf 89' lang='lat' dir='ltr'><strong>quam</strong></span> <span class='ocrx_word' id='word_1_567' title='bbox 2931 1590 3114 1644; x_wconf 91' lang='lat' dir='ltr'><strong>divino</strong></span> <span class='ocrx_word' id='word_1_568' title='bbox 3139 1588 3306 1644; x_wconf 89' lang='lat' dir='ltr'><strong>cultui</strong></span> <span class='ocrx_word' id='word_1_569' title='bbox 3325 1588 3490 1642; x_wconf 87' lang='lat' dir='ltr'><strong>dediti</strong></span> <span class='ocrx_word' id='word_1_570' title='bbox 3512 1595 3702 1652; x_wconf 84' lang='lat' dir='ltr'><strong>erant,</strong></span> 
     </span>
    </p>
   </div>
   <div class='ocr_carea' id='block_1_76' title="bbox 2129 1677 3598 1749">
    <p class='ocr_par' dir='ltr' id='par_1_76' title="bbox 2129 1677 3598 1749">
     <span class='ocr_line' id='line_1_76' title="bbox 2129 1677 3598 1749; baseline 0.001 -17"><span class='ocrx_word' id='word_1_571' title='bbox 2129 1687 2454 1749; x_wconf 90' lang='lat' dir='ltr'><strong>quapropter</strong></span> <span class='ocrx_word' id='word_1_572' title='bbox 2474 1677 2675 1748; x_wconf 90' lang='lat' dir='ltr'><strong>justam</strong></span> <span class='ocrx_word' id='word_1_573' title='bbox 2705 1679 2993 1736; x_wconf 87' lang='lat' dir='ltr'><strong>vindictam</strong></span> <span class='ocrx_word' id='word_1_574' title='bbox 3022 1681 3234 1735; x_wconf 91' lang='lat' dir='ltr'><strong>Domini</strong></span> <span class='ocrx_word' id='word_1_575' title='bbox 3263 1688 3598 1735; x_wconf 88' lang='lat' dir='ltr'><strong>meruerunt.</strong></span> 
     </span>
    </p>
   </div>
   <div class='ocr_carea' id='block_1_77' title="bbox 2201 1767 3699 1834">
    <p class='ocr_par' dir='ltr' id='par_1_77' title="bbox 2201 1767 3699 1834">
     <span class='ocr_line' id='line_1_77' title="bbox 2201 1767 3699 1834; baseline 0.001 -13"><span class='ocrx_word' id='word_1_576' title='bbox 2201 1787 2218 1819; x_wconf 75' lang='grc' dir='ltr'><strong>ι</strong></span> <span class='ocrx_word' id='word_1_577' title='bbox 2254 1768 2318 1822; x_wconf 86' lang='grc' dir='ltr'>Ει</span> <span class='ocrx_word' id='word_1_578' title='bbox 2367 1769 2512 1822; x_wconf 90' lang='lat' dir='ltr'><strong>misit</strong></span> <span class='ocrx_word' id='word_1_579' title='bbox 2540 1785 2634 1823; x_wconf 89' lang='lat' dir='ltr'><strong>rex</strong></span> <span class='ocrx_word' id='word_1_580' title='bbox 2688 1767 2940 1824; x_wconf 91' lang='lat' dir='ltr'><strong>Sedecias</strong></span> <span class='ocrx_word' id='word_1_581' title='bbox 2980 1767 3163 1824; x_wconf 82' lang='lat' dir='ltr'><strong>Juchal</strong></span> <span class='ocrx_word' id='word_1_582' title='bbox 3213 1768 3382 1822; x_wconf 84' lang='lat' dir='ltr'><strong>tilium</strong></span> <span class='ocrx_word' id='word_1_583' title='bbox 3422 1767 3699 1834; x_wconf 74' lang='lat' dir='ltr'><strong>Semeliae,</strong></span> 
     </span>
    </p>
   </div>
   <div class='ocr_carea' id='block_1_78' title="bbox 2132 1857 3702 1928">
    <p class='ocr_par' dir='ltr' id='par_1_78' title="bbox 2132 1857 3702 1928">
     <span class='ocr_line' id='line_1_78' title="bbox 2132 1857 3702 1928; baseline -0.001 -12"><span class='ocrx_word' id='word_1_584' title='bbox 2132 1881 2154 1916; x_wconf 76' lang='grc' dir='ltr'>ι.</span> <span class='ocrx_word' id='word_1_585' title='bbox 2181 1868 2233 1914; x_wconf 92' lang='lat' dir='ltr'><strong>et</strong></span> <span class='ocrx_word' id='word_1_586' title='bbox 2259 1859 2584 1928; x_wconf 90' lang='lat' dir='ltr'><strong>Sophoniam</strong></span> <span class='ocrx_word' id='word_1_587' title='bbox 2637 1858 2802 1913; x_wconf 86' lang='lat' dir='ltr'><strong>ﬁlium</strong></span> <span class='ocrx_word' id='word_1_588' title='bbox 2835 1858 3047 1914; x_wconf 75' lang='lat' dir='ltr'><strong>Maasia:</strong></span> <span class='ocrx_word' id='word_1_589' title='bbox 3067 1859 3400 1914; x_wconf 88' lang='lat' dir='ltr'><strong>sacerdotem</strong></span> <span class='ocrx_word' id='word_1_590' title='bbox 3429 1860 3496 1913; x_wconf 88' lang='lat' dir='ltr'><strong>ad</strong></span> <span class='ocrx_word' id='word_1_591' title='bbox 3537 1857 3702 1914; x_wconf 82' lang='lat' dir='ltr'><strong>Jere-</strong></span> 
     </span>
    </p>
   </div>
   <div class='ocr_carea' id='block_1_79' title="bbox 2131 1947 3704 2019">
    <p class='ocr_par' dir='ltr' id='par_1_79' title="bbox 2131 1947 3704 2019">
     <span class='ocr_line' id='line_1_79' title="bbox 2131 1947 3704 2019; baseline 0.002 -20"><span class='ocrx_word' id='word_1_592' title='bbox 2131 1970 2147 1999; x_wconf 80' lang='grc' dir='ltr'><strong>ι</strong></span> <span class='ocrx_word' id='word_1_593' title='bbox 2186 1950 2346 2004; x_wconf 91' lang='lat' dir='ltr'><strong>miam</strong></span> <span class='ocrx_word' id='word_1_594' title='bbox 2398 1949 2711 2019; x_wconf 90' lang='lat' dir='ltr'><strong>prophetam</strong></span> <span class='ocrx_word' id='word_1_595' title='bbox 2739 1988 2753 2013; x_wconf 89' lang='lat'><strong>,</strong></span> <span class='ocrx_word' id='word_1_596' title='bbox 2795 1948 2981 2004; x_wconf 89' lang='lat' dir='ltr'><strong>dicens</strong></span> <span class='ocrx_word' id='word_1_597' title='bbox 3010 1967 3022 2003; x_wconf 93' lang='lat'>:</span> <span class='ocrx_word' id='word_1_598' title='bbox 3056 1947 3163 2004; x_wconf 90' lang='lat' dir='ltr'><strong>Ora</strong></span> <span class='ocrx_word' id='word_1_599' title='bbox 3199 1963 3296 2017; x_wconf 91' lang='lat' dir='ltr'><strong>pro</strong></span> <span class='ocrx_word' id='word_1_600' title='bbox 3325 1948 3481 2003; x_wconf 90' lang='lat' dir='ltr'><strong>nobis</strong></span> <span class='ocrx_word' id='word_1_601' title='bbox 3511 1948 3704 2004; x_wconf 87' lang='lat' dir='ltr'><strong>Domi-</strong></span> 
     </span>
    </p>
   </div>
   <div class='ocr_carea' id='block_1_80' title="bbox 2129 2038 3701 2096">
    <p class='ocr_par' dir='ltr' id='par_1_80' title="bbox 2129 2038 3701 2096">
     <span class='ocr_line' id='line_1_80' title="bbox 2129 2038 3701 2096; baseline -0.001 -3"><span class='ocrx_word' id='word_1_602' title='bbox 2129 2062 2146 2092; x_wconf 83' lang='grc' dir='ltr'><strong>ι</strong></span> <span class='ocrx_word' id='word_1_603' title='bbox 2187 2056 2314 2095; x_wconf 92' lang='lat' dir='ltr'><strong>num</strong></span> <span class='ocrx_word' id='word_1_604' title='bbox 2336 2041 2503 2096; x_wconf 91' lang='lat' dir='ltr'><strong>Deum</strong></span> <span class='ocrx_word' id='word_1_605' title='bbox 2521 2049 2760 2095; x_wconf 92' lang='lat' dir='ltr'><strong>nostrum</strong></span> <span class='ocrx_word' id='word_1_606' title='bbox 2793 2057 2805 2093; x_wconf 93' lang='lat'>:</span> <span class='ocrx_word' id='word_1_607' title='bbox 2831 2038 3097 2095; x_wconf 82' lang='lat' dir='ltr'><strong>Jeremias</strong></span> <span class='ocrx_word' id='word_1_608' title='bbox 3113 2047 3290 2093; x_wconf 92' lang='lat' dir='ltr'><strong>autem</strong></span> <span class='ocrx_word' id='word_1_609' title='bbox 3315 2038 3482 2094; x_wconf 90' lang='lat' dir='ltr'><strong>libere</strong></span> <span class='ocrx_word' id='word_1_610' title='bbox 3502 2039 3701 2092; x_wconf 85' lang='lat' dir='ltr'><strong>ambu-</strong></span> 
     </span>
    </p>
   </div>
   <div class='ocr_carea' id='block_1_81' title="bbox 2130 2128 3698 2200">
    <p class='ocr_par' dir='ltr' id='par_1_81' title="bbox 2130 2128 3698 2200">
     <span class='ocr_line' id='line_1_81' title="bbox 2130 2128 3698 2200; baseline -0.001 -18"><span class='ocrx_word' id='word_1_611' title='bbox 2130 2153 2146 2182; x_wconf 84' lang='grc'><strong><em>‹</em></strong></span> <span class='ocrx_word' id='word_1_612' title='bbox 2185 2133 2330 2187; x_wconf 90' lang='lat' dir='ltr'><strong>labat</strong></span> <span class='ocrx_word' id='word_1_613' title='bbox 2356 2133 2410 2186; x_wconf 91' lang='lat' dir='ltr'><strong>in</strong></span> <span class='ocrx_word' id='word_1_614' title='bbox 2461 2131 2640 2186; x_wconf 89' lang='lat' dir='ltr'><strong>medio</strong></span> <span class='ocrx_word' id='word_1_615' title='bbox 2676 2130 2857 2200; x_wconf 90' lang='lat' dir='ltr'><strong>populi</strong></span> <span class='ocrx_word' id='word_1_616' title='bbox 2889 2149 2902 2184; x_wconf 93' lang='lat'><strong>:</strong></span> <span class='ocrx_word' id='word_1_617' title='bbox 2932 2145 3036 2184; x_wconf 93' lang='lat' dir='ltr'><strong>non</strong></span> <span class='ocrx_word' id='word_1_618' title='bbox 3068 2130 3212 2185; x_wconf 92' lang='lat' dir='ltr'><strong>enim</strong></span> <span class='ocrx_word' id='word_1_619' title='bbox 3262 2128 3519 2183; x_wconf 88' lang='lat' dir='ltr'><strong>miserant</strong></span> <span class='ocrx_word' id='word_1_620' title='bbox 3564 2143 3698 2182; x_wconf 89' lang='lat' dir='ltr'><strong>eum</strong></span> 
     </span>
    </p>
   </div>
   <div class='ocr_carea' id='block_1_82' title="bbox 2131 2217 3701 2289">
    <p class='ocr_par' dir='ltr' id='par_1_82' title="bbox 2131 2217 3701 2289">
     <span class='ocr_line' id='line_1_82' title="bbox 2131 2217 3701 2289; baseline -0.001 -17"><span class='ocrx_word' id='word_1_621' title='bbox 2131 2241 2147 2272; x_wconf 84' lang='grc' dir='ltr'><strong>ι</strong></span> <span class='ocrx_word' id='word_1_622' title='bbox 2188 2222 2240 2276; x_wconf 89' lang='lat' dir='ltr'><strong>in</strong></span> <span class='ocrx_word' id='word_1_623' title='bbox 2294 2220 2592 2276; x_wconf 88' lang='lat' dir='ltr'><strong>custodiam</strong></span> <span class='ocrx_word' id='word_1_624' title='bbox 2643 2221 2894 2275; x_wconf 88' lang='lat' dir='ltr'><strong>carceris.</strong></span> <span class='ocrx_word' id='word_1_625' title='bbox 2935 2240 2953 2272; x_wconf 73' lang='grc' dir='ltr'><strong>ι</strong></span> <span class='ocrx_word' id='word_1_626' title='bbox 3025 2219 3373 2289; x_wconf 89' lang='lat' dir='ltr'><strong>Nequaquam</strong></span> <span class='ocrx_word' id='word_1_627' title='bbox 3437 2217 3701 2272; x_wconf 87' lang='lat' dir='ltr'><strong>Sedecias</strong></span> 
     </span>
    </p>
   </div>
   <div class='ocr_carea' id='block_1_83' title="bbox 2125 2308 3698 2380">
    <p class='ocr_par' dir='ltr' id='par_1_83' title="bbox 2125 2308 3698 2380">
     <span class='ocr_line' id='line_1_83' title="bbox 2125 2308 3698 2380; baseline -0.004 -15"><span class='ocrx_word' id='word_1_628' title='bbox 2125 2325 2282 2366; x_wconf 89' lang='lat' dir='ltr'><strong>orare</strong></span> <span class='ocrx_word' id='word_1_629' title='bbox 2309 2325 2404 2380; x_wconf 90' lang='lat' dir='ltr'><strong>pro</strong></span> <span class='ocrx_word' id='word_1_630' title='bbox 2441 2326 2520 2374; x_wconf 91' lang='lat' dir='ltr'><strong>se,</strong></span> <span class='ocrx_word' id='word_1_631' title='bbox 2567 2318 2622 2364; x_wconf 90' lang='lat' dir='ltr'><strong>et</strong></span> <span class='ocrx_word' id='word_1_632' title='bbox 2665 2323 2763 2379; x_wconf 90' lang='lat' dir='ltr'><strong>pro</strong></span> <span class='ocrx_word' id='word_1_633' title='bbox 2810 2309 3004 2380; x_wconf 91' lang='lat' dir='ltr'><strong>populo</strong></span> <span class='ocrx_word' id='word_1_634' title='bbox 3031 2323 3127 2364; x_wconf 91' lang='lat' dir='ltr'><strong>suo</strong></span> <span class='ocrx_word' id='word_1_635' title='bbox 3158 2308 3474 2378; x_wconf 89' lang='lat' dir='ltr'><strong>pr0pbetam</strong></span> <span class='ocrx_word' id='word_1_636' title='bbox 3504 2315 3698 2375; x_wconf 87' lang='lat' dir='ltr'><strong>postu—</strong></span> 
     </span>
    </p>
   </div>
   <div class='ocr_carea' id='block_1_84' title="bbox 2125 2393 3699 2467">
    <p class='ocr_par' dir='ltr' id='par_1_84' title="bbox 2125 2393 3699 2467">
     <span class='ocr_line' id='line_1_84' title="bbox 2125 2393 3699 2467; baseline -0.002 -14"><span class='ocrx_word' id='word_1_637' title='bbox 2125 2393 2274 2462; x_wconf 70' lang='lat' dir='ltr'><strong>lavit,</strong></span> <span class='ocrx_word' id='word_1_638' title='bbox 2301 2398 2391 2467; x_wconf 91' lang='lat' dir='ltr'><strong>qui</strong></span> <span class='ocrx_word' id='word_1_639' title='bbox 2415 2398 2610 2453; x_wconf 86' lang='lat' dir='ltr'><strong>divinis</strong></span> <span class='ocrx_word' id='word_1_640' title='bbox 2652 2399 2918 2454; x_wconf 88' lang='lat' dir='ltr'><strong>mandatis</strong></span> <span class='ocrx_word' id='word_1_641' title='bbox 2942 2397 3159 2453; x_wconf 90' lang='lat' dir='ltr'><strong>obedire</strong></span> <span class='ocrx_word' id='word_1_642' title='bbox 3184 2397 3374 2461; x_wconf 90' lang='lat' dir='ltr'><strong>noluit,</strong></span> <span class='ocrx_word' id='word_1_643' title='bbox 3405 2397 3528 2466; x_wconf 88' lang='lat' dir='ltr'><strong>quia</strong></span> <span class='ocrx_word' id='word_1_644' title='bbox 3557 2396 3699 2450; x_wconf 90' lang='lat' dir='ltr'><strong>scri—</strong></span> 
     </span>
    </p>
   </div>
   <div class='ocr_carea' id='block_1_85' title="bbox 2122 2485 3690 2558">
    <p class='ocr_par' dir='ltr' id='par_1_85' title="bbox 2122 2485 3690 2558">
     <span class='ocr_line' id='line_1_85' title="bbox 2122 2485 3690 2558; baseline -0.003 -15"><span class='ocrx_word' id='word_1_645' title='bbox 2122 2497 2272 2558; x_wconf 90' lang='lat' dir='ltr'><strong>ptum</strong></span> <span class='ocrx_word' id='word_1_646' title='bbox 2293 2497 2402 2542; x_wconf 90' lang='lat' dir='ltr'><strong>est:</strong></span> <span class='ocrx_word' id='word_1_647' title='bbox 2427 2507 2444 2538; x_wconf 81' lang='grc' dir='ltr'><strong>ι</strong></span> <span class='ocrx_word' id='word_1_648' title='bbox 2467 2486 2567 2555; x_wconf 89' lang='lat' dir='ltr'><strong>Qui</strong></span> <span class='ocrx_word' id='word_1_649' title='bbox 2598 2489 2794 2542; x_wconf 88' lang='lat' dir='ltr'><strong>avertit</strong></span> <span class='ocrx_word' id='word_1_650' title='bbox 2814 2503 2998 2542; x_wconf 89' lang='lat' dir='ltr'><strong>aurem</strong></span> <span class='ocrx_word' id='word_1_651' title='bbox 3019 2502 3170 2542; x_wconf 88' lang='lat' dir='ltr'><strong>suam</strong></span> <span class='ocrx_word' id='word_1_652' title='bbox 3192 2502 3262 2540; x_wconf 91' lang='lat' dir='ltr'><strong>ne</strong></span> <span class='ocrx_word' id='word_1_653' title='bbox 3283 2485 3466 2542; x_wconf 88' lang='lat' dir='ltr'><strong>audiat</strong></span> <span class='ocrx_word' id='word_1_654' title='bbox 3494 2486 3690 2556; x_wconf 89' lang='lat' dir='ltr'><strong>legem,</strong></span> 
     </span>
    </p>
   </div>
   <div class='ocr_carea' id='block_1_86' title="bbox 2121 2576 3693 2650">
    <p class='ocr_par' dir='ltr' id='par_1_86' title="bbox 2121 2576 3693 2650">
     <span class='ocr_line' id='line_1_86' title="bbox 2121 2576 3693 2650; baseline -0.003 -16"><span class='ocrx_word' id='word_1_655' title='bbox 2121 2580 2295 2635; x_wconf 89' lang='lat' dir='ltr'><strong>oratio</strong></span> <span class='ocrx_word' id='word_1_656' title='bbox 2338 2579 2453 2648; x_wconf 89' lang='lat' dir='ltr'><strong>ejus</strong></span> <span class='ocrx_word' id='word_1_657' title='bbox 2495 2580 2599 2633; x_wconf 89' lang='lat' dir='ltr'><strong>erit</strong></span> <span class='ocrx_word' id='word_1_658' title='bbox 2651 2579 2995 2634; x_wconf 88' lang='lat' dir='ltr'><strong>exsecrabilis</strong></span> <span class='ocrx_word' id='word_1_659' title='bbox 3024 2577 3192 2650; x_wconf 81' lang='lat' dir='ltr'><strong>(Psal.</strong></span> <span class='ocrx_word' id='word_1_660' title='bbox 3221 2577 3417 2648; x_wconf 87' lang='lat' dir='ltr'><strong>xxvtn)</strong></span> <span class='ocrx_word' id='word_1_661' title='bbox 3445 2595 3456 2630; x_wconf 91' lang='lat'>:</span> <span class='ocrx_word' id='word_1_662' title='bbox 3490 2597 3508 2628; x_wconf 87' lang='grc'><strong>›</strong></span> <span class='ocrx_word' id='word_1_663' title='bbox 3537 2576 3693 2631; x_wconf 85' lang='lat' dir='ltr'><strong>Unde</strong></span> 
     </span>
    </p>
   </div>
   <div class='ocr_carea' id='block_1_87' title="bbox 2123 2669 3694 2742">
    <p class='ocr_par' dir='ltr' id='par_1_87' title="bbox 2123 2669 3694 2742">
     <span class='ocr_line' id='line_1_87' title="bbox 2123 2669 3694 2742; baseline -0.004 -15"><span class='ocrx_word' id='word_1_664' title='bbox 2123 2672 2262 2727; x_wconf 89' lang='lat' dir='ltr'><strong>idem</strong></span> <span class='ocrx_word' id='word_1_665' title='bbox 2292 2671 2551 2742; x_wconf 85' lang='lat' dir='ltr'><strong>pr0pbeta</strong></span> <span class='ocrx_word' id='word_1_666' title='bbox 2601 2669 2866 2726; x_wconf 83' lang='lat' dir='ltr'><strong>Jeremias</strong></span> <span class='ocrx_word' id='word_1_667' title='bbox 2907 2669 3205 2739; x_wconf 87' lang='lat' dir='ltr'><strong>prohibitus</strong></span> <span class='ocrx_word' id='word_1_668' title='bbox 3243 2677 3357 2733; x_wconf 91' lang='lat' dir='ltr'><strong>est,</strong></span> <span class='ocrx_word' id='word_1_669' title='bbox 3392 2685 3459 2724; x_wconf 91' lang='lat' dir='ltr'><strong>ne</strong></span> <span class='ocrx_word' id='word_1_670' title='bbox 3506 2677 3694 2722; x_wconf 88' lang='lat' dir='ltr'><strong>oraret</strong></span> 
     </span>
    </p>
   </div>
   <div class='ocr_carea' id='block_1_88' title="bbox 2120 2759 3688 2831">
    <p class='ocr_par' dir='ltr' id='par_1_88' title="bbox 2120 2759 3688 2831">
     <span class='ocr_line' id='line_1_88' title="bbox 2120 2759 3688 2831; baseline -0.002 -16"><span class='ocrx_word' id='word_1_671' title='bbox 2120 2776 2216 2831; x_wconf 92' lang='lat' dir='ltr'><strong>pro</strong></span> <span class='ocrx_word' id='word_1_672' title='bbox 2241 2761 2340 2826; x_wconf 92' lang='lat' dir='ltr'><strong>eis,</strong></span> <span class='ocrx_word' id='word_1_673' title='bbox 2386 2762 2598 2815; x_wconf 89' lang='lat' dir='ltr'><strong>dicente</strong></span> <span class='ocrx_word' id='word_1_674' title='bbox 2626 2763 2692 2816; x_wconf 91' lang='lat' dir='ltr'><strong>ad</strong></span> <span class='ocrx_word' id='word_1_675' title='bbox 2737 2776 2858 2815; x_wconf 90' lang='lat' dir='ltr'><strong>cum</strong></span> <span class='ocrx_word' id='word_1_676' title='bbox 2889 2761 3151 2815; x_wconf 87' lang='lat' dir='ltr'><strong>Domino:</strong></span> <span class='ocrx_word' id='word_1_677' title='bbox 3188 2778 3207 2811; x_wconf 80' lang='grc' dir='ltr'><strong>ι</strong></span> <span class='ocrx_word' id='word_1_678' title='bbox 3243 2759 3322 2812; x_wconf 87' lang='lat' dir='ltr'><strong>Tu</strong></span> <span class='ocrx_word' id='word_1_679' title='bbox 3353 2767 3532 2815; x_wconf 85' lang='lat' dir='ltr'><strong>autem</strong></span> <span class='ocrx_word' id='word_1_680' title='bbox 3577 2759 3688 2814; x_wconf 92' lang='lat' dir='ltr'><strong>noli</strong></span> 
     </span>
    </p>
   </div>
   <div class='ocr_carea' id='block_1_89' title="bbox 2119 2848 3687 2920">
    <p class='ocr_par' dir='ltr' id='par_1_89' title="bbox 2119 2848 3687 2920">
     <span class='ocr_line' id='line_1_89' title="bbox 2119 2848 3687 2920; baseline -0.002 -16"><span class='ocrx_word' id='word_1_681' title='bbox 2119 2866 2276 2904; x_wconf 90' lang='lat' dir='ltr'><strong>orare</strong></span> <span class='ocrx_word' id='word_1_682' title='bbox 2301 2866 2395 2920; x_wconf 91' lang='lat' dir='ltr'><strong>pro</strong></span> <span class='ocrx_word' id='word_1_683' title='bbox 2429 2850 2623 2919; x_wconf 92' lang='lat' dir='ltr'><strong>populo</strong></span> <span class='ocrx_word' id='word_1_684' title='bbox 2673 2851 2796 2915; x_wconf 91' lang='lat' dir='ltr'><strong>hoc,</strong></span> <span class='ocrx_word' id='word_1_685' title='bbox 2828 2864 3002 2919; x_wconf 91' lang='lat' dir='ltr'><strong>neque</strong></span> <span class='ocrx_word' id='word_1_686' title='bbox 3029 2863 3273 2904; x_wconf 90' lang='lat' dir='ltr'><strong>assumas</strong></span> <span class='ocrx_word' id='word_1_687' title='bbox 3315 2863 3415 2918; x_wconf 92' lang='lat' dir='ltr'><strong>pro</strong></span> <span class='ocrx_word' id='word_1_688' title='bbox 3447 2849 3527 2903; x_wconf 89' lang='lat' dir='ltr'><strong>eis</strong></span> <span class='ocrx_word' id='word_1_689' title='bbox 3565 2848 3687 2901; x_wconf 87' lang='lat' dir='ltr'><strong>lau-</strong></span> 
     </span>
    </p>
   </div>
   <div class='ocr_carea' id='block_1_90' title="bbox 2122 2937 3688 3008">
    <p class='ocr_par' dir='ltr' id='par_1_90' title="bbox 2122 2937 3688 3008">
     <span class='ocr_line' id='line_1_90' title="bbox 2122 2937 3688 3008; baseline 0 -15"><span class='ocrx_word' id='word_1_690' title='bbox 2122 2939 2241 2993; x_wconf 91' lang='lat' dir='ltr'><strong>dem</strong></span> <span class='ocrx_word' id='word_1_691' title='bbox 2269 2949 2322 2992; x_wconf 91' lang='lat' dir='ltr'><strong>et</strong></span> <span class='ocrx_word' id='word_1_692' title='bbox 2351 2941 2672 3004; x_wconf 90' lang='lat' dir='ltr'><strong>orationem,</strong></span> <span class='ocrx_word' id='word_1_693' title='bbox 2705 2940 2830 3008; x_wconf 90' lang='lat' dir='ltr'><strong>quia</strong></span> <span class='ocrx_word' id='word_1_694' title='bbox 2880 2953 2987 2994; x_wconf 90' lang='lat' dir='ltr'><strong>non</strong></span> <span class='ocrx_word' id='word_1_695' title='bbox 3015 2938 3298 2993; x_wconf 87' lang='lat' dir='ltr'><strong>exaudiam</strong></span> <span class='ocrx_word' id='word_1_696' title='bbox 3323 2947 3395 3004; x_wconf 90' lang='lat' dir='ltr'><strong>te,</strong></span> <span class='ocrx_word' id='word_1_697' title='bbox 3427 2938 3554 2992; x_wconf 91' lang='lat' dir='ltr'><strong>dicit</strong></span> <span class='ocrx_word' id='word_1_698' title='bbox 3582 2937 3688 2993; x_wconf 86' lang='lat' dir='ltr'><strong>Do-</strong></span> 
     </span>
    </p>
   </div>
   <div class='ocr_carea' id='block_1_91' title="bbox 2124 3029 2545 3085">
    <p class='ocr_par' dir='ltr' id='par_1_91' title="bbox 2124 3029 2545 3085">
     <span class='ocr_line' id='line_1_91' title="bbox 2124 3029 2545 3085; baseline 0 -4"><span class='ocrx_word' id='word_1_699' title='bbox 2124 3029 2300 3082; x_wconf 81' lang='lat' dir='ltr'><strong>minus</strong></span> <span class='ocrx_word' id='word_1_700' title='bbox 2327 3031 2484 3085; x_wconf 90' lang='lat' dir='ltr'><strong>Deus.</strong></span> <span class='ocrx_word' id='word_1_701' title='bbox 2527 3051 2545 3081; x_wconf 73' lang='grc' dir='ltr'><strong>ι</strong></span> 
     </span>
    </p>
   </div>
   <div class='ocr_carea' id='block_1_92' title="bbox 2197 3117 3685 3190">
    <p class='ocr_par' dir='ltr' id='par_1_92' title="bbox 2197 3117 3685 3190">
     <span class='ocr_line' id='line_1_92' title="bbox 2197 3117 3685 3190; baseline 0.002 -21"><span class='ocrx_word' id='word_1_702' title='bbox 2197 3137 2213 3168; x_wconf 84' lang='grc' dir='ltr'><strong>ι</strong></span> <span class='ocrx_word' id='word_1_703' title='bbox 2251 3119 2415 3186; x_wconf 84' lang='lat' dir='ltr'><strong>Igitur</strong></span> <span class='ocrx_word' id='word_1_704' title='bbox 2448 3121 2718 3173; x_wconf 90' lang='lat' dir='ltr'><strong>exercitus</strong></span> <span class='ocrx_word' id='word_1_705' title='bbox 2754 3118 3016 3174; x_wconf 83' lang='lat' dir='ltr'><strong>Pharonis</strong></span> <span class='ocrx_word' id='word_1_706' title='bbox 3044 3133 3295 3190; x_wconf 83' lang='lat' dir='ltr'><strong>egressus</strong></span> <span class='ocrx_word' id='word_1_707' title='bbox 3341 3127 3424 3174; x_wconf 90' lang='lat' dir='ltr'><strong>est</strong></span> <span class='ocrx_word' id='word_1_708' title='bbox 3475 3119 3542 3174; x_wconf 86' lang='lat' dir='ltr'><strong>de</strong></span> <span class='ocrx_word' id='word_1_709' title='bbox 3587 3117 3685 3172; x_wconf 70' lang='lat' dir='ltr'><strong>Ai.-</strong></span> 
     </span>
    </p>
   </div>
   <div class='ocr_carea' id='block_1_93' title="bbox 2123 3207 3683 3280">
    <p class='ocr_par' dir='ltr' id='par_1_93' title="bbox 2123 3207 3683 3280">
     <span class='ocr_line' id='line_1_93' title="bbox 2123 3207 3683 3280; baseline -0.001 -17"><span class='ocrx_word' id='word_1_710' title='bbox 2123 3227 2142 3258; x_wconf 76' lang='grc' dir='ltr'><strong>ι</strong></span> <span class='ocrx_word' id='word_1_711' title='bbox 2178 3218 2357 3278; x_wconf 80' lang='lat' dir='ltr'><strong>gypto,</strong></span> <span class='ocrx_word' id='word_1_712' title='bbox 2394 3219 2447 3262; x_wconf 92' lang='lat' dir='ltr'><strong>et</strong></span> <span class='ocrx_word' id='word_1_713' title='bbox 2471 3210 2748 3264; x_wconf 87' lang='lat' dir='ltr'><strong>audientes</strong></span> <span class='ocrx_word' id='word_1_714' title='bbox 2780 3209 3033 3275; x_wconf 75' lang='lat' dir='ltr'><strong>Chaldzei,</strong></span> <span class='ocrx_word' id='word_1_715' title='bbox 3057 3210 3149 3280; x_wconf 93' lang='lat' dir='ltr'><strong>qui</strong></span> <span class='ocrx_word' id='word_1_716' title='bbox 3175 3209 3492 3264; x_wconf 91' lang='lat' dir='ltr'><strong>obsidebant</strong></span> <span class='ocrx_word' id='word_1_717' title='bbox 3525 3207 3683 3264; x_wconf 83' lang='lat' dir='ltr'><strong>Jeru-</strong></span> 
     </span>
    </p>
   </div>
   <div class='ocr_carea' id='block_1_94' title="bbox 2123 3296 3685 3370">
    <p class='ocr_par' dir='ltr' id='par_1_94' title="bbox 2123 3296 3685 3370">
     <span class='ocr_line' id='line_1_94' title="bbox 2123 3296 3685 3370; baseline 0.004 -24"><span class='ocrx_word' id='word_1_718' title='bbox 2123 3314 2140 3346; x_wconf 81' lang='grc' dir='ltr'><strong>ι</strong></span> <span class='ocrx_word' id='word_1_719' title='bbox 2176 3296 2339 3351; x_wconf 88' lang='lat' dir='ltr'><strong>salem</strong></span> <span class='ocrx_word' id='word_1_720' title='bbox 2367 3296 2732 3364; x_wconf 87' lang='lat' dir='ltr'><strong>hujuscemodi</strong></span> <span class='ocrx_word' id='word_1_721' title='bbox 2761 3299 3030 3370; x_wconf 89' lang='lat' dir='ltr'><strong>nuntium,</strong></span> <span class='ocrx_word' id='word_1_722' title='bbox 3075 3309 3411 3354; x_wconf 88' lang='lat' dir='ltr'><strong>recesserant</strong></span> <span class='ocrx_word' id='word_1_723' title='bbox 3433 3300 3501 3354; x_wconf 90' lang='lat' dir='ltr'><strong>ab</strong></span> <span class='ocrx_word' id='word_1_724' title='bbox 3530 3297 3685 3353; x_wconf 85' lang='lat' dir='ltr'><strong>Jeru-</strong></span> 
     </span>
    </p>
   </div>
   <div class='ocr_carea' id='block_1_95' title="bbox 2121 3387 3680 3445">
    <p class='ocr_par' dir='ltr' id='par_1_95' title="bbox 2121 3387 3680 3445">
     <span class='ocr_line' id='line_1_95' title="bbox 2121 3387 3680 3445; baseline 0.002 -7"><span class='ocrx_word' id='word_1_725' title='bbox 2121 3407 2138 3438; x_wconf 81' lang='grc' dir='ltr'><strong>ι</strong></span> <span class='ocrx_word' id='word_1_726' title='bbox 2175 3387 2357 3442; x_wconf 88' lang='lat' dir='ltr'><strong>salem.</strong></span> <span class='ocrx_word' id='word_1_727' title='bbox 2388 3387 2455 3441; x_wconf 87' lang='lat' dir='ltr'><strong>Et</strong></span> <span class='ocrx_word' id='word_1_728' title='bbox 2473 3388 2672 3442; x_wconf 88' lang='lat' dir='ltr'><strong>factum</strong></span> <span class='ocrx_word' id='word_1_729' title='bbox 2693 3399 2774 3444; x_wconf 84' lang='lat' dir='ltr'><strong>est</strong></span> <span class='ocrx_word' id='word_1_730' title='bbox 2798 3390 3019 3445; x_wconf 85' lang='lat' dir='ltr'><strong>verbum</strong></span> <span class='ocrx_word' id='word_1_731' title='bbox 3051 3389 3263 3443; x_wconf 90' lang='lat' dir='ltr'><strong>Domini</strong></span> <span class='ocrx_word' id='word_1_732' title='bbox 3298 3391 3364 3442; x_wconf 91' lang='lat' dir='ltr'><strong>ad</strong></span> <span class='ocrx_word' id='word_1_733' title='bbox 3392 3387 3680 3443; x_wconf 83' lang='lat' dir='ltr'><strong>Jeremiam</strong></span> 
     </span>
    </p>
   </div>
   <div class='ocr_carea' id='block_1_96' title="bbox 2120 3479 3678 3555">
    <p class='ocr_par' dir='ltr' id='par_1_96' title="bbox 2120 3479 3678 3555">
     <span class='ocr_line' id='line_1_96' title="bbox 2120 3479 3678 3555; baseline -0.001 -17"><span class='ocrx_word' id='word_1_734' title='bbox 2120 3507 2136 3537; x_wconf 82' lang='grc' dir='ltr'><strong>ι</strong></span> <span class='ocrx_word' id='word_1_735' title='bbox 2173 3481 2486 3555; x_wconf 84' lang='lat' dir='ltr'><strong>prophetam</strong></span> <span class='ocrx_word' id='word_1_736' title='bbox 2503 3480 2683 3536; x_wconf 86' lang='lat' dir='ltr'><strong>dicens</strong></span> <span class='ocrx_word' id='word_1_737' title='bbox 2713 3497 2728 3534; x_wconf 87' lang='lat'><strong><em>:</em></strong></span> <span class='ocrx_word' id='word_1_738' title='bbox 2754 3480 2878 3536; x_wconf 52' lang='lat' dir='ltr'><strong>Ilaec</strong></span> <span class='ocrx_word' id='word_1_739' title='bbox 2901 3481 3030 3536; x_wconf 87' lang='lat' dir='ltr'><strong>dicit</strong></span> <span class='ocrx_word' id='word_1_740' title='bbox 3049 3481 3304 3536; x_wconf 81' lang='lat' dir='ltr'><strong>Dominus</strong></span> <span class='ocrx_word' id='word_1_741' title='bbox 3326 3479 3462 3536; x_wconf 72' lang='lat' dir='ltr'><strong>Dens</strong></span> <span class='ocrx_word' id='word_1_742' title='bbox 3479 3480 3678 3540; x_wconf 51' lang='lat' dir='ltr'><strong>Israel‘.</strong></span> 
     </span>
    </p>
   </div>
   <div class='ocr_carea' id='block_1_97' title="bbox 2120 3577 3677 3648">
    <p class='ocr_par' dir='ltr' id='par_1_97' title="bbox 2120 3577 3677 3648">
     <span class='ocr_line' id='line_1_97' title="bbox 2120 3577 3677 3648; baseline 0.002 -22"><span class='ocrx_word' id='word_1_743' title='bbox 2120 3595 2138 3626; x_wconf 81' lang='grc' dir='ltr'><strong>ι</strong></span> <span class='ocrx_word' id='word_1_744' title='bbox 2175 3577 2264 3631; x_wconf 90' lang='lat' dir='ltr'><strong>Sic</strong></span> <span class='ocrx_word' id='word_1_745' title='bbox 2285 3578 2474 3632; x_wconf 88' lang='lat' dir='ltr'><strong>dicetis</strong></span> <span class='ocrx_word' id='word_1_746' title='bbox 2496 3577 2607 3648; x_wconf 85' lang='lat' dir='ltr'><strong>regi</strong></span> <span class='ocrx_word' id='word_1_747' title='bbox 2635 3577 2790 3640; x_wconf 86' lang='lat' dir='ltr'><strong>Juda,</strong></span> <span class='ocrx_word' id='word_1_748' title='bbox 2821 3579 2913 3647; x_wconf 90' lang='lat' dir='ltr'><strong>qui</strong></span> <span class='ocrx_word' id='word_1_749' title='bbox 2939 3579 3085 3633; x_wconf 90' lang='lat' dir='ltr'><strong>misit</strong></span> <span class='ocrx_word' id='word_1_750' title='bbox 3123 3594 3215 3632; x_wconf 85' lang='lat' dir='ltr'><strong>vos</strong></span> <span class='ocrx_word' id='word_1_751' title='bbox 3242 3579 3308 3631; x_wconf 85' lang='lat' dir='ltr'><strong>ad</strong></span> <span class='ocrx_word' id='word_1_752' title='bbox 3341 3579 3677 3648; x_wconf 87' lang='lat' dir='ltr'><strong>interrogan-</strong></span> 
     </span>
    </p>
   </div>
   <div class='ocr_carea' id='block_1_98' title="bbox 2119 3665 3681 3736">
    <p class='ocr_par' dir='ltr' id='par_1_98' title="bbox 2119 3665 3681 3736">
     <span class='ocr_line' id='line_1_98' title="bbox 2119 3665 3681 3736; baseline 0.004 -20"><span class='ocrx_word' id='word_1_753' title='bbox 2119 3685 2136 3716; x_wconf 86' lang='grc' dir='ltr'><strong>ι</strong></span> <span class='ocrx_word' id='word_1_754' title='bbox 2169 3665 2294 3719; x_wconf 92' lang='lat' dir='ltr'><strong>dum</strong></span> <span class='ocrx_word' id='word_1_755' title='bbox 2319 3681 2440 3720; x_wconf 88' lang='lat' dir='ltr'><strong>me:</strong></span> <span class='ocrx_word' id='word_1_756' title='bbox 2472 3667 2607 3721; x_wconf 86' lang='lat' dir='ltr'><strong>Ecce</strong></span> <span class='ocrx_word' id='word_1_757' title='bbox 2656 3669 2925 3722; x_wconf 83' lang='lat' dir='ltr'><strong>exercitus</strong></span> <span class='ocrx_word' id='word_1_758' title='bbox 2956 3668 3268 3731; x_wconf 85' lang='lat' dir='ltr'><strong>Pharaonis,</strong></span> <span class='ocrx_word' id='word_1_759' title='bbox 3292 3668 3384 3736; x_wconf 93' lang='lat' dir='ltr'><strong>qui</strong></span> <span class='ocrx_word' id='word_1_760' title='bbox 3429 3682 3681 3736; x_wconf 80' lang='lat' dir='ltr'><strong>egressus</strong></span> 
     </span>
    </p>
   </div>
   <div class='ocr_carea' id='block_1_99' title="bbox 2118 3755 3680 3820">
    <p class='ocr_par' dir='ltr' id='par_1_99' title="bbox 2118 3755 3680 3820">
     <span class='ocr_line' id='line_1_99' title="bbox 2118 3755 3680 3820; baseline 0.004 -16"><span class='ocrx_word' id='word_1_761' title='bbox 2118 3773 2135 3804; x_wconf 83' lang='grc' dir='ltr'><strong>ι</strong></span> <span class='ocrx_word' id='word_1_762' title='bbox 2180 3765 2259 3809; x_wconf 86' lang='lat' dir='ltr'><strong>est</strong></span> <span class='ocrx_word' id='word_1_763' title='bbox 2282 3755 2426 3810; x_wconf 86' lang='lat' dir='ltr'><strong>vobis</strong></span> <span class='ocrx_word' id='word_1_764' title='bbox 2452 3757 2505 3810; x_wconf 92' lang='lat' dir='ltr'><strong>in</strong></span> <span class='ocrx_word' id='word_1_765' title='bbox 2554 3757 2833 3820; x_wconf 82' lang='lat' dir='ltr'><strong>auxilium,</strong></span> <span class='ocrx_word' id='word_1_766' title='bbox 2867 3765 3168 3812; x_wconf 86' lang='lat' dir='ltr'><strong>revertetur</strong></span> <span class='ocrx_word' id='word_1_767' title='bbox 3198 3758 3251 3810; x_wconf 90' lang='lat' dir='ltr'><strong>in</strong></span> <span class='ocrx_word' id='word_1_768' title='bbox 3295 3765 3494 3811; x_wconf 90' lang='lat' dir='ltr'><strong>terram</strong></span> <span class='ocrx_word' id='word_1_769' title='bbox 3523 3773 3680 3811; x_wconf 84' lang='lat' dir='ltr'><strong>suam</strong></span> 
     </span>
    </p>
   </div>
   <div class='ocr_carea' id='block_1_100' title="bbox 2116 3844 3682 3915">
    <p class='ocr_par' dir='ltr' id='par_1_100' title="bbox 2116 3844 3682 3915">
     <span class='ocr_line' id='line_1_100' title="bbox 2116 3844 3682 3915; baseline 0.003 -21"><span class='ocrx_word' id='word_1_770' title='bbox 2116 3863 2133 3894; x_wconf 80' lang='grc' dir='ltr'><strong>ι</strong></span> <span class='ocrx_word' id='word_1_771' title='bbox 2177 3844 2228 3898; x_wconf 91' lang='lat' dir='ltr'><strong>in</strong></span> <span class='ocrx_word' id='word_1_772' title='bbox 2280 3845 2592 3915; x_wconf 56' lang='lat' dir='ltr'><strong>zEgyptum,</strong></span> <span class='ocrx_word' id='word_1_773' title='bbox 2630 3855 2685 3900; x_wconf 92' lang='lat' dir='ltr'><strong>et</strong></span> <span class='ocrx_word' id='word_1_774' title='bbox 2732 3848 2939 3901; x_wconf 87' lang='lat' dir='ltr'><strong>redient</strong></span> <span class='ocrx_word' id='word_1_775' title='bbox 2991 3847 3245 3912; x_wconf 68' lang='lat' dir='ltr'><strong>Chaldaai,</strong></span> <span class='ocrx_word' id='word_1_776' title='bbox 3293 3857 3348 3901; x_wconf 90' lang='lat' dir='ltr'><strong>et</strong></span> <span class='ocrx_word' id='word_1_777' title='bbox 3402 3847 3682 3901; x_wconf 89' lang='lat' dir='ltr'><strong>bellabunt</strong></span> 
     </span>
    </p>
   </div>
   <div class='ocr_carea' id='block_1_101' title="bbox 2114 3934 3680 4004">
    <p class='ocr_par' dir='ltr' id='par_1_101' title="bbox 2114 3934 3680 4004">
     <span class='ocr_line' id='line_1_101' title="bbox 2114 3934 3680 4004; baseline 0.003 -21"><span class='ocrx_word' id='word_1_778' title='bbox 2114 3949 2134 3982; x_wconf 80' lang='grc' dir='ltr'><strong>ι</strong></span> <span class='ocrx_word' id='word_1_779' title='bbox 2174 3941 2359 3986; x_wconf 89' lang='lat' dir='ltr'><strong>contra</strong></span> <span class='ocrx_word' id='word_1_780' title='bbox 2401 3934 2669 3988; x_wconf 87' lang='lat' dir='ltr'><strong>civitatem</strong></span> <span class='ocrx_word' id='word_1_781' title='bbox 2697 3935 2854 3998; x_wconf 89' lang='lat' dir='ltr'><strong>hanc,</strong></span> <span class='ocrx_word' id='word_1_782' title='bbox 2895 3943 2950 3989; x_wconf 91' lang='lat' dir='ltr'><strong>et</strong></span> <span class='ocrx_word' id='word_1_783' title='bbox 2971 3935 3186 4004; x_wconf 91' lang='lat' dir='ltr'><strong>capient</strong></span> <span class='ocrx_word' id='word_1_784' title='bbox 3213 3949 3354 4000; x_wconf 88' lang='lat' dir='ltr'><strong>eam,</strong></span> <span class='ocrx_word' id='word_1_785' title='bbox 3391 3942 3447 3988; x_wconf 89' lang='lat' dir='ltr'><strong>et</strong></span> <span class='ocrx_word' id='word_1_786' title='bbox 3490 3935 3680 3988; x_wconf 85' lang='lat' dir='ltr'><strong>incen-</strong></span> 
     </span>
    </p>
   </div>
   <div class='ocr_carea' id='block_1_102' title="bbox 2107 4023 3678 4094">
    <p class='ocr_par' dir='ltr' id='par_1_102' title="bbox 2107 4023 3678 4094">
     <span class='ocr_line' id='line_1_102' title="bbox 2107 4023 3678 4094; baseline 0.001 -18"><span class='ocrx_word' id='word_1_787' title='bbox 2107 4023 2234 4077; x_wconf 90' lang='lat' dir='ltr'><strong>dent</strong></span> <span class='ocrx_word' id='word_1_788' title='bbox 2266 4024 2393 4094; x_wconf 86' lang='lat' dir='ltr'><strong>igni,</strong></span> <span class='ocrx_word' id='word_1_789' title='bbox 2429 4044 2447 4076; x_wconf 79' lang='grc' dir='ltr'><strong>ι</strong></span> <span class='ocrx_word' id='word_1_790' title='bbox 2468 4032 2523 4078; x_wconf 92' lang='lat' dir='ltr'><strong>et</strong></span> <span class='ocrx_word' id='word_1_791' title='bbox 2549 4025 2770 4094; x_wconf 89' lang='lat' dir='ltr'><strong>reliqua.</strong></span> <span class='ocrx_word' id='word_1_792' title='bbox 2818 4024 3093 4090; x_wconf 87' lang='lat' dir='ltr'><strong>Quomodo</strong></span> <span class='ocrx_word' id='word_1_793' title='bbox 3117 4033 3295 4079; x_wconf 88' lang='lat' dir='ltr'><strong>autem</strong></span> <span class='ocrx_word' id='word_1_794' title='bbox 3342 4024 3578 4078; x_wconf 70' lang='lat' dir='ltr'><strong>Chaldmi</strong></span> <span class='ocrx_word' id='word_1_795' title='bbox 3607 4026 3678 4078; x_wconf 87' lang='lat' dir='ltr'><strong>ad</strong></span> 
     </span>
    </p>
   </div>
   <div class='ocr_carea' id='block_1_103' title="bbox 2108 4116 3676 4186">
    <p class='ocr_par' dir='ltr' id='par_1_103' title="bbox 2108 4116 3676 4186">
     <span class='ocr_line' id='line_1_103' title="bbox 2108 4116 3676 4186; baseline -0.001 -16"><span class='ocrx_word' id='word_1_796' title='bbox 2108 4124 2320 4184; x_wconf 86' lang='lat' dir='ltr'><strong>tempus</strong></span> <span class='ocrx_word' id='word_1_797' title='bbox 2391 4117 2649 4172; x_wconf 88' lang='lat' dir='ltr'><strong>solverint</strong></span> <span class='ocrx_word' id='word_1_798' title='bbox 2704 4116 3271 4186; x_wconf 80' lang='lat' dir='ltr'><strong>Jerosolymitauorum</strong></span> <span class='ocrx_word' id='word_1_799' title='bbox 3337 4117 3676 4172; x_wconf 89' lang='lat' dir='ltr'><strong>obsidionem</strong></span> 
     </span>
    </p>
   </div>
   <div class='ocr_carea' id='block_1_104' title="bbox 2105 4207 3675 4279">
    <p class='ocr_par' dir='ltr' id='par_1_104' title="bbox 2105 4207 3675 4279">
     <span class='ocr_line' id='line_1_104' title="bbox 2105 4207 3675 4279; baseline 0.001 -19"><span class='ocrx_word' id='word_1_800' title='bbox 2105 4217 2327 4276; x_wconf 90' lang='lat' dir='ltr'><strong>propter</strong></span> <span class='ocrx_word' id='word_1_801' title='bbox 2364 4207 2647 4278; x_wconf 63' lang='lat' dir='ltr'><strong>Egyptios</strong></span> <span class='ocrx_word' id='word_1_802' title='bbox 2687 4210 3040 4264; x_wconf 89' lang='lat' dir='ltr'><strong>adventantes</strong></span> <span class='ocrx_word' id='word_1_803' title='bbox 3067 4250 3081 4273; x_wconf 94' lang='lat'><strong>,</strong></span> <span class='ocrx_word' id='word_1_804' title='bbox 3125 4208 3390 4279; x_wconf 84' lang='lat' dir='ltr'><strong>Josephus</strong></span> <span class='ocrx_word' id='word_1_805' title='bbox 3445 4208 3675 4263; x_wconf 86' lang='lat' dir='ltr'><strong>manife-</strong></span> 
     </span>
    </p>
   </div>
   <div class='ocr_carea' id='block_1_105' title="bbox 2104 4298 3677 4371">
    <p class='ocr_par' dir='ltr' id='par_1_105' title="bbox 2104 4298 3677 4371">
     <span class='ocr_line' id='line_1_105' title="bbox 2104 4298 3677 4371; baseline 0 -19"><span class='ocrx_word' id='word_1_806' title='bbox 2104 4307 2210 4352; x_wconf 88' lang='lat' dir='ltr'><strong>stat</strong></span> <span class='ocrx_word' id='word_1_807' title='bbox 2237 4315 2248 4350; x_wconf 75' lang='grc' dir='ltr'>ε</span> <span class='ocrx_word' id='word_1_808' title='bbox 2277 4299 2368 4367; x_wconf 91' lang='lat' dir='ltr'><strong>qui</strong></span> <span class='ocrx_word' id='word_1_809' title='bbox 2398 4298 2613 4354; x_wconf 81' lang='lat' dir='ltr'><strong>Vafrem</strong></span> <span class='ocrx_word' id='word_1_810' title='bbox 2651 4313 2833 4368; x_wconf 82' lang='lat' dir='ltr'><strong>regem</strong></span> <span class='ocrx_word' id='word_1_811' title='bbox 2861 4299 3079 4371; x_wconf 64' lang='lat' dir='ltr'><strong>Egypti</strong></span> <span class='ocrx_word' id='word_1_812' title='bbox 3105 4298 3302 4354; x_wconf 67' lang='lat' dir='ltr'><strong>Judwis</strong></span> <span class='ocrx_word' id='word_1_813' title='bbox 3337 4299 3391 4353; x_wconf 92' lang='lat' dir='ltr'><strong>in</strong></span> <span class='ocrx_word' id='word_1_814' title='bbox 3413 4299 3677 4353; x_wconf 85' lang='lat' dir='ltr'><strong>auxilium</strong></span> 
     </span>
    </p>
   </div>
   <div class='ocr_carea' id='block_1_106' title="bbox 2107 4389 3672 4456">
    <p class='ocr_par' dir='ltr' id='par_1_106' title="bbox 2107 4389 3672 4456">
     <span class='ocr_line' id='line_1_106' title="bbox 2107 4389 3672 4456; baseline 0.001 -14"><span class='ocrx_word' id='word_1_815' title='bbox 2107 4390 2318 4444; x_wconf 93' lang='lat' dir='ltr'><strong>venisse</strong></span> <span class='ocrx_word' id='word_1_816' title='bbox 2371 4391 2640 4445; x_wconf 86' lang='lat' dir='ltr'><strong>narrando</strong></span> <span class='ocrx_word' id='word_1_817' title='bbox 2691 4391 2764 4444; x_wconf 88' lang='lat' dir='ltr'><strong>ita</strong></span> <span class='ocrx_word' id='word_1_818' title='bbox 2812 4391 2994 4456; x_wconf 91' lang='lat' dir='ltr'><strong>refert,</strong></span> <span class='ocrx_word' id='word_1_819' title='bbox 3043 4391 3267 4446; x_wconf 90' lang='lat' dir='ltr'><strong>dicens:</strong></span> <span class='ocrx_word' id='word_1_820' title='bbox 3298 4390 3510 4444; x_wconf 83' lang='lat' dir='ltr'><strong>interea</strong></span> <span class='ocrx_word' id='word_1_821' title='bbox 3542 4389 3672 4444; x_wconf 90' lang='lat' dir='ltr'><strong>dum</strong></span> 
     </span>
    </p>
   </div>
   <div class='ocr_carea' id='block_1_107' title="bbox 2107 4481 3671 4554">
    <p class='ocr_par' dir='ltr' id='par_1_107' title="bbox 2107 4481 3671 4554">
     <span class='ocr_line' id='line_1_107' title="bbox 2107 4481 3671 4554; baseline -0.001 -19"><span class='ocrx_word' id='word_1_822' title='bbox 2107 4482 2208 4535; x_wconf 92' lang='lat' dir='ltr'><strong>hoc</strong></span> <span class='ocrx_word' id='word_1_823' title='bbox 2245 4482 2580 4551; x_wconf 83' lang='lat' dir='ltr'><strong>cognovisset</strong></span> <span class='ocrx_word' id='word_1_824' title='bbox 2622 4481 2926 4554; x_wconf 79' lang='lat' dir='ltr'><strong>Babylonia:</strong></span> <span class='ocrx_word' id='word_1_825' title='bbox 2951 4498 3045 4537; x_wconf 86' lang='lat' dir='ltr'><strong>rex</strong></span> <span class='ocrx_word' id='word_1_826' title='bbox 3079 4491 3256 4537; x_wconf 88' lang='lat' dir='ltr'><strong>castra</strong></span> <span class='ocrx_word' id='word_1_827' title='bbox 3288 4481 3454 4535; x_wconf 87' lang='lat' dir='ltr'><strong>movit</strong></span> <span class='ocrx_word' id='word_1_828' title='bbox 3481 4481 3671 4537; x_wconf 87' lang='lat' dir='ltr'><strong>adver-</strong></span> 
     </span>
    </p>
   </div>
   <div class='ocr_carea' id='block_1_108' title="bbox 2105 4569 3670 4642">
    <p class='ocr_par' dir='ltr' id='par_1_108' title="bbox 2105 4569 3670 4642">
     <span class='ocr_line' id='line_1_108' title="bbox 2105 4569 3670 4642; baseline -0.001 -16"><span class='ocrx_word' id='word_1_829' title='bbox 2105 4587 2198 4626; x_wconf 91' lang='lat' dir='ltr'><strong>sus</strong></span> <span class='ocrx_word' id='word_1_830' title='bbox 2225 4587 2372 4638; x_wconf 91' lang='lat' dir='ltr'><strong>eum,</strong></span> <span class='ocrx_word' id='word_1_831' title='bbox 2391 4581 2446 4627; x_wconf 87' lang='lat' dir='ltr'><strong>et</strong></span> <span class='ocrx_word' id='word_1_832' title='bbox 2469 4571 2660 4626; x_wconf 87' lang='lat' dir='ltr'><strong>afllicta</strong></span> <span class='ocrx_word' id='word_1_833' title='bbox 2690 4573 2988 4642; x_wconf 88' lang='lat' dir='ltr'><strong>provincia,</strong></span> <span class='ocrx_word' id='word_1_834' title='bbox 3003 4583 3060 4628; x_wconf 91' lang='lat' dir='ltr'><strong>et</strong></span> <span class='ocrx_word' id='word_1_835' title='bbox 3082 4572 3409 4627; x_wconf 87' lang='lat' dir='ltr'><strong>munitiones</strong></span> <span class='ocrx_word' id='word_1_836' title='bbox 3431 4569 3548 4639; x_wconf 87' lang='lat' dir='ltr'><strong>ejus</strong></span> <span class='ocrx_word' id='word_1_837' title='bbox 3563 4588 3670 4624; x_wconf 84' lang='lat' dir='ltr'><strong>una</strong></span> 
     </span>
    </p>
   </div>
   <div class='ocr_carea' id='block_1_109' title="bbox 2105 4661 3672 4734">
    <p class='ocr_par' dir='ltr' id='par_1_109' title="bbox 2105 4661 3672 4734">
     <span class='ocr_line' id='line_1_109' title="bbox 2105 4661 3672 4734; baseline 0.001 -20"><span class='ocrx_word' id='word_1_838' title='bbox 2105 4661 2386 4731; x_wconf 88' lang='lat' dir='ltr'><strong>diripiens,</strong></span> <span class='ocrx_word' id='word_1_839' title='bbox 2415 4664 2482 4716; x_wconf 90' lang='lat' dir='ltr'><strong>ad</strong></span> <span class='ocrx_word' id='word_1_840' title='bbox 2511 4662 2682 4732; x_wconf 90' lang='lat' dir='ltr'><strong>ipsam</strong></span> <span class='ocrx_word' id='word_1_841' title='bbox 2719 4662 3170 4734; x_wconf 84' lang='lat' dir='ltr'><strong>Jerosolymorum</strong></span> <span class='ocrx_word' id='word_1_842' title='bbox 3215 4661 3486 4716; x_wconf 87' lang='lat' dir='ltr'><strong>civitatem</strong></span> <span class='ocrx_word' id='word_1_843' title='bbox 3517 4661 3672 4716; x_wconf 87' lang='lat' dir='ltr'><strong>obsi-</strong></span> 
     </span>
    </p>
   </div>
   <div class='ocr_carea' id='block_1_110' title="bbox 2105 4751 3670 4824">
    <p class='ocr_par' dir='ltr' id='par_1_110' title="bbox 2105 4751 3670 4824">
     <span class='ocr_line' id='line_1_110' title="bbox 2105 4751 3670 4824; baseline -0.002 -17"><span class='ocrx_word' id='word_1_844' title='bbox 2105 4751 2334 4808; x_wconf 87' lang='lat' dir='ltr'><strong>dendam</strong></span> <span class='ocrx_word' id='word_1_845' title='bbox 2363 4769 2486 4808; x_wconf 90' lang='lat' dir='ltr'><strong>cum</strong></span> <span class='ocrx_word' id='word_1_846' title='bbox 2535 4768 2729 4824; x_wconf 87' lang='lat' dir='ltr'><strong>magno</strong></span> <span class='ocrx_word' id='word_1_847' title='bbox 2757 4755 3006 4808; x_wconf 89' lang='lat' dir='ltr'><strong>veniebat</strong></span> <span class='ocrx_word' id='word_1_848' title='bbox 3045 4753 3308 4808; x_wconf 81' lang='lat' dir='ltr'><strong>exercitu.</strong></span> <span class='ocrx_word' id='word_1_849' title='bbox 3344 4752 3456 4807; x_wconf 81' lang='lat' dir='ltr'><strong>Rex</strong></span> <span class='ocrx_word' id='word_1_850' title='bbox 3487 4760 3670 4805; x_wconf 88' lang='lat' dir='ltr'><strong>autem</strong></span> 
     </span>
    </p>
   </div>
   <div class='ocr_carea' id='block_1_111' title="bbox 2105 4841 3667 4912">
    <p class='ocr_par' dir='ltr' id='par_1_111' title="bbox 2105 4841 3667 4912">
     <span class='ocr_line' id='line_1_111' title="bbox 2105 4841 3667 4912; baseline 0 -17"><span class='ocrx_word' id='word_1_851' title='bbox 2105 4841 2389 4912; x_wconf 65' lang='lat' dir='ltr'><strong>Egyptius</strong></span> <span class='ocrx_word' id='word_1_852' title='bbox 2427 4841 2672 4907; x_wconf 89' lang='lat' dir='ltr'><strong>audiens,</strong></span> <span class='ocrx_word' id='word_1_853' title='bbox 2711 4843 2836 4912; x_wconf 90' lang='lat' dir='ltr'><strong>quia</strong></span> <span class='ocrx_word' id='word_1_854' title='bbox 2863 4843 2914 4898; x_wconf 89' lang='lat' dir='ltr'><strong>ei</strong></span> <span class='ocrx_word' id='word_1_855' title='bbox 2945 4842 3198 4899; x_wconf 89' lang='lat' dir='ltr'><strong>Sedecias</strong></span> <span class='ocrx_word' id='word_1_856' title='bbox 3246 4843 3452 4897; x_wconf 87' lang='lat' dir='ltr'><strong>amicus</strong></span> <span class='ocrx_word' id='word_1_857' title='bbox 3500 4853 3667 4904; x_wconf 87' lang='lat' dir='ltr'><strong>esset,</strong></span> 
     </span>
    </p>
   </div>
   <div class='ocr_carea' id='block_1_112' title="bbox 2104 4929 3668 4998">
    <p class='ocr_par' dir='ltr' id='par_1_112' title="bbox 2104 4929 3668 4998">
     <span class='ocr_line' id='line_1_112' title="bbox 2104 4929 3668 4998; baseline -0.001 -14"><span class='ocrx_word' id='word_1_858' title='bbox 2104 4940 2313 4998; x_wconf 90' lang='lat' dir='ltr'><strong>sumpta</strong></span> <span class='ocrx_word' id='word_1_859' title='bbox 2338 4931 2532 4984; x_wconf 90' lang='lat' dir='ltr'><strong>virtute</strong></span> <span class='ocrx_word' id='word_1_860' title='bbox 2555 4931 2790 4985; x_wconf 84' lang='lat' dir='ltr'><strong>maxima</strong></span> <span class='ocrx_word' id='word_1_861' title='bbox 2805 4931 3144 4996; x_wconf 87' lang='lat' dir='ltr'><strong>bellatorum,</strong></span> <span class='ocrx_word' id='word_1_862' title='bbox 3161 4933 3305 4986; x_wconf 85' lang='lat' dir='ltr'><strong>venit</strong></span> <span class='ocrx_word' id='word_1_863' title='bbox 3339 4932 3405 4985; x_wconf 89' lang='lat' dir='ltr'><strong>ad</strong></span> <span class='ocrx_word' id='word_1_864' title='bbox 3428 4929 3668 4985; x_wconf 70' lang='lat' dir='ltr'><strong>Judaeam</strong></span> 
     </span>
    </p>
   </div>
   <div class='ocr_carea' id='block_1_113' title="bbox 2103 5021 3664 5094">
    <p class='ocr_par' dir='ltr' id='par_1_113' title="bbox 2103 5021 3664 5094">
     <span class='ocr_line' id='line_1_113' title="bbox 2103 5021 3664 5094; baseline 0.001 -21"><span class='ocrx_word' id='word_1_865' title='bbox 2103 5021 2254 5089; x_wconf 91' lang='lat' dir='ltr'><strong>quasi</strong></span> <span class='ocrx_word' id='word_1_866' title='bbox 2293 5021 2412 5090; x_wconf 91' lang='lat' dir='ltr'><strong>ejus</strong></span> <span class='ocrx_word' id='word_1_867' title='bbox 2436 5021 2707 5076; x_wconf 89' lang='lat' dir='ltr'><strong>soluturus</strong></span> <span class='ocrx_word' id='word_1_868' title='bbox 2734 5023 3122 5078; x_wconf 86' lang='lat' dir='ltr'><strong>obsessionem.</strong></span> <span class='ocrx_word' id='word_1_869' title='bbox 3141 5024 3466 5094; x_wconf 79' lang='lat' dir='ltr'><strong>Babylonius</strong></span> <span class='ocrx_word' id='word_1_870' title='bbox 3487 5032 3664 5076; x_wconf 84' lang='lat' dir='ltr'><strong>autem</strong></span> 
     </span>
    </p>
   </div>
   <div class='ocr_carea' id='block_1_114' title="bbox 2105 5108 3666 5184">
    <p class='ocr_par' dir='ltr' id='par_1_114' title="bbox 2105 5108 3666 5184">
     <span class='ocr_line' id='line_1_114' title="bbox 2105 5108 3666 5184; baseline 0 -20"><span class='ocrx_word' id='word_1_871' title='bbox 2105 5111 2326 5164; x_wconf 89' lang='lat' dir='ltr'><strong>recessit</strong></span> <span class='ocrx_word' id='word_1_872' title='bbox 2363 5110 2432 5164; x_wconf 90' lang='lat' dir='ltr'><strong>ab</strong></span> <span class='ocrx_word' id='word_1_873' title='bbox 2461 5108 2809 5182; x_wconf 83' lang='lat' dir='ltr'><strong>Jerosolymis</strong></span> <span class='ocrx_word' id='word_1_874' title='bbox 2829 5153 2842 5176; x_wconf 93' lang='lat'><strong>,</strong></span> <span class='ocrx_word' id='word_1_875' title='bbox 2866 5121 2920 5168; x_wconf 90' lang='lat' dir='ltr'><strong>et</strong></span> <span class='ocrx_word' id='word_1_876' title='bbox 2947 5115 3183 5168; x_wconf 88' lang='lat' dir='ltr'><strong>occurrit</strong></span> <span class='ocrx_word' id='word_1_877' title='bbox 3210 5113 3478 5184; x_wconf 57' lang='lat' dir='ltr'><strong>IEgypliis</strong></span> <span class='ocrx_word' id='word_1_878' title='bbox 3509 5129 3522 5164; x_wconf 90' lang='lat'>:</span> <span class='ocrx_word' id='word_1_879' title='bbox 3553 5112 3666 5164; x_wconf 83' lang='lat' dir='ltr'><strong>Eis-</strong></span> 
     </span>
    </p>
   </div>
   <div class='ocr_carea' id='block_1_115' title="bbox 2103 5199 3665 5272">
    <p class='ocr_par' dir='ltr' id='par_1_115' title="bbox 2103 5199 3665 5272">
     <span class='ocr_line' id='line_1_115' title="bbox 2103 5199 3665 5272; baseline -0.001 -17"><span class='ocrx_word' id='word_1_880' title='bbox 2103 5213 2208 5268; x_wconf 89' lang='lat' dir='ltr'><strong>que</strong></span> <span class='ocrx_word' id='word_1_881' title='bbox 2252 5199 2560 5266; x_wconf 80' lang='lat' dir='ltr'><strong>congressis</strong></span> <span class='ocrx_word' id='word_1_882' title='bbox 2617 5201 2802 5269; x_wconf 78' lang='lat' dir='ltr'><strong>przelio</strong></span> <span class='ocrx_word' id='word_1_883' title='bbox 2843 5203 3134 5270; x_wconf 82' lang='lat' dir='ltr'><strong>superavit,</strong></span> <span class='ocrx_word' id='word_1_884' title='bbox 3169 5211 3224 5257; x_wconf 88' lang='lat' dir='ltr'><strong>et</strong></span> <span class='ocrx_word' id='word_1_885' title='bbox 3263 5218 3358 5258; x_wconf 87' lang='lat' dir='ltr'><strong>eos</strong></span> <span class='ocrx_word' id='word_1_886' title='bbox 3381 5203 3436 5256; x_wconf 92' lang='lat' dir='ltr'><strong>in</strong></span> <span class='ocrx_word' id='word_1_887' title='bbox 3484 5201 3665 5272; x_wconf 86' lang='lat' dir='ltr'><strong>fuga</strong></span> 
     </span>
    </p>
   </div>
   <div class='ocr_carea' id='block_1_116' title="bbox 2101 5289 3666 5364">
    <p class='ocr_par' dir='ltr' id='par_1_116' title="bbox 2101 5289 3666 5364">
     <span class='ocr_line' id='line_1_116' title="bbox 2101 5289 3666 5364; baseline 0.003 -21"><span class='ocrx_word' id='word_1_888' title='bbox 2101 5305 2288 5345; x_wconf 86' lang='lat' dir='ltr'><strong>versos</strong></span> <span class='ocrx_word' id='word_1_889' title='bbox 2326 5291 2391 5345; x_wconf 91' lang='lat' dir='ltr'><strong>de</strong></span> <span class='ocrx_word' id='word_1_890' title='bbox 2423 5289 2580 5360; x_wconf 87' lang='lat' dir='ltr'><strong>Syria</strong></span> <span class='ocrx_word' id='word_1_891' title='bbox 2625 5293 2802 5361; x_wconf 84' lang='lat' dir='ltr'><strong>coegit</strong></span> <span class='ocrx_word' id='word_1_892' title='bbox 2851 5293 3018 5348; x_wconf 82' lang='lat' dir='ltr'><strong>exire.</strong></span> <span class='ocrx_word' id='word_1_893' title='bbox 3047 5295 3288 5364; x_wconf 90' lang='lat' dir='ltr'><strong>Dumque</strong></span> <span class='ocrx_word' id='word_1_894' title='bbox 3339 5293 3666 5349; x_wconf 78' lang='lat' dir='ltr'><strong>excessisset</strong></span> 
     </span>
    </p>
   </div>
   <div class='ocr_carea' id='block_1_117' title="bbox 2100 5379 3663 5455">
    <p class='ocr_par' dir='ltr' id='par_1_117' title="bbox 2100 5379 3663 5455">
     <span class='ocr_line' id='line_1_117' title="bbox 2100 5379 3663 5455; baseline 0.003 -24"><span class='ocrx_word' id='word_1_895' title='bbox 2100 5379 2512 5450; x_wconf 90' lang='lat' dir='ltr'><strong>Babyloniorum</strong></span> <span class='ocrx_word' id='word_1_896' title='bbox 2552 5396 2644 5434; x_wconf 81' lang='lat' dir='ltr'><strong>rex</strong></span> <span class='ocrx_word' id='word_1_897' title='bbox 2688 5383 2755 5436; x_wconf 88' lang='lat' dir='ltr'><strong>ab</strong></span> <span class='ocrx_word' id='word_1_898' title='bbox 2797 5381 3165 5455; x_wconf 82' lang='lat' dir='ltr'><strong>Jerosolymis,</strong></span> <span class='ocrx_word' id='word_1_899' title='bbox 3194 5386 3518 5454; x_wconf 88' lang='lat' dir='ltr'><strong>deceperunt</strong></span> <span class='ocrx_word' id='word_1_900' title='bbox 3542 5383 3663 5438; x_wconf 83' lang='lat' dir='ltr'><strong>falsi</strong></span> 
     </span>
    </p>
   </div>
   <div class='ocr_carea' id='block_1_118' title="bbox 2101 5472 3658 5547">
    <p class='ocr_par' dir='ltr' id='par_1_118' title="bbox 2101 5472 3658 5547">
     <span class='ocr_line' id='line_1_118' title="bbox 2101 5472 3658 5547; baseline 0.004 -22"><span class='ocrx_word' id='word_1_901' title='bbox 2101 5473 2375 5541; x_wconf 78' lang='lat' dir='ltr'><strong>pr0pheue</strong></span> <span class='ocrx_word' id='word_1_902' title='bbox 2425 5472 2704 5528; x_wconf 87' lang='lat' dir='ltr'><strong>Sedeciam</strong></span> <span class='ocrx_word' id='word_1_903' title='bbox 2762 5476 3004 5532; x_wconf 87' lang='lat' dir='ltr'><strong>dicentes</strong></span> <span class='ocrx_word' id='word_1_904' title='bbox 3038 5495 3050 5530; x_wconf 92' lang='lat'><strong>:</strong></span> <span class='ocrx_word' id='word_1_905' title='bbox 3087 5478 3212 5546; x_wconf 87' lang='lat' dir='ltr'><strong>quia</strong></span> <span class='ocrx_word' id='word_1_906' title='bbox 3264 5493 3438 5546; x_wconf 89' lang='lat' dir='ltr'><strong>neque</strong></span> <span class='ocrx_word' id='word_1_907' title='bbox 3483 5477 3658 5547; x_wconf 84' lang='lat' dir='ltr'><strong>Baby—</strong></span> 
     </span>
    </p>
   </div>
   <div class='ocr_carea' id='block_1_119' title="bbox 2099 5563 3658 5639">
    <p class='ocr_par' dir='ltr' id='par_1_119' title="bbox 2099 5563 3658 5639">
     <span class='ocr_line' id='line_1_119' title="bbox 2099 5563 3658 5639; baseline 0.004 -23"><span class='ocrx_word' id='word_1_908' title='bbox 2099 5563 2270 5618; x_wconf 80' lang='lat' dir='ltr'><strong>lonios</strong></span> <span class='ocrx_word' id='word_1_909' title='bbox 2321 5564 2494 5618; x_wconf 87' lang='lat' dir='ltr'><strong>denuo</strong></span> <span class='ocrx_word' id='word_1_910' title='bbox 2548 5574 2735 5619; x_wconf 88' lang='lat' dir='ltr'><strong>contra</strong></span> <span class='ocrx_word' id='word_1_911' title='bbox 2781 5583 2904 5622; x_wconf 91' lang='lat' dir='ltr'><strong>eum</strong></span> <span class='ocrx_word' id='word_1_912' title='bbox 2949 5583 3206 5639; x_wconf 83' lang='lat' dir='ltr'><strong>pugnare,</strong></span> <span class='ocrx_word' id='word_1_913' title='bbox 3254 5571 3344 5624; x_wconf 83' lang='lat' dir='ltr'><strong>sed</strong></span> <span class='ocrx_word' id='word_1_914' title='bbox 3374 5568 3658 5624; x_wconf 71' lang='lat' dir='ltr'><strong>conﬂibuli</strong></span> 
     </span>
    </p>
   </div>
   <div class='ocr_carea' id='block_1_120' title="bbox 2098 5655 3655 5732">
    <p class='ocr_par' dir='ltr' id='par_1_120' title="bbox 2098 5655 3655 5732">
     <span class='ocr_line' id='line_1_120' title="bbox 2098 5655 3655 5732; baseline 0.003 -24"><span class='ocrx_word' id='word_1_915' title='bbox 2098 5670 2280 5708; x_wconf 88' lang='lat' dir='ltr'><strong>eorum</strong></span> <span class='ocrx_word' id='word_1_916' title='bbox 2313 5669 2445 5723; x_wconf 86' lang='lat' dir='ltr'><strong>quos</strong></span> <span class='ocrx_word' id='word_1_917' title='bbox 2473 5655 2538 5710; x_wconf 89' lang='lat' dir='ltr'><strong>de</strong></span> <span class='ocrx_word' id='word_1_918' title='bbox 2594 5659 2864 5726; x_wconf 87' lang='lat' dir='ltr'><strong>provincia</strong></span> <span class='ocrx_word' id='word_1_919' title='bbox 2912 5662 2978 5716; x_wconf 92' lang='lat' dir='ltr'><strong>ad</strong></span> <span class='ocrx_word' id='word_1_920' title='bbox 3004 5661 3348 5732; x_wconf 77' lang='lat' dir='ltr'><strong>Babyloniam</strong></span> <span class='ocrx_word' id='word_1_921' title='bbox 3393 5661 3655 5730; x_wconf 80' lang='lat' dir='ltr'><strong>demigra-</strong></span> 
     </span>
    </p>
   </div>
  </div>
