4044 6326
313 321 457 380 ηπ

1180 313 1538 374 EXPOSITIO
1579 312 1802 368 SUPER
1841 311 2204 366 JEREMIAM.
2243 339 2316 352 -—
2351 309 2476 364 LIB.
2518 307 2653 367 XIII.

3392 303 3534 364 1078

308 441 522 499 verunt,
549 446 670 489 cum
694 430 791 487 Dei
819 429 962 485 vasis
983 428 1252 486 omnibus.
1285 443 1405 496 quae
1439 441 1533 480 rex
1576 425 1770 479 tulerat
1799 423 1865 476 ad
1894 431 1939 485 Α
1973 441 1990 472 ι
2022 436 2151 490 ergo
2187 420 2333 484 audi,
2355 419 2602 482 obsecro,
2636 416 2858 471 Domine
2890 416 2964 469 mi
2990 431 3106 480 rex,
3139 414 3317 470 valeat
3340 415 3538 484 deprc-

310 529 413 582 hoc
448 522 701 593 templum
744 529 1162 576 reverterentur.
1194 518 1302 572 Sed
1337 517 1600 571 Jercmias
1629 515 1714 570 his
1743 530 1870 569 con-

311 615 474 670 traria
508 621 670 683 atque
693 627 841 677 vera,
871 612 1139 666 transiens
1162 610 1215 663 in
1246 608 1479 662 medium
1502 605 1868 676 puophetavit,

310 706 533 759 dicens:
567 705 707 773 quod
745 703 884 757 male
927 700 1144 770 quidem
1193 698 1435 753 facerent
1484 696 1582 761 illi,
1631 694 1723 763 qui
1757 693 1902 763 regi.

311 796 439 850 talia
468 794 732 857 dicerent,
761 791 973 861 quando
995 805 1093 859 per
1131 787 1414 858 Egyptios
1449 784 1584 839 nihil
1630 782 1873 851 adjuvari

311 893 548 956 possent,
578 899 720 954 quos
735 884 919 952 utique
947 880 1234 935 deviucens
1259 875 1564 947 Babylonius
1581 890 1677 930 rex
1702 875 1755 928 in
1779 870 1872 926 Je-

313 977 581 1046 rosolyma
633 981 918 1038 remearet,
971 985 1195 1039 eamque
1235 968 1450 1024 fortiter
1495 967 1789 1030 obsideret,
1821 972 1875 1019 et

313 1066 566 1136 populum
610 1064 752 1118 fame
795 1068 1194 1132 corrumperet,
1234 1075 1297 1114 ac
1350 1057 1585 1127 reliquos
1635 1057 1877 1127 captivos

313 1155 604 1210 abduceret
630 1142 1062 1220 substantiasque
1103 1150 1379 1218 diriperet,
1429 1147 1589 1203 simul
1611 1155 1666 1202 et
1689 1146 1877 1216 templi

315 1245 527 1301 divitias
576 1243 923 1306 exhauriret,
962 1248 1015 1296 et
1058 1254 1182 1294 eum
1222 1239 1440 1307 insuper
1483 1244 1874 1300 concremaret,

313 1335 694 1404 civitatemque
735 1334 1064 1388 obruerent:
1094 1340 1148 1386 et
1182 1339 1364 1386 essent
1414 1329 1659 1384 servituti
1703 1327 1878 1399 Baby-

315 1426 453 1482 lonis
491 1423 601 1495 regi
638 1423 859 1494 ejusque
904 1421 1184 1491 nep0tibus
1221 1421 1379 1474 annis
1423 1419 1798 1490 septuaginta:
1826 1426 1884 1473 et

315 1517 384 1572 ad
412 1517 550 1572 hanc
604 1521 908 1570 remeantes
948 1515 1135 1568 urbem
1179 1511 1496 1566 :cdiﬁcaturi
1535 1518 1717 1566 essent
1747 1517 1881 1564 tem-

314 1606 460 1676 plum
484 1621 670 1661 rursus
697 1614 750 1660 et
775 1603 1160 1674 Jerosolymam
1195 1602 1370 1658 denuo
1404 1600 1726 1670 reparaturi.
1755 1597 1882 1654 Haec

317 1697 527 1752 dicente
553 1693 807 1762 Ieremia,
837 1692 1054 1764 plurimi
1099 1692 1313 1761 quidem
1344 1689 1707 1755 crediderunt,
1734 1687 1881 1760 prin-

1975 530 1993 562 ε
2023 511 2166 566 catio
2190 525 2304 565 mea
2345 511 2396 564 in
2436 516 2724 578 conspectu
2754 515 2864 570 tuo,
2905 514 2961 560 et
2984 521 3051 561 ne
3084 507 3326 562 remittas
3368 521 3454 561 me
3480 507 3537 561 in

1975 623 1994 655 ς
2030 603 2247 658 domum
2274 600 2540 654 Jonathan
2562 599 2880 662 scribamus
2905 598 3107 652 moriar
3140 598 3232 651 ibi.
3279 597 3541 668 Praecepit

1977 710 1995 744 ι
2030 706 2158 760 ergo
2185 706 2280 745 rex
2320 690 2572 744 Sedecias
2598 697 2659 743 ut
2697 688 3002 744 traderetur
3042 686 3305 744 Je'remias
3345 689 3399 741 in
3440 702 3544 742 γρ·-

1977 800 1995 832 ‹
2027 780 2244 846 stibulo,
2273 789 2329 834 et
2366 782 2584 834 daretur
2610 780 2661 834 ei
2689 786 2829 834 torta
2861 778 3018 848 panis
3051 778 3288 848 quotidie
3312 786 3562 847 excepto:

1979 891 1998 922 ι
2034 872 2330 941 pulmento,
2364 871 2536 927 donec
2566 877 3015 926 consumerentur
3039 883 3228 924 omnes
3269 883 3434 938 panes
3472 868 3559 922 de.-

1979 979 1997 1012 ι
2033 960 2270 1015 civitate.
2305 960 2372 1014 Et
2400 960 2599 1015 mansit
2619 958 2884 1015 Jeremias
2906 960 2962 1014 in
2987 958 3254 1014 vestibulo
3277 958 3570 1022 carceris,.

1979 1067 1999 1101 ε
2032 1059 2136 1103 etc.
2173 1068 2192 1102 ι
2223 1049 2375 1116 Quod
2417 1047 2668 1104 Sedecias
2713 1048 3001 1104 Jeremiam
3033 1064 3159 1104 non:
3186 1057 3396 1118 sponte,
3445 1047 3557 1103 sed.

1974 1138 2027 1193 vi
2064 1138 2243 1208 populi
2287 1145 2532 1204 coactus,
2561 1145 2618 1194 et
2661 1147 2852 1209 rogatu
2899 1138 3202 1208 principum
3233 1139 3288 1192 in
3343 1137 3546 1192 calum-.

1976 1229 2122 1282 niam
2147 1226 2513 1300 [profundum]
2537 1231 2772 1283 carceris
2808 1228 3076 1292 mitteret,
3093 1226 3296 1282 frustra
3321 1226 3538 1296 quidam
3561 1271 3565 1274 .

1975 1334 2098 1374 eum
2137 1329 2440 1375 excusant:
2490 1321 2618 1375 illud
2663 1321 2732 1376 ad
2765 1319 3231 1376 conﬁrmationem
3271 1319 3612 1390 opinionis-~

1977 1425 2088 1464 stlte
2110 1410 2698 1480 introducentes,.quod
2726 1411 2799 1476 ei,
2825 1411 2998 1481 quasi.
3022 1411 3112 1479 pio
3135 1409 3330 1465 aﬁ'eetu
3355 1410 3413 1464 in.
3439 1423 3541 1463 ne-

1979 1500 2233 1555 cessitate
2255 1501 2501 1554 maximae
2541 1500 2699 1555 famis
2715 1499 2939 1569 jusserit
2964 1499 3169 1556 cibaria
3195 1501 3345 1565 dare,
3370 1499 3559 1554 donec.

1978 1598 2424 1644 consumerentur
2461 1605 2648 1646 omnes
2679 1606 2850 1660 panes
2888 1591 2956 1646 de
2991 1592 3249 1646 civitate:
3280 1591 3405 1644 dum
3433 1588 3543 1653 ille,

1980 1679 2072 1747 qui
2102 1678 2210 1733 Deo
2257 1678 2488 1734 inﬁdelis
2533 1686 2590 1733 et
2621 1680 2922 1734 contrarius
2963 1678 3080 1740 fuit,
3138 1679 3340 1734 homini
3385 1678 3560 1732 ﬁdem,

315 1785 464 1854 cipes
495 1792 670 1838 autem
702 1791 755 1836 et
805 1781 954 1851 impii
1005 1779 1302 1835 excessisse
1345 1793 1468 1832 eum
1506 1792 1535 1831 a
1571 1791 1666 1831 sua
1696 1785 1878 1831 mente
1908 1765 1954 1824 Β
1981 1767 2218 1838 perfacw
2251 1784 2470 1829 servnre
2507 1784 2612 1824 non
2641 1771 2872 1838 potuerit
2897 1787 2910 1824 :
2936 1770 3188 1839 quoniam
3211 1769 3364 1838 juxta
3397 1766 3542 1822 veri-

318 1872 588 1935 dicebant,
636 1884 864 1938 eumque
909 1870 1007 1923 sub
1051 1869 1150 1922 hoc
1179 1866 1362 1921 fomite
1395 1863 1704 1936 [praatextu]
1735 1863 1879 1918 deri-

319 1961 536 2016 dehant.
580 1960 746 2029 igitur
773 1973 895 2014 cum
927 1959 973 2012 ei
1021 1957 1308 2028 placuisset
1328 1957 1395 2010 ad
1430 1955 1662 2026 patriam
1691 1968 1884 2024 prope-

319 2052 462 2111 rare;
494 2061 612 2114 qua:
638 2044 833 2098 dicitur
861 2043 1098 2096 Anathot
1138 2050 1356 2096 centum
1400 2039 1740 2110 septuaginta
1772 2047 1884 2094 sta-

320 2141 425 2196 diis
443 2137 625 2208 procul
653 2137 720 2191 ah
748 2135 1094 2206 Jerosolymis
1116 2134 1426 2188 constituta.
1452 2131 1734 2186 lnveniens
1757 2145 1883 2184 eum

319 2230 374 2284 in
394 2230 585 2283 itinere
613 2225 829 2296 quidam
875 2224 1201 2294 principum,
1245 2223 1698 2291 comprehensum
1743 2220 1879 2275 deti-

319 2317 436 2372 nuit
485 2315 806 2371 calumniam
856 2313 1059 2368 faciens
1118 2312 1190 2378 ei,
1245 2311 1400 2380 quasi
1443 2310 1509 2364 ad
1560 2309 1886 2380 Babylonios

319 2408 459 2462 iret:
490 2405 582 2461 ille
626 2420 753 2461 vero
792 2403 1004 2458 mentiri
1034 2402 1251 2471 quidem
1299 2401 1449 2456 illum
1494 2410 1550 2456 et
1595 2399 1884 2456 calumniae

319 2495 420 2550 sibi
445 2495 651 2549 crimen
703 2492 963 2547 fallaciter
1010 2478 1228 2556 inferre,
1269 2504 1327 2544 se
1352 2505 1482 2544 vero
1533 2489 1601 2544 ad
1644 2487 1900 2558 patriam.

317 2603 608 2660 properare
656 2587 887 2642 dicebat.
919 2585 1020 2652 Qui
1069 2584 1137 2638 ad
1186 2585 1300 2638 haec
1328 2583 1491 2637 verba
1538 2598 1645 2637 non
1691 2580 1907 2647 ﬁexus,.

318 2679 558 2735 vinctum
585 2676 805 2732 deduxit
843 2675 912 2730 ad
940 2674 1188 2729 Judicum
1242 2673 1576 2742 magistrum.
1614 2671 1659 2725 Α
1692 2672 1887 2741 quibus

319 2768 502 2824 omnia
543 2769 768 2822 verbera
821 2775 875 2820 et
909 2773 1172 2819 tormenta
1221 2779 1506 2834 perpessus
1536 2803 1552 2829 ,
1604 2764 1672 2833 ad
1737 2764 1886 2819 necis

321 2856 642 2927 supplicium
689 2855 1065 2911 reservabatur
1099 2854 1226 2923 :qui
1254 2869 1351 2922 per
1374 2853 1640 2922 quoddam
1675 2863 1888 2924 tempus

320 2953 460 3017 haec,
487 2965 605 3020 qua:
634 2948 983 3020 praediximus
1031 2946 1228 3015 injuste
1263 2949 1534 3003 sustinuit.
1561 2949 1717 3004 Anno
1755 2965 1886 3006 vero

319 3055 460 3097 nono
509 3039 788 3096 Sedechiae
841 3039 982 3109 regis
1033 3039 1241 3094 decimo
1287 3040 1391 3104 die,
1441 3041 1644 3113 mensis
1691 3041 1885 3096 decimi

1985 1859 2114 1914 tatis
2146 1860 2466 1914 sententiam
2497 1900 2512 1925 ,
2556 1862 2648 1930 qui
2691 1859 2745 1928 in
2791 1860 3013 1915 minimo
3054 1859 3226 1914 ﬁdelis
3264 1867 3366 1923 est,
3411 1865 3466 1912 et
3491 1857 3568 1910 in

1983 1949 2174 2018 majori
2223 1949 2393 2004 ﬁdelis
2434 1958 2555 2004 est:
2585 1957 2640 2005 et
2671 1973 2689 2000 ι
2731 1949 2820 2018 qui
2855 1951 2909 2004 in
2949 1948 3160 2004 modico
3202 1949 3414 2018 iniquus
3441 1957 3568 2012 est...

1983 2047 2040 2095 et
2069 2041 2122 2094 in
2173 2041 2377 2110 majore
2403 2039 2617 2109 iniquus
2660 2048 2744 2099 est
2785 2039 2936 2110 (Luc.
2965 2039 3099 2111 xvi).
3131 2059 3150 2091 ι
3181 2037 3361 2093 Claret
3401 2037 3546 2092 enim

1985 2133 2040 2189 in
2071 2133 2322 2201 operibus
2350 2131 2487 2200 ejus,
2513 2134 2655 2203 quod
2703 2148 2876 2203 neque
2898 2134 2952 2188 in
2989 2133 3084 2189 Dei
3113 2134 3327 2198 timore,
3374 2147 3549 2202 neque

1984 2225 2041 2278 in
2066 2223 2297 2292 proximi
2330 2223 2614 2278 dilectione
2649 2223 2849 2293 aliquid
2874 2223 2984 2278 Deo
3004 2232 3154 2293 grate
3179 2223 3369 2293 egerit,
3394 2232 3451 2276 et
3478 2223 3548 2276 ob

1985 2313 2090 2368 hoc
2120 2313 2365 2367 meritam
2401 2313 2686 2368 vindictam
2731 2320 3084 2383 peccatorum.
3121 2327 3343 2368 suorum
3387 2312 3454 2367 ah
3483 2306 3584 2364 eo."

1986 2404 2306 2474 susceperit.

2506 2495 2729 2552 CAPUT
2756 2495 3037 2553 XXXVIII.

1989 2602 2258 2670 Qua'ritur
2276 2603 2532 2657 Jeremias
2558 2604 2625 2656 ad
2647 2613 2883 2669 mortem,
2914 2604 3395 2658 mittilurinlacum
3419 2602 3544 2670 luti,

2056 2690 2120 2754 ea:
2145 2690 2246 2754 quo
2268 2673 2331 2736 ab
2363 2673 2700 2728 Abdemeleclt
2735 2675 3044 2739 extrahitur,
3071 2685 3120 2728 et
3142 2675 3390 2745 prwdicat
3421 2675 3579 2744 regi,..

2056 2753 2110 2795 ut
2140 2753 2307 2812 prius.
3417 2815 3419 2818 j

2060 2874 2077 2906 ι
2109 2855 2178 2908 Et
2198 2854 2450 2910 dixerunt
2484 2854 2752 2923 principes
2779 2855 2912 2926 regi.
2945 2854 3217 2924 Rogamus
3243 2862 3374 2909 teut
3403 2852 3550 2910 occi'-

1991 2963 2020 2996 ι.
2046 2946 2206 3001 datur
2242 2945 2404 3001 homo
2429 2946 2550 3000 iste.
2579 2947 2653 2999 De
2697 2945 2957 3001 industria
2980 2947 3124 3002 enim
3151 2947 3395 3002 dissolvit
3436 2961 3552 3000 ma-

1993 3053 2013 3087 ι
2049 3052 2150 3091 nus
2183 3036 2419 3090 virorum
2449 3036 2784 3101 bellantium,
2824 3037 2934 3105 qui.
2962 3045 3339 3093 remanserunt
3385 3039 3441 3092 in
3470 3037 3551 3092 Ci?

316 3129 571 3185 vicesima
617 3127 872 3194 secunda,
896 3129 1202 3201 Babyloniae
1233 3145 1329 3184 rex
1373 3131 1440 3184 ad
1491 3128 1884 3201 Jerosolymam
1913 3114 1956 3177 C
1994 3145 2013 3178 ε
2042 3125 2206 3181 vitate
2243 3126 2364 3191 hac,
2407 3133 2463 3182 et
2511 3141 2702 3181 manus
2734 3127 2971 3182 universi
2997 3128 3195 3198 populi,
3230 3129 3455 3198 loquens
3485 3130 3552 3183 ad

317 3228 494 3274 castra
533 3226 766 3274 metatus
812 3229 916 3284 est,
957 3227 1011 3274 et
1037 3219 1229 3274 sedens
1261 3220 1405 3275 circa
1452 3236 1572 3276 eam
1617 3223 1800 3278 decem
1830 3231 1888 3278 et

316 3317 439 3365 octo
465 3325 701 3377 menses,
751 3326 874 3364 cum
923 3310 1099 3366 studio
1134 3326 1342 3382 magnze
1391 3312 1606 3368 virtutis
1625 3313 1834 3369 obsedit
1867 3331 1881 3368 :

319 3403 683 3470 obsessosque
707 3401 1242 3472 .lerosolymitas-duo
1264 3403 1401 3456 mala
1433 3403 1539 3457 alia
1566 3412 1620 3459 et
1649 3405 1883 3459 maxima

319 3489 710 3559 deprimebant,
742 3493 914 3546 morbi
960 3492 1187 3562 languor
1215 3500 1268 3546 et
1297 3492 1466 3548 fames
1488 3496 1566 3548 eis
1598 3495 1885 3550 vehemen-

320 3588 402 3636 ter
429 3579 700 3635 insistens.
735 3581 998 3636 Jeremias
1033 3598 1160 3651 vero
1216 3585 1478 3653 prepheta
1507 3601 1628 3640 cum
1653 3595 1798 3641 esset
1830 3587 1886 3641 in

319 3668 584 3730 custodia.
614 3685 720 3725 non
743 3672 1007 3736 cessabat,
1050 3673 1143 3726 sed
1172 3673 1435 3728 clamabat
1462 3684 1517 3728 et
1563 3676 1889 3744 praedicabat

321 3767 506 3828 aperte
532 3761 797 3814 monendo
835 3761 1110 3830 populum,
1137 3771 1195 3816 ut
1248 3777 1427 3832 regem
1472 3763 1886 3834 Babyloniorum

320 3857 505 3915 portas
547 3849 852 3919 aperientes
881 3851 1228 3920 exciperent:
1275 3850 1387 3906 lloc
1415 3853 1558 3906 enim
1601 3852 1763 3918 facto,
1794 3869 1889 3909 eos

320 3952 443 3991 cum
488 3937 634 3992 omni
682 3937 841 3992 domo
887 3954 1043 4008 posse
1074 3939 1290 4005 salvari,
1341 3939 1576 4010 alioquin
1632 3942 1887 3997 radicitus

321 4027 616 4092 asserebat,
665 4028 863 4082 evelli:
895 4030 1326 4100 praedicabatque
1365 4032 1591 4100 pariter,
1633 4033 1888 4101 quoniam

321 4121 364 4174 si
394 4121 485 4190 qui
543 4123 839 4178 manserint
869 4123 922 4177 in
963 4124 1205 4191 civitate,
1236 4125 1456 4181 omnino
1502 4127 1758 4196 perirent,
1795 4136 1890 4182 aut

321 4211 464 4266 fame
502 4214 823 4282 consumpti,
858 4223 949 4269 aut
989 4215 1179 4286 gladiis
1226 4209 1504 4282 hostium;
1553 4219 1600 4273 si
1645 4233 1774 4274 vero
1820 4218 1887 4273 ad

320 4304 503 4358 hostes
539 4302 909 4376 confugerent,
935 4315 991 4362 et
1017 4307 1264 4363 inimicos
1287 4316 1344 4363 et
1367 4317 1599 4365 mortem
1624 4312 1886 4381 quodam-

319 4394 480 4448 modo
507 4394 864 4450 declinarent.

393 4500 412 4532 ι
448 4481 805 4548 Quamobrem
857 4485 981 4538 irati
1026 4485 1294 4555 principes
1334 4497 1521 4543 contra
1566 4481 1924 4560 Jeremiamﬂ

324 4587 345 4620 ι
377 4583 574 4622 czesum
594 4586 718 4623 eum
744 4571 1005 4626 miserunt
1018 4571 1071 4625 in
1087 4576 1621 4646 carcerem,quierat
1646 4579 1699 4632 in
1725 4581 1884 4636 domo

325 4677 346 4711 ε
383 4657 649 4715 Jonathan
665 4661 856 4715 scriba:
891 4677 905 4715 :
935 4663 1048 4732 ipse
1062 4665 1203 4716 enim
1233 4667 1554 4735 praepositus
1577 4678 1696 4723 erat
1723 4685 1884 4741 super

324 4768 344 4801 ι
373 4762 669 4804 carcerem.
699 4747 885 4817 Itaque
907 4750 1174 4820 ingressus
1195 4761 1278 4807 est
1305 4751 1568 4812 Jeremias
1589 4757 1644 4812 in
1668 4758 1881 4813 domum

323 4861 344 4894 ε
380 4842 482 4897 laci
509 4841 562 4895 in
588 4839 876 4909 ergastulo,
906 4850 960 4896 et
988 4842 1126 4898 sedit
1153 4843 1226 4898 ibi
1249 4843 1514 4902 Jeremias
1536 4848 1724 4904 diebus
1748 4851 1884 4904 mul-

323 4954 343 4986 ί
379 4934 468 4989 tis.
499 4931 714 4986 Mittens
737 4940 914 4984 autem
943 4947 1036 4987 rex
1070 4933 1357 4992 Sedechias
1391 4938 1513 4992 tulit
1545 4954 1687 5002 eum,
1716 4950 1770 4996 et
1796 4943 1881 4996 in-

323 5043 343 5075 α
385 5021 673 5093 terrogavit
697 5022 750 5076 in
775 5021 934 5078 domo
949 5039 1043 5076 sua
1072 5025 1401 5093 abscondite,
1428 5038 1484 5082 et
1501 5029 1666 5084 dixit:
1697 5031 1886 5087 Putas-

327 5136 345 5169 ε
384 5131 451 5172 ne
474 5125 558 5171 est
578 5130 755 5170 sermo
779 5130 810 5169 a
834 5115 1103 5170 Domino?
1128 5117 1193 5170 Et
1213 5118 1346 5173 dixit
1373 5118 1656 5187 Jeremias,
1694 5131 1795 5177 est.
1815 5123 1884 5179 Et

324 5228 346 5262 ς
387 5211 506 5264 ait-:
537 5209 594 5264 in
633 5223 822 5263 manus
869 5210 1011 5279 regis
1037 5209 1322 5280 Babylonis
1351 5212 1598 5267 traderis.
1640 5213 1707 5267 Et
1746 5215 1882 5271 dixit

325 5318 349 5350 ε·
377 5298 636 5354 Jeremias
663 5299 730 5354 ad
770 5314 948 5369 regem
992 5298 1266 5354 Sedeciam
1302 5318 1314 5354 :
1343 5301 1482 5368 Quid
1514 5304 1733 5372 peccavi
1761 5305 1881 5372 tibi,

325 5407 350 5439 ι
382 5396 436 5443 et
457 5389 627 5444 servis
655 5389 781 5455 tuis,
829 5398 885 5445 et
916 5390 1110 5460 populo
1140 5398 1262 5456 tuo,
1310 5393 1438 5462 quia
1479 5394 1672 5450 misisti
1699 5410 1784 5451 me
1826 5397 1883 5452 in

326 5499 347 5532 ι
378 5481 594 5536 domum
618 5480 889 5536 carceris?
917 5481 1018 5537 Ubi
1068 5490 1195 5538 sunt
1236 5484 1508 5555 propheta:
1549 5488 1744 5553 vestri,
1791 5489 1883 5559 qui

329 5585 349 5619 ι
384 5568 773 5638 prophetahant
821 5572 988 5636 vobis,
1043 5581 1096 5627 et
1119 5573 1406 5629 dicebant:
1438 5575 1556 5630 Non
1578 5578 1758 5634 veniet
1787 5594 1882 5634 rex

331 5677 354 5710 ι
385 5659 668 5720 Babvlonis
696 5676 856 5728 super
878 5678 972 5716 vos
1021 5672 1075 5718 ct
1113 5681 1274 5735 super
1313 5674 1511 5722 terram
1558 5669 1732 5725 hanc?
1765 5671 1882 5728 Non

1990 3235 2010 3266 ε
2041 3229 2153 3281 eos,
2197 3215 2354 3285 juxta
2407 3215 2520 3270 haec
2567 3215 2728 3270 verba
2765 3234 2780 3270 :
2817 3215 3091 3287 Siquidem
3122 3220 3280 3274 homo
3309 3221 3398 3275 hic
3444 3235 3551 3274 non

1990 3323 2009 3356 ‹
2043 3305 2236 3375 quaerit
2282 3320 2471 3376 pacem
2500 3306 2679 3376 populi
2726 3307 2906 3378 hujus,
2954 3309 3049 3364 sed
3081 3309 3301 3364 malum.
3332 3309 3398 3363 Et
3419 3310 3555 3365 dixit

1991 3413 2009 3446 ι
2043 3394 2299 3450 Sedecias
2330 3414 2342 3448 :
2390 3396 2528 3450 Ecce
2554 3397 2610 3450 in
2641 3397 2888 3452 manibus
2929 3399 3126 3454 vestris
3155 3398 3269 3467 ipse
3309 3407 3412 3463 est,
3451 3413 3543 3452 nec

1991 3504 2010 3536 ι
2045 3487 2189 3541 enim
2218 3485 2302 3541 fas
2331 3496 2415 3542 est
2443 3503 2624 3559 regem
2657 3490 2808 3543 vobis
2857 3489 3150 3558 quidquam
3186 3506 3404 3561 negare.
3440 3490 3548 3545 Tu-

1993 3593 2011 3626 ι
2045 3575 2362 3646 leruntergo
2379 3576 2690 3645 Jeremiam,
2713 3589 2768 3634 et
2787 3579 3268 3649 projecerunteum
3291 3582 3343 3635 in
3370 3581 3552 3637 laeum

1992 3685 2011 3719 ι
2044 3665 2277 3721 ΗΘῙΟΙΙῘὶΕ
2290 3667 2382 3721 ﬁlii
2404 3667 2683 3734 Amalech,
2701 3670 2790 3738 qui
2803 3680 2920 3724 erat
2941 3671 2996 3725 in
3018 3671 3280 3726 vestibulo
3299 3672 3555 3737 careeris.

1993 3777 2011 3810 ι
2049 3768 2104 3814 et
2126 3758 2492 3812 submiserunt
2524 3759 2811 3815 Jeremiam
2847 3761 2900 3814 in
2927 3752 3170 3827 funibus;
3194 3770 3249 3815 et
3269 3762 3324 3816 in
3353 3761 3552 3827 lacum,

1991 3867 2011 3900 ε
2045 3849 2100 3903 in
2124 3863 2229 3916 quo
2262 3863 2369 3902 non
2393 3857 2511 3904 erat
2535 3864 2694 3918 aqua,
2726 3851 2821 3906 sed
2848 3851 3042 3906 lutum.
3065 3853 3350 3908 Descendit
3370 3853 3554 3922 itaque

1992 3957 2011 3990 ‹
2044 3937 2306 3993 Jeremias
2343 3938 2397 3992 in
2432 3953 2664 3994 caenum.
2699 3939 3040 4012 1(Maunus.)
3068 3941 3167 3996 Hic
3195 3949 3366 4010 patet,
3409 3942 3553 4012 quod

1987 4026 2241 4084 Sedecias
2285 4028 2342 4082 in
2387 4027 2677 4084 leremiam
2727 4045 2834 4084 non
2886 4030 3098 4085 sincero
3143 4030 3337 4087 affectu
3387 4033 3552 4088 mise-

1986 4119 2275 4175 ricordiam
2319 4119 2683 4189 impendebat.
2727 4121 2832 4187 Qui
2864 4122 2912 4176 si
2958 4137 3084 4178 vere
3108 4138 3232 4179 eum
3277 4125 3545 4196 diligeret,

1985 4209 2226 4278 nunduid
2254 4209 2324 4264 ob
2348 4208 2588 4264 favorem
2626 4225 2724 4266 seu
2758 4211 3003 4268 timorem
3027 4213 3326 4283 principum
3355 4215 3408 4269 in
3433 4228 3547 4284 pte-

1984 4314 2110 4356 nam
2137 4299 2376 4354 carceris
2429 4301 2750 4356 trudendum
2792 4303 2897 4358 illis
2942 4303 3222 4359 traderet?
3247 4304 3314 4360 Et
3352 4305 3423 4361 ob
3448 4305 3551 4360 hoc

1987 4389 2318 4446 infructuosa
2347 4389 2464 4459 ejus
2503 4392 2605 4448 fuit
2657 4394 2907 4450 simulata
2954 4396 3250 4464 miseratio,
3304 4397 3447 4453 sicut
3494 4407 3554 4452 et

1984 4479 2166 4546 Pilati,
2211 4481 2306 4552 qui
2335 4483 2389 4536 in
2419 4484 2668 4551 passione
2695 4485 2905 4542 Domini
2957 4496 3178 4557 accepta
3205 4503 3344 4558 aqua
3365 4503 3554 4544 coram

1984 4570 2130 4624 omni
2165 4571 2360 4641 populo
2387 4571 2518 4626 lavit
2561 4589 2753 4629 manus
2799 4590 2928 4631 suas
2972 4578 3157 4634 dicens
3190 4596 3218 4631 ε.
3245 4579 3555 4635 «lnnocens

1985 4679 2084 4733 ego
2107 4679 2225 4718 sum
2253 4679 2286 4718 a
2313 4665 2573 4735 sanguine
2586 4665 2714 4734 justi
2733 4666 2912 4734 hujus,
2943 4683 3040 4726 vos
3061 4651 3306 4725 videritis
3330 4670 3546 4740 (Matth.

1985 4754 2184 4826 xxvn):
2221 4773 2241 4806 ι
2282 4756 2349 4808 Ει
2404 4764 2580 4811 tamen
2605 4765 2790 4827 postea
2818 4758 3138 4830 ﬂagellatam
3169 4763 3390 4818 tradidit
3424 4779 3551 4821 eum

1983 4843 2184 4900 Judteis
2211 4854 2270 4899 ut
2294 4845 2734 4917 cruciﬁgeretur-
3585 4845 3592 4869 ἠ

2066 4952 2085 4985 ι
2111 4933 2328 4989 Audivit
2355 4942 2535 4991 autem
2580 4936 2939 4995 Ahdemelech
2977 4939 3230 5012 Ethiops
3269 4944 3356 4999 vir
3382 4959 3552 5002 eunu-

1994 5044 2014 5078 ί
2049 5025 2204 5093 chus,
2231 5026 2465 5097 quierat
2494 5027 2550 5083 in
2575 5029 2732 5086 domo
2759 5030 2922 5102 regis,
2942 5033 3087 5102 quod
3105 5035 3382 5091 misissent
3402 5036 3542 5092 Jere-

1993 5139 2013 5173 ι
2043 5122 2208 5177 miam
2235 5121 2296 5187 in
2325 5121 2521 5178 lacum.
2552 5122 2722 5178 Porro
2761 5139 2857 5180 rex
2878 5125 3100 5182 sedebat
3125 5127 3180 5180 in
3225 5137 3382 5198 porta
3413 5130 3552 5186 Ben-

1993 5233 2012 5266 ι
2041 5213 2234 5284 jamin.
2291 5214 2359 5268 Et
2407 5228 2659 5286 egressus
2707 5223 2793 5271 est
2851 5214 3213 5273 Abdemelech
3270 5219 3338 5275 de
3391 5221 3551 5277 domo

1992 5325 2011 5358 ε
2042 5306 2204 5376 regis,
2255 5313 2311 5360 et
2341 5305 2552 5361 locutus
2598 5306 2772 5362 estad
2825 5320 3027 5376 regem,
3051 5307 3274 5364 dicens:
3324 5309 3552 5369 Domine

1995 5417 2019 5450 α-
2052 5400 2127 5454 mi
2151 5413 2266 5464 rex,
2301 5399 2442 5456 male
2461 5398 2706 5456 fecerunt
2728 5400 2831 5455 viri
2857 5400 2978 5468 isti,
2999 5403 3178 5458 omnia
3219 5418 3552 5476 quaecunque

1993 5507 2011 5540 ι
2039 5496 2417 5558 perpetrarunt
2473 5497 2659 5545 contra
2697 5489 2986 5546 Jeremiam
3029 5495 3381 5563 prophetam,
3430 5495 3556 5550 mit-

1992 5599 2011 5632 σ
2040 5587 2217 5638 tentes
2228 5595 2350 5636 eum
2376 5582 2429 5636 in
2446 5583 2645 5650 lacum,
2663 5584 2997 5640 utmoriatur
3019 5586 3090 5642 ibi
3108 5585 3267 5643 fame.
3289 5585 3406 5644 Non
3429 5595 3549 5643 sunt
3611 5655 3620 5660 _

1993 5691 2012 5722 ‹
2047 5671 2189 5728 enim
2229 5688 2395 5743 panes
2424 5674 2562 5729 ultra
2611 5675 2664 5730 in
2690 5675 2925 5732 civitate.
2953 5677 3214 5749 Praecepit
3253 5680 3434 5747 itaque
3456 5692 3552 5732 rex
