4044 6326
2030 213 2059 224 κ

471 321 607 374 1079

1103 323 1159 376 Β.
1204 323 1450 377 RABANI
1490 325 1707 381 MAURJ
1743 322 2058 380 ARCHIEP.
2102 319 2404 377 MOGUNT.
2447 321 2726 378 OPERUM
2766 295 2942 374 PARS
2983 319 3064 372 ΙΙΙ.

3574 312 3736 371 1080

468 450 487 482 ι
519 430 878 487 Abdemelech
935 435 1119 488 dicens
1150 454 1160 486 :
1208 435 1357 489 Tolle
1413 446 1588 490 tecum
1640 433 2032 503 hinc-triginta
2062 434 2107 491 Α
2136 431 2397 501 exemplis
2429 450 2440 484 :
2473 447 2540 487 ne
2567 431 2810 486 infirmos
2837 445 2935 485 nos
2960 445 3024 483 ac
3048 427 3266 482 timidos
3285 437 3556 497 praecepta
3581 430 3731 484 sub—

467 540 488 572 σ
524 521 711 587 viros,
757 529 814 576 et
860 522 976 575 leva
1029 521 1316 577 Jeremiam
1376 527 1690 594 prophetam
1745 524 1810 577 de
1859 522 1988 577 lacis
2015 560 2029 584 ,

469 627 490 661 ι
525 618 814 679 antequam
845 610 1127 666 moriatur.
1167 612 1470 681 Assumptis
1495 628 1625 681 ergo
1673 610 2030 666 Abdemelech

467 716 490 751 ι
525 713 708 754 secum
737 699 890 764 viris,
917 701 1188 768 ingressus
1217 709 1298 755 est
1325 703 1539 756 domum
1570 703 1732 771 regis,
1773 718 1891 770 quae
1915 710 2034 755 erat

472 809 490 841 ι
526 789 627 844 sub
651 790 890 856 cellario,
920 799 977 845 et
1005 791 1126 844 tulit
1155 791 1279 847 inde
1307 800 1518 847 veteres
1551 808 1779 862 pannos,
1809 800 1864 845 et
1891 792 2034 844 anti-

470 901 489 932 c
523 897 628 952 qua
666 881 1014 946 vestimenta,
1055 897 1175 950 qum
1215 892 1672 951 computruerant,
1703 890 1758 936 et
1783 881 2035 936 submisit

472 988 489 1020 ι
529 985 593 1025 ea
622 970 690 1024 ad
714 970 1002 1025 Jeremiam
1041 971 1094 1025 in
1144 972 1260 1026 lacn
1314 988 1410 1042 per
1461 972 1746 1027 funiculos.
1787 970 2036 1040 Dixitque

468 1078 487 1109 ι
530 1059 887 1116 Abdemelech
923 1060 1171 1130 IEtbiops
1197 1064 1263 1115 ad
1292 1062 1581 1117 Jeremiam
1617 1081 1630 1117 :
1659 1062 1803 1116 Pone
1824 1074 2035 1118 veteres

471 1168 491 1198 ι
529 1163 754 1218 pannos,
783 1157 838 1202 et
866 1149 980 1204 inec
1029 1150 1195 1205 scissa
1221 1157 1276 1204 et
1306 1151 1518 1219 putrida
1566 1153 1666 1204 sub
1713 1151 1896 1205 cubito
1924 1165 2037 1204 ma-

471 1256 491 1288 ‹
526 1253 691 1292 nuum
719 1246 952 1304 tuarum,
975 1248 1030 1293 et
1049 1254 1212 1309 super
1236 1239 1410 1294 funes.
1439 1240 1590 1295 Fecit
1626 1256 1755 1311 ergo
1776 1241 2038 1295 Jeremias

473 1349 492 1380 ε
532 1329 629 1394 sic,
659 1337 714 1384 et
755 1337 1110 1385 extraxerunt
1149 1329 1442 1386 Jeremiam
1493 1331 1727 1396 funibus,
1754 1341 1809 1386 et
1835 1331 2038 1386 eduxeo

470 1440 489 1471 ι
524 1427 650 1474 runt
673 1434 796 1474 eum
815 1421 881 1476 de
903 1422 1020 1478 lacu
1047 1438 1060 1476 :
1085 1422 1280 1475 mansit
1306 1429 1486 1480 autem
1512 1420 1773 1477 Jeremias
1798 1422 1852 1476 in
1877 1423 2042 1477 vesti-

475 1526 494 1558 ο
538 1507 662 1564 bulo
723 1511 977 1566 carceris.
1041 1531 1059 1564 ι
1115 1509 1267 1565 Sicut
1315 1511 1386 1565 illi
1434 1513 1703 1581 principes
1761 1512 2040 1577 Sedeciae,

465 1603 900 1673 quiprophetam
948 1603 1001 1657 in
1041 1603 1216 1658 lacum
1268 1604 1546 1667 miserant,
1604 1613 1787 1674 typum
1828 1602 2041 1658 illorum

465 1693 767 1764 principum
789 1693 1164 1764 praeferebant,
1194 1694 1260 1748 de
1288 1693 1483 1763 quibus
1504 1692 1702 1746 Paulus
1717 1692 1794 1746 ait
1826 1709 1840 1746 :
1877 1712 1896 1743 ι
1928 1691 2041 1746 Non

2135 522 2250 575 tilia
2292 521 2578 578 vulnerent
2625 521 2750 575 dum
2781 519 2982 574 levant.
3014 518 3177 586 Quasi
3215 518 3482 586 quosdam
3507 532 3736 588 pannos

2134 621 2342 666 veteres
2377 610 2574 664 Paulus
2601 608 2874 678 apostolus
2899 607 3279 677 subiungebat,
3317 621 3440 661 cum
3471 606 3733 664 levandis

2133 701 2426 769 disciplinis
2439 699 2718 768 praeceptis
2731 699 2842 752 suis
2857 696 3188 766 spiritalibus
3211 696 3457 766 exempla
3473 705 3734 752 veterum

2134 791 2498 846 commodaret
2519 789 2704 843 dicens
2735 807 2747 841 :
2784 806 2802 838 ι
2837 787 2974 843 Justi
3003 788 3234 842 ludibria
3261 798 3317 843 et
3345 790 3574 844 verbera
3614 804 3723 844 ex—

2134 883 2296 952 perti,
2315 882 2534 950 insuper
2559 890 2616 935 et
2646 881 2876 941 vincula,
2903 889 2957 936 et
2986 880 3246 945 carceris,
3296 880 3518 950 lapidati
3571 892 3726 945 sunt.

2136 973 2270 1029 secti
2299 981 2454 1036 sunt,
2487 972 2678 1026 tentati
2710 981 2834 1025 sunt
2864 1011 2878 1036 ,
2923 972 2976 1025 in
3009 971 3282 1026 occisione
3309 971 3474 1040 gladii
3519 975 3725 1028 mortui

2137 1073 2304 1129 sunt;
2354 1085 2371 1115 ι
2411 1073 2465 1118 et
2510 1063 2670 1132 paulo
2716 1071 2879 1134 post:
2916 1083 2933 1114 ‹
2976 1063 3247 1118 Habentes
3287 1063 3468 1134 itaque
3513 1072 3728 1118 tantam

2139 1153 2441 1222 impositam
2466 1152 2661 1206 nubem
2687 1151 2928 1216 testium,
2960 1151 3289 1220 deponentes
3305 1166 3466 1207 omne
3490 1151 3728 1220 pondus,

2139 1250 2194 1296 et
2207 1243 2565 1296 circumstans
2586 1256 2684 1296 nos
2694 1249 2973 1311 peccatum
2991 1255 3088 1311 per
3099 1242 3416 1310 patientiam
3437 1257 3730 1297 curramus

2141 1333 2209 1386 ad
2238 1331 2570 1401 propositum
2612 1331 2767 1386 nobis
2804 1339 3104 1386 certamen.
3139 1331 3247 1386 »Ει
3274 1332 3467 1388 iterum
3507 1348 3524 1386 :
3561 1351 3581 1383 ι
3619 1331 3733 1388 lle-

2143 1428 2326 1475 mento
2345 1419 2756 1490 praepositorum
2776 1426 3103 1486 vestrorum,
3120 1421 3212 1490 qui
3235 1421 3389 1477 vobis
3410 1421 3574 1477 locuti
3600 1430 3734 1478 sunt

2147 1511 2369 1567 verbum
2419 1511 2514 1566 Dei
2548 1526 2563 1564 :
2599 1527 2827 1582 quorum
2879 1513 3149 1568 intuentes
3182 1513 3388 1568 exitum
3435 1528 3736 1570 conversa-

2148 1603 2310 1658 tionis
2346 1603 2634 1659 imitamini
2674 1603 2834 1658 ﬁdem
2865 1603 3050 1674 (Hebr.
3082 1603 3181 1675 tu).
3222 1624 3240 1657 ι
3271 1604 3532 1674 Superius
3573 1606 3737 1662 vide-

2147 1694 2296 1761 licet,
2351 1696 2475 1751 dnm
2533 1695 2795 1766 spiritalia
2854 1705 3122 1765 praecepta
3179 1695 3516 1766 loqueretur,
3570 1697 3736 1766 quasi

466 1795 551 1840 est
575 1787 728 1843 nobis
746 1787 1058 1844 colluctatio
1087 1787 1345 1842 adversus
1380 1800 1601 1841 carnem
1628 1785 2038 1855 etsanguinem,
2076 1771 2120 1830 Β
2149 1786 2302 1843 funes
2324 1787 2547 1843 miserat
2575 1805 2588 1840 :
2614 1786 2954 1856 postmodum
2982 1801 3112 1841 vero
3150 1803 3457 1843 memorans
3480 1788 3736 1856 exempla

469 1878 564 1933 sed
585 1879 846 1933 adversus
867 1877 1141 1947 principes
1159 1887 1215 1932 et
1235 1885 1554 1946 potestates,
1578 1876 1839 1931 adversus
1854 1874 2042 1929 mundi

471 1975 712 2022 rectores
764 1967 1111 2022 tenebrarum
1149 1968 1366 2031 harum,
1411 1976 1600 2022 contra
1653 1965 1916 2036 spiritalia
1945 1979 2044 2019 ne-

473 2057 659 2126 quitiae
698 2057 752 2114 in
789 2058 1103 2113 ctelestibus
1131 2057 1345 2129 (Ephes.
1378 2059 1480 2129 vi),
1519 2077 1537 2110 ι
1572 2059 1664 2128 qni
1715 2071 1932 2128 semper
1954 2057 2047 2112 de-

471 2145 713 2202 siderant
743 2147 926 2204 ﬁdeles
952 2148 1149 2203 Christi
1181 2150 1233 2204 in
1259 2165 1472 2204 cmnum
1501 2148 1756 2204 vitiorum
1779 2156 1834 2203 et
1860 2148 2048 2206 sordes

471 2248 810 2308 peccatorem
838 2241 1152 2311 demergere
1183 2258 1195 2294 :
1222 2240 1297 2296 Ita
1333 2241 1434 2296 iste
1463 2240 1713 2309 Ethiops
1742 2239 2042 2302 eunuchus,

474 2329 567 2396 qui
599 2329 794 2386 timore
826 2338 882 2385 et
907 2345 1093 2385 amore
1140 2330 1237 2386 Dei
1267 2339 1642 2400 compunctus,
1676 2329 1881 2384 studuit
1920 2343 2050 2398 pro-

473 2419 694 2488 phetam
746 2420 976 2490 eripere,
1020 2418 1288 2491 signiﬁcat
1330 2428 1547 2476 sanctos
1575 2420 1956 2490 praedicatores
1981 2418 2062 2472 de

477 2507 752 2579 gentibus,
772 2524 908 2579 quos
931 2510 1276 2581 Evangelium
1291 2511 1423 2566 dicit
1437 2512 1758 2581 semetipsos
1777 2517 2048 2565 castrasse

471 2606 693 2670 propter
724 2612 950 2671 regnum
979 2601 1239 2656 caelorum
1267 2600 1481 2671 (Matth.
1515 2601 1601 2671 x),-
1621 2600 1713 2670 qui
1750 2615 1893 2656 vera:
1918 2600 2050 2656 cha-

471 2689 650 2744 ritatis
675 2689 956 2755 instinctu,
994 2691 1175 2760 inique
1217 2707 1506 2762 oppressos
1545 2693 1762 2748 student
1805 2691 1972 2746 verbo
1994 2700 2050 2747 et

471 2779 719 2850 exemplo
741 2782 806 2835 de
827 2780 980 2836 fovea
1008 2782 1326 2851 perditionis
1355 2799 1548 2838 eruere
1580 2784 1750 2853 :quod
1771 2793 1825 2837 et
1855 2796 2048 2836 nomen

472 2871 643 2940 ipsius
689 2873 922 2928 eunuchi
973 2882 1219 2928 testatur.
1273 2875 1636 2930 Abdemelech
1687 2889 1818 2946 ergo
1868 2888 2047 2928 servus

476 2963 610 3033 regis
669 2963 1093 3032 interpretatur:
1124 2965 1266 3020 illius
1308 2965 1565 3021 nimirum
1613 2965 1774 3037 regis,
1829 2966 1896 3020 de
1942 2980 2051 3035 quo

459 3052 740 3122 scriptum
783 3064 869 3110 est
899 3074 910 3108 :
947 3075 966 3105 ο
1021 3055 1284 3122 Quoniam
1328 3056 1588 3113 Dominus
1615 3072 1858 3112 summus
1887 3057 2048 3112 terri-

2148 1877 2435 1947 majorum,
2460 1879 2614 1948 quasi
2651 1887 2861 1933 veteres
2902 1893 3112 1948 pannos
3137 1878 3450 1934 adhibebat.
3492 1879 3735 1936 Excitati

2146 1983 2276 2039 ergo
2301 1978 2379 2025 tot
2416 1969 2624 2024 vicibus
2668 1978 3080 2040 prmeeptorum,
3113 1969 3280 2040 adjuti
3325 1978 3405 2025 tot
3453 1985 3739 2040 compara-

2149 2061 2385 2117 tionibus
2431 2061 2824 2132 exemplorum,
2877 2061 2945 2116 ad
2989 2062 3151 2117 corda
3194 2071 3378 2117 nostra
3420 2062 3734 2124 redeamus,

2147 2149 2495 2204 discutiamus
2539 2165 2701 2213 omne
2738 2150 2881 2219 quod
2932 2149 3143 2221 agimus
3199 2168 3213 2202 :
3267 2158 3322 2205 et
3369 2150 3629 2220 quidquid
3680 2151 3740 2205 in

2150 2240 2303 2296 nobis
2318 2240 2864 2295 divinzea‘ectitudinis
2888 2240 3127 2311 regulam
3150 2239 3737 2306 offenditaecusemus,

2148 2338 2207 2383 ut
2226 2329 2365 2398 apud
2389 2328 2955 2397 districtum'judicem
2994 2330 3110 2400 ipsa
3142 2345 3241 2385 nos
3270 2329 3544 2386 accusatio
3569 2345 3741 2386 exat-

2149 2428 2251 2475 set.
2283 2418 2397 2473 Hoc
2448 2419 2593 2474 enim
2636 2419 2834 2474 mentis
2869 2427 3070 2474 nostra:
3112 2418 3317 2488 judicio
3363 2426 3518 2473 tanto
3567 2419 3739 2474 citius

2148 2510 2494 2574 absolvimur,
2545 2519 2748 2580 quanto
2801 2525 2898 2564 nos
2938 2510 3206 2565 districtiu
3285 2524 3408 2565 reos
3461 2517 3733 2564 tenemus.

2149 2600 2261 2657 Nec
2286 2601 2353 2656 ad
2399 2603 2513 2656 haec
2544 2600 2748 2671 agenda
2780 2601 3052 2670 perdenda
3082 2608 3205 2656 sunt
3238 2609 3502 2668 tempora,
3532 2599 3737 2669 quibus

2149 2699 2327 2754 vacat,
2357 2690 2482 2760 quia
2511 2692 2578 2745 ad
2607 2691 2724 2745 hate
2751 2690 2955 2759 agenda
2989 2698 3112 2760 post
3137 2689 3295 2760 hujus
3325 2691 3451 2745 vitae
3490 2698 3737 2759 tempora

2152 2798 2259 2839 non
2288 2791 2467 2837 vacat.
2512 2782 2691 2837 Vacuo
2729 2784 2927 2853 quippe
2967 2797 3074 2838 non
3104 2782 3324 2847 dicitur,
3367 2795 3546 2852 neque
3581 2783 3735 2840 enim

2153 2874 2294 2928 ultra
2322 2873 2377 2927 in
2407 2871 2639 2927 hominis
2665 2879 2937 2942 potestate
2957 2879 3058 2934 est,
3093 2879 3153 2925 ut
3173 2870 3352 2925 veniat
3376 2871 3448 2925 ad
3474 2870 3646 2925 Deum
3663 2869 3727 2924 in

2145 2961 2430 3031 judicium.
2474 2960 2678 3016 idcirco
2704 2973 2938 3029 namque
2991 2973 3380 3025 memoramur,
3410 2957 3555 3027 quod
3600 2966 3734 3013 tunc

2156 3069 2260 3108 non
2287 3066 2594 3123 possumus,
2618 3065 2686 3105 ne
2705 3065 2872 3110 nunc.
2899 3049 3043 3119 quod
3063 3063 3352 3120 possumus
3372 3047 3732 3119 negligamus.

472 3142 598 3198 bilis
618 3151 673 3198 et
701 3159 792 3198 rex
819 3161 1046 3216 magnus
1066 3160 1227 3214 super
1248 3161 1434 3201 omnes
1462 3148 1591 3201 deos
1616 3145 1786 3217 (Psal.
1811 3146 1954 3218 vat)
1981 3165 1993 3200 :
2027 3166 2044 3196 ι
2081 3123 2126 3185 C
2158 3143 2264 3199 Sed
2294 3157 2421 3198 ecce
2456 3141 2671 3210 negotia
2719 3149 3010 3212 occupant,
3054 3155 3174 3210 qua:
3205 3139 3361 3194 nobis
3392 3139 3736 3194 incessantur

473 3233 561 3287 cui
586 3235 720 3289 ordo
744 3233 1156 3303 praedicatorum
1197 3244 1506 3290 sanctorum
1531 3236 1689 3307 digne
1712 3237 1902 3301 servit,
1929 3251 2051 3291 cum

471 3339 572 3394 per
613 3324 839 3379 verbum
889 3325 1164 3394 Evangelii
1218 3335 1405 3396 gentes
1456 3327 1776 3384 Christianae
1820 3327 2054 3383 associat

470 3415 619 3470 ﬁdei.
662 3413 866 3487 (στος.)
890 3416 1025 3486 Quia
1054 3433 1184 3473 vero
1229 3420 1417 3474 eadem
1442 3419 1682 3475 charitas
1721 3419 1775 3474 in
1798 3419 2052 3475 cordibus

471 3506 770 3564 electorum
798 3518 1055 3579 perpetuo
1087 3519 1142 3565 et
1163 3510 1611 3582 inexstinguibilis
1630 3519 1830 3576 manet,
1854 3518 1976 3581 apte
1998 3511 2052 3565 in

471 3599 714 3656 Levitico
746 3599 988 3656 dicitur:
1053 3620 1071 3652 ι
1116 3602 1259 3673 Ignis
1312 3611 1398 3657 est
1433 3602 1536 3658 iste
1585 3610 1896 3672 perpetuus,
1961 3601 2052 3671 qui

469 3707 750 3762 nunquam
780 3692 996 3750 deﬁciet
1045 3694 1112 3749 de
1155 3693 1312 3748 altari
1365 3691 1549 3764 (Leuit.
1577 3693 1673 3762 vr).
1715 3712 1733 3745 ›
1767 3691 2052 3760 Nunquam

471 3783 715 3856 profecto
753 3787 819 3841 de
840 3785 995 3840 altari
1039 3786 1178 3856 ignis
1225 3785 1326 3840 iste
1350 3783 1550 3846 deﬁcit,
1582 3783 1707 3852 quia
1733 3783 1899 3840 etiam
1933 3791 2054 3853 post

473 3877 619 3932 hanc
668 3875 832 3931 vitam
881 3877 934 3930 in
977 3889 1164 3932 eorum
1214 3875 1487 3930 mentibus
1541 3874 1722 3930 fervor
1769 3873 2053 3930 charita-tis

471 3966 690 4022 crescit.
728 3965 956 4022 Eterna
1010 3967 1208 4037 quippe
1268 3964 1726 4035 contemplatione
1773 3964 1950 4034 agitur
1994 3971 2053 4018 ut

471 4055 809 4125 omnipotens
829 4056 991 4121 Deus,
1022 4072 1128 4126 quo
1152 4059 1325 4127 magis
1346 4058 1494 4112 visus
1521 4057 1704 4121 fuerit,
1734 4071 1798 4112 eo
1822 4055 2052 4126 amplius

473 4143 748 4214 diligatur.
801 4146 952 4212 Quod
1004 4157 1187 4216 autem
1231 4147 1428 4202 divinis
1496 4147 1952 4203 admonitionibus
1996 4155 2053 4202 et

474 4237 896 4302 pne-cedentium
938 4239 1198 4308 exemplis
1251 4239 1439 4308 adiuti,
1472 4241 1539 4294 de
1569 4238 1726 4308 hujus
1767 4239 1892 4294 vita:
1919 4255 2050 4310 pro-

474 4324 642 4379 fundo
685 4325 999 4390 liberamur,
1051 4327 1188 4382 bene
1215 4328 1379 4382 etiam
1415 4332 1674 4400 propheta
1730 4329 1964 4386 Ieremia
1998 4332 2050 4386 in

475 4423 700 4484 puteum
731 4416 895 4472 misso
926 4417 1194 4485 signatum
1215 4426 1320 4482 est,
1361 4420 1490 4490 quia
1520 4429 1581 4475 ut
1624 4421 1831 4476 levetur
1863 4436 1928 4476 ex
1953 4438 2050 4492 pn-

477 4515 592 4567 teo.
635 4506 791 4562 funes
829 4509 896 4562 ad
939 4520 1060 4563 eum
1105 4515 1159 4560 et
1206 4508 1368 4576 panni
1430 4519 1640 4566 veteres
1689 4512 2048 4581 deponuntur.

479 4595 619 4662 Quid
643 4598 1057 4664 enim-funibus,
1087 4599 1190 4656 nisi
1218 4607 1486 4673 praecepta
1515 4603 1780 4659 dominica
1813 4603 2051 4672 ﬁguran-

481 4685 603 4738 tur?
631 4684 760 4753 Qute
790 4688 915 4758 quia
969 4705 1067 4744 nos
1111 4690 1164 4745 in
1201 4690 1338 4746 mala
1380 4693 1691 4762 operatione
1737 4693 1963 4764 positos,
1999 4702 2054 4749 et

481 4777 826 4846 convincunt,
877 4792 933 4837 ct
970 4784 1223 4852 eripiunt,
1276 4788 1430 4854 quasi
1473 4787 1663 4858 ligant,
1709 4798 1762 4843 et
1807 4790 2051 4855 trahunt,

478 4879 777 4939 coarctant,
801 4883 858 4928 et
879 4875 1128 4930 elevant:
1153 4877 1244 4930 sed
1267 4891 1335 4929 ne
1359 4875 1558 4946 ligatus
1579 4877 1663 4931 his
1686 4876 1900 4932 funibus
1927 4879 2054 4932 dum

477 4961 713 5017 trahitur
751 4963 1034 5026 incidatur,
1073 4965 1226 5018 simul
1262 4965 1425 5019 etiam
1456 4967 1617 5036 panni
1661 4976 1871 5022 veteres
1894 4965 2057 5036 depo-

480 5062 682 5106 nuntur
719 5053 882 5119 :qnia
911 5069 976 5105 ne
1031 5053 1207 5107 divina
1242 5064 1510 5124 praecepta
1551 5071 1649 5110 nos
1679 5063 1936 5118 terreant,
1967 5069 2058 5109 an-

480 5138 768 5207 tiquorum
809 5150 1023 5206 patrum
1077 5158 1175 5195 nos
1226 5145 1469 5215 exempla
1515 5143 1842 5209 confortant,
1882 5153 1940 5198 ut
1986 5159 2057 5200 ex

479 5242 668 5284 eorum
722 5232 1127 5300 comparatione
1176 5232 1356 5290 facere
1410 5251 1507 5290 nos
1551 5251 1710 5306 posse
1759 5251 2058 5307 pra-suma-

481 5335 634 5385 mus,
669 5320 812 5390 quod
847 5336 908 5376 ex
954 5332 1137 5378 nostra
1175 5325 1538 5381 imbecillitate
1577 5326 1950 5381 formidamus.
1997 5325 2055 5382 Si

480 5425 612 5479 ergo
656 5409 823 5466 levari
867 5413 933 5466 de
959 5414 1062 5468 hoc
1100 5407 1364 5483 profundo
1406 5417 1726 5473 festinamus
1762 5437 1774 5471 :
1805 5418 2058 5487 Ligemur

435 5516 448 5528 α
482 5497 720 5565 funibus,
752 5500 804 5556 id
855 5511 959 5568 est,
1001 5504 1284 5573 praeceptis
1335 5507 1618 5562 dominicis
1671 5509 2056 5576 astringamur,

483 5589 735 5648 intersint
761 5593 923 5647 etiam
953 5593 1117 5663 panni
1135 5602 1366 5659 veteres,
1397 5611 1518 5652 cum
1557 5597 1754 5667 quibus
1780 5603 1839 5651 ut
1869 5598 2060 5653 melius

487 5692 790 5739 teneantur.
820 5684 1018 5749 Funes,
1039 5683 1091 5740 id
1113 5693 1216 5750 est,
1245 5688 1662 5756 przecedentium
1695 5689 2062 5746 confortemur

2078 4472 2131 4532 D

2155 3235 2397 3304 apposita
2411 3248 2440 3286 a
2458 3231 2866 3287 considerandis
2879 3229 3300 3299 nobismetipsis,
3322 3228 3521 3284 mentis
3535 3238 3735 3282 nostra:

2153 3321 2369 3379 oculum
2395 3321 2689 3377 declinant.
2736 3319 2793 3374 ln
2827 3319 2947 3374 istis
2974 3333 3206 3386 namque
3246 3317 3570 3379 visibilibus,
3610 3329 3733 3385 qua:

2155 3413 2396 3467 intuetur
2409 3425 2504 3468 eor
2526 3419 2793 3476 nostrum,
2815 3417 2964 3464 extra
2981 3422 3039 3462 se
3063 3407 3334 3478 spargitur
3357 3424 3370 3461 :
3396 3415 3451 3461 et
3473 3405 3732 3475 quidquid

2155 3501 2222 3556 de
2248 3516 2306 3556 se
2336 3500 2662 3564 intrinsecus
2702 3507 2893 3571 agatur
2933 3497 3287 3564 obliviscitur,
3337 3495 3466 3552 dum
3522 3496 3730 3551 extrin-

2154 3604 2313 3647 secus
2325 3599 2637 3661 oecupatur.
2654 3589 2844 3644 Divina
2859 3597 3038 3643 autem
3053 3602 3156 3642 vox
3173 3586 3503 3642 terribilibus
3515 3593 3734 3642 senten-

2155 3683 2246 3738 tiis
2269 3683 2382 3739 suis
2417 3682 2572 3752 quasi
2601 3681 2920 3752 quibusdam
2949 3678 3116 3735 clavis
3155 3679 3280 3732 illud
3312 3679 3485 3749 ponit,
3530 3686 3590 3732 ut
3616 3678 3733 3732 evi—

2155 3773 2283 3846 gilet
2305 3791 2321 3827 :
2345 3782 2400 3830 et
2426 3775 2592 3832 homo
2615 3772 2826 3829 occulta
2858 3787 3019 3841 super
3050 3786 3110 3826 se
3145 3769 3348 3842 judicia
3367 3811 3389 3835 ,
3414 3785 3532 3839 qua:
3583 3784 3739 3839 pres-

2155 3879 2249 3922 sus
2308 3874 2550 3936 tempore
2597 3863 2933 3929 dissimulat,
2989 3871 3197 3918 terrore
3246 3861 3436 3916 saltem
3491 3859 3740 3931 pulsatus

2153 3964 2520 4028 expavescat:
2553 3971 2674 4012 cum
2727 3953 3007 4024 Scriptura
3055 3967 3210 4007 sacra
3260 3959 3468 4006 terrore
3497 3951 3735 4019 quodam

2155 4049 2427 4120 torpentia
2459 4047 2622 4103 corda
2650 4045 2936 4116 transﬁgit,
2964 4060 3032 4099 ne
3058 4045 3113 4099 in
3141 4045 3225 4100 his
3268 4043 3506 4098 haereant
3529 4045 3624 4112 qui
3643 4058 3740 4098 ex-

2155 4140 2326 4195 terius
2345 4146 2548 4193 aeterna
2590 4135 2945 4204 perdiderunt
2983 4152 2995 4188 :
3039 4134 3245 4189 [ndicat
3289 4133 3420 4204 quid
3466 4133 3737 4188 sententia

2153 4230 2422 4286 occultata
2476 4227 2805 4294 decernitur,
2857 4242 2924 4282 ne
2959 4226 3306 4282 immoderate
3335 4240 3366 4280 a
3415 4225 3571 4281 nobis
3621 4224 3741 4280 haac

2153 4324 2369 4395 publica
2394 4322 2716 4393 cogitentur.

2225 4429 2251 4467 ι
2284 4413 2351 4468 Et
2368 4411 2516 4467 misit
2544 4425 2638 4466 rex
2667 4409 2942 4476 Sedecias,
2987 4417 3042 4463 et
3084 4408 3204 4464 tulit
3246 4408 3312 4462 ad
3359 4422 3418 4462 se
3446 4403 3739 4462 Jeremiam

2163 4525 2183 4560 ι
2220 4506 2537 4578 prophetam
2568 4505 2636 4560 ad
2665 4505 2862 4561 ostium
2888 4505 3123 4569 tertium,
3150 4504 3294 4575 quod
3339 4512 3458 4558 erat
3487 4502 3541 4556 in
3578 4503 3740 4556 domo

2165 4614 2183 4648 ι
2221 4595 2454 4651 Domini.
2483 4595 2550 4650 Et
2583 4595 2718 4650 dixit
2756 4610 2852 4650 rex
2903 4594 2967 4649 ad
2989 4593 3280 4649 Jeremiam
3314 4612 3326 4647 :
3357 4592 3636 4662 Interrogo
3681 4599 3739 4646 te

2165 4703 2184 4738 ι
2221 4699 2320 4756 ego
2339 4698 2664 4750 sermonem,
2717 4697 2822 4738 non
2858 4683 3159 4738 abscondas
3194 4697 3224 4737 a
3257 4697 3343 4737 me
3387 4679 3588 4750 aliquid
3618 4697 3632 4732 :
3671 4677 3738 4732 Et

2167 4793 2186 4827 ι
2223 4774 2356 4830 dixit
2378 4773 2640 4829 Jeremias
2671 4773 2736 4826 ad
2760 4771 3044 4828 Sedeciam
3072 4791 3085 4826 :
3121 4771 3179 4827 Si
3200 4773 3592 4826 annuntiavero
3618 4768 3734 4831 tibi,

2167 4883 2186 4916 σ
2216 4864 2454 4933 nunquid
2485 4880 2590 4920 non
2646 4861 2940 4918 interﬁcies
2987 4862 3109 4917 me?
3132 4862 3198 4917 Et
3235 4862 3280 4916 si
3325 4860 3608 4916 consilium
3640 4857 3734 4912 tibi

2169 4973 2188 5007 ι
2223 4957 2438 5020 dedero,
2481 4973 2586 5010 non
2617 4972 2701 5010 me
2751 4956 2956 5011 audies.
3003 4954 3212 5009 Juravit
3267 4970 3395 5024 ergo
3439 4970 3531 5008 rex
3569 4950 3736 5006 Sedes

2169 5065 2188 5097 ι
2225 5046 2337 5100 cias
2384 5044 2634 5100 Jeremite
2685 5045 2824 5100 clam
2881 5045 3102 5100 dicens:
3141 5044 3284 5099 Vivit
3315 5042 3594 5106 Dominus,
3642 5039 3731 5108 qui

2170 5160 2189 5192 ι
2217 5140 2347 5195 fecit
2377 5140 2532 5195 nobis
2576 5139 2811 5194 animam
2859 5139 3020 5203 hanc,
3078 5137 3124 5192 si
3173 5137 3424 5192 occidero
3461 5143 3512 5190 te
3538 5172 3554 5199 ,
3591 5141 3645 5186 et
3689 5133 3734 5186 si

2170 5251 2190 5286 ι
2229 5234 2499 5289 tradidero
2525 5233 2578 5288 in
2610 5247 2802 5287 manus
2824 5231 3060 5286 virorum
3091 5229 3320 5286 istorum
3365 5227 3458 5298 qui
3492 5232 3736 5297 quzerunt

2169 5345 2187 5377 ι
2220 5326 2458 5380 animam
2492 5334 2661 5387 tuam,
2704 5343 2720 5375 ι
2756 5331 2812 5378 et
2833 5322 3059 5392 reliqua.
3084 5321 3352 5391 Propheta
3391 5333 3524 5388 ergo
3551 5316 3604 5370 in
3627 5312 3739 5385 spi-

2164 5419 2270 5474 ritu
2307 5433 2613 5487 praecavens
2665 5431 2827 5488 super
2855 5431 3034 5486 regem
3061 5424 3116 5470 et
3159 5430 3322 5486 super
3358 5411 3611 5485 p0pnlum
3657 5407 3740 5463 fu-

2163 5519 2341 5564 turum
2363 5507 2622 5576 judicium
2650 5507 2884 5572 Domini,
2918 5505 3060 5576 quod
3093 5506 3351 5560 tradenda
3389 5499 3740 5558 essetcivitas

2167 5599 2220 5653 in
2263 5597 2511 5652 manibus
2555 5596 2952 5662 Chaldzeorum,
2999 5595 3285 5652 consilium
3339 5594 3484 5649 dedit
3511 5592 3650 5663 regi,
3679 5599 3740 5644 ut

2169 5697 2359 5758 sponte
2381 5704 2437 5745 se
2464 5689 2702 5745 traderet
2729 5689 2780 5744 in
2813 5704 2974 5744 manu
3022 5689 3165 5760 regis
3206 5684 3526 5757 Babylonis:
3555 5689 3741 5754 quate-
