4044 6326
319 393 452 454 1081

1201 391 1560 449 EXPOZSITIO
1599 393 1822 450 SUPER
1859 392 2225 466 JEBEMIAM.
2266 426 2337 436 --
2376 396 2500 451 LIB.
2543 395 2676 452 Xlll.

3331 444 3334 445 ν
3427 396 3565 453 1052

317 524 420 562 nus
466 505 642 577 aliquo
703 507 860 559 modo
919 506 1186 576 mitigaret
1242 506 1587 560 furibundum
1646 507 1884 558 aninmm
1915 516 1962 573 Α
1997 527 2016 557 ‹
2047 506 2159 560 cias
2207 523 2302 562 rex
2348 507 2506 573 Juda,
2531 516 2585 563 et
2605 521 2793 562 omnes
2827 507 2924 562 viri
2980 507 3295 575 bellatores,
3319 508 3566 580 [ingerunt

317 598 452 668 ejus,
480 603 535 650 et
558 595 814 650 leviorem
849 595 916 650 ab
960 610 1025 650 eo
1065 595 1360 665 susciperet
1405 595 1732 664 captivitatis
1769 610 1885 668 sen-

319 686 562 741 tentiam.
589 684 694 739 Sed
727 699 877 738 mens
905 685 1150 738 indurata
1179 683 1374 753 corrigi
1418 698 1523 736 non
1554 686 1727 752 potuit
1752 667 1883 738 boni

319 775 528 830 consilii
573 772 951 845 providentia:
996 774 1136 828 sicut
1181 782 1236 827 et
1291 771 1588 827 Pharaonis
1645 773 1885 828 animum

319 871 625 924 induratum
664 883 763 924 nec
789 868 966 923 divina
994 867 1279 938 correptio,
1313 882 1414 922 nec
1445 867 1610 937 Moysi
1641 867 1882 920 admoni-

320 963 395 1016 tio
418 961 484 1014 ad
512 960 886 1030 pmnitentiam
909 959 1152 1013 mollivit.
1181 959 1256 1013 De
1281 974 1388 1026 quo
1417 959 1544 1012 dicit
1573 956 1882 1027 Scriptura:

325 1067 344 1099 ι
381 1047 691 1102 lnduratum
717 1053 800 1101 est
847 1059 942 1101 cor
964 1046 1264 1101 Pharaonis
1313 1060 1412 1100 nec
1464 1046 1670 1099 audivit
1699 1060 1886 1101 vocem

320 1137 532 1193 Domini
594 1135 800 1208 (Exod.
874 1136 1020 1207 vlt),
1060 1156 1078 1188 υ
1135 1135 1489 1206 quoadusque
1558 1149 1888 1204 persequens

318 1229 592 1284 lsraelitas
615 1229 668 1283 in
697 1227 951 1283 fluctibus
969 1227 1134 1282 maris
1161 1227 1326 1282 Rubri
1379 1227 1764 1299 cumexercitu
1790 1241 1888 1282 suo

320 1318 629 1374 submersus
653 1327 756 1374 est.

393 1433 413 1464 ‹
455 1413 752 1483 Respondit
804 1423 981 1468 autem
1021 1412 1282 1468 Jeremias
1320 1429 1333 1463 :
1375 1409 1494 1466 Non
1552 1418 1604 1466 te
1650 1410 1886 1465 tradent.

325 1519 345 1552 ε
364 1500 504 1556 Audi
530 1516 737 1565 vocem,
756 1516 955 1570 quaeso,
975 1501 1204 1560 Domini.
1223 1516 1383 1570 quam
1406 1515 1504 1570 ego
1523 1499 1714 1569 loquor
1725 1499 1791 1553 ad
1813 1507 1885 1564 te,

274 1643 296 1661 ι
324 1611 343 1642 ι
379 1600 432 1646 et
449 1593 584 1646 bene
606 1591 702 1644 tibi
717 1592 840 1655 erit,
858 1599 912 1645 et
932 1591 1074 1645 vivet
1093 1591 1272 1645 anima
1299 1599 1406 1643 tua.
1425 1589 1576 1656 Quod
1593 1590 1636 1644 si
1654 1587 1888 1643 nolueris

325 1699 345 1733 ι
388 1683 568 1753 egredi
595 1699 606 1733 :
643 1683 742 1736 iste
770 1691 851 1736 est
871 1693 1071 1746 sermo,
1103 1695 1259 1750 quem
1286 1680 1520 1734 ostendit
1550 1679 1679 1734 mihi
1708 1678 1890 1732 Domi-

325 1792 346 1826 ι
371 1789 499 1828 nus.
549 1773 686 1828 Ecce
725 1789 914 1828 omnes
954 1773 1228 1836 mulieres,
1261 1787 1382 1841 quae
1427 1775 1801 1825 remanserunt
1831 1768 1886 1822 in

1994 615 2012 647 ι
2043 604 2096 651 et
2119 599 2324 667 egressi
2360 608 2484 653 sunt
2502 607 2659 653 nocte
2681 599 2747 652 de
2769 599 2985 654 civitate
3006 614 3103 668 per
3129 603 3270 656 viam
3303 598 3443 654 horti
3485 617 3565 656 re-

1993 707 2011 738 (
2043 689 2125 759 gis
2164 696 2218 742 et
2270 703 2367 758 per
2394 699 2629 760 portam,
2654 705 2772 760 qua:
2813 696 2931 744 erat
2970 689 3112 744 inter
3155 691 3288 745 duos
3342 705 3564 746 muros:

1994 797 2011 829 ι
2041 787 2094 832 et
2121 779 2325 848 egressi
2346 788 2474 834 sunt
2497 781 2565 834 ad
2590 779 2734 833 viam
2755 779 2973 834 deserti.
2997 779 3321 848 Persecutus
3346 791 3429 837 est
3470 798 3570 836 au-

1993 889 2012 921 i
2045 879 2151 924 tem
2174 884 2265 924 eos
2295 871 2565 926 exercitus
2607 871 2984 926 Chaldaeorum
3018 889 3032 926 :
3061 881 3114 926 et
3141 875 3567 942 comprehende-

1995 978 2015 1011 ε
2047 965 2173 1013 runt
2213 959 2494 1016 Sedeciam
2516 962 2569 1015 in
2609 976 2800 1031 campo
2825 962 3130 1018 solitudinis
3163 963 3566 1030 Jerichontinm,

1995 1065 2012 1099 ‹
2039 1055 2094 1101 et
2134 1055 2349 1116 captum
2387 1048 2725 1103 adduxerunt
2767 1049 2832 1103 ad
2859 1049 3354 1107 Nabuchodonosor
3384 1068 3566 1123 regem

1994 1158 2013 1192 ι
2041 1139 2329 1209 Babylonis
2352 1139 2405 1194 in
2425 1139 2672 1204 Reblata,
2712 1155 2831 1210 qua:
2853 1149 2936 1196 est
2973 1141 3026 1195 in
3068 1150 3212 1196 terra
3257 1143 3471 1208 Emath,
3513 1149 3570 1196 et

1994 1249 2012 1281 ι
2040 1229 2250 1284 locutus
2273 1230 2442 1284 estad
2465 1245 2587 1284 eum
2605 1229 2827 1297 judicia.
2856 1229 2921 1284 Et
2941 1231 3140 1285 occidit
3160 1246 3253 1286 rex
3276 1231 3564 1301 Babylonis

1995 1338 2013 1372 (
2046 1319 2184 1374 filios
2224 1319 2460 1374 Sedeciae
2503 1320 2554 1373 in
2588 1319 2814 1374 Rcblata
2855 1320 2909 1374 in
2952 1320 3124 1374 oculis
3144 1319 3280 1388 ejus,
3308 1327 3363 1374 et
3383 1335 3572 1375 omnes

1994 1430 2012 1462 ι
2041 1404 2248 1464 nobiles
2268 1408 2404 1464 Juda
2429 1410 2628 1465 occidit
2650 1426 2744 1466 rex
2767 1410 3074 1480 Babylonis.
3122 1411 3320 1466 Oculos
3355 1426 3568 1484 quoque

1995 1517 2014 1549 ι
2046 1497 2284 1553 δθιιεείιιξ
2324 1498 2487 1563 eruit,
2520 1505 2574 1552 et
2597 1499 2768 1552 vinxit
2788 1513 2911 1553 eum
2936 1499 3305 1568 compedibus,
3327 1505 3387 1553 ut
3411 1499 3574 1552 duce-

1995 1608 2014 1641 ί
2042 1596 2189 1642 retur
2230 1587 2281 1641 in
2319 1587 2666 1658 Babylonem.
2707 1589 2934 1643 Domum
2970 1603 3184 1657 quoque
3220 1589 3362 1658 regis
3395 1596 3449 1644 et
3473 1587 3572 1640 do—

1997 1700 2016 1730 σ
2046 1695 2190 1735 mum
2214 1677 2358 1749 vulgi
2389 1680 2785 1734 succenderunt
2827 1677 3063 1734 Chaldazi
3098 1679 3237 1748 igne,
3273 1687 3330 1732 et
3357 1692 3572 1731 murum

1990 1770 2288 1826 Jerusalem
2314 1772 2718 1836 subverterent,
2749 1790 2767 1822 ι
2808 1778 2914 1825 etc.
2942 1769 3234 1841 (MAURUS.)
3260 1770 3335 1824 Le
3358 1771 3461 1824 hac
3482 1785 3576 1822 va-

325 1880 349 1916 σ
368 1909 372 1912 ι
391 1863 550 1918 domo
571 1863 711 1934 regis
735 1862 892 1927 Juda,
915 1862 1210 1917 educentur
1238 1861 1305 1915 ad
1329 1860 1601 1930 principes
1625 1861 1766 1929 regis
1791 1858 1887 1912 Ba-
1918 1868 1967 1927 B
1995 1866 2226 1918 statione
2247 1862 2416 1926 urbis,
2431 1862 2809 1931 etcaptivitate
2831 1861 3011 1932 populi
3033 1861 3246 1930 plenius
3269 1861 3323 1914 in
3346 1874 3575 1929 sequen-

325 1974 344 2006 ι
368 1954 599 2024 bylonis,
623 1963 678 2007 et
697 1953 826 2022 ipsze
842 1953 1022 2007 dicent
1048 1971 1060 2006 :
1085 1952 1425 2007 Seduxerunt
1455 1961 1508 2007 te
1532 1959 1585 2006 et
1599 1951 1893 2022 praevalue—

326 2065 345 2097 ι
373 2055 499 2101 runt
543 2047 828 2100 adversum
873 2053 925 2099 te
951 2045 1053 2099 viri
1076 2045 1283 2116 pacifici
1323 2044 1812 2110 tui,‘demerserunt
1836 2043 1892 2097 in

326 2156 344 2188 ι
380 2151 539 2192 coeno
561 2145 616 2191 et
640 2135 848 2191 lubrico
873 2135 1036 2206 pedes
1059 2145 1195 2197 tuos,
1225 2145 1280 2190 et
1303 2143 1643 2191 recesserunt
1664 2150 1693 2188 a
1719 2143 1789 2188 te.
1825 2133 1894 2188 Et

327 2245 345 2278 σ
379 2242 569 2282 omnes
594 2242 790 2282 uxores
823 2235 944 2289 tute,
970 2235 1024 2280 et
1053 2225 1146 2280 filii
1196 2227 1269 2280 tui
1317 2226 1611 2280 educentur
1633 2226 1699 2280 ad
1728 2223 1891 2279 Chal-

293 2381 304 2389 __
325 2335 345 2367 ο
382 2317 544 2382 dmos,
580 2327 634 2372 et
663 2333 768 2372 non
797 2317 1019 2389 elfugies
1042 2332 1232 2372 manus
1261 2332 1448 2373 eorum
1475 2335 1489 2370 :
1520 2317 1616 2372 sed
1645 2316 1698 2370 in
1727 2331 1891 2370 manu

325 2425 344 2458 ι
379 2406 522 2476 regis
545 2406 830 2477 Babylonis
860 2403 1112 2477 capieris,
1141 2415 1195 2461 et
1219 2407 1490 2462 civitatem
1511 2407 1649 2462 hanc
1672 2408 1889 2461 combu-

325 2516 345 2549 ι
369 2498 594 2568 retigni,
617 2516 636 2549 ι
664 2507 718 2552 et
739 2496 964 2566 reliqua.
981 2496 1118 2564 Quid
1135 2506 1237 2563 est,
1253 2497 1395 2566 quod
1420 2489 1680 2551 Jeremias
1701 2496 1766 2550 ad
1795 2494 1891 2550 Se-

324 2588 529 2642 deciam
571 2602 820 2643 sermone
880 2587 1092 2643 Domini
1135 2587 1462 2658 increpando
1490 2586 1666 2640 dicit:
1706 2605 1724 2637 (
1751 2584 1891 2640 Ecce

321 2693 510 2735 omnes
553 2679 827 2743 mulieres,
873 2693 991 2748 qua:
1039 2685 1412 2733 remanserunt
1461 2677 1515 2731 in
1547 2676 1706 2732 domo
1747 2674 1892 2746 regis

321 2766 483 2833 Juda,
513 2769 808 2824 educentur
831 2769 896 2822 ad
914 2769 1183 2838 principes
1206 2769 1349 2840 regis
1376 2767 1742 2838 Babylonis,et
1763 2767 1891 2836 ipsa;

323 2859 505 2914 dicent
537 2877 550 2912 :
579 2857 918 2913 Seduxerunt
947 2866 1016 2921 te,
1043 2868 1097 2912 et
1120 2857 1517 2928 przevaluerunt
1535 2855 1820 2911 adversum
1839 2862 1892 2909 te

323 2950 427 3005 viri
453 2950 660 3020 paciﬁci
689 2951 785 3015 tui,
816 2950 1181 3007 demerserunt
1211 2949 1263 3003 in
1289 2962 1445 3004 coeno
1475 2956 1529 3003 et
1552 2947 1758 3002 lubrico
1797 2960 1890 3015 pe-

325 3043 420 3097 des
444 3053 584 3107 tuos,
616 3051 671 3097 et
695 3050 1035 3097 recesserunt
1060 3057 1092 3095 a
1119 3050 1170 3097 te
1219 3060 1238 3093 ι
1276 3040 1379 3095 nisi
1417 3048 1477 3095 ut
1502 3041 1748 3095 ostendat
1796 3053 1892 3094 no.

324 3132 410 3188 bis
432 3132 573 3202 quod
607 3131 746 3185 lliixa
773 3129 1025 3202 cogitatio
1048 3173 1062 3197 ,
1089 3140 1145 3186 et
1181 3131 1482 3202 voluptuosi
1517 3130 1891 3186 consiliatores

1994 1952 2136 2007 tibus
2158 1951 2298 2006 idem
2342 1951 2601 2020 propheta
2644 1958 2827 2005 narrat
2859 1968 2871 2004 :
2898 1951 3039 2004 unde
3075 1949 3419 2019 allegoricam
3459 1946 3576 2014 ejus

1992 2044 2388 2114 expositionem
2436 2043 2505 2098 ad
2545 2043 2792 2098 eumdem
2817 2042 2995 2096 locum
3018 2041 3321 2096 distulimus
3350 2057 3364 2092 :
3396 2038 3575 2108 ibique

1992 2138 2038 2192 si
2069 2136 2330 2191 Dominus
2353 2135 2562 2190 dederit
2586 2135 2714 2190 stilo
2748 2133 3052 2188 disserturi.
3095 2131 3201 2187 Sed
3245 2140 3424 2185 tamen
3471 2145 3574 2184 no-

1993 2227 2215 2282 tandum
2237 2226 2376 2296 quod
2400 2225 2566 2280 Isaias
2589 2225 2852 2296 propheta
2875 2225 2940 2279 de
2964 2223 3064 2277 hac
3080 2223 3334 2276 vastitate
3357 2222 3411 2274 in
3435 2219 3574 2275 libro

1989 2332 2088 2376 suo
2109 2317 2260 2387 paria
2282 2314 2530 2371 Jeremize
2553 2313 2848 2369 narrationi
2873 2311 3117 2383 protulit,
3144 2311 3332 2366 dicens
3357 2326 3371 2363 :
3402 2329 3420 2361 ι
3461 2307 3574 2362 Re-

1989 2412 2162 2467 cedite
2184 2426 2214 2466 a
2244 2424 2348 2475 me,
2375 2424 2560 2463 amare
2581 2407 2733 2472 ﬂebo,
2759 2407 2924 2462 nolite
2947 2405 3278 2469 incumbere,
3303 2410 3362 2456 ut
3381 2416 3576 2456 conso-

1988 2501 2170 2556 lemini
2186 2515 2272 2555 me
2283 2515 2446 2569 super
2460 2499 2770 2555 vastitatem
2787 2497 2906 2552 tiliae
2919 2496 3100 2567 populi
3115 2496 3221 2550 mei
3252 2513 3265 2549 :
3298 2494 3412 2550 dies
3428 2495 3574 2548 enim

1990 2591 2380 2649 interfectionis
2424 2599 2481 2647 et
2517 2589 2959 2655 conculcationis,
2990 2596 3046 2643 et
3078 2585 3302 2642 ﬂetuum
3349 2583 3577 2639 Domino

1992 2687 2103 2740 Deo
2123 2683 2459 2740 exercituum
2485 2682 2542 2736 in
2565 2681 2702 2735 valle
2726 2680 2966 2744 visionis,
2993 2685 3241 2732 scrutans
3259 2689 3495 2737 murum,
3520 2669 3577 2726 et

1991 2773 2482 2847 magniticus'super
2494 2780 2750 2826 montem.
2767 2769 2834 2824 Et
2846 2769 2984 2824 clam
2999 2766 3228 2836 sumpsit
3241 2765 3547 2835 pharetram
3558 2801 3574 2825 ,

1992 2879 2207 2919 cursum
2228 2861 2462 2917 hominis
2487 2861 2703 2930 equitis,
2726 2867 2781 2914 et
2804 2858 3064 2928 parietem
3081 2853 3304 2909 nudavit
3329 2852 3572 2922 clypeus.

1992 2956 2061 3009 Et
2084 2962 2240 3009 erunt
2277 2953 2463 3008 electa:
2497 2951 2667 3006 valles
2699 2958 2806 3005 tua:
2840 2948 3244 3019 quadrigarum,
3278 2953 3334 2999 et
3365 2943 3576 3012 equites

1993 3053 2200 3116 ponunt
2210 3044 2363 3100 sedes
2378 3059 2506 3098 suas
2519 3043 2572 3098 in
2589 3049 2825 3112 porta,et
2840 3038 3167 3095 revelabitur
3180 3031 3576 3106 Operimentum

1995 3131 2186 3189 Judasz
2226 3141 2282 3188 et
2306 3133 2512 3187 videbis
2536 3132 2590 3186 in
2617 3131 2708 3185 illa
2729 3130 2815 3184 die
2850 3125 3332 3183 armamentarium
3382 3123 3576 3177 domus

326 3225 379 3280 in
430 3225 636 3281 lubrico
665 3225 964 3280 carnalium
1010 3223 1420 3290 desideriorum,
1453 3231 1507 3278 et
1534 3237 1692 3278 emno
1733 3222 1893 3277 vitio-
1921 3210 1966 3272 C
1998 3223 2186 3289 saltus,
2203 3231 2260 3276 et
2293 3222 2561 3278 scissuras
2613 3220 2851 3276 civitatis
2903 3218 3074 3273 David
3131 3215 3402 3280 videbitis,
3448 3213 3576 3282 quia

324 3330 445 3370 rum
473 3332 717 3386 gressum
742 3330 964 3384 operum
991 3323 1300 3371 nostrorum
1331 3316 1667 3386 demergunt,
1697 3325 1751 3368 et
1771 3329 1892 3370 cum

327 3408 588 3462 dimersos
627 3407 862 3462 viderint
912 3423 944 3461 a
991 3407 1144 3462 nobis
1173 3407 1430 3464 recedunt
1465 3420 1481 3459 :
1515 3407 1642 3476 quia
1670 3407 1896 3476 perditis

326 3497 531 3550 nullum
558 3498 685 3551 utile
710 3498 991 3553 consilium
1019 3501 1275 3570 deinceps
1303 3502 1432 3555 dare
1456 3509 1701 3565 possunt,
1721 3501 1812 3569 qui
1829 3501 1897 3556 ad

328 3590 432 3643 hoc
456 3589 787 3646 solummodo
817 3587 1050 3646 studium
1081 3593 1480 3664 impendebant,
1510 3602 1569 3647 ut
1612 3593 1667 3648 in
1690 3593 1897 3664 peccati

327 3681 638 3750 voraginem
669 3682 767 3736 sibi
798 3683 1196 3738 consentientes
1232 3684 1634 3753 praecipitarent
1666 3699 1680 3738 :
1713 3684 1898 3753 sicque

329 3774 374 3828 si
405 3787 501 3827 nos
529 3774 752 3828 consilio
782 3773 1083 3828 divinarum
1129 3774 1532 3845 Scripturarum
1578 3791 1610 3830 a
1662 3777 1897 3846 peccatis

331 3864 530 3919 nostris
570 3864 862 3935 corrigere,
897 3871 953 3919 et
996 3865 1204 3920 animas
1247 3872 1462 3920 nostras
1511 3881 1541 3920 a
1602 3865 1899 3935 perditione

329 3957 511 4010 futura
535 3970 635 4025 per
657 3955 1025 4025 paenitentiam
1055 3956 1282 4011 liberare
1322 3955 1591 4020 nolumus,
1614 3944 1900 4012 cum'uxo-

332 4047 503 4112 ribus,
525 4047 630 4102 hoc
653 4055 753 4110 est,
780 4045 1228 4118 concupiscentiis
1252 4046 1561 4103 carnalibus
1586 4055 1639 4101 et
1673 4045 1814 4111 filiis,
1846 4039 1902 4100 id

331 4145 436 4201 est,
480 4136 662 4208 pravis
683 4137 889 4193 actibus
939 4137 1004 4192 ad
1033 4135 1329 4202 Chaldaeos,
1361 4137 1454 4206 qui
1477 4136 1902 4206 interpretantur

333 4230 603 4284 dmmones
633 4230 944 4294 educemur,
968 4237 1023 4285 et
1068 4230 1121 4284 in
1171 4246 1331 4284 manu
1391 4230 1533 4300 regis
1572 4228 1902 4285 confusionis

333 4328 549 4374 telernte
565 4319 727 4375 vincti
757 4321 1029 4375 trademur
1060 4322 1188 4390 :qui
1210 4321 1482 4376 civitatem
1515 4329 1775 4387 nostram,
1799 4321 1903 4375 hoc

334 4421 436 4475 est,
487 4427 704 4466 carnem
759 4411 919 4466 simul
963 4420 1019 4466 et
1065 4412 1296 4466 animum
1345 4412 1468 4484 igne
1501 4413 1784 4486 comburet
1817 4413 1900 4466 in-

336 4500 718 4571 exstinguibili.

864 4613 1090 4670 CAPUT
1125 4613 1367 4669 XXXIX.

340 4697 498 4769 Fugit
542 4699 788 4754 Sedecias
817 4718 878 4755 ca
915 4713 967 4756 ta
990 4705 1212 4768 civitate,
1246 4704 1642 4773 comprehensus
1676 4721 1903 4758 exca’ca-

409 4781 514 4823 tur.
556 4769 812 4824 Jeremias
865 4719 1097 4824 ἕοάοιὶαε
1130 4790 1248 4824 cum
1294 4774 1499 4824 civitate
1543 4776 1900 4824 committitur.

409 4781 514 4840 tur.
556 4769 812 4824 Ieremia:
865 4769 1097 4827 Godoliaz
1130 4790 1248 4828 cum
1294 4769 1499 4828 ciuitate
1543 4776 1901 4840 committitur,

410 4838 747 4893 Abdemelech
778 4840 1049 4895 liberatur.

414 4951 432 4981 ι
466 4931 531 4985 Et
557 4931 755 4986 factum
781 4940 882 4996 est,
906 4939 964 4985 ut
989 4940 1268 5002 caperetur
1289 4931 1583 4988 Jerusalem
1601 4947 1743 4988 anno
1764 4948 1906 4988 nono

347 5037 366 5071 ι
404 5019 642 5075 Ξθόεοίω
670 5022 810 5091 regis
839 5020 998 5086 Juda,
1044 5037 1225 5076 mense
1266 5023 1495 5087 decimo,
1546 5023 1693 5078 venit
1732 5023 1908 5080 Nabu—

348 5128 367 5160 ι
407 5112 746 5166 cbodonosor
774 5127 865 5166 rex
887 5112 1196 5184 Babylonis,
1223 5122 1278 5168 et
1305 5114 1482 5170 omnis
1501 5115 1770 5170 exercitus
1794 5115 1908 5184 ejus

349 5220 367 5250 ι
403 5199 466 5253 ad
481 5199 796 5266 Jerusalem,
829 5209 884 5256 et
910 5202 1190 5257 obsidebat
1214 5218 1332 5257 eam
1364 5222 1376 5256 :
1409 5203 1702 5260 Undecimo
1728 5215 1922 5274 autem,

349 5311 368 5341 ι
405 5305 546 5345 anno
594 5291 863 5357 Sedeciae,
898 5309 1083 5348 mense
1136 5303 1348 5363 (μιαί-ιο,
1384 5295 1570 5363 quinta
1593 5296 1677 5351 die
1709 5298 1909 5352 mensis

350 5395 369 5427 ι
401 5386 584 5446 aperta
603 5390 686 5433 est
711 5382 922 5446 civitas,
957 5389 1012 5437 et
1035 5383 1260 5452 ingressi
1287 5392 1410 5438 sunt
1431 5399 1617 5439 omnes
1639 5386 1908 5455 principes

350 5487 370 5519 ι
403 5469 544 5537 regis
565 5470 874 5541 Babylonis,
898 5482 953 5528 et
988 5476 1238 5530 sederunt
1265 5475 1317 5528 in
1342 5483 1496 5545 porta
1518 5477 1714 5542 media,
1743 5475 1909 5532 Nere-

351 5577 372 5611 c
401 5560 503 5630 gel,
530 5560 767 5623 Sereser,
798 5562 1248 5634 Semergarnabu,
1273 5564 1603 5630 Sarsachim,
1631 5567 1916 5637 Babsares,

353 5669 372 5702 ι
411 5649 652 5722 Ncrcgel,
676 5651 920 5717 Sereser,
942 5654 1202 5726 Bebmag,
1233 5665 1288 5711 et
1309 5671 1497 5723 omnes
1547 5657 1735 5727 reliqui
1775 5662 1919 5730 prin-

357 5758 375 5792 ι
408 5741 552 5810 cipes
575 5741 713 5810 regis
745 5741 1044 5810 Babylonis.
1077 5744 1315 5814 Cumque
1347 5746 1566 5801 vidi.~sct
1613 5762 1705 5803 eos
1751 5747 1912 5806 Seilc-

1998 3313 2367 3384 multiplicata:
2394 3320 2539 3368 sunt.
2565 3313 2631 3366 Et
2659 3309 3025 3382 congregastis
3046 3321 3214 3378 aquas
3235 3305 3454 3377 piscinae
3488 3305 3575 3357 in-

1998 3403 2212 3458 ferioris
2231 3410 2288 3457 et
2311 3402 2500 3456 domos
2517 3400 2815 3456 Jerusalem
2832 3400 3158 3455 numerastis
3186 3416 3199 3453 :
3227 3407 3281 3454 et
3306 3394 3598 3454 destruxi-'

1997 3493 2095 3549 stis
2117 3493 2334 3547 domum
2356 3491 2424 3545 ad
2445 3491 2794 3544 muniendum
2823 3503 3055 3554 murum,
3081 3498 3135 3543 et
3155 3487 3337 3542 lacum
3373 3484 3582 3541 fecistis

1997 3585 2139 3639 inter
2159 3583 2293 3638 duos
2317 3595 2525 3647 muros,
2545 3589 2600 3635 et
2622 3597 2815 3651 aquam
2845 3581 3064 3651 piscinae
3091 3581 3308 3645 veteris,
3359 3588 3414 3636 et.
3467 3594 3576 3634 non

1998 3671 2317 3743 suspexistis
2348 3671 2415 3725 ad
2446 3685 2569 3725 eum
2608 3672 2698 3740 qui
2721 3670 2924 3724 fecerat
2943 3685 3082 3733 eam,
3107 3677 3162 3724 et
3207 3669 3578 3747 Operationem
3624 3680 3626 3682 '

1998 3769 2113 3839 ejus
2137 3767 2202 3822 de
2222 3765 2380 3836 longe
2403 3781 2510 3820 non
2533 3765 2764 3820 vidistis.
2808 3764 2873 3819 Et
2893 3763 3103 3826 vocavit
3124 3761 3380 3817 Dominus
3417 3775 3577 3815 exer-

1997 3859 2201 3914 cituum
2219 3855 2274 3911 in
2297 3856 2384 3910 die
2403 3855 2492 3908 illa
2530 3856 2596 3909 ad
2622 3854 2804 3909 fletum
2824 3862 2879 3910 et
2899 3854 3194 3923 planctum,
3219 3859 3275 3906 et
3295 3850 3574 3906 calvitium

1999 3947 2066 4002 ad
2090 3944 2363 4017 cingulum
2387 3943 2550 4000 sacci.
2573 3944 2639 3998 Et
2665 3958 2791 3998 ecce
2819 3943 3070 4012 gaudium
3097 3951 3152 3996 et
3184 3940 3403 4017 laetitia,
3425 3941 3574 3996 occi-

2001 4039 2126 4094 dere
2153 4036 2368 4100 vitulos,
2393 4044 2449 4091 et
2473 4037 2686 4099 arietes,
2714 4035 2999 4091 comedere
3037 4048 3252 4097 carnes,
3291 4041 3346 4089 et
3384 4034 3573 4089 bibere

1999 4128 2205 4192 vinum,
2252 4126 2598 4182 comedamns
2641 4134 2697 4180 et
2745 4126 3014 4190 bibamus,
3057 4139 3180 4178 cras
3200 4123 3344 4178 enim
3375 4122 3579 4178 morie-

2002 4234 2140 4274 mur.
2157 4217 2225 4272 Et
2244 4201 2476 4271 revelata
2489 4225 2574 4271 est
2596 4216 2648 4269 in
2671 4215 2890 4269 auribus
2911 4215 3046 4269 meis
3063 4230 3165 4269 vox
3181 4213 3391 4269 Domini
3413 4228 3574 4268 exer-

2002 4311 2203 4366 cituum
2229 4329 2242 4364 :
2266 4309 2310 4365 si
2339 4291 2625 4364 dimittitur
2653 4308 2767 4362 hate
2796 4307 3051 4376 iniquitas
3080 4306 3234 4361 vobis
3259 4306 3429 4362 donec
3465 4320 3580 4358 mo-

2005 4400 2245 4465 riamini,
2293 4399 2422 4454 dicit
2473 4400 2732 4454 Dominus
2782 4399 3118 4453 exercituum
3160 4397 3296 4469 (lsa.
3339 4398 3497 4464 xm).
3553 4417 3575 4463 ε

2006 4488 2275 4562 (Ηίενοη.)
2308 4488 2584 4545 Manifeste
2614 4489 2979 4559 captivitatem
3009 4489 3292 4551 describit,
3321 4479 3455 4556 qua:
3480 4505 3582 4540 un-
3625 4510 3627 4513 τ

1925 4565 1979 4626 Ῑ)
2007 4580 2216 4634 decimo
2259 4571 2401 4633 anno
2442 4580 2586 4650 regis
2619 4577 2857 4634 Sedeciae
2887 4577 3027 4633 facta
3052 4588 3163 4642 est;
3195 4578 3262 4632 de
3285 4592 3388 4646 qua
3414 4585 3469 4630 et
3493 4575 3582 4630 Je-

2004 4670 2203 4724 remias
2229 4669 2353 4722 alibi
2378 4669 2633 4736 loquitur.
2676 4687 2694 4718 ‹
2736 4668 2875 4722 Ecce
2917 4683 3017 4737 ego
3045 4666 3352 4720 convocabo
3395 4665 3611 4718 omnes‘

2005 4757 2350 4828 cognationes
2401 4771 2686 4826 regnorum
2716 4756 3020 4824 Aquilonis,
3071 4755 3147 4807 ait
3189 4753 3447 4807 Dominus
3487 4761 3584 4807 :et
3624 4784 3626 4786 τ

2006 4848 2242 4911 venient,
2291 4853 2346 4900 et
2392 4855 2556 4914 ponet
2599 4846 2966 4914 unusquisque
3006 4843 3198 4897 solium
3233 4857 3388 4896 suum
3413 4842 3467 4895 in
3498 4843 3583 4894 in-

2011 4941 2177 4996 troitu
2205 4948 2482 5010 portarum
2502 4938 2818 5002 Jerusalem,
2857 4952 3018 5007 super
3043 4950 3232 4991 omnes
3255 4949 3436 4989 muros
3466 4933 3584 5005 ejus

2013 5035 2065 5088 in
2087 5032 2334 5087 circuitu.
2374 5052 2392 5084 ›
2431 5031 2583 5099 Quod
2613 5046 2679 5085 ne
2705 5039 2953 5100 putemus
2988 5043 3120 5082 voce
3162 5025 3499 5096 prtedictum,
3529 5033 3585 5079 et

2013 5137 2175 5193 opere
2216 5137 2321 5175 non
2353 5122 2646 5190 expletum,
2680 5121 2821 5174 idem
2862 5117 3126 5174 Jeremias
3171 5118 3288 5171 ait:
3334 5134 3352 5166 ι
3410 5115 3585 5170 Unde-

2014 5215 2152 5269 cimo
2174 5229 2315 5267 anno
2338 5212 2633 5274 Sedechiae,
2651 5227 2834 5266 mcnse
2847 5220 3058 5279 quarto,
3074 5210 3262 5278 quinta
3277 5208 3363 5263 die
3385 5205 3588 5261 mensis

2014 5313 2196 5374 aperta
2226 5313 2311 5358 est
2351 5304 2564 5366 civitas,
2601 5312 2657 5356 et
2689 5302 2918 5371 ingrcssi
2944 5309 3070 5354 sunt
3105 5281 3293 5354 omnes
3318 5297 3587 5368 principes

2014 5395 2154 5464 regis
2180 5394 2488 5465 babylonis,
2511 5404 2569 5450 et
2596 5395 2849 5449 sederunt
2888 5394 2938 5447 in
2965 5400 3116 5462 porta
3138 5392 3337 5464 media.
3378 5409 3396 5440 ι
3437 5389 3589 5444 Tunc
3609 5401 3632 5426 ι’

2013 5479 2140 5553 ergo
2187 5485 2242 5539 in
2288 5485 2513 5540 circuitu
2566 5485 2800 5539 civitatis
2834 5483 3131 5540 Jerusalem
3180 5479 3611 5535 innumerabilis

2019 5573 2173 5632 fusus
2196 5585 2278 5630 est
2305 5575 2592 5640 exercitus,
2620 5583 2676 5628 et
2703 5584 2886 5643 aperta
2917 5584 3042 5629 sunt
3065 5581 3249 5628 sancta
3280 5578 3589 5626 sanctorum

2017 5671 2072 5717 et
2089 5659 2592 5732 armamentarium,
2621 5667 2762 5734 quod
2790 5681 3008 5721 nemore
3027 5666 3460 5724 consitumerat,
3488 5661 3590 5713 ho-

2015 5754 2125 5810 stili
2157 5756 2495 5825 populationc
2519 5764 2835 5824 reseratum,
2867 5763 2912 5811 et
2941 5772 3034 5826 per
3069 5762 3289 5812 cunctas
3312 5749 3590 5817 urbispar-
