4044 6326
447 336 584 395 1083

1104 336 1167 392 Β.
1214 334 1466 406 ΒΑΒΧΝΙ
1505 339 1723 395 MAUBI
1761 333 2016 391 ABCHIE

2125 328 2424 388 MOGUNT.
2465 328 2749 387 OPERUM
2785 328 2962 385 PARS
2999 327 3087 384 Ill.

3551 325 3726 385 108-5

445 459 526 505 tes
554 448 738 505 divisis
761 449 932 504 muris
957 447 1129 504 hostis
1165 447 1441 518 ingressus
1485 457 1611 522 ρει..
1636 449 1791 516 Quod
1840 456 2020 501 autem
2050 449 2097 507 Α
2131 463 2148 495 σ
2181 445 2346 523 phan,
2377 454 2438 496 ut
2459 443 2685 497 intraret
2709 443 2926 496 domum
2955 450 3009 496 et
3037 441 3305 496 habitaret
3336 441 3390 496 in
3417 443 3642 513 populo.
3685 463 3718 497 ι

443 541 606 597 dicit:
646 563 664 593 ι
697 542 763 595 Et
791 541 1160 612 congregastis
1185 557 1355 609 aquas
1383 542 1604 610 piscina:
1644 541 1936 606 inferioris,
1964 549 2018 596 et

443 632 632 687 domos
657 630 953 687 Jerusalem
977 632 1325 694 numerastis,
1352 640 1406 684 et
1428 631 1772 686 destruxistis
1800 631 2016 684 domum

444 724 512 778 ad
532 724 878 778 muniendum
909 737 1143 787 murum,
1179 731 1232 776 et
1276 722 1451 776 lacum
1496 723 1696 776 fecistis
1720 722 1862 776 inter
1887 723 2020 777 duos

443 827 653 875 muros,
677 818 733 865 et
757 826 949 879 aquam
980 810 1198 878 piscinae
1222 810 1442 874 veteris,
1466 820 1520 864 et
1561 826 1669 866 non
1703 811 2020 880 suspexistis

446 902 514 956 ad
544 917 689 966 eum,
739 901 833 970 qui
884 897 1086 954 fecerat
1127 915 1267 966 eam,
1332 908 1386 954 et
1433 910 1771 970 operatorem
1810 899 1926 969 ejus
1957 902 2022 956 de

444 989 602 1062 longe
627 1005 734 1045 non
757 989 983 1045 vidistis.
1021 1009 1037 1040 ι
1066 988 1262 1044 Narrat
1283 980 1548 1059 quomodo
1569 991 1904 1046 obsidionem
1927 1007 2022 1062 pa-

445 1080 685 1134 raverint
719 1093 845 1149 erga
871 1079 1165 1145 civitatem,
1193 1087 1245 1134 et
1273 1095 1441 1148 aquas
1481 1079 1752 1135 inferioris
1783 1080 2023 1150 piscina},

447 1189 567 1244 quae
587 1173 704 1243 capi
727 1179 973 1242 poterant
998 1172 1062 1226 ad
1101 1173 1432 1241 superiorem
1459 1173 1811 1227 munitionem
1847 1188 2019 1242 aquze,

448 1262 822 1318 transtulerint
845 1262 1240 1332 destructisque
1276 1262 1523 1316 domibus
1571 1276 1754 1316 muros
1789 1262 2024 1316 aedifica-

446 1353 643 1416 verim,
669 1361 722 1407 et
746 1367 844 1422 per
880 1351 1116 1422 singulas
1151 1353 1489 1422 cognationis
1530 1353 1721 1406 domus
1761 1360 2021 1421 quantum

447 1441 708 1497 haberent
748 1443 1072 1513 acceperint,
1107 1443 1386 1512 denuoque
1409 1444 1699 1498 cisternam
1727 1444 1869 1499 inter
1889 1445 2023 1500 duos

448 1550 632 1590 muros
667 1543 724 1589 et
760 1537 1021 1604 piscinam
1055 1545 1295 1590 veterem
1334 1536 1685 1590 instaurarint
1709 1537 1775 1590 ad
1804 1552 2026 1590 servan-

448 1625 544 1678 das
577 1641 767 1695 aquas,
805 1634 861 1681 et
896 1641 1001 1680 non
1037 1626 1211 1696 magis
1248 1625 1342 1681 Dei
1391 1626 1704 1681 invocarent
1740 1627 2018 1692 auxilium,

447 1717 536 1784 qui
581 1716 830 1772 conditor
873 1724 955 1770 est
1001 1716 1151 1770 urbis
1185 1716 1510 1784 piscinaeque
1540 1715 1836 1771 Dominus:
1865 1717 2019 1786 quasi

2120 535 2304 589 Justus
2328 543 2412 589 est
2432 534 2691 588 Dominus
2711 541 2766 587 et
2791 542 2996 588 rectum
3012 532 3273 602 judicium
3294 533 3431 603 ejus,
3457 535 3550 603 qui
3577 535 3723 590 red-

2121 627 2196 680 dit
2239 624 2461 694 singulis
2505 623 2799 678 secundum
2821 637 2985 692 opera
3029 636 3240 677 eorum.
3274 621 3517 691 Denique
3561 623 3726 678 sicut

2120 730 2218 784 per
2246 716 2521 769 ministros
2548 712 2742 783 flagelli
2773 712 3096 781 superbiset
3117 711 3580 782 contemptoribus
3613 713 3728 767 di-—

2121 823 2255 875 gnas
2296 807 2500 877 irregat
2526 819 2733 875 poenas,
2768 804 2846 858 sic.
2869 804 3164 859 mansuetis
3221 814 3277 860 et
3318 805 3717 859 obedientibus

2120 912 2218 966 per
2245 897 2461 950 eosdem
2499 893 2860 949 miserationis
2904 900 2960 948 ct
2995 893 3168 948 solatii
3199 886 3408 948 debitas
3436 893 3732 962 impendit

2121 1000 2298 1040 curas.
2331 984 2485 1051 Quod
2513 992 2567 1038 et
2591 999 2734 1037 nunc
2759 982 3086 1052 patefactum
3115 991 3201 1037 est
3236 983 3289 1037 in
3324 982 3550 1038 Sedecia
3571 997 3717 1051 rege

2121 1082 2177 1129 et
2203 1065 2436 1128 Jeremia
2457 1071 2750 1141 propheta,
2765 1086 2863 1140 per
2887 1070 3384 1126 Nabuchodonosor
3407 1071 3553 1140 regis
3580 1085 3720 1126 sen-

2124 1165 2366 1221 tentiam.
2399 1161 2508 1217 Nec
2545 1161 2761 1226 mirum,
2792 1162 2934 1232 quod
2962 1177 3030 1217 ex
3061 1161 3253 1216 iisdem
3280 1161 3589 1216 hominibus
3615 1161 3722 1216 di-

2122 1269 2276 1309 versa
2301 1252 2526 1323 singulis
2566 1251 2808 1320 disponit
2842 1252 3088 1321 praemia,
3116 1253 3206 1322 qui
3238 1267 3306 1306 ex
3350 1252 3544 1307 iisdem
3587 1251 3724 1308 cie--

2124 1345 2319 1400 mentis
2343 1359 2441 1416 pro
2487 1343 2804 1398 meritorum
2831 1343 3090 1413 qualitate
3127 1343 3313 1399 electis
3355 1351 3413 1398 et
3456 1343 3736 1414 mprobis

2123 1438 2334 1493 diversa
2378 1438 2638 1507 impendit
2672 1441 3150 1496 remunerationes.
3189 1441 3323 1496 Nam
3357 1457 3494 1511 aqua
3536 1442 3732 1497 maris-

2123 1528 2310 1592 Rubri,
2347 1542 2466 1596 qua:
2493 1528 2728 1585 cultores
2761 1530 2856 1586 Dei
2886 1531 3081 1604 illzesos
3125 1533 3375 1587 servabat
3406 1531 3728 1596 leraelitas,

2121 1619 2309 1674 eadem
2337 1618 2606 1674 interfecit
2657 1618 2940 1692 Egyptios
2974 1621 3284 1677 idololatras
3313 1622 3510 1694 (Exod.
3545 1621 3664 1693 xiv)
3692 1638 3712 1687 ;

2120 1709 2367 1764 similiter
2403 1709 2620 1765 flamma
2657 1711 2854 1767 camini
2896 1712 2990 1782 qui
3038 1713 3180 1784 regis
3227 1712 3516 1784 Babylonis
3545 1713 3720 1782 juxta

445 1804 572 1860 aliis
602 1807 781 1862 verbis
827 1806 1022 1860 dixerit
1052 1820 1066 1858 :
1099 1804 1376 1860 Fiduciam
1418 1805 1680 1860 habuistis
1722 1805 1773 1858 in
1804 1805 2023 1860 homine
2049 1821 2094 1879 Β
2125 1803 2398 1858 fornacem
2433 1814 2646 1859 atroces
2692 1803 2962 1859 interfecit
3014 1805 3313 1868 ministros,
3356 1804 3545 1859 eadem
3583 1803 3716 1858 lau-

449 1905 630 1951 etnon
657 1896 711 1948 in
737 1893 866 1959 Deo,
895 1895 984 1963 qui
1026 1893 1200 1948 factor
1223 1902 1306 1948 est
1333 1893 1566 1948 hominis
1599 1912 1612 1948 :
1650 1913 1667 1944 ι
1701 1894 1767 1947 Et
1790 1895 2020 1960 vocavit,

449 1986 645 2056 inquit,
676 1985 934 2040 Dominus
961 1984 1102 2039 Deus
1141 1983 1472 2039 exercituum
1504 1983 1555 2037 in
1596 1985 1681 2039 die
1706 1984 1794 2038 illa
1834 1985 1901 2038 ad
1931 1984 2025 2038 lle—

448 2089 588 2143 tum,
641 2085 694 2133 et
734 2078 1029 2147 planctum,
1061 2084 1115 2130 et
1143 2076 1415 2131 calvitium
1444 2077 1510 2130 ad
1537 2075 1808 2145 cingulum
1857 2075 2022 2140 sacci,

449 2177 505 2223 et
532 2183 658 2224 ecce
680 2168 930 2238 gaudium
958 2176 1013 2222 et
1037 2168 1218 2222 laetitia
1247 2169 1496 2223 occidere
1523 2167 1738 2232 vitulos,
1774 2175 1830 2222 et
1864 2168 2024 2238 jugu-

447 2259 561 2314 lare
586 2259 807 2325 arietes,
832 2259 1113 2319 comedere
1147 2275 1358 2322 carnes,
1386 2267 1440 2313 et
1465 2259 1649 2313 bibere
1678 2259 1858 2312 vinum
1889 2277 1901 2312 :
1934 2271 2026 2313 'co-

447 2348 726 2403 medamus
754 2357 808 2402 et
837 2347 1103 2411 bibamus,
1135 2363 1256 2404 cras
1276 2348 1418 2402 enim
1446 2347 1760 2402 moriemur.
1786 2347 1853 2401 Et
1873 2363 2025 2403 reve-

447 2438 555 2492 lata
571 2438 720 2493 estin
739 2438 957 2493 auribus
981 2439 1114 2492 meis
1133 2454 1233 2492 vox
1259 2437 1467 2492 Domini
1489 2437 1846 2502 exercituum,
1870 2439 1914 2492 si
1939 2439 2024 2493 di-

447 2527 680 2582 mittitur
707 2528 822 2582 hzee
847 2527 1102 2596 iniquitas
1143 2529 1317 2593 vobis,
1343 2528 1511 2582 donec
1540 2528 1865 2593 moriamini,
1895 2529 2023 2585 dicit

449 2615 708 2672 Dominus
736 2617 877 2673 Deus
908 2617 1298 2672 exercituum.»
1336 2618 1658 2686 Captivitate
1685 2626 1949 2687 praesente
1968 2626 2024 2674 et

447 2709 668 2762 obsessa
687 2706 1012 2772 Jerusalem,
1034 2708 1122 2777 qui
1145 2723 1265 2763 eum
1296 2707 1518 2770 ferrum,
1543 2707 1732 2771 fames,
1763 2709 1898 2772 sitis,
1926 2724 2025 2764 ur-

450 2804 598 2867 geret
626 2797 833 2862 urbem,
865 2794 1096 2852 Ieremia
1143 2797 1210 2850 ad
1250 2797 1622 2866 pmnitentiam
1670 2797 2017 2866 provocabat,

447 2894 499 2939 et
537 2885 842 2940 ccontrario
893 2901 1047 2956 reges
1077 2902 1140 2940 ac
1168 2886 1438 2956 principes
1478 2894 1532 2941 et
1559 2885 1748 2956 vulgus
1794 2887 2018 2941 misera~

447 2973 574 3036 bile,
606 2976 975 3044 desperatione
1018 2977 1380 3044 pereuntium,
1421 2992 1478 3030 se
1525 2976 1772 3030 tradebat
1823 2976 2019 3047 epulis.

449 3060 589 3115 Nihil
617 3071 793 3116 autem
822 3063 902 3118 sic
928 3062 1151 3118 offendit
1193 3065 1381 3129 Deum,
1429 3081 1590 3134 quam
1635 3072 1756 3134 post
1799 3073 2021 3134 peccata

447 3161 626 3207 erecta
655 3153 860 3219 cervix,
889 3163 943 3209 et
972 3171 1038 3210 ex
1067 3156 1440 3225 desperatione
1471 3166 1830 3227 contemptus.
1865 3157 2019 3227 Unde
2047 3177 2094 3239 ρ

444 3251 500 3298 et
526 3259 624 3313 per
644 3244 810 3300 Amos
838 3245 1074 3314 loquitur
1100 3266 1112 3300 :
1160 3267 1178 3298 ‹
1209 3246 1383 3318 Super
1415 3257 1522 3303 tres
1553 3257 1607 3303 ct
1645 3258 1875 3319 quatuor
1913 3252 2017 3307 im—

444 3333 674 3400 pietates
698 3350 804 3388 non
828 3334 1156 3391 adversabor
1184 3351 1305 3391 eum
1337 3351 1352 3390 :
1378 3337 1517 3406 quod
1539 3346 1594 3392 et
1620 3338 1936 3410 cogitaverit
1964 3350 2020 3395 et

445 3425 654 3492 fecerit,
681 3437 736 3482 et
756 3443 862 3482 non
883 3430 1054 3500 egerit
1085 3431 1480 3501 ptenitcntiam,
1506 3431 1724 3502 insuper
1746 3440 1801 3486 et
1825 3433 2020 3488 docue-

446 3515 518 3568 rit
563 3515 764 3571 malum
812 3517 988 3589 (Amos
1032 3521 1114 3590 It).
1147 3542 1164 3571 ι
1199 3521 1351 3577 Unde
1375 3531 1429 3578 et
1457 3539 1602 3579 nunc
1630 3523 1866 3579 dicitur:
1904 3545 1922 3578 ι
1960 3525 2016 3580 Si

446 3605 746 3661 dimittetur
767 3608 882 3663 hinc
916 3609 1171 3680 iniquitas
1197 3612 1348 3672 vobis
1371 3614 1543 3668 donec
1565 3614 1892 3669 moriemini.
1923 3634 1940 3667 ι

519 3718 536 3747 ι
567 3697 901 3769 Przeceperat
917 3711 1096 3756 autem
1122 3703 1617 3760 Nabuchodonosor
1630 3721 1722 3760 rex
1735 3707 2021 3777 Babylonis

451 3805 468 3835 ι
499 3785 565 3840 de
594 3785 824 3843 Jeremia
857 3789 1214 3846 Nabuzardan
1247 3795 1504 3865 magistro
1529 3795 1748 3858 militize,
1793 3797 1975 3853 dicens
2002 3815 2014 3852 ε

450 3894 466 3925 ι
498 3876 642 3931 Tolle
661 3877 828 3945 illum,
855 3887 910 3934 et
935 3897 1075 3951 pone
1102 3898 1264 3953 super
1286 3900 1406 3939 eum
1430 3885 1766 3950 oculostuos,
1785 3888 2020 3959 nihilque

451 3984 468 4014 ι
502 3965 550 4019 ei
578 3966 702 4021 mali
728 3967 917 4035 facias,
948 3971 1042 4026 sed
1065 3981 1124 4026 ut
1151 3972 1402 4040 voluerit,
1434 3976 1514 4029 sic
1552 3975 1716 4031 facies
1764 3977 1834 4030 ei.
1877 3977 2020 4032 Misit

449 4073 470 4105 α
505 4070 632 4126 ergo
693 4057 1048 4115 Nabuzardan
1097 4064 1355 4134 magister
1412 4064 1656 4129 militiae,
1727 4074 1781 4120 et
1835 4065 2017 4121 Nabu-

355 4181 358 4185 -
449 4164 470 4197 ι
505 4147 734 4214 sczban,
777 4158 832 4204 et
870 4149 1140 4208 Rabsares
1161 4194 1175 4218 ,
1231 4163 1285 4209 et
1322 4154 1568 4225 Neregel,
1603 4164 1658 4210 ct
1689 4154 1934 4224 Sereser,
1965 4167 2015 4212 et

448 4254 469 4286 ε
501 4234 762 4308 Rebmag,
798 4249 855 4294 et
874 4256 1060 4295 omnes
1080 4243 1366 4312 Optimates
1387 4245 1528 4314 regis
1557 4245 1865 4317 Babylonis,
1911 4249 2015 4304 mi-

451 4344 468 4376 c
504 4339 691 4383 serunt
713 4340 768 4385 et
807 4331 1042 4386 tulerunt
1065 4332 1352 4388 Jercmiam
1380 4335 1447 4389 de
1470 4336 1732 4391 vestibulo
1757 4342 2011 4407 carceris,

2122 1893 2312 1948 dantes
2336 1901 2391 1948 et
2419 1893 2798 1950 benedicentes
2827 1894 3122 1950 Dominum
3158 1897 3211 1950 in
3238 1894 3418 1951 medio
3448 1895 3589 1966 ignis
3617 1895 3724 1950 in-

2124 1994 2382 2042 nocentes
2405 1986 2746 2042 conservavit
2791 2003 2988 2058 pueros
3011 1987 3172 2059 (Dan.
3203 1988 3306 2059 tn).
3333 1987 3488 2043 Unde
3516 1988 3599 2041 vir
3618 2003 3718 2041 sa-

2121 2075 2276 2144 piens
2313 2075 2368 2129 in
2394 2074 2642 2130 laudibus
2674 2075 2768 2131 Dei
2800 2078 2915 2132 ait:
2948 2095 2968 2129 ε
3008 2078 3267 2134 Creatura
3295 2077 3443 2133 enim
3481 2078 3579 2133 tibi
3626 2076 3728 2132 ττι-

2123 2165 2260 2219 ctori
2289 2166 2599 2221 deserviens
2633 2168 2978 2222 excandescit
3003 2169 3055 2222 in
3086 2176 3414 2223 tormentum
3444 2166 3730 2222 adversus-

2123 2254 2372 2322 injustos,
2397 2263 2452 2308 et
2481 2255 2652 2310 lenior
2681 2258 2742 2310 ﬁt
2771 2257 2838 2310 ad
2867 2256 3306 2312 benefaciendum
3350 2273 3452 2326 pro
3494 2257 3582 2312 his
3612 2259 3716 2327 qui

2123 2342 2176 2395 in
2213 2352 2264 2397 te
2286 2344 2561 2398 confidunt
2581 2344 2730 2416 (Sap.
2759 2345 2893 2417 xvi).
2935 2366 2952 2398 ι
2987 2347 3100 2402 Hoc
3127 2347 3268 2402 idem
3293 2355 3348 2402 et
3377 2347 3434 2401 in
3470 2362 3726 2416 sequen-

2124 2432 2270 2486 tibus
2293 2433 2710 2497 demonstratur,
2741 2451 2864 2490 cum
2893 2435 3112 2490 dicitur.

2200 2541 2217 2574 ‹
2253 2522 2334 2577 Ad
2362 2521 2651 2579 Jeremiam
2690 2535 2871 2582 autem
2897 2526 3726 2584 factusfueratsermo-Domini,

2130 2630 2148 2662 ‹
2183 2627 2305 2666 cum
2350 2612 2566 2668 clausus
2608 2623 2751 2668 esset
2787 2615 2840 2669 in
2868 2617 3132 2672 vestibulo
3161 2618 3421 2683 carceris,
3468 2618 3654 2674 dicens
3689 2637 3722 2672 :-

2130 2721 2148 2754 ‹
2174 2704 2318 2760 Vade
2343 2712 2398 2759 et
2422 2705 2510 2760 dic
2532 2707 2889 2764 Abdemelecb
2905 2709 3164 2781 Ethiopi,
3190 2711 3377 2767 dicens
3399 2730 3412 2766 :
3432 2711 3556 2767 Haec
3571 2712 3723 2767 dicit-

2130 2812 2147 2843 ι
2173 2794 2432 2850 Dominus
2451 2797 2788 2852 exercituum
2814 2799 2962 2855 Deus.
2975 2800 3167 2856 Israel:
3186 2803 3328 2858 Ecce
3341 2804 3724 2874 egoinducam-

2129 2904 2148 2936 ι
2188 2899 2467 2943 sermones
2499 2905 2648 2946 meos
2674 2907 2838 2961 super
2866 2894 3142 2951 civitatem
3170 2897 3312 2952 hanc
3345 2897 3400 2952 in
3423 2899 3625 2954 malum
3651 2908 3718 2954 et

2130 2996 2147 3028 ε
2171 2994 2276 3033 non
2309 2979 2363 3035 in
2389 2981 2612 3048 bonum,
2641 2993 2694 3039 et
2718 2988 2946 3042 eruntin
2963 3000 3256 3060 conspectu
3274 3001 3365 3048 tuo
3392 2993 3447 3048 in
3475 2995 3560 3050 die
3589 2994 3720 3061 illa,

2131 3087 2151 3119 ε
2177 3077 2230 3122 et
2252 3069 2494 3126 liberabo
2509 3073 2630 3128 tein
2645 3075 2731 3130 die
2753 3077 2863 3143 illa,
2892 3078 3024 3134 dicit
3053 3080 3334 3147 Dominus,
3365 3090 3422 3138 et
3457 3100 3558 3139 non
3591 3093 3720 3140 tra-

2129 3177 2149 3208 ‹
2183 3159 2325 3216 deris
2353 3162 2409 3216 in
2433 3178 2623 3218 manus
2669 3167 2930 3233 virorum,
2961 3185 3098 3240 quos
3147 3179 3205 3226 tu
3263 3173 3539 3238 formidas,
3595 3176 3706 3230 sed

2130 3266 2148 3298 ε
2181 3264 2376 3306 eruens
2427 3251 2668 3310 liberabo
2708 3264 2780 3322 te,
2817 3266 2872 3313 et
2913 3260 3090 3330 gladio
3128 3277 3236 3317 non
3275 3264 3459 3329 cades,
3484 3265 3578 3320 scd
3600 3267 3710 3320 erit

2131 3359 2149 3391 ι
2187 3341 2280 3394 tibi
2310 3342 2491 3397 anima
2522 3353 2612 3398 tua
2642 3347 2695 3400 in
2721 3348 2972 3413 salutem,
3002 3351 3130 3420 quia
3159 3352 3213 3406 in
3240 3367 3326 3407 me
3368 3352 3604 3408 habuisti
3645 3352 3708 3407 fi-

2132 3447 2151 3479 ι
2190 3430 2420 3496 duciam,
2449 3434 2526 3488 ait
2549 3434 2825 3493 Dominus.
2861 3459 2879 3490 ι
2908 3438 3199 3511 (ΜΑυιιυε.)
3246 3441 3448 3497 Omnes
3469 3443 3563 3512 qui
3584 3455 3718 3512 spe.

2124 3532 2245 3580 rant
2274 3525 2327 3578 in
2362 3523 2590 3581 Domino
2624 3543 2729 3583 non
2766 3530 3166 3586 confundentur
3197 3550 3210 3587 :
3248 3553 3267 3584 ί
3305 3532 3707 3588 confundantur

2123 3623 2304 3669 autem
2355 3615 2523 3685 iniqui
2575 3617 2834 3675 facientes
2885 3638 3019 3676 vana
3059 3622 3230 3695 (Psal.
3274 3623 3408 3692 xui)
3444 3641 3457 3676 :
3493 3644 3513 3677 ι
3564 3624 3716 3680 Ecce-

2125 3707 2418 3776 principes,
2448 3709 2537 3777 qui
2585 3707 2872 3766 Jeremiam
2926 3714 3304 3783 expetiverunt
3347 3714 3416 3768 ad
3469 3715 3721 3768 carceris

2123 3813 2376 3868 poenam:
2417 3799 2717 3857 Chaldaicae
2739 3804 3063 3872 captivitatis
3096 3805 3337 3876 perpessi
3372 3813 3498 3860 sunt
3531 3804 3702 3858 vindi-

2126 3900 2288 3946 ctam.
2320 3890 2421 3946 llic
2462 3901 2642 3948 autem
2686 3895 2983 3961 eunuchus,
3014 3896 3108 3966 qui
3138 3896 3456 3966 prophetam
3504 3894 3702 3950 liberat

2126 3981 2191 4034 de
2217 3996 2454 4048 carcere,
2486 3984 2712 4039 Domino
2740 3994 3119 4042 remunerante
3137 3985 3376 4056 perfecta
3398 3986 3600 4056 potitus
3622 3995 3707 4040 est

2125 4072 2392 4129 libertate.
2440 4074 2498 4130 Si
2541 4084 2719 4132 autem
2761 4077 3093 4148 allegoriam,
3129 4093 3294 4149 quam
3325 4093 3484 4148 supra
3513 4078 3708 4147 posui-

2125 4179 2245 4219 mus
2283 4165 2350 4220 de
2390 4167 2493 4221 hoc
2521 4167 2767 4222 eunucho
2808 4168 3061 4238 ZEthiope
3092 4169 3417 4238 respexeris,
3453 4168 3702 4224 eamdem

2123 4253 2567 4324 significationem
2596 4257 2823 4324 invenis,
2854 4261 2978 4330 quia
3000 4261 3240 4316 liberatis
3269 4259 3470 4318 sanctis
3499 4258 3702 4330 praedi-

2123 4345 2397 4400 catoribus
2436 4363 2462 4400 a
2492 4349 2790 4416 perditione
2831 4350 3032 4418 futura,
3073 4358 3453 4422 persecutores
3503 4364 3700 4405 eorum

451 4433 469 4466 ι
503 4425 558 4468 et
599 4418 936 4474 tradiderunt
962 4437 1085 4475 eum
1125 4422 1362 4477 Godolize
1398 4423 1507 4480 filio
1546 4424 1772 4482 Ahicam
1800 4428 1888 4482 lilii
1913 4429 2013 4484 Sa-
2042 4423 2094 4483 D
2121 4433 2321 4488 ultione
2351 4436 2604 4491 interient
2633 4448 2910 4509 perpetua.

448 4558 3700 4601 Μ

1359 4672 1655 4752 LIBER
1711 4674 2164 4756 DECIMUS
2223 4678 2746 4774 QUARTUS.

510 4909 793 4981 Descripta
820 4914 1121 4970 vastatione
1149 4917 1318 4981 urbis,
1349 4926 1404 4971 et
1439 4917 1680 4983 interitu,
1730 4926 1892 4989 atque
1921 4935 2016 4974 ca-

442 5005 686 5076 ptivitate
708 5005 886 5076 populi
910 5004 1119 5064 Judaici
1149 5024 1271 5064 cum
1295 5009 1502 5079 perfido
1538 5025 1685 5082 rege,
1727 5009 1838 5080 jam
1874 5027 2015 5066 nunc

445 5105 669 5149 narrare
693 5093 1014 5164 incipiamus
1031 5099 1159 5168 quid
1184 5099 1250 5154 de
1274 5095 1509 5154 Jeremia
1539 5101 1738 5155 factum
1763 5101 1854 5164 sit,
1872 5108 1925 5154 et
1949 5099 2016 5154 de

447 5183 686 5254 reliquiis
713 5188 915 5256 papuli,
936 5197 990 5242 et
1015 5191 1282 5258 quomodo
1301 5190 1439 5244 idem
1467 5189 1730 5258 propheta
1760 5189 2016 5258 parvissi-

447 5290 587 5328 mam
611 5263 914 5343 portionem
937 5279 1139 5334 relicta:
1163 5280 1334 5349 plebis
1371 5294 1438 5332 ex
1457 5281 1623 5334 verbo
1669 5278 1881 5334 Domini
1920 5280 2014 5333 ad-

446 5369 732 5434 monuerit,
766 5379 826 5425 ut
853 5372 1101 5426 sederent
1127 5371 1303 5426 securi
1349 5371 1400 5425 in
1429 5380 1572 5426 terra
1618 5389 1734 5437 sua,
1767 5381 1820 5427 et
1851 5373 2016 5428 servi-

447 5465 566 5513 rent
592 5461 702 5532 regi
742 5461 1054 5530 Babylonis;
1082 5462 1182 5529 ipsi
1209 5477 1338 5518 vero
1368 5473 1776 5521 contemnentes
1816 5479 2017 5534 prmce-

444 5560 596 5623 ptum
643 5551 757 5616 Dei,
804 5551 984 5620 potius
1039 5551 1316 5620 elegerunt
1351 5553 1588 5624 migrare
1613 5555 1666 5609 in
1697 5553 2010 5626 Egyptum,

444 5645 534 5698 ubi
562 5645 902 5715 postmodum
936 5658 1029 5697 eos
1053 5643 1545 5706 Nabuchodonosor
1585 5648 1860 5717 reperiens
1899 5655 2011 5702 tru-

447 5734 663 5800 cidavit,
709 5731 975 5801 simulque
1025 5744 1219 5790 terram
1257 5736 1470 5808 Egypti
1501 5739 1745 5794 vastavit.
1779 5739 1929 5808 Quod
1957 5746 2012 5793 et

2118 4925 2625 4994 prmsenSprophcta
2654 4927 2815 4981 etiam
2839 4943 2945 4980 non
2968 4926 3261 4992 tacuit,sed
3293 4923 3483 4978 salutis
3504 4921 3700 4978 lucida:

2119 5012 2356 5068 futurum
2385 5016 2462 5068 eis
2484 5023 2608 5069 ante
2642 5017 2910 5085 prmdixit.

2705 5105 2929 5160 CAPUT
2974 5105 3086 5159 XL.

2119 5194 2396 5249 Libcrnmr
2439 5196 2714 5258 Jeremias,
2752 5198 2984 5267 pra'dicit
3009 5197 3256 5250 Joannan
3289 5193 3699 5267 Godoliw_mor—

2458 5277 2559 5321 tem
2599 5267 2661 5319 ab
2687 5266 2901 5332 Isinael,
2927 5283 3043 5338 qua:
3066 5267 3112 5319 ei
3157 5267 3367 5320 accidit.

2195 5383 2214 5415 σ
2245 5364 2436 5419 Sermo
2482 5363 2572 5433 qui
2628 5361 2797 5417 factus
2837 5371 2919 5415 est
2961 5361 3027 5416 ad
3069 5359 3356 5416 Jeremiam
3387 5377 3414 5416 a
3442 5360 3694 5420 Domino,

2122 5477 2140 5509 ι
2172 5467 2450 5527 postquam
2479 5455 2734 5510 dimissus
2754 5463 2837 5510 est
2863 5471 2889 5509 a
2913 5454 3267 5509 Nabuzardan
3300 5456 3557 5526 magistro
3596 5453 3697 5509 Ini-

2122 5567 2138 5599 ‹
2177 5550 2302 5603 Ιῑιὶίε
2331 5550 2396 5604 de
2424 5549 2618 5612 Rama,
2647 5547 2868 5616 quando
2893 5546 3014 5600 tulit
3051 5561 3175 5600 eum
3220 5546 3456 5602 vinctum
3488 5555 3696 5602 catenis

2123 5659 2141 5692 ι
2181 5641 2232 5694 in
2275 5621 2454 5696 meiiio
2478 5639 2719 5695 omnium
2747 5638 2836 5707 qui
2868 5637 3177 5706 mi‘grabant
3202 5636 3266 5691 de
3291 5635 3590 5692 Jerusalem
3636 5645 3694 5691 et

2124 5754 2142 5786 ‹
2174 5732 2331 5797 lirda,
2374 5727 2440 5786 et
2496 5731 2829 5787 ducebantur
2860 5729 2910 5784 in
2935 5728 3279 5800 Babylonem.
3308 5727 3523 5784 Twllens
3559 5742 3698 5798 ergo
