4044 6326
293 358 314 410 Ι
326 356 428 413 085

1169 357 1529 439 EXPOSITIQ
1567 358 1791 418 SUPER
1825 357 2192 415 IEREMIAM.
2233 386 2301 399 --
2337 358 2464 414 LIB.
2506 357 2644 415 XIV.

3388 365 3413 420 Ι
3423 365 3531 422 086

294 487 314 520 ι
350 468 598 538 princeps
637 466 839 525 militia:
866 467 1181 550 Ieremiam,
1206 471 1342 526 dixit
1373 472 1441 528 ad
1477 486 1598 526 eum
1624 489 1638 524 :
1667 472 1850 528 Domi-
1880 486 1927 544 Α
1960 490 1983 522 ‹
2015 470 2279 541 Masphat,
2310 479 2366 526 et
2390 471 2723 542 collegerunt
2749 472 2931 528 vinum
2958 482 3015 531 et
3038 490 3267 532 messem
3306 480 3525 536 multam
3576 536 3582 541 ,

295 581 315 614 ι
347 577 449 616 nus
476 561 617 618 Deus
642 571 764 619 tuus
786 564 996 621 locutus
1028 573 1111 620 est
1144 565 1341 620 malum
1370 566 1471 620 hoc
1496 580 1655 635 super
1676 564 1852 621 locum

293 668 316 705 ι
344 652 529 716 istum,
556 660 610 707 et
643 654 865 711 adduxit
891 696 907 721 ,
937 666 993 711 et
1014 655 1140 712 fecit
1169 658 1427 713 Dominus
1470 656 1613 712 sicut
1643 657 1853 712 locutus

290 759 316 796 ι
340 732 444 809 est,
471 744 595 814 quia
621 745 884 814 peccastis
912 746 1161 812 Domino,
1186 756 1243 802 et
1263 762 1369 801 non
1398 747 1627 802 audistis
1667 762 1851 803 vocem

297 849 314 881 ι
353 829 489 898 ejus,
512 839 567 885 et
592 831 763 886 factus
798 841 881 889 est
909 835 1058 890 vobis
1078 851 1256 892 sermo
1281 837 1386 891 hic.
1413 834 1566 891 Nunc
1585 852 1712 908 ergo
1728 853 1853 894 ecce

295 941 314 972 ι
347 920 483 976 solvi
513 930 564 977 te
576 922 732 977 hodie
744 924 809 979 de
829 926 1057 991 catenis,
1080 942 1197 995 quas
1218 936 1342 982 sunt
1363 927 1416 982 in
1436 928 1683 983 manibus
1714 929 1848 984 tuis:

295 1029 312 1061 ι
346 1012 392 1067 si
413 1012 586 1083 placet
607 1013 810 1079 tibi,~ut
832 1016 1014 1071 venias
1050 1032 1258 1072 mecum
1284 1018 1339 1071 in
1357 1017 1705 1089 Babylonem,
1729 1020 1851 1075 veni

294 1121 312 1153 ι
337 1111 391 1157 et
409 1118 605 1174 ponam
631 1104 815 1160 oculos
841 1122 989 1162 meos
1024 1122 1186 1177 super
1213 1116 1285 1163 te.
1320 1106 1377 1163 Si
1406 1116 1584 1181 autem
1607 1109 1854 1180 displicet

295 1209 314 1242 ι
345 1191 440 1247 tibi
466 1193 648 1248 venire
663 1209 871 1249 mecum
895 1196 947 1251 in
969 1196 1506 1267 Babylonem,reside
1534 1215 1547 1250 :
1572 1199 1713 1254 Ecce
1736 1214 1853 1255 om-

293 1299 311 1329 ι
345 1281 430 1336 nis
459 1291 599 1338 terra
627 1281 680 1337 in
718 1297 1007 1354 conspectu
1054 1295 1146 1341 tuo
1194 1298 1297 1353 cst,
1350 1288 1493 1357 quod
1537 1288 1764 1359 elegeris
1798 1297 1856 1343 et

293 1389 310 1419 ι
346 1384 453 1437 quo
490 1370 751 1439 placuerit
777 1373 869 1427 tibi
900 1381 957 1427 ut
980 1373 1165 1440 vadas,
1204 1374 1328 1429 illuc
1365 1390 1546 1446 perge,
1567 1384 1622 1429 et
1643 1392 1853 1430 mecum

292 1475 310 1506 ι
348 1458 455 1511 noli
483 1459 689 1525 venire,
737 1462 827 1517 sed
858 1462 1039 1531 habita
1062 1464 1200 1532 apud
1226 1463 1504 1518 Godoliam
1532 1464 1698 1519 ﬁlium
1722 1463 1855 1518 Abi-

292 1565 310 1596 ι
332 1561 449 1601 eam
477 1547 569 1601 ﬁlii
602 1546 840 1617 Saphan,
858 1566 1016 1619 quem
1045 1538 1329 1623 pra‘posnit
1356 1567 1450 1607 rex
1471 1551 1757 1623 Babylonis
1776 1555 1853 1608 ci-

270 1651 310 1683 οι
332 1634 762 1691 vitatibusJudaa.
779 1637 970 1693 Habita
993 1655 1253 1710 crgocum
1280 1655 1344 1694 eo
1370 1640 1422 1693 in
1451 1642 1626 1696 medio
1648 1642 1849 1711 populi,

290 1743 309 1775 ι
346 1724 429 1779 vel
451 1742 770 1818 quocupque
793 1729 1059 1798 placuerit
1086 1731 1204 1798 tibi,
1237 1741 1294 1786 ut
1324 1732 1488 1787 vadas
1516 1733 1665 1787 vade.
1697 1732 1853 1787 Dedit

1968 579 1987 613 ι
2022 562 2204 617 nimis.
2243 583 2260 615 ι
2291 562 2657 619 Miserationes
2705 563 2919 620 Domini
2968 568 3150 622 multae
3185 579 3312 624 sunt
3343 572 3525 639 nimis,

1959 660 2016 706 et
2035 652 2235 721 judicia
2269 652 2385 720 ejus
2409 655 2635 724 abyssus
2664 654 2852 720 multa,
2897 656 2988 724 qui
3035 657 3173 712 sicut
3214 669 3526 729 peccatores
3605 657 3614 668 ’

1960 752 2014 797 et
2034 744 2475 812 prtevaricatores
2503 745 2636 815 legis
2654 760 2765 800 sua:
2778 744 2923 814 iuste
2946 748 3224 817 corripuit,
3249 751 3321 804 ita
3342 751 3519 806 humi-

1958 835 2099 890 libus
2123 842 2179 890 et
2209 834 2580 891 obedientibus
2619 836 2721 891 sibi
2748 836 3190 893 misericorditer
3220 840 3396 894 solatii
3439 841 3523 895 sui

1957 939 2115 994 opem
2142 924 2384 980 contulit.
2413 924 2518 980 Per
2546 925 2691 994 ipsos
2718 927 2860 982 enim
2891 928 3095 992 hostes,
3124 944 3222 998 per
3248 944 3388 999 quos
3412 946 3511 1001 per

1959 1013 2124 1068 ﬁdum
2145 1028 2325 1084 regem
2351 1022 2407 1068 et
2434 1015 2659 1070 rebelles
2705 1016 2982 1072 ministh
3021 1015 3138 1084 ejus
3170 1019 3398 1087 punivit,
3428 1035 3529 1089 per

1959 1102 2059 1157 hos
2081 1101 2244 1157 etiam
2289 1103 2532 1172 reliquiis
2564 1104 2745 1175 populi
2782 1106 2862 1160 sui
2889 1108 3222 1176 provisorem
3247 1108 3525 1165 GodOliam

1958 1194 2254 1257 constituit,
2298 1202 2359 1249 ut
2400 1194 2518 1263 ejus
2550 1196 2833 1264 prudentia
2886 1207 3045 1253 terra:
3095 1198 3271 1255 cultus
3318 1201 3526 1256 utiliter

1957 1292 2255 1347 exerceret,
2285 1291 2339 1338 et
2385 1285 2478 1353 qui
2526 1284 2755 1354 dispersi
2801 1285 3015 1341 fuerant
3068 1289 3525 1361 recolligerentur,

1960 1375 2394 1444 babitarentque,
2422 1376 2469 1430 si
2494 1378 2763 1432 mandatis
2800 1378 3012 1432 Domini
3052 1378 3274 1433 obedire
3306 1380 3527 1446 vellent,
3588 1382 3598 1392 “

1959 1465 2011 1518 in
2047 1472 2189 1517 terra
2233 1479 2330 1518 sua
2375 1465 2578 1533 absque
2633 1465 2826 1521 timore
2876 1466 3110 1522 hostium
3139 1477 3195 1523 et
3230 1468 3524 1523 calumnia.

1958 1553 2180 1625 hlystice
2207 1560 2388 1609 autem
2410 1554 2550 1608 idem
2573 1554 2845 1620 Godolias,
2876 1556 2968 1624 qui
2994 1556 3382 1626 interpretatur
3418 1573 3531 1612 ma-

1958 1643 2245 1713 gniﬁcatus
2268 1642 2493 1699 Domino
2515 1653 2695 1715 typum
2718 1647 2856 1716 gerit
2879 1656 3188 1702 sanctorum
3213 1648 3545 1718 praedicata--

1960 1748 2103 1797 rum,
2132 1732 2223 1802 qui
2255 1735 2323 1787 ad
2360 1734 2464 1788 boc
2492 1734 2671 1788 divino
2691 1742 2823 1788 nutu
2845 1734 3213 1804 przeﬁciuntur
3232 1737 3287 1790 in
3308 1737 3527 1802 mundo,

290 1832 311 1866 ι
342 1829 552 1884 quoque
577 1815 646 1870 ei'
666 1820 924 1889 magister
963 1820 1169 1876 militiae
1209 1821 1409 1876 cibaria
1437 1830 1489 1877 et
1519 1823 1852 1890 munuscula,
1886 1815 1931 1874 B
1960 1823 2216 1877 utﬁdcles
2242 1824 2441 1892 quique
2470 1831 2526 1878 et
2554 1824 2807 1879 timentes
2825 1825 2993 1878 Deum
3018 1824 3531 1896 babeantrefugium

290 1921 309 1957 ι
346 1911 401 1959 et
434 1906 635 1961 dimisit
658 1922 798 1962 cum.
831 1929 849 1962 ι
886 1908 1179 1981 (Maenas)
1211 1909 1479 1978 Quaeritur
1500 1922 1679 1967 autem
1718 1928 1855 1983 quo-

283 1997 445 2053 modo
478 1999 565 2055 hic
593 2015 771 2056 sermo
791 2001 1002 2056 Domini
1026 2003 1197 2059 factus
1223 2020 1342 2060 esse
1362 2005 1736 2071 adJcrcmiam
1767 1988 1859 2060 de-

285 2090 572 2157 scribatur,
604 2101 659 2147 et
697 2108 803 2147 non
846 2095 1152 2149 ostenditur
1195 2097 1317 2167 quis
1363 2097 1464 2151 iste
1485 2112 1662 2152 sermo
1699 2097 1859 2152 fuerit

284 2178 368 2232 vel
395 2179 522 2248 quid
538 2181 982 2238 manifestaverit.
1013 2183 1163 2239 Unde
1186 2186 1239 2239 ni
1265 2184 1420 2241 fallor
1440 2186 1856 2256 daturintelligi,

284 2268 425 2336 quod
456 2267 626 2337 ipsam
667 2268 1042 2326 liberationem
1081 2289 1229 2327 suam
1259 2290 1358 2343 per
1393 2275 1689 2344 principem
1719 2276 1860 2330 mili-

283 2358 372 2411 ti:e
398 2358 578 2414 divino
616 2368 750 2414 nutu
799 2359 1018 2427 factam,
1065 2364 1324 2434 propheta
1352 2363 1563 2418 occulte
1587 2380 1683 2434 per
1714 2366 1856 2420 hunc

284 2460 592 2502 sermonem
638 2449 706 2503 ad
748 2465 805 2505 se
838 2452 1105 2520 prolatum
1157 2453 1403 2509 intimare
1432 2454 1679 2521 voluerit,
1719 2455 1860 2511 sicut

283 2534 427 2589 idem
452 2533 806 2593 Nabuzardan
846 2541 914 2595 ad
933 2540 1221 2596 Jeremiam
1244 2543 1322 2597 ait
1349 2561 1361 2598 τ
1392 2563 1409 2594 ι
1441 2543 1699 2599 Dominus
1719 2544 1859 2600 Deus

286 2632 409 2677 tuus
430 2624 639 2680 locutus
666 2636 749 2682 est
775 2629 973 2683 malum
999 2632 1124 2697 hoc,
1148 2633 1272 2701 quia
1305 2635 1568 2701 peccastis
1608 2634 1856 2698 Domino,

288 2722 342 2766 et
363 2729 467 2768 non
484 2714 711 2772 audistis
725 2733 907 2774 vocem
920 2721 1056 2789 ejus.
1093 2743 1109 2773 ι
1140 2723 1290 2778 Unde
1317 2723 1360 2779 si
1386 2723 1485 2790 illi,
1512 2725 1603 2794 qui
1634 2724 1860 2779 Domino

288 2818 669 2875 peccaverunt,
698 2820 753 2865 et
779 2810 896 2879 ejus
926 2814 1041 2869 voci
1072 2829 1178 2869 non
1201 2815 1536 2881 nbedierunt,
1568 2817 1723 2887 juxta
1747 2832 1860 2873 ser-

292 2916 504 2954 nionem
542 2901 753 2957 Domini
778 2905 829 2959 in
851 2907 1215 2977 captivitatem
1247 2908 1428 2962 traditi
1447 2914 1571 2962 sunt
1602 2909 1746 2963 :‘iste
1768 2907 1859 2977 qui

288 2998 575 3057 peccantes
615 2991 895 3062 corripuit,
947 3003 1001 3051 et
1041 2995 1252 3050 Domini
1300 2996 1554 3051 mandato
1599 2996 1856 3063 obedivit,

284 3076 449 3145 juxta
478 3082 884 3149 promissionem
916 3082 1033 3153 ejus
1067 3085 1133 3141 de
1170 3086 1402 3140 hostium
1434 3101 1652 3141 suorum
1681 3087 1856 3142 mani-

289 3169 389 3223 bus
411 3176 466 3224 et
493 3170 558 3225 de
587 3173 856 3241 ergastulo
887 3173 1123 3251 carceris
1148 3175 1406 3231 liberatus
1442 3184 1546 3232 est.

360 3272 386 3307 ι
440 3258 601 3313 Venit
634 3260 1096 3319 autemoleremias
1134 3263 1200 3318 ad
1231 3264 1507 3320 Godoliam
1530 3254 1697 3320 ﬁlium
1725 3264 1857 3320 Ahi—

292 3366 313 3399 ι
342 3362 459 3402 eam
496 3348 549 3403 in
593 3347 855 3420 Masphat,
903 3361 957 3407 et
991 3354 1253 3409 habitavit
1303 3371 1422 3410 cum
1453 3370 1519 3411 eo
1571 3356 1626 3410 in
1682 3356 1857 3411 medio

218 3466 229 3477 -
296 3460 314 3491 c
358 3441 564 3511 populi,
588 3443 677 3511 qui
705 3443 925 3499 relictus
946 3445 1121 3499 fuerat
1150 3447 1204 3499 in
1238 3455 1401 3502 terra.
1434 3445 1566 3501 Cum
1608 3460 1736 3517 ergo
1764 3464 1857 3502 au-

295 3552 313 3581 ι
354 3532 563 3585 dissent
597 3546 783 3585 omnes
830 3534 1101 3605 principes
1154 3537 1443 3600 exercitus,
1492 3536 1585 3606 qui
1631 3536 1856 3606 dispersi

296 3639 315 3670 ι
351 3620 565 3675 fuerant
612 3638 709 3689 per
761 3622 1028 3693 regiones,
1087 3625 1185 3695 ipsi
1233 3635 1289 3680 et
1321 3625 1449 3680 socii
1477 3626 1686 3691 eorum,
1716 3627 1857 3696 quod

295 3731 311 3762 ι
350 3710 675 3779 prrefecisset
699 3724 795 3764 rex
816 3710 1103 3767 Babvlonis
1129 3712 1405 3767 Godoliam
1440 3712 1606 3767 ﬁlium
1634 3714 1855 3770 Ahicam

297 3822 315 3853 ι
356 3812 528 3867 teme,
559 3803 782 3871 etquod
811 3803 1238 3859 commendasset
1278 3804 1326 3860 ei
1364 3805 1529 3870 viros,
1577 3815 1631 3861 et
1668 3805 1858 3861 mulie-

296 3911 314 3943 ι
344 3908 451 3957 res,
490 3902 544 3949 et
568 3893 840 3962 parvulos,
870 3902 924 3949 et
949 3895 1014 3949 de
1054 3897 1379 3965 pauperibus
1404 3904 1580 3963 terrm,
1631 3898 1720 3968 qui
1751 3914 1855 3953 non

296 4005 312 4037 ι
348 3986 560 4042 fuerant
586 3987 831 4042 translati
846 3989 904 4063 in
924 3987 1273 4059 Babylonem,
1299 3997 1564 4044 venerunt
1587 3991 1655 4045 ad
1674 3988 1859 4046 'Godo-

296 4095 312 4127 ι
337 4078 462 4133 liam
493 4078 545 4132 in
573 4078 835 4147 Masphat,
865 4088 919 4133 et
933 4077 1122 4133 lsmael
1136 4078 1276 4133 filius
1289 4078 1590 4145 Nathanize,
1618 4089 1672 4137 et
1697 4078 1857 4136 Joan-

295 4188 312 4219 ι
344 4184 445 4222 nan
468 4167 607 4223 ﬁlius
627 4168 898 4236 Careae,et
918 4168 1207 4234 Jonatban,
1238 4177 1293 4225 et
1320 4168 1515 4226 Sarcas
1541 4170 1684 4227 ﬁlius
1718 4171 1856 4227 The-

294 4278 312 4308 ¢
350 4261 668 4325 nehumeth,
712 4268 767 4316 et
808 4261 902 4315 filii
929 4260 1098 4330 Ophi,
1121 4261 1394 4330 quierant
1443 4261 1509 4316 de
1534 4259 1855 4333 Netopbati,

295 4367 313 4399 ι
341 4346 590 4406 Jezonias
629 4350 772 4405 ﬁlius
824 4351 1087 4406 Maaehati
1114 4392 1128 4416 ,
1178 4351 1277 4420 ipsi
1313 4358 1368 4406 et
1402 4350 1501 4404 viri
1539 4367 1725 4406 eorum
1756 4366 1770 4404 :
1803 4360 1857 4405 et

294 4460 311 4490 ι
339 4440 542 4508 juravit
562 4442 640 4495 eis
669 4440 921 4495 Godolias
956 4440 1098 4495 filius
1128 4439 1372 4503 Ahicam,
1404 4438 1497 4493 ﬁlii
1535 4439 1772 4511 Saplian,
1801 4449 1855 4496 et

294 4551 312 4582 ι
339 4532 623 4586 comitibus
669 4547 876 4596 eorum,
935 4531 1120 4587 dicens
1152 4530 1364 4585 :Nolite
1412 4531 1604 4587 timere
1652 4532 1854 4589 servire

295 4643 311 4670 ι
342 4620 623 4674 Chaldzeis.
680 4620 929 4676 Habitatc
953 4622 1006 4675 in
1050 4630 1191 4675 terra
1222 4629 1271 4675 et
1304 4621 1504 4675 servitu
1540 4621 1649 4692 regi
1678 4623 1855 4694 Baby-

297 4728 314 4758 ι
353 4709 506 4775 Ionis,
530 4718 583 4763 et
605 4710 742 4763 bene
766 4710 870 4764 erit
894 4712 1065 4766 vobis.
1093 4711 1231 4765 Ecce
1258 4709 1443 4766 habito
1492 4711 1545 4764 in
1589 4710 1855 4780 Maspbat,

296 4819 313 4849 ι
350 4806 408 4853 ut
429 4798 781 4869 respbndeam
804 4810 1074 4870 prmcepto
1113 4798 1489 4867 Cbaldeorum,
1517 4799 1608 4871 qui
1638 4801 1858 4855 mittun-

296 4911 313 4941 ι
347 4901 435 4945 ιυι·
456 4891 523 4945 ad
543 4906 640 4947 nos
665 4910 678 4944 :
708 4892 817 4947 Vos
836 4900 1013 4947 autem
1036 4892 1268 4960 colligite
1290 4892 1633 4956 vindemiam,
1648 4902 1703 4946 et
1724 4906 1859 4946 mes-

299 4999 317 5031 ι
358 4995 495 5045 sem,
525 4989 580 5035 et
605 4980 802 5047 oleum,
845 4989 899 5036 et
925 4981 1137 5036 condite
1174 4981 1226 5035 in
1253 4982 1398 5036 vasis
1425 4981 1637 5046 vestris,
1666 4990 1720 5035 et
1743 4995 1855 5034 ma-

300 5088 316 5118 ι
352 5078 472 5125 ncte
502 5070 553 5124 in
583 5070 808 5125 urbibus
847 5070 1064 5133 vestris,
1107 5086 1242 5142 quas
1281 5070 1493 5126 tenetis.
1531 5070 1635 5124 Sed
1668 5080 1721 5124 et
1743 5085 1857 5124 om-

300 5178 317 5208 ι
353 5174 451 5213 nes
482 5157 670 5223 Judaei,
707 5161 798 5230 qui
840 5170 995 5216 erant
1039 5161 1092 5213 in
1139 5160 1313 5223 Moab,
1361 5168 1414 5214 ct
1453 5160 1505 5213 in
1565 5160 1687 5212 ﬁliis
1731 5158 1857 5211 Am-

301 5267 319 5299 ι
350 5265 493 5314 mon,
524 5257 578 5305 et
603 5251 656 5305 in
685 5250 938 5315 ldumaea,
980 5260 1034 5305 et
1084 5252 1136 5304 in
1195 5250 1459 5304 universis
1511 5248 1852 5319 regionibus:

300 5356 320 5390 ι
352 5337 534 5396 audito
574 5342 718 5410 quod
757 5341 989 5397 dedisset
1035 5357 1126 5395 rex
1182 5339 1463 5411 Babylonis
1508 5338 1762 5407 reliquias
1803 5337 1857 5390 in

301 5447 321 5481 ι
355 5427 558 5495 Judma,
593 5438 649 5486 et
679 5433 819 5501 quod
866 5434 1246 5503 praeposuisset
1276 5446 1436 5500 super
1465 5445 1557 5485 eos
1583 5429 1863 5485 Godoliam

303 5537 322 5570 ι
357 5518 523 5573 ﬁlium
547 5520 771 5575 Ahicam
817 5521 913 5576 ﬁlii
945 5521 1183 5592 Sapban,
1230 5520 1432 5576 reversi
1455 5528 1596 5583 sunt,
1624 5520 1863 5590 inquam,

304 5629 326 5661 ι
362 5626 550 5667 omnes
574 5611 742 5667 Judaei
767 5613 834 5667 de
856 5614 1120 5668 universis
1148 5614 1299 5676 locis,
1332 5613 1399 5667 ad
1445 5629 1565 5683 qum
1617 5612 1866 5683 profuge-

306 5720 321 5749 ε
360 5711 498 5764 rant,
522 5710 577 5757 et
605 5711 865 5757 venerunt
896 5704 958 5758 ad
984 5702 1261 5758 Godoliam
1296 5703 1347 5757 in
1390 5711 1587 5758 terram
1637 5701 1769 5757 Juda
1813 5702 1863 5756 in

1882 4482 1932 4541 D

1961 1920 2016 1965 et
2039 1912 2310 1976 solatium,
2338 1927 2445 1982 quo
2470 1913 2678 1981 possint
2701 1911 2996 1968 subsistere
3035 1920 3092 1967 et
3140 1913 3194 1967 in
3224 1912 3328 1967 Dei
3363 1913 3532 1967 servi-

1960 1988 2036 2071 tio
2061 2002 2238 2055 devoti
2275 2016 2616 2071 permanere.
2648 2001 2715 2055 lli
2746 2002 2954 2057 animas
2991 2015 3118 2056 suas
3140 2017 3238 2071 pro
3263 2000 3532 2072 proximis

1960 2092 2073 2146 suis
2095 2100 2321 2161 ponunt,
2353 2100 2405 2146 et
2441 2101 2628 2147 contra
2667 2092 2900 2162 perﬁdos
2924 2091 3276 2161 protectionis
3317 2101 3530 2148 scutum

1959 2190 2311 2251 opponentes,
2339 2196 2508 2249 usque
2536 2180 2604 2234 ad
2627 2178 2855 2236 mortem
2899 2180 2954 2234 in
2980 2189 3159 2250 coepto
3195 2178 3370 2237 ofﬁcio
3396 2180 3532 2235 ﬁde-

1958 2271 2081 2325 liter
2106 2271 2422 2339 persistunt.
2453 2270 2604 2326 Unde
2624 2270 2765 2325 sicut
2785 2269 3038 2325 Godolias
3074 2270 3333 2323 innocens
3352 2284 3381 2321 a
3405 2282 3521 2338 per.

1960 2361 2067 2416 ﬁdo
2097 2371 2151 2416 et
2195 2362 2380 2417 doloso
2432 2361 2657 2417 lsmaele
2698 2361 2910 2416 occisus
2960 2360 3166 2433 est,_ita
3207 2366 3263 2414 et
3313 2359 3401 2413 isti
3429 2373 3531 2428 pro

1958 2454 2160 2509 Christi
2187 2454 2456 2508 nominea
2484 2451 2922 2523 persecutoribus
2961 2448 3236 2518 Evangelii
3272 2457 3329 2503 et
3373 2448 3532 2503 Chri-

1959 2544 2147 2598 stianae
2170 2544 2448 2613 religionis
2469 2542 2865 2598 insecutoribus
2905 2542 3222 2595 innocenter
3265 2540 3530 2604 viventes,

1959 2648 2067 2687 non
2120 2632 2388 2701 trepidant
2432 2638 2659 2685 mortem
2700 2629 2884 2684 subire
2914 2627 3282 2698 temporalem.
3321 2627 3400 2682 De
3426 2642 3537 2697 quo

1959 2730 2141 2775 autem
2168 2729 2222 2774 et
2252 2719 2539 2775 subditur:

2035 2831 2053 2863 ι
2078 2810 2361 2866 Jobannan
2388 2820 2566 2867 autem
2590 2810 2730 2866 ﬁlius
2751 2810 2957 2876 Careze,
2977 2819 3031 2866 et
3052 2825 3241 2866 omnes
3262 2809 3535 2880 principes

1965 2924 1982 2954 ι
2023 2903 2311 2967 exercitus,
2339 2903 2429 2972 qui
2463 2902 2693 2973 dispersi
2723 2910 2877 2957 erant
2915 2903 2969 2956 in
3018 2902 3344 2972 regionibus,
3373 2916 3533 2956 vcnc~

1964 3014 1983 3045 ι
2028 3002 2154 3048 runt
2173 2996 2239 3048 ad
2260 2992 2537 3049 Godoliam
2565 2993 2615 3047 in
2644 2992 2976 3063 Masphat,et
2997 2992 3247 3049 dixerunt
3274 2992 3359 3047 ei:
3384 2991 3533 3047 Scito

1967 3102 1985 3133 c
2027 3082 2169 3153 quod
2192 3080 2369 3137 Baalis
2401 3097 2495 3137 rex
2524 3081 2752 3137 ﬁliorum
2782 3081 3010 3137 Ammon
3038 3082 3187 3137 misit
3220 3081 3411 3137 lsmael
3466 3080 3535 3134 ﬁ-
3616 3094 3627 3101 '

1883 3152 1928 3214 C
1965 3191 1983 3225 ι
2030 3152 2158 3228 lium
2204 3172 2482 3228 Natbaniae
2528 3181 2811 3243 percutere
2857 3174 3088 3228 animam
3144 3181 3310 3229 tuam.
3336 3174 3405 3228 Et
3426 3189 3543 3228 non.

1964 3280 1983 3315 ι
2030 3263 2258 3319 credidit
2284 3264 2364 3318 eis
2383 3262 2635 3317 Godolias
2659 3262 2799 3317 ﬁlius
2818 3262 3065 3318 Abicam.
3096 3261 3377 3318 Johaunan
3405 3278 3537 3319 vero

1962 3372 1979 3403 ι
2026 3351 2165 3407 filius
2191 3351 2375 3407 Careze
2424 3351 2560 3406 dixit
2599 3350 2668 3405 ad
2709 3350 2988 3406 Godoliam
3028 3365 3271 3406 seorsum
3317 3352 3372 3406 in
3419 3351 3549 3407 Ma-r

1962 3461 1980 3491 ς
2024 3441 2183 3509 sphat
2207 3440 2433 3510 loquens
2457 3458 2470 3493 :
2498 3439 2587 3494 lbo
2613 3449 2667 3495 et
2690 3441 2984 3509 percutiam
3014 3440 3205 3496 lsmael
3240 3441 3406 3496 ﬁlium
3429 3440 3537 3495 Na-

1962 3551 1979 3580 ι
2025 3512 2219 3585 ίΙιίιηίτρ
2249 3531 2395 3585 nullo
2429 3532 2653 3596 sciente,
2684 3547 2749 3585 ne
2782 3532 3073 3586 interﬁciat
3097 3532 3333 3586 animam
3362 3541 3533 3598 tuam,

1962 3640 1980 3671 ι
2025 3630 2079 3676 et
2111 3622 2439 3691 dissipentur
2483 3638 2670 3678 omnes
2711 3621 2903 3687 Judzei,
2934 3624 3022 3691 qui
3063 3624 3369 3693 congregati
3409 3633 3535 3679 sunt

1962 3733 1981 3764 ι
2026 3715 2093 3768 ad
2123 3724 2197 3779 te,
2224 3723 2277 3768 et
2298 3714 2547 3784 peribunt
2581 3714 2820 3784 reliquiu:
2861 3714 3016 3769 Juda.
3045 3716 3113 3769 Et
3157 3716 3234 3769 ait
3276 3714 3528 3771 Godolias

1962 3823 1981 3856 ι
2028 3805 2167 3860 ﬁlius
2191 3805 2416 3861 Abicam
2442 3806 2511 3862 ad
2548 3804 2826 3860 Jobannan
2861 3805 3026 3860 ﬁlium
3074 3804 3277 3861 Carae.
3309 3804 3427 3879 Noli
3456 3807 3555 3860 fat

1961 3916 1980 3948 ι
2021 3912 2145 3952 cere
2190 3898 2413 3954 verbum
2460 3898 2562 3953 hoc
2612 3915 2625 3950 :
2677 3896 2872 3952 falsum
2918 3897 3063 3954 enim
3089 3905 3147 3952 tu
3192 3897 3428 3967 loqueris
3470 3899 3538 3955 de

1967 4009 1984 4040 ι
2029 3988 2241 4046 lsmael.
2280 4009 2298 4041 ι

2532 4078 2757 4136 CAPUT
2799 4078 2935 4135 XLI.

1956 4192 2153 4248 lsmael
2181 4192 2369 4246 occidit
2396 4191 2672 4247 Godoliam
2702 4200 2749 4245 et
2778 4186 3042 4260 octoginta
3086 4189 3225 4244 siros
3264 4199 3442 4244 euntes
3482 4190 3541 4244 iu

2023 4260 2337 4324 Jerusalem,
2387 4261 2600 4316 salvatis
2659 4261 2833 4314 decent
2865 4274 2883 4312 .'
2912 4260 3046 4330 (agit
3083 4260 3367 4325 Johaumm
3418 4273 3537 4313 cum

2027 4342 2140 4386 octo
2165 4332 2287 4386 viris
2314 4333 2367 4386 in
2397 4331 2712 4401 1Egyptum.

2036 4466 2054 4498 ι
2083 4445 2152 4499 Et
2180 4444 2380 4500 factum
2420 4452 2503 4499 est
2539 4444 2591 4498 in
2627 4428 2811 4499 mense
2856 4441 3115 4517 septimo,
3155 4441 3305 4497 venit
3346 4438 3541 4496 lsmael

1964 4557 1982 4589 ι
2027 4537 2167 4591 ﬁlius
2209 4534 2488 4590 Natbania:
2537 4533 2630 4588 ﬁlii
2688 4534 2919 4589 Elisama
2972 4533 3038 4587 de
3086 4532 3291 4587 semine
3338 4528 3538 4601 regali,

1965 4648 1982 4678 ι
2029 4634 2084 4681 et
2135 4626 2421 4694 optimates
2477 4624 2649 4693 regis,
2703 4630 2759 4678 et
2802 4621 2988 4677 decem
3017 4621 3119 4674 viri
3165 4635 3286 4675 cum
3333 4633 3431 4682 eo,
3470 4618 3540 4673 ad

1966 4735 1984 4766 ι
2029 4713 2307 4769 Godoliam
2344 4711 2510 4765 ﬁlium
2539 4711 2765 4766 Abicam
2806 4710 2862 4764 in
2905 4710 3170 4778 Masphat,
3196 4715 3252 4763 et
3286 4705 3537 4761 comede-

1967 4823 1984 4855 ι
2028 4811 2153 4856 runt
2175 4802 2247 4855 ibi
2274 4815 2467 4871 panem
2501 4798 2657 4854 simul
2679 4800 2733 4853 in
2759 4797 3021 4869 Maspliat.
3056 4798 3420 4852 Surrexerunt
3443 4810 3540 4848 au—

1969 4912 1986 4943 ‹
2034 4899 2139 4945 tem
2168 4889 2358 4945 lsmael
2383 4888 2525 4944 ﬁlius
2547 4886 2829 4943 Nathanize
2858 4895 2913 4943 et
2934 4886 3117 4941 decem
3141 4885 3267 4951 viri,
3296 4883 3389 4953 qui
3415 4897 3535 4937 cum

1968 5001 1986 5030 ι
2033 4993 2096 5034 co
2123 4987 2298 5043 erant,
2326 4986 2378 5031 et
2400 4986 2781 5048 percusserunt
2806 4976 3085 5034 Godoliam
3117 4975 3283 5029 ﬁlium
3308 4971 3538 5029 Abicam

1970 5094 1985 5122 ι
2031 5070 2125 5125 lilii
2172 5068 2390 5139 Saphan
2433 5068 2631 5140 gladio,
2689 5077 2745 5123 et
2787 5066 3172 5123 interfecerunt
3210 5078 3331 5118 eum
3374 5077 3537 5145 quem

1968 5183 1986 5213 ι
2029 5160 2342 5232 praefecerat
2371 5176 2464 5214 rex
2488 5159 2774 5230 Babylonis
2794 5167 2966 5213 teme.
2997 5156 3196 5235 Omnes
3215 5169 3426 5225 quoque
3444 5150 3538 5207 Ju-

1970 5272 1988 5303 ι
2033 5252 2195 5315 d:cos,
2226 5252 2315 5319 qui
2352 5258 2504 5304 erant
2530 5265 2651 5305 cum
2681 5248 2900 5304 Godolia
2931 5247 2984 5301 in
3015 5246 3277 5316 Masphat.
3305 5253 3361 5300 et
3381 5243 3539 5301 Chal-

1970 5364 1987 5395 ι
2027 5342 2193 5409 dzeos,
2222 5341 2314 5413 qui
2342 5342 2539 5411 reperti
2568 5348 2693 5396 sunt
2724 5340 2820 5404 ibi,
2850 5347 2904 5393 ct
2937 5339 3083 5393 viros
3107 5337 3391 5392 bellatores
3409 5350 3537 5405 per—

1968 5450 1987 5482 ι
2033 5432 2198 5486 cussit
2232 5429 2442 5484 lsmael.
2476 5428 2725 5483 Secundo
2759 5435 2939 5482 autem
2970 5426 3056 5480 die
3082 5432 3368 5494 postquam
3399 5421 3539 5477 occi—
3610 5492 3621 5501 '

1971 5540 1987 5571 ι
2034 5521 2186 5575 derat
2213 5518 2491 5573 Godoliam
2521 5517 2666 5573 nullo
2693 5517 2868 5571 adhuc
2890 5515 3119 5579 sciente,
3147 5520 3411 5568 venerunt
3436 5509 3539 5563 viri

1971 5630 1987 5660 ι
2031 5607 2099 5664 de
2143 5607 2383 5672 Sichcm,
2410 5616 2464 5662 et
2496 5607 2563 5663 de
2598 5606 2733 5671 Silo,
2765 5614 2819 5661 et
2871 5605 2938 5660 de
2973 5602 3219 5659 Samaria
3266 5600 3539 5670 octoginta

1972 5720 1989 5753 ι
2033 5698 2153 5764 viri,
2203 5698 2307 5754 rasi
2332 5698 2525 5767 barba,
2563 5707 2619 5753 ct
2646 5697 2830 5753 scissis
2862 5695 3099 5753 vestibus
3126 5701 3180 5750 ct
3211 5691 3539 5763 squalentes.
