4044 6326
485 302 620 360 1087

1154 303 1215 360 Β.
1258 302 1512 361 BABANI
1547 303 1765 362 MAURI
1801 299 2120 359 ARCHIEP.
2159 300 2470 359 MOGUNT.
2509 299 3008 359 OPERUM‘PARS
3044 300 3131 356 lli».

3600 302 3799 362 {088

485 444 507 478 ι
548 439 777 481 munera
796 433 851 478 et
882 423 1006 478 thus
1034 422 1306 480 habebant
1331 425 1389 480 in
1413 439 1595 492 manu,
1622 433 1687 479 ut
1724 423 1984 479 otiiarrent
2003 422 2059 476 in
2086 421 2138 484 Α
2162 420 2324 477 etiam
2359 420 2584 477 minima
2614 419 2908 477 subtrahit.
2939 417 3094 476 Unde
3120 425 3175 474 et
3207 427 3356 477 recte
3394 421 3600 478 dictum
3622 431 3741 479 est
3772 441 3793 475 :

485 535 507 569 ι
549 517 766 573 domum
786 514 1017 571 Domini.
1039 513 1305 586 Egressus
1323 530 1453 587 ergo
1473 514 1666 570 lsmael
1696 513 1838 569 (ilius
1860 512 2064 568 Natba-

485 624 507 659 ι
545 606 649 662 nite
672 607 734 662 in
758 620 1045 662 occursum
1080 618 1270 661 eorum
1313 608 1382 662 de
1421 605 1696 677 Maspbat,
1730 603 2065 661 incedenset

485 716 511 750 ι
550 697 767 768 plorans
794 696 926 751 ibat.
956 694 1093 751 Cum
1119 706 1302 752 autem
1326 697 1681 753 occurrisset
1707 697 1809 763 eis,
1836 696 1972 752 dixit
1997 697 2063 751 aii

483 808 505 840 ι
546 802 641 844 eos
668 806 682 843 :
716 789 909 844 Venite
928 788 998 844 ad
1031 787 1313 845 Godoliam
1340 788 1788 845 liliumAhicam.
1811 787 1913 855 Qui
1940 803 2062 843 cum

484 902 513 933 ι.
546 882 822 938 venissent
845 882 920 937 ad
933 881 1168 937 medium
1187 882 1440 949 civitatis,
1468 882 1738 938 interfecit
1753 897 1850 939 eos
1871 882 2063 938 lsmael

484 992 513 1024 σ-
542 973 692 1045 ﬁlius
731 972 1013 1029 Nathaniac
1058 973 1201 1027 circa
1255 973 1491 1028 medium
1536 973 1638 1028 iaci
1664 1013 1680 1038 ,
1724 973 1840 1045 ipse
1872 981 1929 1028 et
1960 973 2064 1028 viri

485 1082 514 1115 ι
548 1063 641 1132 qui
663 1070 964 1118 erantcum
987 1076 1074 1117 eo.
1114 1062 1308 1117 Decem
1353 1069 1534 1116 autem
1560 1061 1681 1117 viri
1702 1062 1904 1132 reperti
1937 1069 2064 1117 sunt

484 1175 514 1206 ι·
552 1155 694 1211 inter
716 1168 833 1220 eos,
854 1154 952 1224 qui
975 1153 1226 1209 dixerunt
1270 1153 1339 1210 ad
1382 1151 1574 1209 lsmael
1607 1169 1622 1208 :
1658 1150 1777 1209 Noli
1815 1153 2063 1209 occidere

486 1265 503 1297 ι
551 1260 670 1311 nos,
690 1224 819 1316 quia
846 1244 1106 1301 habemus
1129 1244 1441 1300 thesaurum
1460 1243 1515 1298 in
1541 1257 1671 1314 agro
1694 1242 1971 1309 frumenti,
2007 1250 2065 1298 et

486 1356 505 1388 ι
547 1338 734 1395 hordei
758 1346 816 1395 et
840 1336 950 1393 olei
982 1345 1039 1392 et
1072 1336 1267 1393 mellis.
1298 1336 1369 1392 Et
1394 1336 1650 1401 cessavit,
1675 1342 1732 1391 et
1754 1333 2061 1390 non’inter-

484 1446 503 1478 ε
548 1428 677 1482 fecit
700 1430 795 1484 eos
831 1442 957 1485 cum
984 1426 1244 1484 fratribus
1282 1427 1415 1482 suis.
1455 1446 1473 1479 ι
1500 1424 1705 1497 (6ης.)
1739 1424 1866 1481 lixae
1912 1423 2062 1480 fraus

479 1526 607 1573 tunc
628 1519 847 1589 quidem
874 1518 1218 1575 bistorialitei
1248 1533 1344 1588 per
1361 1517 1640 1573 lsmaeiem
1666 1515 1811 1572 facta
1831 1522 1935 1580 est,
1965 1514 2063 1572 sed

480 1624 622 1665 nunc
648 1610 890 1679 quotidie
941 1609 1259 1681 apiritaiiter
1301 1623 1402 1681 per
1447 1606 1966 1678 antiquum-hostem
2005 1606 2062 1661 in

480 1702 681 1757 mundo
715 1702 912 1773 agitur.
946 1700 1389 1758 Sciendum-vero
1405 1708 1509 1767 est,
1533 1699 1678 1770 quod
1710 1699 1852 1754 bona
1874 1703 2063 1752 nostra

2171 532 2197 566 τ
2221 514 2313 585 qui
2342 529 2466 571 cum
2494 514 2770 571 venissent
2797 515 2866 570 ad
2899 515 3137 571 medium
3181 514 3420 571 civitatis
3472 517 3797 574 interfecit

2163 619 2279 661 eos.
2317 624 2338 659 ι
2369 600 2531 662 Viros
2560 619 2690 676 ergo
2724 605 2792 661 ad
2824 604 3103 661 oii‘erenda
3127 604 3238 660 Deo
3266 621 3495 662 munera
3519 608 3791 664 venien—

2165 702 2266 761 tes,
2293 695 2348 750 in
2376 695 2556 751 medio
2578 694 2818 751 civitatis
2854 696 3131 762 interficit,
3156 696 3283 767 quia
3328 696 3530 754 divinis
3554 698 3794 754 dedita:

2166 790 2327 844 rebus
2350 796 2578 853 tuentes,
2618 787 2719 843 nisi
2754 803 2948 859 magna
2975 803 3035 844 se
3059 787 3548 859 circumspectione
3565 796 3794 847 custo-

2164 879 2333 944 diant,
2358 877 2685 948 surripiente
2718 878 2875 934 hoste
2903 880 3030 935 dum
3066 878 3370 936 devotionis
3406 890 3633 951 portant
3658 883 3788 938 ho-

2162 969 2346 1035 stiam,
2372 969 2427 1023 in
2457 969 2576 1038 ipso
2614 967 2808 1024 itinere
2831 969 3065 1040 perdunt
3096 969 3265 1024 vitam
3299 971 3418 1026 :De
3458 970 3618 1041 cujus
3660 973 3789 1028 bo-

2165 1059 2266 1114 stis
2296 1073 2458 1113 manu
2484 1073 2593 1113 non
2626 1059 2895 1124 evaditur,
2936 1059 3041 1116 nisi
3069 1059 3233 1116 citius
3258 1060 3327 1116 ad
3369 1062 3782 1132 penitentiam

2162 1161 2492 1208 recurratur.
2529 1150 2657 1206 inde
2695 1150 2806 1207 illic
2849 1151 3192 1224 subiungitur
3222 1172 3237 1207 :
3275 1173 3296 1205 ‹
3331 1152 3529 1209 Decem
3569 1163 3779 1212 autem

2161 1244 2264 1299 viri
2291 1244 2490 1314 reperti
2516 1251 2644 1299 sunt
2682 1243 2827 1299 inter
2862 1258 2959 1301 eos
2997 1245 3089 1315 qui
3119 1245 3717 1303 dixeruntadJsmael
3756 1264 3778 1302 :

2163 1333 2283 1390 Noli
2304 1333 2554 1391 occidere
2591 1348 2710 1399 nos,
2735 1334 2863 1405 quia
2910 1335 3173 1393 habemus
3215 1336 3503 1394 thesauros
3534 1338 3592 1393 in
3619 1353 3780 1410 agro

2161 1423 2417 1479 frumenti
2445 1423 2711 1479 ethordei
2735 1432 2794 1479 et
2810 1412 2996 1481 olei'et
3032 1425 3227 1491 mellis,
3280 1435 3336 1482 et
3383 1444 3493 1483 non
3549 1430 3781 1485 occidit

2160 1528 2274 1569 eos.
2313 1533 2333 1567 ι
2364 1511 2677 1569 Thesaurus
2692 1513 2895 1585 quippe
2918 1514 2978 1569 in
3003 1530 3153 1586 agro,
3174 1530 3301 1586 spes
3325 1515 3380 1571 in
3404 1518 3778 1589 pauitantia,

2161 1620 2283 1678 quae
2304 1606 2434 1677 quia
2460 1621 2569 1663 non
2596 1605 2854 1674 cernitur,
2881 1608 3039 1678 quasi
3068 1609 3122 1663 in
3154 1617 3300 1663 terra
3322 1608 3504 1665 cordis
3523 1608 3780 1667 suti‘ossa

2163 1698 2492 1753 continetur.
2523 1696 2625 1764 Qui
2647 1711 2780 1769 ergo
2802 1699 3090 1754 thesauros
3130 1699 3184 1754 in
3214 1714 3345 1771 agro
3372 1699 3613 1757 habuere
3636 1717 3779 1758 ser-

480 1790 657 1846 tribus
698 1791 872 1846 modis
899 1790 1152 1859 antiquus
1177 1790 1352 1845 hostis
1381 1789 1705 1859 insequitur,
1729 1795 1791 1841 ut
1814 1785 2064 1842 videlicet
2090 1776 2139 1836 Β
2164 1789 2273 1844 vati
2298 1797 2454 1855 sunt,
2478 1790 2603 1861 quia
2631 1789 3065 1860 postincauleite
3086 1800 3200 1848 sua:
3223 1792 3415 1848 vitium
3453 1793 3520 1847 ad
3549 1792 3778 1849 lamen-

482 1881 587 1937 hoc
610 1881 753 1950 quod
782 1889 992 1938 rectum
1014 1896 1196 1937 coram
1223 1880 1537 1936 hominibus
1555 1879 1754 1951 agitur,
1783 1878 1836 1932 in
1865 1874 2064 1933 interni

477 1966 678 2037 iudicis
697 1977 986 2041 conspectu
1008 1970 1246 2025 vitietur.
1268 1968 1570 2040 Aliquando
1596 1981 1826 2037 namque
1844 1966 1901 2021 in
1921 1967 2065 2022 bono

484 2075 649 2132 opere
673 2062 1027 2121 intentionem
1048 2062 1261 2133 polluit,
1292 2069 1354 2116 ut
1383 2074 1545 2116 omne
1562 2059 1707 2130 quod
1735 2058 1947 2113 actione
1973 2071 2064 2112 se-

482 2155 786 2224 quitur;eo
817 2170 1012 2227 purum
1059 2154 1435 2223 mundumque
1465 2168 1574 2209 non
1610 2158 1806 2217 exstat,
1829 2164 1940 2221 quo
1963 2150 2066 2205 hoc

482 2245 565 2300 ab.
589 2247 798 2319 origine
846 2248 1146 2318 perturbat.
1195 2246 1499 2317 Aliquando
1546 2245 1896 2301 intentionem
1936 2244 2082 2299 boni’

483 2336 662 2406 operis
716 2337 910 2391 vitiare
948 2352 1055 2393 non
1100 2336 1377 2407 prmvalet,
1408 2334 1504 2391 sed
1555 2335 1610 2390 in
1660 2335 1777 2405 ipsa
1829 2334 2063 2399 actione,

485 2425 639 2495 quasi
668 2425 723 2480 in
753 2425 948 2483 itinere
970 2427 1212 2498 opponit,
1247 2434 1307 2482 ut
1343 2441 1465 2481 cum
1500 2425 1837 2496 propositum
1872 2423 2068 2479 mentis

484 2516 730 2573 securior
754 2518 984 2588 quisque
1029 2517 1307 2590 egreditur
1337 2515 1620 2585 subiuncta
1645 2516 1875 2570 latenter
1909 2514 2066 2581 vitio,

486 2611 643 2681 quasi
670 2626 738 2667 ex
763 2612 973 2667 insidiis
998 2611 1335 2681 perimatur:
1369 2609 1674 2681 Aliquando
1706 2623 1838 2664 vero
1862 2622 1962 2664 nec
1984 2607 2069 2661 in-

486 2703 785 2759 tentionem
810 2703 987 2769 vitiat,
1021 2718 1123 2758 nec
1144 2686 1198 2757 in
1234 2703 1432 2757 itinere
1458 2700 1786 2771 supplantat,
1814 2700 1907 2755 sed
1931 2714 2069 2770 opus

486 2794 688 2849 bonum
727 2794 780 2849 in
813 2793 919 2849 fine
940 2793 1169 2850 actionis
1196 2793 1472 2863 illaqueat.
1502 2791 1637 2859 Quia
1657 2792 1801 2846 enim
1823 2790 1960 2846 bene
1983 2790 2068 2845 in-

488 2885 810 2942 choantibus
844 2886 1067 2941 subesse
1088 2885 1143 2940 in
1170 2884 1361 2939 itinere
1384 2884 1605 2954 laqueos
1623 2881 1908 2938 Psalmista
1933 2896 2065 2937 con-

491 2984 763 3049 spexerat,
789 2983 938 3032 recte
963 2974 1521 3046 propheticorplenus
1563 2972 1759 3045 spiritu
1806 2972 2022 3028 dicebat
2050 2989 2065 3027 :

489 3066 548 3122 l‘n
571 3068 660 3123 via
699 3067 805 3123 hac
850 3082 959 3138 qua
988 3065 1325 3121 ambulabam
1376 3065 1776 3121 absconderant
1812 3062 2065 3134 laqueum

491 3157 644 3213 mihi.
668 3155 821 3226 Quod
843 3156 982 3213 bene
1006 3170 1070 3211 ac
1098 3154 1370 3212 subtiliter
1394 3153 1658 3210 Jeremias
1678 3152 1934 3207 insinuat.
1962 3149 2068 3218 Qui

490 3246 618 3302 dum
648 3253 801 3318 gesta
833 3244 966 3302 foris
984 3243 1193 3302 referre
1218 3244 1445 3310 studuit,
1467 3257 1588 3314 quae
1611 3242 1756 3297 intus
1776 3233 1918 3311 apud
1938 3255 2068 3296 nos-

489 3333 752 3404 metipsos
793 3342 1051 3405 gerantur
1095 3333 1374 3398 indicavit,
1429 3332 1615 3386 dicens
1664 3348 1678 3385 :
1726 3348 1747 3382 ‹
1793 3330 2070 3386 Venerunt

488 3426 765 3497 octoginta
785 3426 887 3482 viri
911 3427 977 3483 de
1001 3427 1242 3493 Sichem,
1266 3434 1322 3481 et
1351 3426 1417 3482 de
1460 3424 1596 3492 Silo,
1621 3432 1678 3480 et
1722 3424 1790 3480 de
1822 3422 2068 3479 Samaria

492 3516 601 3572 rasi
626 3516 816 3584 barba,
844 3527 900 3575 et
926 3518 1111 3575 scissis
1132 3518 1372 3574 vestibus
1409 3517 1736 3588 squalentes,
1760 3532 1988 3572 munera
2012 3523 2068 3571 et

493 3607 618 3665 thus
658 3609 929 3667 habebant
954 3614 1008 3666 in
1037 3625 1218 3674 manu,
1240 3617 1299 3664 ut
1326 3608 1584 3665 offerrent
1626 3609 1682 3665 in
1715 3609 1933 3665 domum
1964 3607 2070 3663 Do-

493 3698 647 3753 mini.
668 3698 935 3771 Egressus
983 3706 1163 3754 autem
1190 3698 1383 3756 lsmael
1420 3699 1560 3756 filius
1589 3699 1871 3754 Natbaniaa
1903 3698 1957 3753 in
1983 3712 2071 3753 oc-

491 3802 709 3843 cursum
739 3802 928 3843 eorum
954 3787 1020 3843 de
1042 3788 1304 3858 Masphat,
1332 3789 1587 3845 incedens
1609 3796 1666 3844 et
1691 3788 1910 3858 plorans
1933 3786 2065 3842 ibat.

491 3875 734 3947 Cumque
757 3878 1086 3935 occurrisset
1111 3880 1212 3945 cis,
1240 3879 1374 3935 dixit
1393 3880 1458 3935 ad
1478 3884 1610 3935 eos:
1646 3879 1835 3935 Venite
1864 3879 1931 3934 ad
1955 3877 2065 3935 Go-

492 3966 690 4021 doliam
710 3966 877 4023 lilium
901 3968 1145 4025 Atticam.
1172 3968 1273 4038 Qui
1298 3985 1421 4026 cum
1440 3970 1714 4027 venissent
1740 3969 1808 4024 ad
1834 3969 2068 4024 medium

490 4053 730 4111 civitatis
755 4056 1027 4116 interfecit
1052 4075 1165 4115 eos.
1202 4079 1221 4112 ι
1252 4060 1481 4116 Barbam
1504 4062 1701 4131 quippe
1723 4060 1943 4125 radunt,
1971 4059 2066 4131 qui

493 4147 593 4203 sibi
618 4149 686 4205 de
707 4151 942 4222 propriis
967 4153 1174 4209 viribus
1215 4137 1467 4210 fiduciam
1500 4153 1844 4209 subtrahunt.
1875 4153 2068 4210 Vestes

494 4236 778 4307 scindunt,
810 4241 901 4310 qui
940 4242 1290 4313 sibimetipsis
1319 4244 1591 4300 interioris
1619 4244 1832 4299 decoris
1857 4244 2065 4300 lacera-

494 4327 699 4382 tionem
724 4344 831 4384 non
866 4341 1116 4400 parcunt.
1146 4333 1393 4388 Oblaturi
1425 4336 1479 4388 in
1507 4336 1669 4390 domo
1705 4334 1916 4390 Domini
1943 4337 2068 4391 thus

496 4421 553 4468 et
588 4430 811 4471 munera
839 4419 1080 4484 veniunt,
1107 4421 1199 4490 qui
1227 4422 1484 4477 exhibere
1507 4437 1567 4477 se
1594 4423 1648 4477 in
1677 4423 1771 4479 Dei
1802 4425 2066 4481 sacrificio

494 4504 794 4561 orationem
842 4523 964 4564 cum
1009 4512 1262 4580 Operibus
1295 4512 1613 4583 pollicentur
1639 4533 1651 4568 :
1677 4515 1772 4570 sed
1815 4524 1991 4570 tamen
2019 4519 2063 4573 si

494 4606 554 4646 se
579 4591 633 4646 in
657 4593 771 4663 ipsa
794 4604 995 4650 sanctae
1016 4597 1318 4653 devotionis
1340 4599 1423 4653 via
1444 4609 1600 4655 caute
1624 4601 1813 4656 nolunt
1834 4602 2065 4658 circum-

492 4687 720 4757 spicere,
734 4688 927 4745 lsmaci
950 4689 1231 4746 Nathaniae
1245 4690 1383 4747 filius
1397 4692 1450 4746 in
1467 4707 1651 4748 eorum
1674 4709 1959 4749 occursum
1972 4711 2068 4751 ve-

491 4782 572 4836 nit
601 4796 618 4836 :
648 4783 773 4854 quia
802 4783 1058 4840 nimirum
1083 4785 1309 4855 quilibet
1333 4786 1603 4859 malignus
1624 4789 1848 4857 spiritus
1867 4790 2069 4859 prioris

490 4873 596 4937 sui,
615 4871 829 4930 Satanae
855 4875 1120 4940 videlicet,
1136 4877 1379 4948 exemplo
1405 4878 1457 4931 in
1481 4881 1744 4949 superbia:
1764 4896 1950 4936 errore
1971 4897 2066 4953 ge-

490 4970 709 5017 neratus
732 5003 747 5029 ,
778 4979 837 5019 se
872 4965 940 5019 ad
969 4966 1217 5036 laqueum
1242 4968 1476 5037 deponit.
1509 4970 1585 5024 De
1618 4986 1727 5040 quo
1763 4982 1819 5027 et
1848 4973 2071 5029 benedi—

490 5052 668 5105 eitur:
697 5073 716 5104 ι
749 5054 1002 5111 incedens
1031 5065 1087 5112 ct
1112 5057 1328 5126 plorans
1354 5059 1465 5113 ibat
1498 5077 1511 5114 :
1555 5080 1573 5112 ι
1601 5063 1727 5132 quia
1759 5072 1819 5117 ut
1842 5064 2065 5119 devotas

490 5148 699 5195 mentes
742 5142 1053 5199 interimere
1098 5146 1339 5203 feriendo
1379 5151 1687 5219 praevaleat,
1717 5152 2064 5221 semetipsum

489 5228 644 5298 quasi
678 5231 778 5284 sub
802 5231 1069 5287 velamine
1093 5234 1306 5291 virtutis
1333 5240 1581 5302 occultat,
1609 5248 1663 5293 et
1691 5240 1815 5294 dum
1842 5256 2066 5295 concor-

488 5322 619 5375 dare
646 5334 857 5376 severe
905 5323 1207 5393 lugentibus
1263 5328 1499 5393 simulat,
1532 5329 1597 5383 ad
1644 5329 1822 5384 cordis
1876 5330 2061 5385 intima

486 5410 729 5467 securius
773 5413 1069 5484 admissus,
1102 5418 1204 5472 hoc
1234 5418 1375 5487 quod
1418 5418 1562 5474 intus
1589 5420 1656 5474 de
1698 5420 1894 5476 virtute
1935 5421 2062 5477 latet

484 5502 703 5569 occidit,
733 5505 859 5575 quia
898 5508 1211 5579 plerumque
1247 5526 1305 5564 se
1336 5510 1561 5579 spondet
1599 5510 1666 5566 ad
1701 5510 1889 5566 altiora
1936 5528 2060 5581 pro-

483 5598 700 5652 vehere.
739 5598 888 5655 Unde
910 5599 1108 5654 dixisse
1138 5601 1449 5669 perhibetur
1474 5619 1486 5654 :
1524 5621 1541 5651 ι
1571 5599 1762 5658 Venite
1791 5602 1858 5656 ad
1882 5601 2058 5657 Godo—

487 5687 612 5743 iia-m
644 5688 810 5744 lilium
835 5689 1057 5745 Abicam
1086 5703 1100 5743 :
1136 5708 1153 5741 ι
1185 5697 1344 5760 atque
1374 5692 1511 5748 dum
1541 5691 1742 5763 majora
1765 5692 2051 5763 promittit,

2166 1884 2281 1933 tum
2315 1878 2563 1945 redeunt,
2596 1893 2698 1936 nec
2734 1881 2878 1952 capti
2903 1881 3227 1937 moriuntur.
3261 1882 3398 1938 Cum
3436 1898 3572 1940 vero
3610 1885 3775 1939 anti—

2164 1982 2306 2039 quos
2334 1968 2523 2024 hostis.
2549 1982 2730 2040 neque
2757 1970 2810 2025 in
2839 1970 3063 2027 exordio
3110 1971 3426 2027 intentionis
3469 1970 3771 2038 ferit,.ne-

2165 2071 2272 2128 que
2295 2059 2350 2114 in
2379 2058 2575 2117 itinere
2601 2061 2829 2117 actionis
2850 2062 3149 2135 intercipit,
3170 2063 3426 2120 duriores
3451 2064 3506 2119 in
3536 2063 3651 2119 fine
3672 2064 3772 2119 ia—

2164 2162 2335 2218 queos
2364 2150 2620 2205 ostendit.
2652 2150 2825 2219 Quem
2853 2159 3005 2208 tanto
3027 2154 3256 2223 nequius
3283 2153 3519 2220 obsidet,
3547 2166 3772 2226 quanto

2166 2241 2341 2297 solum
2368 2243 2470 2299 sibi
2515 2242 2848 2299 remansisse
2875 2244 2943 2298 ad
2972 2243 3349 2315 decipiendum
3378 2243 3617 2299 videtur.
3644 2244 3772 2302 Bos

2166 2346 2401 2402 namque
2427 2332 2520 2388 fini
2552 2347 2650 2388 suo
2671 2332 2895 2403 laqueos
2919 2334 3196 2404 appositus
3229 2333 3490 2404 propheta
3519 2348 3767 2405 conspe-

2166 2429 2345 2489 xerat,
2365 2436 2490 2479 eum
2524 2422 2738 2479 dicebat
2770 2440 2785 2476 :
2820 2441 2841 2473 ε
2876 2423 2982 2494 ipsi
3005 2423 3320 2479 calcaneum
3362 2437 3543 2479 meum
3566 2423 3769 2480 uiser-

2165 2512 2558 2584 vabunt(Psal.
2589 2513 2700 2585 LV).
2737 2532 2757 2566 ι
2784 2512 2919 2581 Quia
2947 2514 3092 2569 enim
3133 2514 3189 2569 in
3225 2514 3482 2571 caicaneo
3519 2513 3645 2570 finis
3667 2524 3768 2572 est

2167 2602 2453 2673 corporis:
2490 2603 2622 2673 quid
2672 2618 2771 2675 per
2822 2604 2969 2660 hunc
3018 2604 3124 2660 nisi
3173 2605 3437 2661 terminus
3483 2605 3769 2678 ﬁguntur

2166 2693 2429 2749 actionis?
2457 2692 2587 2749 Sive
2612 2709 2743 2766 ergo
2769 2694 2990 2766 maligni
3044 2694 3305 2767 spiritus,
3317 2695 3434 2751 sive
3474 2699 3629 2765 pravi
3657 2698 3768 2754 bo-

2167 2786 2343 2842 mi‘nes
2373 2784 2590 2842 illorum
2632 2786 2899 2856 superbiae
2930 2780 3189 2857 sequaces
3216 2787 3530 2843 caleaneum
3563 2789 3764 2845 observ

2168 2877 2385 2932 vabunt“
2415 2893 2430 2932 :
2464 2890 2594 2932 cum
2640 2876 2869 2932 actionis
2925 2876 3082 2932 bona:
3137 2876 3301 2933 tinem
3360 2876 3554 2935 vitiare
3606 2879 3764 2935 desis

2168 2969 2382 3025 derant.
3752 2990 3759 2996 -

2244 3077 2265 3111 σ
2292 3056 2468 3115 Lacus
2498 3066 2678 3114 autem
2717 3058 2775 3114 in
2802 3072 2964 3128 quem
2987 3056 3294 3129 proiecerat
3327 3057 3531 3116 lsmael
3569 3061 3767 3117 omnia

2174 3163 2195 3199 ι
2238 3148 2503 3204 cadavera
2538 3148 2802 3214 virorum,
2832 3162 2970 3219 quos
3013 3149 3284 3220 percussit
3320 3156 3546 3221 propter
3577 3150 3769 3208 Codo—

2172 3255 2193 3290 t
2234 3236 2386 3305 liam,
2412 3238 2528 3308 ipse
2561 3246 2644 3295 est
2670 3253 2835 3308 quem
2863 3237 2993 3295 fecit
3035 3254 3132 3296 rex
3171 3239 3281 3296 Asa
3317 3248 3543 3313 propter
3580 3241 3765 3299 Baasa

2172 3350 2195 3385 ι
2240 3346 2424 3403 regem
2471 3330 2660 3388 Israel.
2705 3331 2886 3405 ipsum
2940 3332 3170 3404 replevit
3236 3332 3431 3390 lsmael
3474 3334 3690 3390 occisis.
3732 3355 3759 3388 ι

2167 3423 2461 3497 (Manlius)
2495 3423 2695 3481 Narrat
2734 3422 2874 3481 liber
2899 3423 3106 3497 Regum
3146 3423 3269 3497 (ΙΙΙ
3307 3423 3438 3497 Reg.
3466 3425 3581 3500 xv),
3609 3427 3764 3496 quod

2165 3515 2338 3571 Baasa
2366 3529 2463 3571 rex
2488 3513 2655 3571 Israel
2701 3514 3005 3571 ascenderit
3042 3514 3098 3570 in
3137 3513 3418 3582 Iudaeam,
3436 3526 3506 3573 et.
3519 3516 3762 3573 aedifica.-

2165 3606 2307 3662 verit
2332 3603 2506 3660 Rama
2530 3612 2719 3661 utnon
2741 3604 3193 3676 possitquispiam
3215 3607 3402 3678 egredi
3419 3606 3503 3663 vei
3523 3607 3761 3680 ingredi,

2166 3695 2234 3751 dc
2256 3702 2410 3765 parte
2426 3693 2534 3750 Asa
2561 3694 2706 3765 regis
2726 3691 2896 3751 Iudae.
2913 3694 3067 3762 Quod
3087 3696 3313 3752 audiens
3330 3697 3441 3753 Asa
3464 3712 3559 3754 rex
3580 3697 3759 3765 ludat,

2167 3785 2319 3841 misit
2342 3786 2413 3842 ad
2438 3785 2690 3842 Benedab
2726 3800 2910 3859 regem
2938 3785 3129 3859 Syriae,
3156 3786 3390 3844 offerens
3422 3789 3500 3846 illi
3530 3805 3762 3848 munera

2167 3874 2322 3930 multi
2349 3873 2406 3929 in
2430 3888 2564 3931 auro
2582 3884 2639 3930 et
2660 3883 2907 3948 argento,
2921 3881 2983 3930 ut
3002 3874 3567 3946 disrumperetfmdus
3609 3881 3761 3950 quod

2167 3965 2359 4021 habuit
2380 3981 2504 4022 cum
2532 3966 2707 4022 Baasa
2732 3981 2858 4039 rege
2876 3967 3067 4035 israei,
3089 3975 3147 4023 et
3170 3966 3465 4024 ferretsibi
3493 3970 3758 4029 auxilium

2166 4063 2356 4112 contra
2383 4072 2529 4113 eum.
2567 4056 2671 4124 Qui
2701 4057 2853 4113 misit
2887 4058 3159 4130 principes
3180 4044 3573 4117 exercitussui
3591 4062 3647 4118 in
3676 4066 3761 4121 ci-

2165 4147 2364 4204 vitates
2396 4148 2579 4215 israei,
2625 4158 2682 4205 et
2717 4162 3107 4221 percusserunt
3145 4152 3378 4220 Achion,
3430 4162 3487 4210 ct
3529 4155 3669 4223 Dan,
3697 4166 3758 4211 et

2165 4237 2320 4304 Abel,
2342 4237 2561 4293 domum
2600 4239 2845 4307 Maacha,
2899 4251 2954 4298 et
2999 4243 3250 4301 universa
3276 4243 3607 4312 Ccnneroth,
3636 4262 3757 4304 om—

2168 4340 2292 4380 nem
2325 4325 2534 4383 scilicet
2567 4336 2768 4385 terram
2803 4329 3091 4402 Neptaiim.
3133 4333 3288 4401 Quod
3335 4351 3462 4391 cum
3512 4337 3756 4394 audisset

2169 4415 2339 4470 Baasa
2362 4415 2653 4474 intermisit
2678 4419 2947 4477 aedificare
2978 4422 3168 4491 Rama,
3198 4432 3254 4481 et
3287 4438 3538 4483 reversus
3575 4435 3660 4483 est
3696 4428 3757 4483 in

2171 4513 2371 4562 terram
2400 4522 2573 4563 suam.
2598 4507 2713 4564 Rex
2738 4519 2916 4565 autem
2947 4510 3055 4567 Asa
3088 4515 3334 4569 nuntium
3365 4516 3507 4571 misit
3536 4515 3594 4572 in
3628 4532 3750 4573 om-

2169 4611 2293 4653 nem
2311 4597 2528 4663 Judam,
2558 4606 2617 4654 ut
2646 4614 2803 4655 nemo
2842 4600 2916 4655 sit
2956 4614 3246 4659 excusatus
3273 4621 3288 4660 :
3317 4605 3387 4660 Et
3414 4606 3652 4663 tulerunt
3674 4608 3765 4663 ia-«

2168 4689 2319 4760 pides
2343 4690 2510 4745 Rama
2528 4698 2585 4745 et
2610 4691 2789 4762 lingua
2810 4691 2926 4762 eius
2943 4694 3139 4763 quibus
3159 4695 3520 4752 aedificaverat
3537 4697 3709 4753 Baasa
3730 4714 3757 4753 ε,

2167 4787 2223 4834 et
2242 4780 2510 4834 exstruxit
2535 4780 2601 4835 de
2631 4782 2839 4838 eisdem
2869 4798 2966 4838 rex
2996 4785 3126 4852 Asa,
3147 4783 3353 4853 Gabaa,
3392 4786 3670 4859 Beniamin
3695 4801 3751 4844 et

2170 4870 2435 4942 Masphat.
2463 4871 2579 4929 Hoc
2631 4882 2734 4941 est,
2773 4875 2916 4945 quod
2952 4892 3093 4933 nunc
3141 4877 3293 4946 dicit,
3343 4879 3520 4937 lacum
3556 4880 3747 4938 fecisse

2166 4962 2272 5016 Asa
2296 4970 2515 5032 propter
2538 4962 2707 5019 Baasa
2736 4980 2917 5037 regem
2961 4966 3148 5034 israei,
3175 4984 3335 5039 quem
3363 4971 3553 5028 lsmael
3575 4973 3747 5043 reple-

2165 5053 2244 5107 vit
2268 5054 2480 5109 oceisis.
2503 5053 2684 5110 Potuit
2703 5057 2847 5112 enim
2870 5057 2989 5114 fieri
3016 5068 3075 5113 ut
3104 5060 3248 5116 inter
3273 5070 3469 5117 caetera
3494 5063 3751 5131 aedilicia,

2165 5160 2286 5216 qum
2309 5145 2416 5201 Asa
2447 5163 2542 5203 rex
2563 5150 2869 5205 construxit
2896 5150 2953 5207 in
2982 5150 3247 5223 Masphat,
3281 5152 3473 5209 fecerit
3500 5156 3642 5212 hunc
3666 5155 3736 5211 ia-

2165 5251 2287 5293 cum
2310 5253 2471 5308 quem
2496 5238 2774 5310 Scriptura
2796 5251 3183 5299 commemorat
3205 5260 3222 5298 :
3250 5252 3471 5314 propter
3493 5260 3628 5316 opus
3646 5247 3744 5301 aii-

2168 5328 2313 5399 quod
2344 5330 2727 5385 necessarium.
2764 5330 2990 5402 Mystice
3018 5343 3201 5389 autem
3230 5349 3597 5407 quoscunque,
3634 5338 3744 5407 spi-

2165 5419 2340 5474 ritalis
2360 5418 2553 5474 lsmael
2582 5418 2728 5474 ferus
2750 5426 2807 5474 et
2830 5421 3083 5490 crudelis,
3114 5423 3268 5493 cuius
3294 5440 3487 5481 manus
3521 5426 3745 5498 erigitur

2164 5520 2353 5567 contra
2381 5525 2591 5576 omnes,
2621 5519 2678 5564 et
2717 5526 2933 5583 semper
2970 5514 3038 5569 ad
3067 5517 3366 5572 nocendum
3396 5524 3616 5587 paratus
3636 5527 3737 5581 est,

2163 5603 2285 5659 dolo
2312 5602 2397 5659 vel
2438 5601 2627 5657 fraude
2661 5601 3017 5675 interfecerit,
3059 5607 3114 5663 in
3159 5608 3335 5664 lacum
3376 5607 3648 5680 sulphuris
3687 5621 3744 5667 ct

2158 5695 2300 5766 ignis
2320 5694 2505 5751 aeterni
2534 5694 2908 5765 praecipitabit.
