4044 6326
268 349 404 412 1⁸089
443 348 448 349 “

1133 353 1436 412 ἘΧΡΟΞΙΤ
1443 351 1508 409 10
1548 348 1771 409 SUPER
1809 350 2174 409 JEIIEMIAM.
2213 386 2282 396 —
2316 355 2442 411 LIB.
2489 355 2623 411 XIV.

3381 353 3518 412 1090

341 487 361 521 ι
398 468 466 521 Et
495 467 736 537 captivas
765 466 917 521 duxit
945 465 1134 520 lsmael
1157 481 1348 522 omnes
1379 468 1633 538 reliquias
1663 469 1842 539 populi
1872 473 1922 533 Α
1953 487 1973 520 ‹
2015 477 2103 524 cet
2131 469 2252 528 illos
2283 491 2294 525 :
2326 481 2380 526 et
2402 473 2687 526 amicictur
2725 479 2866 527 terra
2904 471 3141 544 Egypti,
3173 448 3312 528 sicut
3338 449 3526 530 amici-

267 583 290 619 ι
333 559 424 634 qui
453 563 681 617 erantin
703 560 975 631 ‘Masphat,
1003 561 1139 617 ﬁlias
1170 563 1312 632 regis
1340 572 1397 617 et
1418 563 1728 618 universum
1751 577 1846 632 po-

269 674 291 708 (
333 654 516 724 pulum
553 653 644 722 qui
701 659 1035 707 remanserat
1066 653 1127 713 in
1179 651 1464 722 Masphat,
1518 667 1653 722 quos
1701 668 1847 707 com-

271 765 289 796 a
335 744 686 798 mendaverat
709 741 1066 796 Nahuzardan
1095 742 1346 812 princeps
1379 742 1583 796 militiae
1609 741 1846 797 Godolite

272 853 291 884 ι
338 832 449 888 ﬁlio
472 833 717 898 Aliicam,
749 841 802 886 et
837 833 978 901 cepit
1015 846 1108 886 eos
1136 831 1326 886 lsmael
1350 832 1493 887 ﬁlius
1521 831 1800 887 Nathanite
1829 851 1844 886 :

273 942 290 974 ε
337 933 392 977 et
413 924 545 978 abiit
582 933 642 978 ut
683 923 937 977 transiret
964 922 1030 975 ad
1061 920 1196 975 ﬁlios
1224 922 1478 977 Ammon.
1507 921 1724 976 Audivit
1753 937 1848 976 au—

272 1033 290 1063 (
341 1021 444 1067 tem
494 1010 778 1068 Johannan
833 1012 970 1066 ﬁlius
1003 1012 1210 1078 Carete,
1259 1021 1318 1068 et
1361 1028 1550 1069 omnes
1575 1014 1848 1084 principes

271 1123 290 1155 ι
337 1103 678 1167 bellatorum,
709 1103 799 1172 qui
821 1110 976 1157 erant
1017 1117 1138 1156 cum
1168 1117 1254 1169 eo,
1294 1118 1454 1158 omne
1482 1103 1682 1159 malum
1705 1102 1848 1173 quod

272 1209 290 1242 ‹
337 1190 541 1244 fecerat
557 1188 750 1244 lsmael
788 1189 929 1246 lilius
958 1190 1257 1256 Nathaniae,
1298 1201 1352 1248 et
1401 1195 1691 1264 assumptis
1725 1193 1847 1248 uni-

271 1301 289 1332 c
339 1283 510 1336 versis
533 1282 684 1347 viris,
712 1281 936 1351 profecti
985 1291 1110 1338 sunt
1157 1292 1218 1337 ut
1262 1283 1526 1340 bellarent
1562 1285 1848 1341 adversmn

273 1390 291 1422 ι
335 1372 524 1426 Ismael
549 1372 714 1426 ﬁlium
741 1369 1044 1438 Nathauiae,
1083 1393 1102 1426 ι
1136 1382 1189 1429 et
1219 1373 1441 1445 reliqua.
1467 1374 1720 1445 Captivas
1748 1377 1848 1430 du-

266 1461 344 1516 cit
365 1460 555 1516 Ismael
576 1462 832 1532 reliquias
852 1463 1056 1532 populi,
1072 1462 1168 1531 qui
1184 1473 1340 1518 erant
1359 1465 1414 1518 in
1437 1461 1701 1534 Masphat,
1727 1481 1849 1521 cum

268 1553 538 1624 malignus
566 1554 788 1622 spiritus
816 1554 1001 1609 ﬁdeles
1025 1555 1313 1623 quoslibet,
1338 1557 1428 1626 qui
1453 1565 1609 1613 erant
1641 1557 1695 1611 in
1717 1573 1851 1612 con-

269 1644 615 1714 templatione
643 1651 698 1698 et
727 1642 1072 1700 meditatione
1105 1645 1240 1716 legis
1279 1645 1396 1711 Dei,
1436 1647 1520 1702 vel
1550 1647 1604 1701 in
1634 1649 1850 1717 speculo

267 1732 543 1796 virtutum,
578 1733 883 1789 seducendo
912 1734 1056 1790 vitiis
1084 1737 1398 1808 corrumpit,
1427 1745 1588 1807 atque
1612 1738 1851 1808 peccatis

1953 577 1972 610 ι
2019 566 2106 613 tur
2129 569 2312 628 pastor
2339 561 2500 630 pallio
2519 577 2617 617 suo
2637 601 2651 626 ,
2679 571 2734 616 et
2769 562 3079 635 egredietur
3114 563 3240 618 inde
3285 563 3338 617 in
3368 578 3522 635 pace,

1952 667 1971 701 ‹
2016 658 2071 704 et
2103 660 2350 706 conteret
2381 661 2588 707 statuas
2614 654 2804 708 domus
2831 654 2980 719 solis,
3011 669 3129 722 quae
3150 665 3274 709 sunt
3303 655 3354 709 in
3381 664 3525 709 terra

1953 756 1972 788 ι
2019 739 2235 810 λΕεγριὶ
2278 758 2291 794 :
2335 749 2393 796 et
2433 743 2654 797 delubra
2705 743 2925 798 deorum
2981 742 3195 814 IE'gypti
3250 746 3530 799 conihuret

1954 848 1972 880 ι
2013 829 2144 900 igni.
2184 849 2202 882 ι
2235 831 2528 902 (ΜΑυιιυε.)
2560 832 2712 887 llanc
2762 832 2944 903 fugam
2984 826 3332 905 reliquiarum
3362 835 3528 890 Israc-

1947 917 2079 972 litiei
2111 918 2311 988 populi,
2346 931 2402 974 et
2430 921 2717 974 transitum
2751 931 2939 976 contra
2969 925 3192 978 verbum
3231 924 3442 979 Domini
3473 926 3525 978 in

1948 1005 2262 1077 Egyptum,
2301 1023 2464 1077 quam
2513 1009 2600 1063 hic
2646 1009 2906 1078 propheta
2955 1010 3218 1067 Jeremias
3269 1013 3321 1067 in
3359 1015 3530 1068 tribus

1949 1096 2216 1164 capitulis,
2255 1097 2358 1151 hoc
2389 1105 2491 1162 est,
2523 1098 2574 1152 in
2603 1108 2819 1153 centum
2845 1101 3232 1171 quinquaginta
3277 1113 3525 1171 quatuor,

1947 1193 2002 1239 et
2046 1195 2265 1240 centum
2301 1187 2686 1257 quinquaginta
2734 1189 2991 1258 quinque,
3033 1199 3088 1244 et
3132 1201 3347 1246 centum
3378 1194 3533 1263 quin-

1947 1278 2202 1348 quaginta
2230 1278 2535 1349 sex,.longa
2575 1281 2886 1334 narratione
2929 1282 3162 1336 retexuit
3193 1300 3205 1334 :
3237 1282 3363 1337 olim
3405 1292 3531 1337 ante

1948 1364 2114 1422 Isaias
2145 1367 2395 1434 praedixit
2425 1382 2439 1421 :
2472 1368 2574 1422 hoc
2618 1376 2733 1434 est,
2775 1378 2989 1424 centum
3019 1372 3406 1442 quinquaginta
3435 1389 3530 1426 an-

1949 1458 2054 1524 nis,
2107 1458 2199 1526 qui
2243 1457 2462 1512 fuerunt
2504 1458 2646 1513 inter
2703 1458 2891 1513 lsaiam
2929 1468 2984 1515 et
3022 1459 3333 1516 Jeremiam.
3386 1459 3533 1515 Scri-

1948 1553 2100 1616 ptum
2128 1553 2212 1600 est
2239 1547 2383 1600 enim
2433 1547 2508 1600 ita
2558 1547 2611 1600 in
2657 1547 2794 1602 libro
2845 1549 2995 1604 Isaite
3039 1551 3313 1618 propheta:
3346 1568 3360 1603 :
3389 1571 3405 1601 ‹
3442 1551 3532 1606 Vae

1949 1633 2046 1688 ﬁlii
2070 1633 2396 1698 desertores,
2419 1633 2548 1690 dicit
2570 1635 2850 1701 Dominus,
2874 1646 2931 1691 ut
2958 1637 3204 1693 faceretis
3223 1638 3530 1704 consilium,

1950 1733 2138 1779 etnon
2167 1739 2233 1779 ex
2259 1739 2347 1780 me
2385 1743 2399 1779 :
2427 1735 2484 1781 et
2508 1726 2822 1782 ordiremini
2852 1729 3033 1795 telam,
3061 1739 3116 1784 ct
3159 1747 3263 1785 non
3292 1746 3387 1800 per
3424 1733 3536 1801 spi-

266 1821 506 1893 obligat:
531 1837 631 1876 nec
667 1836 774 1878 non
803 1832 859 1879 et
883 1824 1022 1880 ﬁlias
1049 1826 1211 1896 regis,
1241 1807 1344 1883 hoc
1383 1837 1486 1894 est,
1512 1829 1719 1884 animas
1745 1845 1846 1884 no-

1953 1815 2116 1871 ritum
2140 1831 2338 1884 meum,
2362 1827 2421 1873 ut
2445 1819 2717 1875 adderetis
2740 1830 3022 1890 peccatum
3047 1837 3208 1890 super
3227 1833 3528 1892 peceatum,

268 1913 424 1978 biles,
450 1915 645 1983 quibus
683 1915 878 1970 Petrus
904 1917 981 1970 ait
1011 1934 1026 1969 :
1061 1935 1080 1968 ‹
1117 1917 1225 1972 Vos
1263 1919 1393 1974 estis
1431 1935 1602 1990 genus
1640 1922 1848 1992 regium

267 2014 327 2060 et
371 2005 706 2061 sacerdotale
737 2005 790 2077 (Ι
831 2002 977 2060 Petr.
1009 2006 1095 2080 ii).
1131 2027 1151 2061 ι
1183 2009 1256 2064 Ut
1297 2011 1589 2067 transferat
1633 2013 1754 2068 illas
1779 2013 1849 2067 ad

270 2095 410 2150 ﬁlios
447 2095 700 2162 Ammon,
734 2097 825 2166 qui
865 2097 1252 2168 interpretatur
1283 2100 1462 2172 populi
1505 2105 1760 2170 maeroris,
1795 2112 1852 2158 et

267 2201 366 2242 eos
407 2187 699 2257 parlieipes
731 2197 786 2242 et
814 2187 992 2244 socios
1017 2188 1185 2244 faciat
1217 2191 1536 2260 perditionis
1570 2193 1850 2248 damnato-

271 2291 390 2330 rum
436 2277 571 2331 etin
599 2291 836 2332 maerore
882 2278 1216 2348 sempiterno
1242 2280 1678 2335 consistentium.
1710 2281 1852 2338 Con-

269 2374 353 2420 tra
381 2381 541 2435 quem
569 2364 856 2420 Johannan
884 2367 1029 2422 ﬁlius
1051 2366 1256 2434 Careae,
1287 2377 1342 2423 et
1363 2384 1551 2426 omnes
1579 2371 1850 2441 principes

268 2457 607 2522 bellatorum,
623 2458 716 2527 qui
740 2465 866 2512 sunt
891 2473 1012 2513 cum
1034 2473 1121 2524 eo,
1144 2457 1506 2530 confliguntur
1531 2476 1650 2515 cum
1675 2460 1855 2516 docto-

269 2563 358 2604 res
382 2547 555 2602 sancti
583 2555 639 2602 et
660 2547 918 2602 virtutum
941 2547 1042 2602 viri
1069 2548 1242 2618 gratia
1266 2557 1322 2606 et
1349 2549 1722 2605 misericordia
1753 2550 1851 2604 Dci

267 2638 578 2704 confortati,
633 2639 779 2708 quod
822 2647 981 2694 sonat
1014 2637 1282 2706 Johanna,
1342 2650 1532 2696 contra
1585 2641 1853 2710 nequitias

269 2730 540 2801 spiritales
576 2731 861 2801 pugnando
915 2731 1178 2785 reducunt
1227 2733 1613 2800 captivitatem.
1665 2740 1720 2786 et
1756 2747 1854 2802 per

268 2823 642 2892 penitentiam
665 2831 828 2892 atque
849 2823 1239 2878 correctionem
1261 2825 1463 2879 erroris
1483 2825 1565 2880 sui
1592 2825 1874 2882 reducunt.

269 2927 392 2966 eam
425 2913 494 2967 ad
518 2921 758 2968 sanetam
788 2911 1088 2968 Ecclesium
1121 2928 1136 2967 :
1165 2923 1227 2967 ut
1248 2914 1338 2982 qui
1368 2915 1702 2984 praedaverat
1722 2929 1854 2969 cou-

271 3003 422 3058 fusus
451 3003 705 3060 abscedat
731 3022 745 3058 :
774 3012 830 3060 et
864 3004 1253 3072 captivitatem,
1281 3020 1440 3073 quam
1482 3005 1675 3073 injuste
1701 3013 1850 3060 tene-

269 3093 382 3158 bat,
410 3103 696 3164 superatus
717 3095 952 3150 amittat.
992 3093 1146 3158 Sicut
1180 3095 1325 3149 enim
1354 3095 1485 3150 dicit
1513 3095 1804 3165 Apostolus
1833 3113 1846 3149 :

1954 1906 2047 1977 qui
2104 1906 2392 1962 ambulatis
2430 1917 2489 1962 ut
2520 1909 2857 1965 descendatis
2912 1911 2964 1964 in
3009 1910 3334 1982 IEgyptum,
3381 1922 3435 1966 et
3473 1928 3535 1966 os

1953 2012 2132 2051 meum
2171 2013 2277 2053 non
2309 1999 2681 2070 interrogastis
2707 2018 2720 2053 :
2747 2011 3029 2071 sperantes
3055 2003 3312 2058 auxilium
3346 2003 3397 2057 iu
3428 2002 3535 2057 for—

1952 2085 2179 2140 titudine
2222 2086 2542 2153 Pharaonis,
2588 2098 2644 2144 et
2684 2091 2947 2145 habentes
2976 2091 3226 2146 fiduciam
3259 2093 3311 2146 in
3339 2094 3530 2146 umbra

1952 2173 2170 2247 Aﬁgypti
2202 2194 2214 2231 :
2249 2177 2316 2232 Et
2353 2179 2459 2232 erit
2493 2179 2645 2234 vobis
2694 2179 2950 2234 fortitudo
2977 2179 3290 2243 Pharaonis,
3324 2181 3376 2242 in
3408 2198 3536 2236 cou-

1951 2267 2242 2335 fusionem,
2290 2277 2344 2324 ct
2370 2270 2563 2325 ﬁducia
2593 2272 2797 2326 umbra:
2826 2271 3044 2343 Egypti
3072 2273 3126 2326 in
3159 2272 3532 2343 ignominiam.

1954 2359 2133 2415 lerant
2172 2363 2314 2416 enim
2355 2362 2411 2417 in
2452 2362 2697 2434 Taphnis
2731 2363 3002 2433 principes
3039 2363 3139 2428 tui,
3174 2371 3231 2417 et
3255 2365 3426 2418 nuntii
3457 2364 3534 2418 tui

1955 2469 2126 2523 usque
2151 2457 2217 2510 ad
2240 2455 2490 2525 Taphnes
2511 2437 2875 2527 pervenerunt
2905 2476 2919 2510 ;
2949 2455 3150 2513 Omnes
3177 2456 3384 2518 confusi
3408 2466 3536 2514 sunt

1950 2559 2116 2613 super
2143 2545 2360 2616 populo,
2401 2546 2493 2618 qui
2540 2547 2622 2604 eis
2669 2547 2926 2618 prodesse
2972 2564 3078 2602 non
3126 2557 3395 2617 poterant,
3424 2565 3532 2603 non

1953 2636 2174 2694 fuerunt
2204 2639 2257 2693 in
2285 2637 2546 2694 auxilium
2573 2648 2629 2694 et
2655 2638 2709 2693 in
2736 2639 2970 2709 aliquam
3013 2639 3325 2704 utilitatem,
3357 2641 3450 2696 sed
3481 2641 3534 2694 in

1952 2726 2322 2783 confusionem
2358 2735 2415 2783 et
2453 2729 2801 2798 opprobrium
2842 2729 2977 2800 (lsa.
3018 2729 3172 2801 xxx).
3201 2750 3220 2782 ι
3263 2729 3532 2802 (Hieron)

1953 2815 2205 2873 Praedicit
2233 2817 2377 2873 enim
2405 2819 2686 2875 historiam
2711 2821 2870 2886 hanc,
2895 2835 3056 2891 quam
3085 2822 3141 2876 in
3169 2821 3419 2896 Jeremia:
3440 2837 3537 2876 vo-

1952 2907 2156 2964 lumine
2209 2908 2468 2981 legimus,
2520 2911 2736 2980 quando
2789 2913 3048 2969 subversa
3091 2911 3426 2980 Jerusalem,
3460 2924 3536 2978 ,et

1953 2999 2204 3069 omnibus
2230 2999 2285 3053 in
2310 2999 2638 3072 Babylonem
2661 3001 2855 3072 opibus
2878 3003 3318 3075 principibusque
3356 3013 3535 3062 trans-

1957 3087 2100 3153 latis,
2132 3089 2452 3159 praepositus
2475 3099 2563 3146 est
2590 3090 2675 3144 vir
2709 3092 2842 3160 regii
2881 3093 3097 3162 generis
3123 3093 3209 3173 his
3237 3093 3330 3164 qui
3361 3094 3415 3148 in
3441 3094 3536 3162 Ju-

277 3202 297 3235 ι
335 3150 586 3240 Besistite
616 3186 851 3252 diabolo,
887 3194 942 3241 et
983 3156 1152 3257 fugite
1190 3201 1221 3240 a
1264 3188 1417 3243 nobis
1443 3150 1658 3259 (Eplies.
1690 3187 1786 3261 vr).
1827 3209 1845 3240 ι
1879 3150 1925 3224 C
1955 3177 2069 3232 (1³ῖᾶ
2087 3150 2471 3234 Bima-"88mm
2518 3150 2951 3236 δοάοιῖδενηιίῖιε
2985 3167 3214 3239 Alliam
3241 3150 3271 3238 τ’
3293 3184 3410 3252 QUO
3425 3159 3537 3256 alie?

345 3295 366 3328 ι
395 3277 539 3332 Tulit
557 3292 685 3348 ergo
709 3275 990 3332 Johannan
1020 3276 1160 3331 ﬁlius
1178 3277 1381 3342 Careae,
1412 3287 1468 3332 et
1497 3293 1684 3333 omnes
1706 3278 1854 3347 priu-

277 3383 298 3417 α
340 3366 491 3437 cipes
522 3367 860 3433 bellatorum,
892 3368 982 3436 qui
1011 3378 1309 3424 erantcum
1337 3385 1424 3433 eo,
1462 3370 1746 3424 universas
1768 3386 1853 3424 re-

279 3473 298 3506 c
339 3455 536 3525 liquias
556 3457 722 3526 vulgi,
737 3473 874 3526 quas
901 3457 1188 3512 reduxerat
1207 3460 1276 3514 ab
1297 3459 1521 3515 Isn'iaele
1535 3460 1644 3514 ﬁlio
1661 3459 1852 3515 Natha-

278 3566 295 3596 ι
343 3546 445 3600 nite
475 3547 541 3599 de
570 3546 835 3616 Masphat,
871 3559 1156 3617 postquam
1185 3550 1451 3618 percussit
1486 3551 1764 3606 Godoliam
1792 3551 1854 3604 ﬁ-

279 3657 300 3711 ιΔ
344 3639 473 3692 lium
514 3638 760 3703 Ahicam,
795 3639 958 3694 fortes
1002 3640 1147 3695 viros
1171 3641 1239 3695 ad
1282 3641 1546 3710 praalium,
1575 3649 1630 3695 et
1657 3643 1851 3698 mulie-

279 3747 296 3778 ι
340 3744 446 3790 res,
512 3737 566 3783 et
612 3745 829 3798 pueros,
857 3739 912 3784 et
939 3731 1214 3786 eunuchos
1259 3747 1396 3800 quos
1454 3733 1740 3787 reduxerat
1787 3733 1855 3788 de

278 3837 294 3868 ε
339 3816 580 3883 Gabaon,
607 3827 662 3873 et
700 3820 968 3886 abierunt,
993 3829 1048 3876 et
1085 3822 1342 3876 sederunt
1374 3823 1780 3892 peregrinantes
1800 3825 1854 3878 in

279 3927 298 3958 ι
337 3907 615 3974 Chanaan,
647 3925 765 3977 quae
791 3910 1042 3980 estjuxta
1071 3910 1343 3967 Bethleem
1369 3927 1383 3967 :
1409 3923 1466 3967 ut
1494 3923 1778 3984 pergerent
1799 3922 1854 3968 et

280 4017 298 4048 ι
343 3999 938 4071 introirentZEgyptum
985 4017 1016 4056 a
1063 4001 1202 4058 facie
1249 4004 1642 4062 Chaldaeorum.
1670 4006 1852 4062 Time-

279 4106 298 4138 ι
341 4089 471 4143 bant
501 4089 644 4144 enim
671 4105 786 4155 eos,
812 4092 937 4160 quia
970 4104 1313 4162 percusserat
1355 4095 1547 4152 Ismael
1576 4096 1717 4152 ﬁlius
1744 4097 1851 4152 Na-

281 4197 300 4229 ι
348 4181 546 4235 thaniae
568 4181 847 4236 Godoliam
892 4183 1058 4238 ﬁlium
1083 4183 1330 4252 Aiebam,
1362 4201 1522 4256 quem
1551 4203 1857 4258 prteposue-

279 4289 298 4320 ε
340 4281 423 4325 rat
455 4287 544 4326 rex
577 4272 864 4343 Babylonis
906 4275 959 4328 in
1001 4283 1144 4330 terra
1171 4275 1305 4348 Iuda
1325 4319 1340 4343 ,
1369 4286 1501 4345 etc.,
1533 4299 1552 4330 ι
1585 4294 1756 4349 usque
1785 4279 1853 4334 ad

274 4375 397 4418 eum
426 4362 600 4419 locum
630 4366 718 4420 ubi
747 4367 1004 4435 scriptum
1039 4375 1120 4422 est
1140 4368 1192 4421 in
1223 4369 1398 4438 capite
1429 4386 1582 4426 nm.

711 4523 937 4581 CAPUT
976 4524 1112 4578 XLII
1137 4541 1205 4580 ET
1233 4524 1415 4579 XLIII.

281 4649 512 4719 Rogalur
558 4651 837 4726 Jeremins
872 4653 1151 4726 consulere
1174 4655 1524 4726 proﬂreliquis
1571 4656 1850 4712 Dominum

347 4731 392 4794 e_t
418 4722 709 4794 respondet,
732 4723 1110 4794 nolileintrare
1137 4722 1191 4778 in
1229 4722 1535 4794 /Egypium.
1563 4726 1642 4780 De
1685 4727 1850 4780 verbis

347 4788 595 4862 Jgreniiie
635 4791 1016 4862 ad_populnm,
1071 4810 1222 4862 quem
1273 4788 1557 4849 fo7iaunan
1605 4795 1748 4848 ducit
1795 4797 1850 4850 in

348 4859 953 4935 Egyptum:l_ercmias
995 4859 1226 4915 ascendit
1241 4863 1488 4935 lapides
1513 4866 1568 4918 in
1621 4863 1850 4935 Tapr’mis

347 4924 502 4998 super
526 4945 656 5000 quos
685 4929 760 4983 ait
781 4940 1022 4984 venturos
1053 4947 1222 5002 regem
1235 4924 1539 5003 Babylonis.

355 5097 374 5129 ι
419 5078 556 5134 Ecce
579 5094 679 5150 ego
706 5078 917 5134 mittam
951 5088 1006 5135 et
1040 5096 1312 5136 assumam
1358 5081 1851 5139 Nabuchodonosor

285 5188 303 5219 ‹
351 5184 526 5239 regem
557 5170 843 5242 Babylonis
885 5187 1101 5226 servum
1134 5189 1332 5238 meum,
1361 5183 1416 5228 et
1459 5191 1655 5244 ponam
1698 5177 1848 5231 thro-

285 5279 303 5312 ο
346 5277 473 5314 num
523 5259 638 5329 ejus
668 5277 830 5332 super
855 5262 1061 5332 lapides
1092 5262 1226 5318 istos
1269 5279 1408 5333 quos
1457 5265 1711 5319 abscondi
1751 5275 1853 5320 :et

285 5369 304 5401 ‹
348 5359 551 5406 statuet
581 5352 774 5406 solium
815 5369 972 5408 suum
1013 5368 1177 5426 super
1205 5369 1320 5410 eos.
1350 5355 1692 5424 Veniensque
1723 5372 1850 5427 per-

288 5458 306 5490 ‹
346 5440 513 5494 cutict
544 5447 746 5496 terram
779 5442 1018 5515 Egypti,
1050 5459 1186 5514 quos
1217 5445 1270 5498 in
1300 5452 1492 5510 morte,
1524 5445 1577 5498 in
1603 5456 1848 5511 mortem,

287 5545 305 5578 ε
351 5535 404 5581 et
429 5543 563 5596 quos
591 5529 644 5584 in
672 5531 1001 5601 captivitate,
1042 5533 1097 5587 in
1121 5535 1509 5604 captivitatem,
1539 5545 1593 5590 et
1632 5551 1768 5606 quos
1799 5538 1853 5590 in

287 5637 303 5668 ι
349 5617 540 5688 gladio,
566 5619 617 5673 in
642 5620 875 5690 gladium
901 5639 912 5674 :
943 5632 999 5678 et
1023 5626 1314 5680 suecendet
1342 5626 1518 5698 ignem
1541 5629 1593 5681 in
1617 5627 1857 5684 delubris

287 5730 304 5760 ι
349 5711 567 5767 deorum
593 5711 830 5784 zEgypli,
869 5721 920 5768 et
960 5715 1240 5771 comburet
1283 5732 1366 5784 ea,
1396 5727 1448 5773 et
1495 5717 1735 5794 captivos
1760 5719 1856 5774 du-

1877 4489 1930 4547 D

1953 3265 2136 3320 dolum
2157 3283 2280 3323 cum
2307 3267 2569 3324 Chaldaeis
2589 3270 2753 3326 sociis
2782 3271 3092 3340 interfecto,
3118 3289 3310 3331 omnes
3335 3277 3537 3349 prinei-
3582 3276 3585 3278 ’

1951 3371 2048 3426 pes
2065 3357 2403 3424 bellatorum,
2435 3367 2490 3414 et
2525 3358 2808 3415 Johaunan
2849 3361 2989 3417 ﬁlius
3016 3362 3222 3430 Carere,
3252 3373 3308 3420 et
3341 3363 3536 3422 Jecho-

1951 3447 2071 3501 nias
2112 3447 2256 3501 ﬁlius
2288 3447 2451 3514 Osiae,
2483 3457 2540 3504 et
2573 3450 2838 3520 reliquum
2889 3451 3080 3525 vulgus
3106 3469 3138 3508 a
3165 3469 3534 3525 parvousque

1953 3539 2020 3593 ad
2041 3553 2318 3610 magnum,
2350 3552 2701 3596 accesserunt
2743 3543 2813 3597 ad
2854 3542 3146 3598 Jeremiam
3189 3546 3532 3615 prophetam,

1951 3632 2008 3681 et
2045 3626 2298 3683 dixerunt
2321 3629 2371 3682 ei
2398 3647 2410 3681 :
2441 3647 2458 3680 ι
2492 3628 2662 3686 Cadat
2713 3631 2890 3686 oratio
2931 3632 3201 3687 nostrain
3241 3645 3534 3703 conspectu

1957 3730 2069 3788 tuo,
2101 3731 2155 3776 et
2175 3737 2272 3778 ora
2299 3739 2398 3793 pro
2432 3723 2590 3780 nobis
2633 3726 2703 3779 ad
2746 3725 3032 3780 Dominum
3074 3726 3242 3782 Deum
3268 3735 3535 3796 tuumpro

1954 3812 2225 3868 universis
2250 3812 2492 3883 reliquiis
2522 3814 2660 3879 istis,
2693 3815 2817 3884 quia
2854 3816 3025 3871 relicti
3055 3832 3242 3873 sumus
3288 3819 3456 3886 pauci.
3469 3819 3537 3872 de

1953 3903 2198 3972 pluribus
2225 3903 2364 3958 sicut
2382 3903 2524 3958 oculi
2555 3904 2633 3958 tui
2663 3919 2762 3959 nos
2795 3905 3077 3960 intuentur
3119 3924 3132 3959 :
3176 3915 3231 3961 et
3254 3907 3540 3962 annuntiet

1957 3994 2111 4050 nobis
2135 3994 2393 4050 Dominus
2416 3994 2558 4050 Deus
2581 4004 2706 4050 tuus
2729 3996 2892 4060 viain,
2918 4012 3015 4065 per
3037 4012 3199 4066 quam
3226 4013 3536 4066 pergamus,

1955 4092 2012 4138 et
2034 4083 2254 4138 verbum
2281 4085 2423 4155 quod
2463 4083 2745 4141 faciamus.
2781 4106 2800 4138 ι
2831 4084 3074 4156 Cumque
3111 4086 3376 4142 Jeremias
3416 4097 3540 4156 post

1956 4175 2142 4230 decem
2165 4175 2280 4230 dies
2316 4190 2384 4230 ex
2419 4189 2669 4231 sermone
2714 4177 2929 4236 Domini
2979 4178 3383 4249 respondisset:
3410 4178 3537 4238 lltcc

1955 4266 2087 4321 dicit
2116 4267 2375 4322 Dominus
2399 4265 2544 4322 Deus
2578 4266 2740 4322 Israel
2767 4282 2780 4320 :
2811 4266 2871 4322 Si
2900 4269 3244 4338 quiescentes
3269 4269 3535 4324 manseri-

1955 4355 2024 4411 tis
2070 4355 2126 4410 in
2175 4367 2317 4413 terra
2377 4357 2483 4414 hac
2537 4357 2816 4413 aedificabo
2848 4375 2964 4426 vos,
3007 4368 3064 4416 et
3093 4375 3200 4415 non
3242 4360 3533 4426 destruam,

1954 4445 2206 4513 plantabo
2232 4455 2286 4501 et
2316 4462 2422 4501 non
2445 4447 2667 4502 evellam
2697 4465 2711 4502 :
2738 4450 2996 4518 quoniam
3028 4449 3269 4521 placatus
3293 4446 3536 4507 sumsu-

1954 4552 2052 4605 per
2080 4537 2221 4592 malo
2240 4538 2382 4606 quod
2414 4537 2514 4593 feci
2544 4538 2714 4593 vobis.
2744 4537 2920 4594 Nolite
2949 4540 3139 4596 timere
3166 4555 3196 4594 a
3225 4540 3363 4596 facie
3390 4542 3535 4610 regis

1954 4622 2260 4693 Babylonis,
2292 4638 2450 4693 quem
2488 4639 2583 4679 vos
2605 4625 2780 4694 pavidi
2807 4626 3108 4683 formidatis
3140 4646 3152 4681 :
3183 4628 3250 4682 Et
3276 4637 3398 4698 post
3421 4645 3538 4682 mo-

1953 4713 2171 4768 dicum:
2204 4713 2261 4768 Si
2304 4722 2485 4769 autem
2519 4716 2763 4770 dixeritis
2814 4733 2920 4772 non
2967 4719 3276 4773 habitamus
3303 4719 3357 4773 in
3387 4729 3527 4773 terra

1953 4803 2079 4868 ista,
2117 4812 2171 4858 et
2199 4804 2489 4873 posueritis
2534 4803 2727 4860 faciem
2769 4815 3027 4873 vestram,
3055 4816 3115 4862 ut
3157 4808 3534 4877 ingrediamini

1952 4893 2268 4966 Egyptum,
2306 4906 2362 4950 et
2408 4897 2741 4953 intraveritis
2782 4906 2842 4952 ut
2884 4898 2958 4954 ibi
3007 4899 3281 4965 habitetis,
3323 4900 3536 4972 gladius

1959 5000 2118 5054 quem
2142 5001 2236 5041 vos
2262 4984 2564 5042 formidatis
2594 4988 2666 5043 ibi
2704 4989 3121 5058 comprehendet
3140 5005 3258 5056 vos,
3284 4997 3339 5045 et
3364 4990 3536 5046 fames

1957 5089 2054 5144 pro
2088 5090 2191 5144 qua
2218 5075 2349 5131 estis
2378 5063 2593 5131 solliciti
2617 5079 2910 5134 adhaerebit
2947 5079 3100 5134 vobis
3124 5080 3177 5134 in
3199 5079 3455 5152 IEgypto,
3479 5089 3536 5137 et

1957 5166 2029 5221 ibi
2075 5168 2397 5223 moriemini.
2436 5189 2454 5220 ι
2489 5169 3006 5240 Responderuntque
3045 5171 3148 5225 viri
3194 5173 3409 5242 superbi
3453 5174 3534 5228 di-

1959 5265 2141 5313 centes
2169 5260 2236 5314 ad
2261 5258 2549 5314 Jeremiam
2574 5278 2588 5313 :
2621 5278 2638 5311 ι
2672 5260 3006 5316 Mendacium
3026 5262 3280 5332 loqueris,
3304 5279 3414 5318 non
3433 5265 3536 5320 mi-

1958 5350 2028 5404 sit
2058 5358 2109 5405 te
2131 5351 2390 5406 Dominus
2433 5351 2578 5408 Deus
2626 5362 2830 5416 noster,
2886 5353 3072 5410 dicens
3103 5372 3116 5408 :
3149 5355 3227 5411 Ne
3264 5355 3534 5425 ingredia-

1955 5439 2089 5492 mini
2127 5439 2418 5510 Egyptum
2467 5448 2528 5494 ut
2555 5441 2804 5497 habitetis
2834 5443 2962 5510 illic,
2995 5445 3090 5500 sed
3118 5445 3329 5502 Barucb
3383 5447 3530 5503 ﬁlius

1955 5530 2161 5587 Neerize
2191 5533 2434 5587 incitavit
2480 5541 2532 5589 te
2566 5534 2850 5590 adversum
2879 5552 2979 5598 nos
3006 5551 3022 5590 :
3049 5545 3108 5591 ut
3138 5538 3316 5593 tradat
3340 5553 3439 5598 nos
3475 5540 3534 5593 in

1955 5623 2204 5680 manibus
2225 5623 2623 5689 Chaldzeorum,
2661 5633 2721 5680 ut
2762 5626 3094 5684 interﬁciant
3127 5643 3246 5693 nos,
3271 5637 3328 5682 et
3351 5636 3530 5682 trans—

1958 5717 2082 5773 duci
2114 5715 2315 5770 faciant
2347 5717 2398 5770 in
2428 5714 2775 5786 Babylonem.
2818 5739 2836 5772 i
2870 5720 3107 5789 Denique
3141 5735 3332 5776 omnes
3373 5719 3524 5789 pria-
