4044 6326
512 291 648 348 1091

1147 282 1207 339 Β.
1252 279 1506 337 RABANI
1543 274 1759 331 MAURI
1799 270 2114 328 ARCHIEP.
2158 267 2464 323 MOGUNT.
2503 262 2787 321 OPERUM
2821 258 2997 358 PARS
3031 259 3115 314 111.

3613 250 3773 308 109?.

498 401 880 475 cipespopuli,
912 396 1154 467 reliquiis
1186 392 1547 467 congregatis,
1598 405 1720 445 cum
1763 386 2079 441 mulieribus
2104 389 2153 447 Α
2181 383 2355 437 minas
2379 396 2499 436 esse
2548 378 2767 450 Egypti
2798 377 3090 475 civitatem,
3118 388 3216 475 pro
3245 386 3356 475 quo
3403 371 3772 475 Septuaginta

498 492 739 564 parvulis
758 503 814 546 et
839 488 1051 544 ﬁliabus
1080 487 1244 557 regis,
1281 500 1390 540 non
1434 482 1713 536 audientes
1741 492 1927 532 vocem
1970 476 2077 539 Do-

499 580 633 637 mini
660 578 888 651 ingressi
911 584 1038 634 sunt
1063 576 1374 646 Egyptum,
1398 570 1688 640 assumptis
1724 582 1905 623 secum
1932 564 2080 619 Jere-

502 673 610 728 mia
654 680 710 726 et
736 669 950 725 Baruch
972 708 987 734 ,
1024 674 1080 721 et
1119 670 1488 722 convenerunt
1524 662 1579 715 in
1609 660 1887 730 Taphnes,
1923 656 1995 710 ita
2021 663 2082 709 ut

500 758 764 816 Jeremias
812 758 867 812 in
897 756 1111 827 signum
1155 751 1487 824 captivitatis
1521 749 1701 805 futura
1732 747 2084 820 prophetaret

504 857 696 904 contra
738 845 1134 903 inobedientem
1175 842 1450 912 populum,
1477 855 1542 895 ea
1579 854 1700 910 qua:
1751 840 1807 892 in
1843 837 1983 893 libro
2018 834 2082 888 il-

502 937 610 993 lius
637 936 1002 991 continentur.
1037 933 1191 1000 Quod
1229 932 1392 1002 igitur
1430 938 1620 1000 postea
1676 928 1915 983 futurum
1963 932 2082 981 erat

507 1035 634 1082 ante
668 1040 838 1081 annos
874 1023 1070 1079 multos
1102 1021 1427 1093 prmdicitur,
1455 1026 1509 1075 et
1533 1019 1837 1074 desertores
1866 1014 1959 1069 ﬁlii
1990 1028 2084 1082 ap-

500 1115 794 1186 pellantur,
819 1113 909 1183 qui
932 1112 1145 1167 deserto
1176 1108 1400 1164 consilio
1426 1107 1545 1172 Dei,
1569 1107 1714 1175 quod
1752 1109 2083 1173 acceperant

501 1220 601 1277 per
622 1203 932 1269 Jeremiam,
965 1216 1117 1257 suam
1160 1198 1329 1256 secuti
1354 1205 1481 1253 sunt
1518 1197 1874 1259 voluntatem,
1904 1200 1960 1248 et
1995 1207 2082 1247 or-

501 1295 600 1351 diti
628 1294 788 1349 telam
817 1308 922 1348 non
950 1307 1045 1362 per
1069 1289 1318 1360 spiritum
1343 1286 1459 1351 Dei,
1482 1286 1572 1356 qui
1621 1301 1686 1340 ex
1712 1283 1959 1339 Jeremiae
1986 1297 2083 1337 ore

502 1384 746 1441 sonabat.
776 1382 1018 1439 Orditam
1051 1390 1195 1435 tuam
1243 1378 1404 1435 telam
1434 1383 1778 1451 μιταφορικῶς
1802 1374 1998 1444 posuit,
2026 1382 2086 1428 ut

500 1486 727 1540 pravum
754 1470 1039 1526 consilium
1059 1469 1454 1525 demonstraret
1482 1482 1495 1519 :
1525 1474 1582 1520 et
1609 1466 1712 1520 hoc
1736 1464 2001 1529 fecerunt,
2024 1470 2086 1517 ut

499 1571 720 1632 peccata
743 1560 972 1631 pristina
1002 1566 1261 1630 augerent
1288 1564 1513 1628 peccato
1541 1553 1961 1625 contemptionis
1988 1569 2084 1608 su-

500 1651 719 1723 perbia.
751 1651 853 1718 Qui
881 1649 1252 1712 descendistis,
1287 1648 1479 1717 inquit,
1512 1648 1566 1702 in
1590 1645 1919 1723 Egyptum,
1941 1652 1994 1700 et
2022 1659 2084 1699 os

2181 470 2515 543 interpretati
2562 476 2726 523 sunt:
2761 487 2778 517 ι
2810 465 2997 519 Nuntii
3042 463 3259 534 pessimi
3302 461 3503 516 frustra
3545 460 3771 516 labora-

2179 563 2353 616 bunt:
2394 559 2485 629 qui
2517 557 2704 613 conﬁsi
2745 564 2870 610 sunt
2907 569 3067 623 super
3105 553 3359 624 populum
3388 552 3632 623 Egypti,
3665 554 3768 623 qui

2180 653 2262 709 eis
2286 652 2540 721 prodesse
2578 665 2685 704 non
2730 647 2924 718 potuit,
2960 653 3014 701 et
3055 643 3270 700 fuerunt
3312 645 3366 699 in
3407 642 3767 714 opprobrium

2182 741 2587 811 sempiternum.
2624 758 2643 791 ι
2688 737 2918 805 Quidam
2945 737 3089 791 hunc
3130 735 3304 790 locum
3343 742 3529 788 contra
3570 732 3766 787 decem

2183 833 2356 888 tribus
2389 833 2443 886 in
2486 829 2729 898 Samaria
2780 827 3036 897 scriptum
3073 832 3285 896 putant,
3324 822 3467 893 quod
3498 823 3565 877 ab
3593 821 3767 892 Aigy-

2181 921 2304 992 ptiis
2327 918 2523 973 auxilia
2543 917 2898 987 postulantes,
2912 922 3081 984 capta:
3101 914 3209 968 sint
3230 912 3298 966 ab
3319 911 3575 981 Assyriis.
3598 909 3767 963 Juxta

2184 1007 2533 1079 tropologiam
2569 1019 2777 1069 omnes,
2833 1003 2924 1073 qui
2963 1002 3058 1057 Dei
3105 1001 3368 1070 religione
3420 1007 3761 1067 contempta,

2182 1103 2526 1153 revertuntur
2563 1095 2629 1149 ad
2656 1094 2914 1149 vomitum
2962 1107 3119 1148 suum
3146 1090 3328 1161 (Prov.
3357 1088 3531 1158 xxvi),
3564 1097 3623 1142 et
3661 1103 3763 1142 no-

2181 1185 2326 1240 mine
2353 1184 2565 1255 perdito
2597 1182 2828 1236 ﬁliorum
2882 1179 3327 1252 impudenti-simi
3369 1193 3531 1233 canes
3585 1178 3769 1248 appel-

2181 1273 2381 1335 lantur,
2440 1273 2628 1327 ineunt
2669 1271 2956 1327 consilium
3020 1284 3127 1322 non
3184 1284 3282 1338 per
3336 1267 3654 1330 Dominum,
3707 1278 3767 1321 et

2183 1363 2381 1419 feriunt
2408 1362 2582 1418 foedus
2603 1379 2709 1417 non
2737 1376 2835 1433 per
2868 1359 3123 1430 Spiritum
3166 1356 3374 1412 Domini
3410 1375 3422 1410 :
3450 1358 3768 1428 adduntque

2183 1462 2405 1525 peccata
2449 1453 2709 1525 peccatis,
2759 1460 2817 1506 ut
2857 1450 3094 1521 superati
3136 1446 3535 1503 blandientibus
3592 1447 3765 1509 vitiis,

2183 1544 2343 1600 etiam
2397 1544 2703 1614 dogmatum
2751 1540 3011 1609 recipiant
3052 1538 3410 1607 pravitatem:
3438 1543 3492 1591 et
3535 1537 3768 1591 descen-

2189 1635 2317 1689 dant
2348 1634 2402 1688 in
2434 1632 2653 1704 Egypti
2705 1630 2971 1692 tenebras,
3001 1636 3303 1698 qurerentes
3329 1627 3587 1681 auxilium
3619 1625 3764 1679 Pha-

501 1715 682 1797 ineum
725 1715 833 1796 non
869 1739 1263 1808 interrogastis.
1304 1715 1423 1791 Non
1457 1752 1563 1808 quo
1611 1715 2082 1805 interrogaverint,
2113 1724 2160 1783 Β
2188 1724 2392 1789 raonis,
2422 1723 2514 1793 qui
2553 1730 2741 1794 regnat
2779 1722 2831 1774 in
2864 1719 3113 1791 Egypt'o,
3144 1718 3296 1795 cujus
3322 1716 3586 1787 protectio
3616 1715 3771 1808 ducit

507 1833 608 1889 sed
640 1848 749 1903 quo
793 1831 1075 1887 consilium
1114 1830 1392 1900 prophetae
1433 1828 1617 1882 audire
1642 1826 1932 1890 noluerint,
1960 1840 2081 1895 spe:

502 1929 689 1977 rantes
710 1921 969 1975 auxilium
990 1921 1046 1975 in
1070 1914 1383 1975 fortitudine
1402 1917 1719 1982 Pharaonis,
1744 1926 1798 1971 et
1822 1915 2085 1971 habentes

503 2007 757 2064 ﬁduciam
785 2008 838 2063 in
861 2009 1216 2078 protectioue,
1246 2007 1360 2064 sive
1390 2007 1580 2062 umbra
1601 2007 1839 2078 Aigypti.
1874 2006 2086 2061 Pharao

450 2106 456 2115 ‘
503 2105 688 2155 autem
716 2098 859 2170 apud
894 2099 1174 2172 Egyptios
1208 2115 1405 2155 nomen
1447 2107 1532 2155 est
1566 2101 1727 2171 regia:
1751 2100 2035 2169 potestatis
2068 2118 2081 2154 :

499 2198 558 2246 et
586 2191 954 2261 unusquisque
980 2191 1198 2261 speciali
1219 2191 1518 2261 appellatur
1547 2191 1829 2257 vocabulo,
1860 2200 1918 2246 ut
1939 2190 2084 2245 Pha-

500 2294 597 2334 rao
615 2279 853 2346 Nechao,
878 2289 934 2335 et
952 2280 1163 2337 Pharao
1186 2281 1402 2351 Vaphre
1433 2298 1448 2338 :
1474 2284 1743 2352 quomodo
1774 2282 1818 2337 si
1845 2297 1943 2336 nos
1972 2281 2087 2336 Cte-

500 2381 652 2423 sares
696 2375 753 2424 et
795 2368 1064 2440 Augustos
1093 2369 1323 2442 pr0priis
1350 2386 1534 2441 regum
1576 2371 1850 2426 vocabulis
1886 2386 2088 2441 praepo-

502 2473 715 2515 namus.
746 2478 764 2511 ι
799 2460 867 2514 Et
892 2460 1018 2526 erit,
1049 2461 1239 2531 inquit,
1287 2461 1438 2516 vobis
1477 2461 1736 2517 fortitudo
1790 2460 2087 2515 Pharaonis

501 2548 558 2603 in
585 2548 977 2615 confusionem,
1015 2558 1070 2605 et
1109 2549 1303 2605 ﬁducia
1348 2546 1552 2605 umbia:
1594 2550 1812 2622 Egypti
1846 2550 1898 2604 in
1932 2550 2085 2621 igno-

500 2636 744 2693 miniam.
782 2659 802 2691 ι
831 2637 1031 2694 Scribit
1081 2638 1220 2694 idem
1262 2638 1525 2695 Jeremias
1580 2639 1721 2710 quod
1773 2641 1828 2694 in
1885 2639 2087 2695 Thanis

501 2728 637 2784 urbe
660 2727 881 2801 [Egypti
918 2730 1173 2785 infoderit
1197 2729 1425 2800 lapides,
1453 2732 1510 2786 in
1546 2739 1703 2802 porta
1739 2730 1930 2787 domus
1951 2731 2087 2786 Pha-

499 2834 598 2876 rao
625 2828 681 2876 et
710 2821 909 2876 dixerit
935 2821 1070 2876 viris
1097 2819 1317 2876 Iudaeis.

577 2925 597 2959 ι
623 2906 750 2962 Haec
775 2907 904 2962 dicit
931 2907 1191 2963 Dominus
1217 2894 1554 2963 exercituum
1578 2909 1721 2964 Deus
1742 2909 1902 2964 Israel
1920 2930 1932 2962 :
1951 2909 2087 2965 Ecce

508 3014 529 3047 ι
574 3010 674 3065 ego
699 2996 909 3060 mittam
961 3006 1014 3051 et
1062 3012 1336 3053 assumam
1364 2998 1858 3056 Nabuchodonosor
1904 3016 2086 3072 regem
2132 3038 2151 3072 γ,

2190 1814 2243 1868 in
2267 1812 2611 1882 ignominiam
2639 1820 2694 1864 et
2739 1811 2791 1865 in
2814 1809 3157 1880 opprobrium
3187 1809 3593 1877 sempiternum.
3627 1804 3771 1860 Sunt

2187 1904 2330 1959 enim
2358 1903 2411 1957 in
2458 1902 2661 1956 Thanis
2690 1902 2743 1956 in
2774 1900 3031 1954 mandato
3057 1896 3327 1962 videlicet,
3359 1897 3547 1952 humili
3596 1906 3765 1964 atque

2187 1992 2394 2062 dejecto
2423 1991 2691 2064 principes
2718 1987 2833 2058 ejus
2857 1989 3095 2064 pessimi
3126 1988 3297 2042 nuntii
3330 1988 3420 2056 qni
3454 1985 3656 2040 frustra
3686 1988 3766 2037 la-

2187 2082 2377 2136 borant
2402 2062 2564 2150 super
2588 2062 2866 2150 populum,
2891 2076 2981 2146 qui
3017 2076 3095 2130 eis
3121 2075 3376 2145 prodesse
3407 2089 3511 2127 non
3542 2073 3765 2141 poterit.

2190 2171 2339 2227 Sicut
2366 2170 2508 2226 enim
2533 2179 2748 2224 sanctos
2778 2167 3065 2238 magistros
3086 2168 3234 2238 juvat
3262 2165 3647 2235 discipulorum
3674 2179 3768 2215 sa-

2186 2262 2292 2326 lus,
2325 2262 2404 2316 sic
2448 2260 2679 2330 perditio
2709 2258 3051 2314 seductorqu
3098 2257 3274 2326 perdit
3311 2255 3654 2327 patriarchas
3678 2270 3769 2308 ccc

2190 2371 2307 2409 rum
2335 2354 2425 2424 qui
2449 2352 2515 2407 ad
2539 2352 2759 2424 ASgypti
2782 2350 3037 2405 auxilium
3067 2348 3439 2421 confugerant.

2747 2502 2974 2560 CAPUT
3008 2501 3188 2558 XLIV.

2191 2638 2451 2717 Propheta
2472 2631 2977 2717 increpatpopitlun}
3002 2631 3064 2717 de
3086 2631 3430 2717 inobcdicntia
3451 2640 3499 2717 et
3532 2630 3767 2717 idolola-

2261 2701 2363 2761 tria
2392 2724 2410 2760 :
2441 2701 2879 2775 comrminatitr’eis
2914 2702 3173 2775 gladium,
3201 2712 3417 2775 mortem
3450 2711 3494 2753 et
3525 2701 3722 2775 [amem
3749 2717 3768 2753 :

2261 2794 2364 2831 non
2419 2774 2675 2839 auditur,
2737 2774 2854 2828 ideo
2905 2771 3158 2827 Dominus
3214 2788 3302 2825 eos
3357 2771 3577 2825 destruit
3638 2774 3771 2823 dato

2258 2847 2426 2917 signa.

2954 2772 3158 2827 ominus
3214 2788 3302 2825 eos

2267 3018 2285 3049 ι
2312 2998 2556 3053 .Verbum
2579 2995 2720 3066 quod
2748 2993 2944 3048 factum
2965 3004 3049 3048 est
3071 2992 3136 3046 ad
3169 2991 3459 3048 Jeremiam
3479 2992 3544 3045 ad
3578 3007 3776 3046 omnes

513 3102 533 3135 ‹
579 3084 866 3155 Babylonis
896 3101 1111 3141 servum
1139 3102 1340 3153 meum,
1381 3096 1436 3143 et
1475 3104 1670 3158 ponam
1697 3091 1946 3146 thronum
1972 3092 2086 3161 ejus
2113 3071 2157 3132 (ἶ
2194 3108 2211 3139 ‹
2256 3088 2486 3153 Judaeos,
2512 3089 2604 3158 qui
2633 3088 2879 3142 habitant
2924 3086 2975 3140 in
3012 3094 3152 3141 terra
3196 3085 3434 3156 .IlZgypti;
3465 3084 3776 3139 habitantes

507 3192 528 3226 ι
574 3188 740 3244 super
775 3174 976 3244 lapides
1017 3176 1171 3242 istos,
1200 3192 1337 3246 quos
1380 3178 1654 3244 abscondi,
1686 3188 1741 3235 et
1770 3188 1968 3236 statuet
1993 3196 2083 3235 so-

507 3284 526 3317 ‹
568 3265 699 3319 lium
725 3278 881 3319 suum
908 3279 1068 3336 super
1087 3279 1200 3331 eos,
1230 3265 1560 3336 veniensque
1586 3269 1856 3340 percutiet
1883 3276 2082 3324 terram

511 3372 530 3405 ι
573 3354 811 3424 ΑΞεγρῑί,
839 3355 1045 3424 quosin
1071 3363 1265 3422 morte,
1290 3356 1344 3410 in
1365 3365 1616 3423 mortem,
1642 3368 1696 3414 et
1718 3376 1855 3430 quos
1880 3361 1933 3416 in
1960 3378 2087 3431 cap-

510 3461 529 3494 c
577 3444 807 3511 tivitate,
839 3444 893 3499 in
923 3446 1310 3516 captivitatem,
1342 3456 1398 3502 ct
1427 3463 1563 3520 quos
1591 3451 1643 3503 iu
1674 3451 1873 3521 gladio,
1903 3454 1955 3507 in
1975 3454 2086 3524 gla-

510 3551 531 3585 ι
577 3534 724 3589 dium
766 3550 781 3587 :
818 3541 875 3589 et
920 3536 1210 3591 succendet
1255 3536 1433 3607 ignem
1476 3537 1530 3592 in
1580 3539 1816 3595 delubris
1861 3543 2085 3596 deorum

508 3640 527 3673 ι
570 3619 814 3694 Εεγριί,
846 3629 897 3677 et
925 3623 1207 3679 comburet
1229 3638 1294 3678 ea
1331 3641 1346 3678 :
1380 3633 1436 3679 et
1461 3627 1703 3696 captivos
1739 3629 1900 3684 ducet
1925 3630 2082 3684 illos:

511 3728 531 3761 ι
574 3718 633 3766 et
656 3711 939 3767 amicietur
966 3720 1112 3768 terra
1144 3712 1389 3784 Egypti,
1420 3715 1563 3770 sicut
1597 3719 1853 3773 amicitur
1898 3728 2088 3789 pastor

509 3821 529 3852 ι
572 3798 737 3872 pallio
761 3815 902 3857 suo:
936 3810 990 3857 et
1018 3803 1326 3874 egredietur
1367 3804 1493 3860 inde
1533 3808 1587 3861 in
1617 3823 1770 3879 pace.
1808 3809 1875 3863 Et
1903 3816 2087 3864 conte-

507 3910 528 3943 ε
568 3900 654 3947 ret
674 3898 882 3947 statuas
908 3892 1100 3948 domus
1129 3892 1279 3958 solis,
1303 3910 1424 3964 qua:
1446 3905 1572 3951 sunt
1595 3897 1648 3952 in
1682 3908 1822 3953 terra
1847 3889 2085 3971 Egypti,

510 4000 532 4034 ι
574 3990 631 4037 et
657 3982 877 4039 delubra
900 3976 1123 4039 deorum
1150 3983 1374 4057 Egypti
1397 3988 1675 4043 comburet
1704 3990 1836 4058 igni.
1867 4009 1886 4039 ι
1920 3988 2090 4060 (qu-

507 4071 648 4144 sus.)
678 4070 963 4142 Superatis
992 4074 1136 4128 enim
1160 4073 1451 4145 Egyptiis,
1485 4078 1627 4148 capti
1663 4086 1787 4132 sunt
1815 4085 1868 4133 et
1896 4076 2087 4142 Judaai,

506 4161 600 4230 qui
629 4160 697 4215 ad
716 4156 1000 4232 Egyptios
1020 4161 1291 4233 fugerant.
1320 4164 1579 4233 Quodque
1600 4167 1841 4234 sequitur
1859 4184 1902 4220 ε(
1924 4168 2093 4222 Erant

505 4252 564 4306 in
591 4250 831 4320 Taphnis
855 4252 1126 4322 principes
1154 4254 1253 4319 tui,
1300 4263 1356 4308 et
1395 4240 1590 4310 nuntii.
1621 4257 1719 4321 tui,
1750 4273 1920 4327 usque
1950 4259 2091 4314 Tha-

505 4357 604 4397 ncs
620 4352 1005 4410 pervenerunt.
1037 4362 1056 4393 ι
1082 4343 1216 4399 Cum
1241 4343 1490 4400 irrisione
1513 4354 1570 4402 et
1594 4348 1870 4420 ἕμφατικῶς
1904 4349 2087 4422 legen-

506 4432 655 4499 dum,
681 4435 823 4502 quod
844 4442 1028 4505 spreto
1048 4435 1142 4491 Dei
1171 4437 1397 4492 consilio
1421 4413 1691 4515 principes
1715 4456 1841 4495 suos
1863 4443 1929 4496 ad
1953 4413 2091 4496 'i‘ba-
2119 4413 2169 4472 Β

509 4522 596 4577 nis
624 4523 811 4578 urbem
832 4521 1051 4595 Egypti
1074 4526 1357 4594 miserunt,
1377 4528 1431 4583 in
1452 4544 1556 4599 qua
1579 4530 1769 4586 domus
1790 4530 2090 4589 Pharaonis

507 4608 611 4666 fuit
632 4613 781 4684 regia
828 4631 842 4668 :
882 4623 938 4670 et
960 4615 1060 4670 sub
1089 4615 1237 4672 Mose
1276 4618 1429 4689 signa
1472 4635 1536 4675 ac
1586 4630 1837 4692 portenta
1861 4624 2090 4695 plurima

506 4713 811 4774 perpetrata
840 4715 986 4772 sunt,
1008 4704 1219 4763 dicente
1252 4710 1499 4782 psalmo:
1534 4732 1553 4764 ι
1598 4712 1697 4780 Qui
1729 4712 1856 4771 fecit
1876 4715 2096 4772 mirabi-

505 4793 576 4849 lia
600 4795 652 4850 in
678 4804 818 4852 terra
835 4796 1073 4870 Egypti,
1089 4799 1143 4854 in
1157 4814 1351 4873 campo
1369 4800 1618 4859 Thaneos
1632 4803 1804 4875 (Psal.
1819 4805 2044 4880 Lxxvn).
2065 4827 2086 4861 ι

514 4887 581 4941 Et
627 4888 770 4943 idem
822 4889 987 4945 Isaias
1040 4900 1230 4947 contra
1276 4891 1573 4964 Egyptum
1623 4895 1898 4965 loquitur:
1933 4916 1951 4948 ‹
1984 4897 2087 4955 Ubi

510 4984 641 5033 sunt
689 4990 832 5033 nunc
861 4981 1132 5050 sapientes
1176 4980 1287 5037 tui?
1310 4982 1643 5038 Annuutient
1687 4986 1781 5041 tibi
1817 4995 1872 5041 et
1911 4987 2091 5043 dicant

510 5068 640 5138 quid
665 5065 983 5138 cogitaverit
1008 5072 1265 5145 Dominus
1289 5073 1526 5128 Sabaoth
1551 5084 1737 5130 contra
1759 5077 2047 5149 IEgyptum
2071 5097 2085 5133 :

511 5155 825 5213 defecerunt
866 5160 1141 5230 principes
1168 5162 1417 5219 Thaneos
1450 5162 1587 5235 (lsa.
1629 5166 1767 5230 xix).
1806 5188 1824 5218 ι
1854 5167 1998 5236 Quos
2023 5184 2089 5226 co

514 5257 756 5319 tempore
794 5250 1057 5311 defecisse
1103 5264 1511 5325 commemorat,
1570 5260 1780 5331 quando
1831 5262 2089 5319 Dominus

515 5338 789 5408 ingressus
806 5338 892 5397 est
912 5338 1210 5415 Egyptum
1239 5360 1401 5416 super
1426 5349 1619 5403 nubem
1649 5349 1840 5405 levem.
1874 5350 2089 5407 Thancs

516 5434 697 5482 autem
719 5432 909 5486 urbem
950 5432 1170 5504 Egypti
1199 5436 1250 5489 in
1278 5436 1386 5490 alio
1414 5436 1530 5492 loco
1570 5455 1673 5492 non
1706 5439 1929 5510 legimus
1954 5458 1967 5493 :
1994 5441 2091 5497 sed

514 5526 584 5570 ex
609 5530 675 5572 eo
695 5519 836 5587 quod
860 5521 935 5574 ait
969 5539 983 5575 :
1017 5542 1034 5572 ι
1072 5522 1253 5578 Nuntii
1285 5528 1361 5580 tui
1390 5543 1557 5596 usque
1586 5529 1801 5586 Thancs
1830 5547 2088 5600 pervene-

515 5615 663 5674 runt,
699 5627 717 5661 ι
750 5609 1098 5685 intelligimus
1114 5612 1356 5669 ultimam
1386 5615 1536 5684 juxta
1571 5616 1855 5691 Αὲιιιίοιπιε
1883 5632 1935 5677 et
1965 5621 2088 5677 Plc-

2194 3197 2211 3227 ι
2256 3177 2308 3230 in
2357 3177 2617 3247 Magdalo,
2670 3184 2724 3230 et
2774 3175 3042 3245 Taphnes,
3089 3184 3144 3229 et
3208 3176 3262 3229 in
3310 3184 3456 3229 terra
3505 3172 3775 3228 Phatures

2192 3286 2210 3318 σ
2257 3268 2439 3323 dicens
2495 3286 2508 3321 :
2573 3266 2695 3321 llaec
2745 3267 2875 3322 dicit
2922 3265 3180 3321 Dominus
3231 3266 3567 3321 exercituum
3623 3263 3776 3318 Deus

2192 3377 2210 3408 ι
2257 3359 2455 3414 Israel:
2503 3359 2612 3415 Vos
2649 3367 2828 3413 autem
2876 3358 3088 3412 vidistis
3112 3357 3309 3411 malum
3341 3357 3482 3411 istud
3506 3356 3646 3426 quod
3671 3356 3773 3408 ad-

2193 3469 2209 3499 ι
2255 3449 2381 3502 duxi
2412 3456 2602 3518 super
2644 3446 2978 3510 Jerusalem,
3042 3459 3096 3500 et
3156 3460 3316 3514 super
3370 3459 3557 3499 omnes
3607 3444 3774 3497 urbes

2193 3558 2210 3589 ι
2256 3538 2391 3593 Juda
2432 3556 2445 3589 :
2489 3547 2544 3592 et
2571 3552 2697 3592 cccc
2740 3544 2864 3591 sunt
2894 3536 3123 3590 deserta:
3152 3536 3329 3601 hodie,
3361 3543 3546 3590 etnon
3576 3544 3663 3587 est
3711 3535 3770 3587 in

2192 3648 2209 3679 ε
2254 3628 2334 3682 eis
2370 3627 2640 3683 habitator
2682 3634 2901 3697 propter
2929 3624 3186 3680 malitiam
3213 3640 3375 3695 quam
3415 3624 3678 3686 fecerunt,
3712 3634 3775 3677 ut

2193 3735 2211 3766 ι
2257 3731 2342 3771 me
2364 3716 2431 3771 ad
2461 3713 2793 3771 iracundiam
2818 3723 3194 3786 provocarent,
3244 3723 3295 3769 et
3326 3714 3487 3779 irent,
3513 3722 3567 3767 et
3594 3714 3769 3767 sacri-

2193 3827 2211 3859 (
2258 3807 2501 3871 ﬁcarent,
2523 3814 2580 3861 et
2599 3805 2837 3861 colerent
2862 3804 2992 3860 deos
3018 3805 3240 3871 alienos,
3269 3819 3403 3873 quos
3428 3802 3767 3860 nesciebant,

2194 3913 2213 3947 ε
2258 3904 2312 3950 et
2340 3895 2437 3960 illi,
2468 3903 2523 3950 et
2541 3908 2657 3961 vos,
2697 3903 2751 3949 ct
2798 3903 2981 3964 patres
3025 3895 3211 3949 vestri.
3259 3894 3325 3948 Et
3380 3894 3500 3948 misi
3552 3892 3620 3946 ad
3674 3908 3774 3946 vos

2193 4005 2213 4036 (
2253 4001 2440 4041 omnes
2465 4000 2647 4041 servos
2694 4000 2845 4041 meos
2889 3985 3177 4056 prophetas
3221 3984 3287 4039 de
3336 3992 3493 4039 nocte
3539 3997 3771 4037 consur-

2193 4094 2212 4127 ‹
2254 4090 2404 4143 gens,
2436 4075 2762 4146 mittensque
2790 4084 2844 4129 et
2866 4076 3088 4130 dicens:
3120 4072 3295 4129 Nolite
3335 4075 3514 4128 facere
3540 4074 3772 4128 verbum

2195 4185 2215 4217 ‹
2261 4166 2675 4221 abominationis
2696 4165 3083 4236 hujuscemodi,
3110 4174 3164 4221 et
3194 4182 3300 4221 non
3331 4165 3640 4228 audierunt,
3668 4180 3770 4218 nec

2196 4275 2215 4307 ‹
2257 4256 2649 4311 inclinaverunt
2707 4272 2892 4312 aurem
2943 4273 3114 4324 suam,
3144 4265 3204 4312 ut
3245 4264 3688 4312 converterentur
3737 4272 3771 4307 a

2197 4366 2216 4399 ‹
2262 4347 2418 4401 malis
2444 4348 2556 4401 suis
2603 4356 2658 4402 et
2683 4363 2790 4402 non
2820 4331 3187 4402 sacriﬁcarent
3220 4347 3322 4403 diis
3349 4346 3557 4411 alienis,
3595 4364 3613 4397 ι
3660 4353 3767 4399 etc.

2193 4437 2482 4511 (MAURUS.)
2530 4438 2701 4494 Sicuti
2744 4439 2799 4493 in
2856 4447 2999 4494 terra
3053 4436 3203 4493 Judze
3258 4437 3519 4508 propheta
3577 4444 3769 4489 contra

2195 4528 2449 4598 reliquias
2494 4528 2858 4585 lsraelitarum
2906 4527 3199 4583 reluctatus
3232 4536 3335 4595 est,
3387 4527 3768 4582 contradicens

2192 4618 2273 4674 eis
2293 4619 2459 4674 verbo
2503 4620 2737 4687 Domini,
2767 4635 2833 4676 ne
2862 4619 3272 4691 ingrederentur
3297 4608 3589 4689 Egyptum
3624 4636 3640 4672 :
3691 4618 3767 4672 ita

2193 4716 2250 4766 et
2290 4709 2345 4764 in
2388 4720 2532 4766 terra
2577 4708 2793 4782 {Egypti
2839 4710 3145 4765 constitutis
3190 4723 3493 4765 sermonem
3551 4707 3767 4762 Domini

2198 4802 2499 4867 annuntiat,
2522 4803 2664 4870 quod
2716 4802 2956 4856 irritatus
2983 4814 3145 4871 super
3188 4797 3549 4854 inobedientia
3579 4811 3766 4852 eorum

2197 4892 2486 4947 vindictam
2518 4893 2596 4946 eis
2616 4891 3039 4962 prazparaverit:
3086 4890 3212 4960 quia
3240 4904 3336 4945 eos
3392 4890 3531 4945 sicut
3576 4886 3767 4941 Patres

2194 4997 2383 5037 eorum
2410 4982 2667 5055 punierit,
2706 4991 2866 5050 atque
2893 4981 3348 5035 consummaverit
3387 4981 3441 5035 in
3479 4978 3675 5049 gladio,
3713 4985 3768 5031 et

2195 5074 2339 5131 fame
2358 5084 2413 5130 et
2456 5076 2511 5130 in
2557 5084 2727 5144 peste.
2775 5073 3045 5145 Magdolus
3079 5090 3209 5146 ergo
3234 5075 3365 5129 urbs
3391 5082 3476 5129 est
3525 5071 3764 5143 Egypti,

2196 5165 2263 5220 ad
2288 5180 2446 5235 quam
2471 5164 2564 5219 ﬁlii
2594 5164 2758 5220 lsracl
2783 5180 2903 5218 cum
2943 5164 3179 5220 exissent
3203 5164 3270 5219 de
3313 5162 3547 5235 Egypto
3568 5176 3765 5233 ρει-τευ

2195 5264 2389 5312 nerunt
2408 5263 2695 5327 antequam
2731 5255 3019 5309 transirent
3045 5269 3194 5310 mare
3220 5253 3483 5313 Rubrum.
3514 5253 3769 5323 Legimus

2195 5357 2250 5404 et
2287 5349 2338 5403 in
2375 5348 2652 5403 Ezechiele
2702 5368 2719 5399 ί
2758 5347 2999 5418 Magdalo
3043 5362 3211 5417 usque
3237 5345 3496 5402 Stenem:
3550 5363 3569 5395 ι
3605 5342 3769 5397 Simi-

2197 5438 2321 5493 liter
2347 5438 2597 5509 Taphnes
2616 5439 2745 5493 urbs
2767 5447 2848 5492 est
2877 5435 3095 5508 Aigypti
3126 5438 3265 5492 sicut
3303 5450 3463 5507 supra
3489 5443 3769 5490 ostensum

2196 5539 2280 5586 est
2306 5549 2317 5584 :
2344 5540 2397 5584 et
2417 5529 2681 5584 Phatures
2703 5529 2851 5598 regio
2878 5526 3092 5596 [Egypti
3125 5527 3264 5581 sicut
3302 5541 3463 5597 supra
3491 5533 3768 5580 ostensum

2199 5630 2281 5677 est
2327 5640 2339 5675 :
2395 5628 2447 5676 et
2490 5620 2755 5675 Phatures
2802 5617 2950 5686 regio
2980 5614 3197 5687 Aigypti
3242 5615 3390 5687 juxta
3433 5612 3783 5671 Ezechieletu'
