  <div class='ocr_page' id='page_1' title='image "/cluster/home/n/w/nwhite01/storage/ocr_20150623/111/hvd.32044009716333/554.png"; bbox 0 0 4044 6326; ppageno 0'>
   <div class='ocr_carea' id='block_1_1' title="bbox 336 312 480 368">
    <p class='ocr_par' dir='ltr' id='par_1_1' title="bbox 336 312 480 368">
     <span class='ocr_line' id='line_1_1' title="bbox 336 312 480 368; baseline 0 0"><span class='ocrx_word' id='word_1_1' title='bbox 336 312 480 368; x_wconf 67' lang='grc'><strong>1093</strong></span> 
     </span>
    </p>
   </div>
   <div class='ocr_carea' id='block_1_2' title="bbox 1213 316 2704 387">
    <p class='ocr_par' dir='ltr' id='par_1_2' title="bbox 1213 316 2704 387">
     <span class='ocr_line' id='line_1_2' title="bbox 1213 316 2704 387; baseline 0.011 -16"><span class='ocrx_word' id='word_1_2' title='bbox 1213 316 1576 383; x_wconf 81' lang='lat' dir='ltr'><strong>EXPOSlTlO</strong></span> <span class='ocrx_word' id='word_1_3' title='bbox 1618 320 1844 378; x_wconf 81' lang='lat' dir='ltr'><strong>SUPER</strong></span> <span class='ocrx_word' id='word_1_4' title='bbox 1879 322 2246 382; x_wconf 77' lang='lat' dir='ltr'><strong>JEREMIAM.</strong></span> <span class='ocrx_word' id='word_1_5' title='bbox 2286 358 2356 368; x_wconf 95' lang='lat'><strong>—</strong></span> <span class='ocrx_word' id='word_1_6' title='bbox 2392 328 2520 386; x_wconf 87' lang='lat' dir='ltr'><strong>LIB.</strong></span> <span class='ocrx_word' id='word_1_7' title='bbox 2565 332 2704 387; x_wconf 76' lang='lat' dir='ltr'><strong>XIV.</strong></span> 
     </span>
    </p>
   </div>
   <div class='ocr_carea' id='block_1_3' title="bbox 3450 344 3589 401">
    <p class='ocr_par' dir='ltr' id='par_1_3' title="bbox 3450 344 3589 401">
     <span class='ocr_line' id='line_1_3' title="bbox 3450 344 3589 401; baseline 0.029 -4"><span class='ocrx_word' id='word_1_8' title='bbox 3450 344 3472 397; x_wconf 79' lang='lat' dir='ltr'><strong>l</strong></span> <span class='ocrx_word' id='word_1_9' title='bbox 3485 344 3589 401; x_wconf 71' lang='grc'><strong>094</strong></span> 
     </span>
    </p>
   </div>
   <div class='ocr_carea' id='block_1_4' title="bbox 331 420 3590 516">
    <p class='ocr_par' dir='ltr' id='par_1_4' title="bbox 331 420 3590 516">
     <span class='ocr_line' id='line_1_4' title="bbox 331 420 3590 516; baseline 0.012 -40"><span class='ocrx_word' id='word_1_10' title='bbox 331 420 557 516; x_wconf 53' lang='grc' dir='ltr'><strong>(Εκείι.</strong></span> <span class='ocrx_word' id='word_1_11' title='bbox 574 422 773 516; x_wconf 40' lang='grc' dir='ltr'>δραι)</span> <span class='ocrx_word' id='word_1_12' title='bbox 818 429 874 516; x_wconf 75' lang='lat' dir='ltr'><strong>et</strong></span> <span class='ocrx_word' id='word_1_13' title='bbox 921 420 1234 516; x_wconf 84' lang='lat' dir='ltr'><strong>Jeremiam,</strong></span> <span class='ocrx_word' id='word_1_14' title='bbox 1261 426 1317 481; x_wconf 93' lang='lat' dir='ltr'><strong>in</strong></span> <span class='ocrx_word' id='word_1_15' title='bbox 1340 443 1445 498; x_wconf 92' lang='lat' dir='ltr'><strong>qua</strong></span> <span class='ocrx_word' id='word_1_16' title='bbox 1466 428 1676 501; x_wconf 79' lang='lat' dir='ltr'><strong>profugi</strong></span> <span class='ocrx_word' id='word_1_17' title='bbox 1700 431 1914 487; x_wconf 86' lang='lat' dir='ltr'><strong>babita—</strong></span> <span class='ocrx_word' id='word_1_18' title='bbox 1945 443 1989 502; x_wconf 77' lang='grc' dir='ltr'><strong>Α</strong></span> <span class='ocrx_word' id='word_1_19' title='bbox 2025 454 2043 486; x_wconf 76' lang='grc' dir='ltr'><strong>ι</strong></span> <span class='ocrx_word' id='word_1_20' title='bbox 2086 435 2295 494; x_wconf 90' lang='lat' dir='ltr'><strong>locutus</strong></span> <span class='ocrx_word' id='word_1_21' title='bbox 2319 454 2379 496; x_wconf 93' lang='lat' dir='ltr'><strong>es</strong></span> <span class='ocrx_word' id='word_1_22' title='bbox 2404 440 2473 496; x_wconf 92' lang='lat' dir='ltr'><strong>ad</strong></span> <span class='ocrx_word' id='word_1_23' title='bbox 2500 457 2600 498; x_wconf 88' lang='lat' dir='ltr'><strong>nos</strong></span> <span class='ocrx_word' id='word_1_24' title='bbox 2627 442 2684 498; x_wconf 83' lang='lat' dir='ltr'><strong>in</strong></span> <span class='ocrx_word' id='word_1_25' title='bbox 2706 445 2923 501; x_wconf 89' lang='lat' dir='ltr'><strong>nomine</strong></span> <span class='ocrx_word' id='word_1_26' title='bbox 2945 447 3158 505; x_wconf 79' lang='lat' dir='ltr'><strong>Domini</strong></span> <span class='ocrx_word' id='word_1_27' title='bbox 3184 465 3291 509; x_wconf 94' lang='lat' dir='ltr'><strong>non</strong></span> <span class='ocrx_word' id='word_1_28' title='bbox 3308 454 3590 516; x_wconf 83' lang='lat' dir='ltr'><strong>audiemus</strong></span> 
     </span>
    </p>
   </div>
   <div class='ocr_carea' id='block_1_5' title="bbox 330 507 1915 578">
    <p class='ocr_par' dir='ltr' id='par_1_5' title="bbox 330 507 1915 578">
     <span class='ocr_line' id='line_1_5' title="bbox 330 507 1915 578; baseline 0.009 -14"><span class='ocrx_word' id='word_1_29' title='bbox 330 524 467 564; x_wconf 84' lang='lat' dir='ltr'><strong>vere</strong></span> <span class='ocrx_word' id='word_1_30' title='bbox 488 507 679 565; x_wconf 72' lang='lat' dir='ltr'><strong>Judaei.</strong></span> <span class='ocrx_word' id='word_1_31' title='bbox 720 511 871 578; x_wconf 84' lang='lat' dir='ltr'><strong>Quod</strong></span> <span class='ocrx_word' id='word_1_32' title='bbox 894 521 1073 567; x_wconf 87' lang='lat' dir='ltr'><strong>autem</strong></span> <span class='ocrx_word' id='word_1_33' title='bbox 1093 514 1224 570; x_wconf 81' lang='lat' dir='ltr'><strong>dicit</strong></span> <span class='ocrx_word' id='word_1_34' title='bbox 1253 532 1323 576; x_wconf 70' lang='lat' dir='ltr'><strong>:.t</strong></span> <span class='ocrx_word' id='word_1_35' title='bbox 1350 516 1473 573; x_wconf 86' lang='lat' dir='ltr'><strong>Misi</strong></span> <span class='ocrx_word' id='word_1_36' title='bbox 1513 519 1581 573; x_wconf 93' lang='lat' dir='ltr'><strong>ad</strong></span> <span class='ocrx_word' id='word_1_37' title='bbox 1606 535 1703 576; x_wconf 92' lang='lat' dir='ltr'><strong>vos</strong></span> <span class='ocrx_word' id='word_1_38' title='bbox 1725 535 1915 578; x_wconf 90' lang='lat' dir='ltr'><strong>omnes</strong></span> 
     </span>
    </p>
   </div>
   <div class='ocr_carea' id='block_1_6' title="bbox 335 605 1951 681">
    <p class='ocr_par' dir='ltr' id='par_1_6' title="bbox 335 605 1951 681">
     <span class='ocr_line' id='line_1_6' title="bbox 335 605 1951 681; baseline 0.008 -25"><span class='ocrx_word' id='word_1_39' title='bbox 335 615 527 658; x_wconf 85' lang='lat' dir='ltr'><strong>servos</strong></span> <span class='ocrx_word' id='word_1_40' title='bbox 552 617 723 668; x_wconf 88' lang='lat' dir='ltr'><strong>meos,</strong></span> <span class='ocrx_word' id='word_1_41' title='bbox 776 605 1064 674; x_wconf 74' lang='lat' dir='ltr'><strong>prophetas</strong></span> <span class='ocrx_word' id='word_1_42' title='bbox 1112 605 1178 660; x_wconf 92' lang='lat' dir='ltr'><strong>de</strong></span> <span class='ocrx_word' id='word_1_43' title='bbox 1211 615 1368 662; x_wconf 90' lang='lat' dir='ltr'><strong>nocte</strong></span> <span class='ocrx_word' id='word_1_44' title='bbox 1396 624 1749 681; x_wconf 84' lang='lat' dir='ltr'><strong>consurgens,</strong></span> <span class='ocrx_word' id='word_1_45' title='bbox 1787 612 1914 667; x_wconf 91' lang='lat' dir='ltr'><strong>mit-</strong></span> <span class='ocrx_word' id='word_1_46' title='bbox 1938 664 1951 672; x_wconf 83' lang='grc'><em>,</em></span> 
     </span>
    </p>
   </div>
   <div class='ocr_carea' id='block_1_7' title="bbox 335 695 1913 766">
    <p class='ocr_par' dir='ltr' id='par_1_7' title="bbox 335 695 1913 766">
     <span class='ocr_line' id='line_1_7' title="bbox 335 695 1913 766; baseline 0.006 -17"><span class='ocrx_word' id='word_1_47' title='bbox 335 703 562 766; x_wconf 88' lang='lat' dir='ltr'><strong>tensque</strong></span> <span class='ocrx_word' id='word_1_48' title='bbox 588 708 645 752; x_wconf 88' lang='lat' dir='ltr'><strong>et</strong></span> <span class='ocrx_word' id='word_1_49' title='bbox 671 695 855 752; x_wconf 90' lang='lat' dir='ltr'><strong>dicens</strong></span> <span class='ocrx_word' id='word_1_50' title='bbox 904 714 917 750; x_wconf 92' lang='lat'><strong>:</strong></span> <span class='ocrx_word' id='word_1_51' title='bbox 971 696 1143 754; x_wconf 80' lang='lat' dir='ltr'><strong>Nolite</strong></span> <span class='ocrx_word' id='word_1_52' title='bbox 1172 698 1349 755; x_wconf 90' lang='lat' dir='ltr'><strong>facere</strong></span> <span class='ocrx_word' id='word_1_53' title='bbox 1374 701 1599 757; x_wconf 80' lang='lat' dir='ltr'><strong>verbum</strong></span> <span class='ocrx_word' id='word_1_54' title='bbox 1630 703 1913 758; x_wconf 88' lang='lat' dir='ltr'><strong>abomina-</strong></span> 
     </span>
    </p>
   </div>
   <div class='ocr_carea' id='block_1_8' title="bbox 333 778 1914 852">
    <p class='ocr_par' dir='ltr' id='par_1_8' title="bbox 333 778 1914 852">
     <span class='ocr_line' id='line_1_8' title="bbox 333 778 1914 852; baseline 0.007 -17"><span class='ocrx_word' id='word_1_55' title='bbox 333 782 497 837; x_wconf 91' lang='lat' dir='ltr'><strong>tionis</strong></span> <span class='ocrx_word' id='word_1_56' title='bbox 519 782 911 852; x_wconf 88' lang='lat' dir='ltr'><strong>hujuscemodi,</strong></span> <span class='ocrx_word' id='word_1_57' title='bbox 944 802 963 836; x_wconf 78' lang='grc' dir='ltr'><strong>ι</strong></span> <span class='ocrx_word' id='word_1_58' title='bbox 984 778 1218 841; x_wconf 90' lang='lat' dir='ltr'><strong>ostendit</strong></span> <span class='ocrx_word' id='word_1_59' title='bbox 1236 786 1552 845; x_wconf 87' lang='lat' dir='ltr'><strong>immensam</strong></span> <span class='ocrx_word' id='word_1_60' title='bbox 1571 789 1914 846; x_wconf 87' lang='lat' dir='ltr'><strong>clementiam</strong></span> 
     </span>
    </p>
   </div>
   <div class='ocr_carea' id='block_1_9' title="bbox 330 872 1914 953">
    <p class='ocr_par' dir='ltr' id='par_1_9' title="bbox 330 872 1914 953">
     <span class='ocr_line' id='line_1_9' title="bbox 330 872 1914 953; baseline 0.008 -26"><span class='ocrx_word' id='word_1_61' title='bbox 330 872 570 943; x_wconf 82' lang='lat' dir='ltr'><strong>Domini,</strong></span> <span class='ocrx_word' id='word_1_62' title='bbox 593 878 649 930; x_wconf 91' lang='lat' dir='ltr'><strong>et</strong></span> <span class='ocrx_word' id='word_1_63' title='bbox 676 874 1007 947; x_wconf 80' lang='lat' dir='ltr'><strong>vigilantiam</strong></span> <span class='ocrx_word' id='word_1_64' title='bbox 1033 890 1098 932; x_wconf 94' lang='lat' dir='ltr'><strong>ac</strong></span> <span class='ocrx_word' id='word_1_65' title='bbox 1126 878 1496 934; x_wconf 89' lang='lat' dir='ltr'><strong>strenuitatem</strong></span> <span class='ocrx_word' id='word_1_66' title='bbox 1525 881 1914 953; x_wconf 89' lang='lat' dir='ltr'><strong>prophetarum</strong></span> 
     </span>
    </p>
   </div>
   <div class='ocr_carea' id='block_1_10' title="bbox 323 956 1912 1038">
    <p class='ocr_par' dir='ltr' id='par_1_10' title="bbox 323 956 1912 1038">
     <span class='ocr_line' id='line_1_10' title="bbox 323 956 1912 1038; baseline 0.004 -19"><span class='ocrx_word' id='word_1_67' title='bbox 323 962 471 1032; x_wconf 84' lang='lat' dir='ltr'><strong>ejus,</strong></span> <span class='ocrx_word' id='word_1_68' title='bbox 490 956 591 1035; x_wconf 84' lang='lat' dir='ltr'><strong>qui</strong></span> <span class='ocrx_word' id='word_1_69' title='bbox 619 981 727 1021; x_wconf 91' lang='lat' dir='ltr'><strong>non</strong></span> <span class='ocrx_word' id='word_1_70' title='bbox 768 965 982 1037; x_wconf 87' lang='lat' dir='ltr'><strong>ignave,</strong></span> <span class='ocrx_word' id='word_1_71' title='bbox 1007 967 1100 1021; x_wconf 91' lang='lat' dir='ltr'><strong>sed</strong></span> <span class='ocrx_word' id='word_1_72' title='bbox 1141 968 1380 1025; x_wconf 84' lang='lat' dir='ltr'><strong>studiose</strong></span> <span class='ocrx_word' id='word_1_73' title='bbox 1403 970 1628 1026; x_wconf 85' lang='lat' dir='ltr'><strong>verbum</strong></span> <span class='ocrx_word' id='word_1_74' title='bbox 1677 970 1795 1038; x_wconf 90' lang='lat' dir='ltr'><strong>Dei,</strong></span> <span class='ocrx_word' id='word_1_75' title='bbox 1843 972 1912 1027; x_wconf 91' lang='lat' dir='ltr'><strong>ad</strong></span> 
     </span>
    </p>
   </div>
   <div class='ocr_carea' id='block_1_11' title="bbox 329 1053 1911 1129">
    <p class='ocr_par' dir='ltr' id='par_1_11' title="bbox 329 1053 1911 1129">
     <span class='ocr_line' id='line_1_11' title="bbox 329 1053 1911 1129; baseline 0.004 -20"><span class='ocrx_word' id='word_1_76' title='bbox 329 1067 468 1124; x_wconf 88' lang='lat' dir='ltr'><strong>quos</strong></span> <span class='ocrx_word' id='word_1_77' title='bbox 493 1053 643 1109; x_wconf 87' lang='lat' dir='ltr'><strong>missi</strong></span> <span class='ocrx_word' id='word_1_78' title='bbox 677 1062 823 1121; x_wconf 91' lang='lat' dir='ltr'><strong>sunt,</strong></span> <span class='ocrx_word' id='word_1_79' title='bbox 846 1054 1214 1124; x_wconf 67' lang='lat' dir='ltr'><strong>praedicabant</strong></span> <span class='ocrx_word' id='word_1_80' title='bbox 1259 1075 1273 1111; x_wconf 89' lang='lat'><strong>:</strong></span> <span class='ocrx_word' id='word_1_81' title='bbox 1307 1056 1553 1129; x_wconf 81' lang='lat' dir='ltr'><strong>Arguens</strong></span> <span class='ocrx_word' id='word_1_82' title='bbox 1582 1060 1787 1129; x_wconf 90' lang='lat' dir='ltr'><strong>tepidos</strong></span> <span class='ocrx_word' id='word_1_83' title='bbox 1811 1061 1911 1115; x_wconf 91' lang='lat' dir='ltr'><strong>do-</strong></span> 
     </span>
    </p>
   </div>
   <div class='ocr_carea' id='block_1_12' title="bbox 326 1143 1910 1214">
    <p class='ocr_par' dir='ltr' id='par_1_12' title="bbox 326 1143 1910 1214">
     <span class='ocr_line' id='line_1_12' title="bbox 326 1143 1910 1214; baseline 0.006 -17"><span class='ocrx_word' id='word_1_84' title='bbox 326 1151 529 1207; x_wconf 91' lang='lat' dir='ltr'><strong>ctores,</strong></span> <span class='ocrx_word' id='word_1_85' title='bbox 565 1143 657 1214; x_wconf 90' lang='lat' dir='ltr'><strong>qui</strong></span> <span class='ocrx_word' id='word_1_86' title='bbox 688 1159 830 1199; x_wconf 92' lang='lat' dir='ltr'><strong>nunc</strong></span> <span class='ocrx_word' id='word_1_87' title='bbox 854 1145 909 1198; x_wconf 92' lang='lat' dir='ltr'><strong>in</strong></span> <span class='ocrx_word' id='word_1_88' title='bbox 945 1143 1185 1200; x_wconf 86' lang='lat' dir='ltr'><strong>Ecclesia</strong></span> <span class='ocrx_word' id='word_1_89' title='bbox 1227 1146 1539 1214; x_wconf 87' lang='lat' dir='ltr'><strong>dormitant,</strong></span> <span class='ocrx_word' id='word_1_90' title='bbox 1587 1149 1697 1203; x_wconf 90' lang='lat' dir='ltr'><strong>otio</strong></span> <span class='ocrx_word' id='word_1_91' title='bbox 1735 1158 1791 1206; x_wconf 95' lang='lat' dir='ltr'><strong>et</strong></span> <span class='ocrx_word' id='word_1_92' title='bbox 1819 1166 1910 1206; x_wconf 90' lang='lat' dir='ltr'><strong>vo-</strong></span> 
     </span>
    </p>
   </div>
   <div class='ocr_carea' id='block_1_13' title="bbox 325 1233 1907 1311">
    <p class='ocr_par' dir='ltr' id='par_1_13' title="bbox 325 1233 1907 1311">
     <span class='ocr_line' id='line_1_13' title="bbox 325 1233 1907 1311; baseline 0.007 -24"><span class='ocrx_word' id='word_1_93' title='bbox 325 1233 622 1304; x_wconf 90' lang='lat' dir='ltr'><strong>luptatibus</strong></span> <span class='ocrx_word' id='word_1_94' title='bbox 646 1235 953 1290; x_wconf 91' lang='lat' dir='ltr'><strong>deserviunt</strong></span> <span class='ocrx_word' id='word_1_95' title='bbox 979 1236 1184 1304; x_wconf 67' lang='lat' dir='ltr'><strong>saeculi,</strong></span> <span class='ocrx_word' id='word_1_96' title='bbox 1229 1252 1328 1294; x_wconf 92' lang='lat' dir='ltr'><strong>nec</strong></span> <span class='ocrx_word' id='word_1_97' title='bbox 1357 1248 1549 1295; x_wconf 90' lang='lat' dir='ltr'><strong>curant</strong></span> <span class='ocrx_word' id='word_1_98' title='bbox 1572 1241 1767 1311; x_wconf 91' lang='lat' dir='ltr'><strong>populo</strong></span> <span class='ocrx_word' id='word_1_99' title='bbox 1812 1243 1907 1298; x_wconf 91' lang='lat' dir='ltr'><strong>Dei</strong></span> 
     </span>
    </p>
   </div>
   <div class='ocr_carea' id='block_1_14' title="bbox 320 1323 1902 1402">
    <p class='ocr_par' dir='ltr' id='par_1_14' title="bbox 320 1323 1902 1402">
     <span class='ocr_line' id='line_1_14' title="bbox 320 1323 1902 1402; baseline 0.008 -26"><span class='ocrx_word' id='word_1_100' title='bbox 320 1323 658 1380; x_wconf 77' lang='lat' dir='ltr'><strong>voluntatem</strong></span> <span class='ocrx_word' id='word_1_101' title='bbox 677 1324 796 1396; x_wconf 85' lang='lat' dir='ltr'><strong>ejus</strong></span> <span class='ocrx_word' id='word_1_102' title='bbox 826 1326 1150 1382; x_wconf 88' lang='lat' dir='ltr'><strong>annuntiare</strong></span> <span class='ocrx_word' id='word_1_103' title='bbox 1171 1336 1227 1383; x_wconf 91' lang='lat' dir='ltr'><strong>et</strong></span> <span class='ocrx_word' id='word_1_104' title='bbox 1265 1339 1579 1386; x_wconf 87' lang='lat' dir='ltr'><strong>convertere</strong></span> <span class='ocrx_word' id='word_1_105' title='bbox 1609 1346 1640 1386; x_wconf 89' lang='lat' dir='ltr'><strong>a</strong></span> <span class='ocrx_word' id='word_1_106' title='bbox 1664 1334 1902 1402; x_wconf 85' lang='lat' dir='ltr'><strong>peceatis</strong></span> 
     </span>
    </p>
   </div>
   <div class='ocr_carea' id='block_1_15' title="bbox 320 1415 1908 1491">
    <p class='ocr_par' dir='ltr' id='par_1_15' title="bbox 320 1415 1908 1491">
     <span class='ocr_line' id='line_1_15' title="bbox 320 1415 1908 1491; baseline 0.005 -21"><span class='ocrx_word' id='word_1_107' title='bbox 320 1415 394 1471; x_wconf 85' lang='lat' dir='ltr'><strong>ad</strong></span> <span class='ocrx_word' id='word_1_108' title='bbox 418 1416 735 1472; x_wconf 74' lang='lat' dir='ltr'><strong>exercitium</strong></span> <span class='ocrx_word' id='word_1_109' title='bbox 761 1416 887 1472; x_wconf 89' lang='lat' dir='ltr'><strong>boni</strong></span> <span class='ocrx_word' id='word_1_110' title='bbox 915 1418 1114 1488; x_wconf 87' lang='lat' dir='ltr'><strong>operis.</strong></span> <span class='ocrx_word' id='word_1_111' title='bbox 1148 1418 1255 1475; x_wconf 89' lang='lat' dir='ltr'><strong>Sed</strong></span> <span class='ocrx_word' id='word_1_112' title='bbox 1281 1435 1455 1491; x_wconf 85' lang='lat' dir='ltr'><strong>neque</strong></span> <span class='ocrx_word' id='word_1_113' title='bbox 1502 1422 1769 1479; x_wconf 90' lang='lat' dir='ltr'><strong>silendum</strong></span> <span class='ocrx_word' id='word_1_114' title='bbox 1822 1438 1908 1478; x_wconf 93' lang='lat' dir='ltr'><strong>ar-</strong></span> 
     </span>
    </p>
   </div>
   <div class='ocr_carea' id='block_1_16' title="bbox 318 1506 1904 1583">
    <p class='ocr_par' dir='ltr' id='par_1_16' title="bbox 318 1506 1904 1583">
     <span class='ocr_line' id='line_1_16' title="bbox 318 1506 1904 1583; baseline 0.004 -22"><span class='ocrx_word' id='word_1_115' title='bbox 318 1506 515 1573; x_wconf 85' lang='lat' dir='ltr'><strong>bitror,</strong></span> <span class='ocrx_word' id='word_1_116' title='bbox 551 1508 694 1578; x_wconf 88' lang='lat' dir='ltr'><strong>quod</strong></span> <span class='ocrx_word' id='word_1_117' title='bbox 733 1507 901 1564; x_wconf 90' lang='lat' dir='ltr'><strong>lsaias</strong></span> <span class='ocrx_word' id='word_1_118' title='bbox 928 1510 1148 1583; x_wconf 86' lang='lat' dir='ltr'><strong>eosdem</strong></span> <span class='ocrx_word' id='word_1_119' title='bbox 1193 1510 1404 1568; x_wconf 63' lang='lat' dir='ltr'><strong>Iudaeos</strong></span> <span class='ocrx_word' id='word_1_120' title='bbox 1442 1511 1687 1582; x_wconf 90' lang='lat' dir='ltr'><strong>jumenta</strong></span> <span class='ocrx_word' id='word_1_121' title='bbox 1732 1516 1904 1570; x_wconf 82' lang='lat' dir='ltr'><strong>austri</strong></span> 
     </span>
    </p>
   </div>
   <div class='ocr_carea' id='block_1_17' title="bbox 316 1599 1903 1683">
    <p class='ocr_par' dir='ltr' id='par_1_17' title="bbox 316 1599 1903 1683">
     <span class='ocr_line' id='line_1_17' title="bbox 316 1599 1903 1683; baseline 0.006 -31"><span class='ocrx_word' id='word_1_122' title='bbox 316 1599 693 1669; x_wconf 80' lang='lat' dir='ltr'><strong>appellaverit,</strong></span> <span class='ocrx_word' id='word_1_123' title='bbox 738 1608 959 1679; x_wconf 88' lang='lat' dir='ltr'><strong>propter</strong></span> <span class='ocrx_word' id='word_1_124' title='bbox 1005 1602 1286 1658; x_wconf 86' lang='lat' dir='ltr'><strong>stultitiam</strong></span> <span class='ocrx_word' id='word_1_125' title='bbox 1312 1619 1527 1669; x_wconf 89' lang='lat' dir='ltr'><strong>sensus,</strong></span> <span class='ocrx_word' id='word_1_126' title='bbox 1554 1620 1658 1676; x_wconf 86' lang='lat' dir='ltr'><strong>qua</strong></span> <span class='ocrx_word' id='word_1_127' title='bbox 1689 1605 1903 1683; x_wconf 84' lang='lat' dir='ltr'><strong>deserto</strong></span> 
     </span>
    </p>
   </div>
   <div class='ocr_carea' id='block_1_18' title="bbox 320 1674 1897 1765">
    <p class='ocr_par' dir='ltr' id='par_1_18' title="bbox 320 1674 1897 1765">
     <span class='ocr_line' id='line_1_18' title="bbox 320 1674 1897 1765; baseline 0.006 -24"><span class='ocrx_word' id='word_1_128' title='bbox 320 1686 422 1743; x_wconf 85' lang='lat' dir='ltr'><strong>Dei</strong></span> <span class='ocrx_word' id='word_1_129' title='bbox 496 1674 770 1756; x_wconf 84' lang='lat' dir='ltr'><strong>consilio,</strong></span> <span class='ocrx_word' id='word_1_130' title='bbox 840 1678 909 1745; x_wconf 92' lang='lat' dir='ltr'><strong>ad</strong></span> <span class='ocrx_word' id='word_1_131' title='bbox 959 1689 1177 1762; x_wconf 56' lang='grc' dir='ltr'><strong>ὥρῃ)ιί</strong></span> <span class='ocrx_word' id='word_1_132' title='bbox 1254 1692 1542 1750; x_wconf 88' lang='lat' dir='ltr'><strong>simulacra</strong></span> <span class='ocrx_word' id='word_1_133' title='bbox 1583 1674 1897 1765; x_wconf 83' lang='lat' dir='ltr'><strong>fugerunt,</strong></span> 
     </span>
    </p>
   </div>
   <div class='ocr_carea' id='block_1_19' title="bbox 2021 530 3589 615">
    <p class='ocr_par' dir='ltr' id='par_1_19' title="bbox 2021 530 3589 615">
     <span class='ocr_line' id='line_1_19' title="bbox 2021 530 3589 615; baseline 0.016 -35"><span class='ocrx_word' id='word_1_134' title='bbox 2021 544 2041 579; x_wconf 80' lang='grc' dir='ltr'><strong>ι</strong></span> <span class='ocrx_word' id='word_1_135' title='bbox 2085 543 2153 583; x_wconf 76' lang='lat' dir='ltr'><strong>ex</strong></span> <span class='ocrx_word' id='word_1_136' title='bbox 2178 537 2248 595; x_wconf 90' lang='lat' dir='ltr'><strong>te,</strong></span> <span class='ocrx_word' id='word_1_137' title='bbox 2276 531 2369 586; x_wconf 87' lang='lat' dir='ltr'><strong>sed</strong></span> <span class='ocrx_word' id='word_1_138' title='bbox 2398 530 2655 588; x_wconf 82' lang='lat' dir='ltr'><strong>facientes</strong></span> <span class='ocrx_word' id='word_1_139' title='bbox 2692 533 2953 595; x_wconf 76' lang='lat' dir='ltr'><strong>faciemus</strong></span> <span class='ocrx_word' id='word_1_140' title='bbox 2974 552 3134 595; x_wconf 93' lang='lat' dir='ltr'><strong>omne</strong></span> <span class='ocrx_word' id='word_1_141' title='bbox 3166 543 3414 611; x_wconf 84' lang='lat' dir='ltr'><strong>verbum,</strong></span> <span class='ocrx_word' id='word_1_142' title='bbox 3445 548 3589 615; x_wconf 90' lang='lat' dir='ltr'><strong>quod</strong></span> 
     </span>
    </p>
   </div>
   <div class='ocr_carea' id='block_1_20' title="bbox 2019 619 3588 705">
    <p class='ocr_par' dir='ltr' id='par_1_20' title="bbox 2019 619 3588 705">
     <span class='ocr_line' id='line_1_20' title="bbox 2019 619 3588 705; baseline 0.013 -35"><span class='ocrx_word' id='word_1_143' title='bbox 2019 634 2039 668; x_wconf 72' lang='grc' dir='ltr'><strong>ι</strong></span> <span class='ocrx_word' id='word_1_144' title='bbox 2083 619 2354 688; x_wconf 77' lang='lat' dir='ltr'><strong>egreditur</strong></span> <span class='ocrx_word' id='word_1_145' title='bbox 2391 620 2457 676; x_wconf 89' lang='lat' dir='ltr'><strong>de</strong></span> <span class='ocrx_word' id='word_1_146' title='bbox 2497 637 2592 677; x_wconf 91' lang='lat' dir='ltr'><strong>ore</strong></span> <span class='ocrx_word' id='word_1_147' title='bbox 2626 632 2832 691; x_wconf 89' lang='lat' dir='ltr'><strong>nostro,</strong></span> <span class='ocrx_word' id='word_1_148' title='bbox 2880 633 2941 679; x_wconf 92' lang='lat' dir='ltr'><strong>ut</strong></span> <span class='ocrx_word' id='word_1_149' title='bbox 2979 629 3345 687; x_wconf 90' lang='lat' dir='ltr'><strong>sacriﬁcemus</strong></span> <span class='ocrx_word' id='word_1_150' title='bbox 3390 636 3588 705; x_wconf 79' lang='lat' dir='ltr'><strong>regina:</strong></span> 
     </span>
    </p>
   </div>
   <div class='ocr_carea' id='block_1_21' title="bbox 2019 708 3587 782">
    <p class='ocr_par' dir='ltr' id='par_1_21' title="bbox 2019 708 3587 782">
     <span class='ocr_line' id='line_1_21' title="bbox 2019 708 3587 782; baseline 0.015 -25"><span class='ocrx_word' id='word_1_151' title='bbox 2019 724 2038 757; x_wconf 75' lang='grc' dir='ltr'><strong>ι</strong></span> <span class='ocrx_word' id='word_1_152' title='bbox 2082 708 2226 774; x_wconf 73' lang='lat' dir='ltr'><strong>coeli,</strong></span> <span class='ocrx_word' id='word_1_153' title='bbox 2253 719 2307 764; x_wconf 89' lang='lat' dir='ltr'><strong>et</strong></span> <span class='ocrx_word' id='word_1_154' title='bbox 2330 709 2558 767; x_wconf 90' lang='lat' dir='ltr'><strong>libemus</strong></span> <span class='ocrx_word' id='word_1_155' title='bbox 2583 712 2632 767; x_wconf 91' lang='lat' dir='ltr'><strong>ei</strong></span> <span class='ocrx_word' id='word_1_156' title='bbox 2662 713 2942 782; x_wconf 89' lang='lat' dir='ltr'><strong>libamina,</strong></span> <span class='ocrx_word' id='word_1_157' title='bbox 2973 710 3113 772; x_wconf 80' lang='lat' dir='ltr'><strong>sicut</strong></span> <span class='ocrx_word' id='word_1_158' title='bbox 3135 717 3362 777; x_wconf 88' lang='lat' dir='ltr'><strong>fecimus</strong></span> <span class='ocrx_word' id='word_1_159' title='bbox 3392 738 3489 778; x_wconf 91' lang='lat' dir='ltr'><strong>nos</strong></span> <span class='ocrx_word' id='word_1_160' title='bbox 3512 728 3587 780; x_wconf 84' lang='lat' dir='ltr'><strong>&#39;et</strong></span> 
     </span>
    </p>
   </div>
   <div class='ocr_carea' id='block_1_22' title="bbox 2018 800 3585 879">
    <p class='ocr_par' dir='ltr' id='par_1_22' title="bbox 2018 800 3585 879">
     <span class='ocr_line' id='line_1_22' title="bbox 2018 800 3585 879; baseline 0.015 -32"><span class='ocrx_word' id='word_1_161' title='bbox 2018 815 2037 847; x_wconf 84' lang='grc'><em>‹</em></span> <span class='ocrx_word' id='word_1_162' title='bbox 2080 806 2263 867; x_wconf 86' lang='lat' dir='ltr'><strong>patres</strong></span> <span class='ocrx_word' id='word_1_163' title='bbox 2300 800 2492 866; x_wconf 85' lang='lat' dir='ltr'><strong>nostri,</strong></span> <span class='ocrx_word' id='word_1_164' title='bbox 2516 817 2672 872; x_wconf 88' lang='lat' dir='ltr'><strong>reges</strong></span> <span class='ocrx_word' id='word_1_165' title='bbox 2697 806 2887 870; x_wconf 83' lang='lat' dir='ltr'><strong>nostri,</strong></span> <span class='ocrx_word' id='word_1_166' title='bbox 2914 814 2969 860; x_wconf 89' lang='lat' dir='ltr'><strong>et</strong></span> <span class='ocrx_word' id='word_1_167' title='bbox 2995 808 3269 878; x_wconf 88' lang='lat' dir='ltr'><strong>principes</strong></span> <span class='ocrx_word' id='word_1_168' title='bbox 3296 814 3487 879; x_wconf 89' lang='lat' dir='ltr'><strong>nostri,</strong></span> <span class='ocrx_word' id='word_1_169' title='bbox 3530 816 3585 870; x_wconf 91' lang='lat' dir='ltr'><strong>in</strong></span> 
     </span>
    </p>
   </div>
   <div class='ocr_carea' id='block_1_23' title="bbox 2017 885 3584 963">
    <p class='ocr_par' dir='ltr' id='par_1_23' title="bbox 2017 885 3584 963">
     <span class='ocr_line' id='line_1_23' title="bbox 2017 885 3584 963; baseline 0.012 -26"><span class='ocrx_word' id='word_1_170' title='bbox 2017 904 2036 937; x_wconf 72' lang='grc' dir='ltr'><strong>ι</strong></span> <span class='ocrx_word' id='word_1_171' title='bbox 2077 887 2300 942; x_wconf 90' lang='lat' dir='ltr'><strong>urbibus</strong></span> <span class='ocrx_word' id='word_1_172' title='bbox 2323 885 2480 953; x_wconf 88' lang='lat' dir='ltr'><strong>Juda,</strong></span> <span class='ocrx_word' id='word_1_173' title='bbox 2517 897 2571 943; x_wconf 90' lang='lat' dir='ltr'><strong>et</strong></span> <span class='ocrx_word' id='word_1_174' title='bbox 2616 889 2668 943; x_wconf 90' lang='lat' dir='ltr'><strong>in</strong></span> <span class='ocrx_word' id='word_1_175' title='bbox 2690 890 2882 959; x_wconf 90' lang='lat' dir='ltr'><strong>plateis</strong></span> <span class='ocrx_word' id='word_1_176' title='bbox 2918 892 3323 963; x_wconf 89' lang='lat' dir='ltr'><strong>Jerusalem,.et</strong></span> <span class='ocrx_word' id='word_1_177' title='bbox 3358 903 3584 956; x_wconf 85' lang='lat' dir='ltr'><strong>satarati</strong></span> 
     </span>
    </p>
   </div>
   <div class='ocr_carea' id='block_1_24' title="bbox 2015 976 3584 1056">
    <p class='ocr_par' dir='ltr' id='par_1_24' title="bbox 2015 976 3584 1056">
     <span class='ocr_line' id='line_1_24' title="bbox 2015 976 3584 1056; baseline 0.011 -31"><span class='ocrx_word' id='word_1_178' title='bbox 2015 992 2035 1025; x_wconf 77' lang='grc' dir='ltr'><strong>ι</strong></span> <span class='ocrx_word' id='word_1_179' title='bbox 2080 989 2264 1030; x_wconf 86' lang='lat' dir='ltr'><strong>sumus</strong></span> <span class='ocrx_word' id='word_1_180' title='bbox 2286 976 2534 1045; x_wconf 90' lang='lat' dir='ltr'><strong>panibus,</strong></span> <span class='ocrx_word' id='word_1_181' title='bbox 2558 986 2613 1032; x_wconf 91' lang='lat' dir='ltr'><strong>et</strong></span> <span class='ocrx_word' id='word_1_182' title='bbox 2639 979 2777 1033; x_wconf 75' lang='lat' dir='ltr'><strong>liene</strong></span> <span class='ocrx_word' id='word_1_183' title='bbox 2804 982 2959 1036; x_wconf 91' lang='lat' dir='ltr'><strong>nobis</strong></span> <span class='ocrx_word' id='word_1_184' title='bbox 2980 991 3116 1051; x_wconf 78' lang='lat' dir='ltr'><strong>erat.</strong></span> <span class='ocrx_word' id='word_1_185' title='bbox 3146 985 3452 1056; x_wconf 89' lang='lat' dir='ltr'><strong>malumque</strong></span> <span class='ocrx_word' id='word_1_186' title='bbox 3477 1004 3584 1044; x_wconf 92' lang='lat' dir='ltr'><strong>non</strong></span> 
     </span>
    </p>
   </div>
   <div class='ocr_carea' id='block_1_25' title="bbox 2015 1063 3584 1139">
    <p class='ocr_par' dir='ltr' id='par_1_25' title="bbox 2015 1063 3584 1139">
     <span class='ocr_line' id='line_1_25' title="bbox 2015 1063 3584 1139; baseline 0.009 -23"><span class='ocrx_word' id='word_1_187' title='bbox 2015 1083 2033 1115; x_wconf 76' lang='grc' dir='ltr'><strong>ι</strong></span> <span class='ocrx_word' id='word_1_188' title='bbox 2077 1063 2329 1119; x_wconf 90' lang='lat' dir='ltr'><strong>vidimus.</strong></span> <span class='ocrx_word' id='word_1_189' title='bbox 2371 1064 2451 1118; x_wconf 81' lang='lat' dir='ltr'><strong>Ex</strong></span> <span class='ocrx_word' id='word_1_190' title='bbox 2496 1078 2561 1119; x_wconf 88' lang='lat' dir='ltr'><strong>eo</strong></span> <span class='ocrx_word' id='word_1_191' title='bbox 2600 1073 2781 1120; x_wconf 91' lang='lat' dir='ltr'><strong>autem</strong></span> <span class='ocrx_word' id='word_1_192' title='bbox 2820 1074 3060 1139; x_wconf 86' lang='lat' dir='ltr'><strong>tempore</strong></span> <span class='ocrx_word' id='word_1_193' title='bbox 3106 1085 3213 1139; x_wconf 88' lang='lat' dir='ltr'><strong>quo</strong></span> <span class='ocrx_word' id='word_1_194' title='bbox 3253 1075 3584 1131; x_wconf 90' lang='lat' dir='ltr'><strong>cessavimus</strong></span> 
     </span>
    </p>
   </div>
   <div class='ocr_carea' id='block_1_26' title="bbox 2014 1153 3579 1233">
    <p class='ocr_par' dir='ltr' id='par_1_26' title="bbox 2014 1153 3579 1233">
     <span class='ocr_line' id='line_1_26' title="bbox 2014 1153 3579 1233; baseline 0.012 -30"><span class='ocrx_word' id='word_1_195' title='bbox 2014 1172 2032 1203; x_wconf 71' lang='grc' dir='ltr'><strong>ι</strong></span> <span class='ocrx_word' id='word_1_196' title='bbox 2075 1153 2380 1209; x_wconf 85' lang='lat' dir='ltr'><strong>sacriﬁcare</strong></span> <span class='ocrx_word' id='word_1_197' title='bbox 2420 1154 2619 1225; x_wconf 70' lang='lat' dir='ltr'><strong>reginze</strong></span> <span class='ocrx_word' id='word_1_198' title='bbox 2673 1156 2795 1210; x_wconf 86' lang='lat' dir='ltr'><strong>coeli</strong></span> <span class='ocrx_word' id='word_1_199' title='bbox 2853 1167 2907 1212; x_wconf 94' lang='lat' dir='ltr'><strong>et</strong></span> <span class='ocrx_word' id='word_1_200' title='bbox 2962 1159 3130 1215; x_wconf 89' lang='lat' dir='ltr'><strong>libare</strong></span> <span class='ocrx_word' id='word_1_201' title='bbox 3186 1162 3236 1217; x_wconf 90' lang='lat' dir='ltr'><strong>ei</strong></span> <span class='ocrx_word' id='word_1_202' title='bbox 3301 1164 3579 1233; x_wconf 87' lang='lat' dir='ltr'><strong>libamina,</strong></span> 
     </span>
    </p>
   </div>
   <div class='ocr_carea' id='block_1_27' title="bbox 2013 1242 3578 1327">
    <p class='ocr_par' dir='ltr' id='par_1_27' title="bbox 2013 1242 3578 1327">
     <span class='ocr_line' id='line_1_27' title="bbox 2013 1242 3578 1327; baseline 0.012 -34"><span class='ocrx_word' id='word_1_203' title='bbox 2013 1260 2033 1293; x_wconf 75' lang='grc' dir='ltr'><strong>ι</strong></span> <span class='ocrx_word' id='word_1_204' title='bbox 2075 1242 2377 1313; x_wconf 81' lang='lat' dir='ltr'><strong>indigemus</strong></span> <span class='ocrx_word' id='word_1_205' title='bbox 2418 1244 2687 1311; x_wconf 90' lang='lat' dir='ltr'><strong>omnibus,</strong></span> <span class='ocrx_word' id='word_1_206' title='bbox 2712 1253 2766 1300; x_wconf 89' lang='lat' dir='ltr'><strong>et</strong></span> <span class='ocrx_word' id='word_1_207' title='bbox 2795 1245 2991 1317; x_wconf 88' lang='lat' dir='ltr'><strong>gladio,</strong></span> <span class='ocrx_word' id='word_1_208' title='bbox 3022 1259 3076 1303; x_wconf 91' lang='lat' dir='ltr'><strong>et</strong></span> <span class='ocrx_word' id='word_1_209' title='bbox 3102 1250 3246 1307; x_wconf 84' lang='lat' dir='ltr'><strong>fame</strong></span> <span class='ocrx_word' id='word_1_210' title='bbox 3275 1255 3578 1327; x_wconf 88' lang='lat' dir='ltr'><strong>consumpti</strong></span> 
     </span>
    </p>
   </div>
   <div class='ocr_carea' id='block_1_28' title="bbox 1998 1332 3583 1413">
    <p class='ocr_par' dir='ltr' id='par_1_28' title="bbox 1998 1332 3583 1413">
     <span class='ocr_line' id='line_1_28' title="bbox 1998 1332 3583 1413; baseline 0.013 -32"><span class='ocrx_word' id='word_1_211' title='bbox 1998 1348 2032 1381; x_wconf 65' lang='grc' dir='ltr'><strong>π(</strong></span> <span class='ocrx_word' id='word_1_212' title='bbox 2073 1347 2278 1387; x_wconf 92' lang='lat' dir='ltr'><strong>sumus.</strong></span> <span class='ocrx_word' id='word_1_213' title='bbox 2314 1332 2465 1400; x_wconf 84' lang='lat' dir='ltr'><strong>Quod</strong></span> <span class='ocrx_word' id='word_1_214' title='bbox 2498 1334 2542 1389; x_wconf 91' lang='lat' dir='ltr'><strong>si</strong></span> <span class='ocrx_word' id='word_1_215' title='bbox 2583 1350 2682 1389; x_wconf 92' lang='lat' dir='ltr'><strong>nos</strong></span> <span class='ocrx_word' id='word_1_216' title='bbox 2712 1336 3079 1395; x_wconf 78' lang='lat' dir='ltr'><strong>sacrificamus</strong></span> <span class='ocrx_word' id='word_1_217' title='bbox 3105 1341 3304 1413; x_wconf 76' lang='lat' dir='ltr'><strong>regina:</strong></span> <span class='ocrx_word' id='word_1_218' title='bbox 3352 1346 3495 1413; x_wconf 65' lang='lat' dir='ltr'><strong>caali,</strong></span> <span class='ocrx_word' id='word_1_219' title='bbox 3526 1354 3583 1402; x_wconf 91' lang='lat' dir='ltr'><strong>et</strong></span> 
     </span>
    </p>
   </div>
   <div class='ocr_carea' id='block_1_29' title="bbox 2011 1422 3584 1497">
    <p class='ocr_par' dir='ltr' id='par_1_29' title="bbox 2011 1422 3584 1497">
     <span class='ocr_line' id='line_1_29' title="bbox 2011 1422 3584 1497; baseline 0.011 -22"><span class='ocrx_word' id='word_1_220' title='bbox 2011 1440 2031 1474; x_wconf 74' lang='grc' dir='ltr'><strong>ι</strong></span> <span class='ocrx_word' id='word_1_221' title='bbox 2074 1422 2305 1478; x_wconf 81' lang='lat' dir='ltr'><strong>libamus</strong></span> <span class='ocrx_word' id='word_1_222' title='bbox 2344 1424 2393 1478; x_wconf 90' lang='lat' dir='ltr'><strong>ei</strong></span> <span class='ocrx_word' id='word_1_223' title='bbox 2440 1424 2735 1480; x_wconf 88' lang='lat' dir='ltr'><strong>libamina:</strong></span> <span class='ocrx_word' id='word_1_224' title='bbox 2771 1430 3012 1497; x_wconf 89' lang='lat' dir='ltr'><strong>nunquid</strong></span> <span class='ocrx_word' id='word_1_225' title='bbox 3046 1431 3162 1486; x_wconf 90' lang='lat' dir='ltr'><strong>sine</strong></span> <span class='ocrx_word' id='word_1_226' title='bbox 3204 1433 3336 1489; x_wconf 90' lang='lat' dir='ltr'><strong>viris</strong></span> <span class='ocrx_word' id='word_1_227' title='bbox 3380 1438 3584 1494; x_wconf 83' lang='lat' dir='ltr'><strong>nostris</strong></span> 
     </span>
    </p>
   </div>
   <div class='ocr_carea' id='block_1_30' title="bbox 2009 1511 3582 1591">
    <p class='ocr_par' dir='ltr' id='par_1_30' title="bbox 2009 1511 3582 1591">
     <span class='ocr_line' id='line_1_30' title="bbox 2009 1511 3582 1591; baseline 0.008 -26"><span class='ocrx_word' id='word_1_228' title='bbox 2009 1531 2029 1564; x_wconf 77' lang='grc' dir='ltr'><strong>ι</strong></span> <span class='ocrx_word' id='word_1_229' title='bbox 2062 1511 2302 1591; x_wconf 76' lang='lat' dir='ltr'><strong>facimus</strong></span> <span class='ocrx_word' id='word_1_230' title='bbox 2330 1512 2379 1567; x_wconf 90' lang='lat' dir='ltr'><strong>ei</strong></span> <span class='ocrx_word' id='word_1_231' title='bbox 2424 1514 2701 1584; x_wconf 84' lang='lat' dir='ltr'><strong>placentas</strong></span> <span class='ocrx_word' id='word_1_232' title='bbox 2728 1517 2797 1571; x_wconf 91' lang='lat' dir='ltr'><strong>ad</strong></span> <span class='ocrx_word' id='word_1_233' title='bbox 2835 1516 3117 1573; x_wconf 90' lang='lat' dir='ltr'><strong>colendum</strong></span> <span class='ocrx_word' id='word_1_234' title='bbox 3147 1533 3289 1585; x_wconf 93' lang='lat' dir='ltr'><strong>eam,</strong></span> <span class='ocrx_word' id='word_1_235' title='bbox 3343 1530 3397 1577; x_wconf 88' lang='lat' dir='ltr'><strong>et</strong></span> <span class='ocrx_word' id='word_1_236' title='bbox 3448 1522 3582 1579; x_wconf 92' lang='lat' dir='ltr'><strong>liba-</strong></span> 
     </span>
    </p>
   </div>
   <div class='ocr_carea' id='block_1_31' title="bbox 2008 1604 3579 1669">
    <p class='ocr_par' dir='ltr' id='par_1_31' title="bbox 2008 1604 3579 1669">
     <span class='ocr_line' id='line_1_31' title="bbox 2008 1604 3579 1669; baseline 0.008 -12"><span class='ocrx_word' id='word_1_237' title='bbox 2008 1623 2028 1657; x_wconf 73' lang='grc' dir='ltr'><strong>ι</strong></span> <span class='ocrx_word' id='word_1_238' title='bbox 2070 1605 2218 1659; x_wconf 88' lang='lat' dir='ltr'><strong>mina</strong></span> <span class='ocrx_word' id='word_1_239' title='bbox 2246 1604 2313 1659; x_wconf 89' lang='lat' dir='ltr'><strong>ad</strong></span> <span class='ocrx_word' id='word_1_240' title='bbox 2340 1604 2613 1660; x_wconf 91' lang='lat' dir='ltr'><strong>libandum</strong></span> <span class='ocrx_word' id='word_1_241' title='bbox 2639 1606 2664 1660; x_wconf 85' lang='lat'><strong>?</strong></span> <span class='ocrx_word' id='word_1_242' title='bbox 2692 1606 2759 1661; x_wconf 89' lang='lat' dir='ltr'><strong>Et</strong></span> <span class='ocrx_word' id='word_1_243' title='bbox 2802 1608 2932 1663; x_wconf 81' lang='lat' dir='ltr'><strong>dixit</strong></span> <span class='ocrx_word' id='word_1_244' title='bbox 2978 1608 3240 1667; x_wconf 87' lang='lat' dir='ltr'><strong>Jeremias</strong></span> <span class='ocrx_word' id='word_1_245' title='bbox 3268 1613 3334 1666; x_wconf 89' lang='lat' dir='ltr'><strong>ad</strong></span> <span class='ocrx_word' id='word_1_246' title='bbox 3366 1628 3579 1669; x_wconf 89' lang='lat' dir='ltr'><strong>omnem</strong></span> 
     </span>
    </p>
   </div>
   <div class='ocr_carea' id='block_1_32' title="bbox 2007 1695 3577 1771">
    <p class='ocr_par' dir='ltr' id='par_1_32' title="bbox 2007 1695 3577 1771">
     <span class='ocr_line' id='line_1_32' title="bbox 2007 1695 3577 1771; baseline 0.009 -25"><span class='ocrx_word' id='word_1_247' title='bbox 2007 1713 2027 1746; x_wconf 76' lang='grc' dir='ltr'><strong>ι</strong></span> <span class='ocrx_word' id='word_1_248' title='bbox 2070 1695 2348 1765; x_wconf 88' lang='lat' dir='ltr'><strong>populum,</strong></span> <span class='ocrx_word' id='word_1_249' title='bbox 2386 1696 2669 1752; x_wconf 90' lang='lat' dir='ltr'><strong>adversum</strong></span> <span class='ocrx_word' id='word_1_250' title='bbox 2696 1698 2863 1765; x_wconf 89' lang='lat' dir='ltr'><strong>viros,</strong></span> <span class='ocrx_word' id='word_1_251' title='bbox 2904 1708 2959 1754; x_wconf 90' lang='lat' dir='ltr'><strong>et</strong></span> <span class='ocrx_word' id='word_1_252' title='bbox 2987 1700 3272 1759; x_wconf 88' lang='lat' dir='ltr'><strong>adversum</strong></span> <span class='ocrx_word' id='word_1_253' title='bbox 3300 1704 3577 1771; x_wconf 89' lang='lat' dir='ltr'><strong>mulieres,</strong></span> 
     </span>
    </p>
   </div>
   <div class='ocr_carea' id='block_1_33' title="bbox 317 1777 3579 1869">
    <p class='ocr_par' dir='ltr' id='par_1_33' title="bbox 317 1777 3579 1869">
     <span class='ocr_line' id='line_1_33' title="bbox 317 1777 3579 1869; baseline 0.006 -38"><span class='ocrx_word' id='word_1_254' title='bbox 317 1791 579 1848; x_wconf 79' lang='lat' dir='ltr'><strong>spemque</strong></span> <span class='ocrx_word' id='word_1_255' title='bbox 599 1777 924 1834; x_wconf 90' lang='lat' dir='ltr'><strong>habentesin</strong></span> <span class='ocrx_word' id='word_1_256' title='bbox 942 1777 1358 1836; x_wconf 86' lang='lat' dir='ltr'><strong>Pharaone:cui</strong></span> <span class='ocrx_word' id='word_1_257' title='bbox 1381 1783 1695 1852; x_wconf 90' lang='lat' dir='ltr'><strong>quiinnisus</strong></span> <span class='ocrx_word' id='word_1_258' title='bbox 1717 1783 1897 1852; x_wconf 89' lang='lat' dir='ltr'><strong>fuerit,</strong></span> <span class='ocrx_word' id='word_1_259' title='bbox 1933 1786 1977 1846; x_wconf 88' lang='grc' dir='ltr'><strong>Β</strong></span> <span class='ocrx_word' id='word_1_260' title='bbox 2011 1802 2030 1836; x_wconf 86' lang='grc'><strong>‹</strong></span> <span class='ocrx_word' id='word_1_261' title='bbox 2075 1791 2130 1840; x_wconf 76' lang='lat' dir='ltr'><strong>et</strong></span> <span class='ocrx_word' id='word_1_262' title='bbox 2155 1787 2440 1869; x_wconf 87' lang='lat' dir='ltr'><strong>adversum</strong></span> <span class='ocrx_word' id='word_1_263' title='bbox 2482 1787 2787 1842; x_wconf 85' lang='lat' dir='ltr'><strong>universam</strong></span> <span class='ocrx_word' id='word_1_264' title='bbox 2810 1788 3041 1857; x_wconf 87' lang='lat' dir='ltr'><strong>plebem,</strong></span> <span class='ocrx_word' id='word_1_265' title='bbox 3068 1791 3160 1860; x_wconf 86' lang='lat' dir='ltr'><strong>qui</strong></span> <span class='ocrx_word' id='word_1_266' title='bbox 3188 1794 3579 1862; x_wconf 89' lang='lat' dir='ltr'><strong>responderant</strong></span> 
     </span>
    </p>
   </div>
   <div class='ocr_carea' id='block_1_34' title="bbox 317 1867 1898 1941">
    <p class='ocr_par' dir='ltr' id='par_1_34' title="bbox 317 1867 1898 1941">
     <span class='ocr_line' id='line_1_34' title="bbox 317 1867 1898 1941; baseline 0.007 -22"><span class='ocrx_word' id='word_1_267' title='bbox 317 1867 474 1934; x_wconf 90' lang='lat' dir='ltr'><strong>quasi</strong></span> <span class='ocrx_word' id='word_1_268' title='bbox 523 1867 569 1923; x_wconf 91' lang='lat' dir='ltr'><strong>si</strong></span> <span class='ocrx_word' id='word_1_269' title='bbox 616 1867 892 1923; x_wconf 89' lang='lat' dir='ltr'><strong>incumbat</strong></span> <span class='ocrx_word' id='word_1_270' title='bbox 936 1869 1206 1935; x_wconf 86' lang='lat' dir='ltr'><strong>arundini,</strong></span> <span class='ocrx_word' id='word_1_271' title='bbox 1274 1885 1395 1941; x_wconf 72' lang='lat' dir='ltr'><strong>quae</strong></span> <span class='ocrx_word' id='word_1_272' title='bbox 1459 1871 1632 1927; x_wconf 88' lang='lat' dir='ltr'><strong>fracta</strong></span> <span class='ocrx_word' id='word_1_273' title='bbox 1679 1889 1898 1930; x_wconf 90' lang='lat' dir='ltr'><strong>manum</strong></span> 
     </span>
    </p>
   </div>
   <div class='ocr_carea' id='block_1_35' title="bbox 315 1955 1898 2043">
    <p class='ocr_par' dir='ltr' id='par_1_35' title="bbox 315 1955 1898 2043">
     <span class='ocr_line' id='line_1_35' title="bbox 315 1955 1898 2043; baseline 0.008 -35"><span class='ocrx_word' id='word_1_274' title='bbox 315 1955 564 2012; x_wconf 90' lang='lat' dir='ltr'><strong>vulneret</strong></span> <span class='ocrx_word' id='word_1_275' title='bbox 585 1956 881 2013; x_wconf 90' lang='lat' dir='ltr'><strong>innitentis.</strong></span> <span class='ocrx_word' id='word_1_276' title='bbox 906 1956 1039 2012; x_wconf 89' lang='lat' dir='ltr'><strong>Nam</strong></span> <span class='ocrx_word' id='word_1_277' title='bbox 1063 1958 1136 2013; x_wconf 89' lang='lat' dir='ltr'><strong>ibi</strong></span> <span class='ocrx_word' id='word_1_278' title='bbox 1154 1958 1231 2013; x_wconf 91' lang='lat' dir='ltr'><strong>ita</strong></span> <span class='ocrx_word' id='word_1_279' title='bbox 1251 1961 1513 2032; x_wconf 88' lang='lat' dir='ltr'><strong>scriptum</strong></span> <span class='ocrx_word' id='word_1_280' title='bbox 1540 1970 1622 2017; x_wconf 91' lang='lat' dir='ltr'><strong>est</strong></span> <span class='ocrx_word' id='word_1_281' title='bbox 1652 1981 1665 2017; x_wconf 91' lang='lat'><strong>:</strong></span> <span class='ocrx_word' id='word_1_282' title='bbox 1703 1981 1721 2015; x_wconf 72' lang='grc' dir='ltr'><strong>ι</strong></span> <span class='ocrx_word' id='word_1_283' title='bbox 1743 1962 1898 2043; x_wconf 61' lang='grc' dir='ltr'>Ὀιιιιε</span> 
     </span>
    </p>
   </div>
   <div class='ocr_carea' id='block_1_36' title="bbox 308 2048 1896 2130">
    <p class='ocr_par' dir='ltr' id='par_1_36' title="bbox 308 2048 1896 2130">
     <span class='ocr_line' id='line_1_36' title="bbox 308 2048 1896 2130; baseline 0.008 -26"><span class='ocrx_word' id='word_1_284' title='bbox 308 2048 678 2118; x_wconf 80' lang='lat' dir='ltr'><strong>iumentorum</strong></span> <span class='ocrx_word' id='word_1_285' title='bbox 706 2052 896 2108; x_wconf 90' lang='lat' dir='ltr'><strong>austri.</strong></span> <span class='ocrx_word' id='word_1_286' title='bbox 925 2052 984 2107; x_wconf 91' lang='lat' dir='ltr'><strong>In</strong></span> <span class='ocrx_word' id='word_1_287' title='bbox 1006 2060 1150 2108; x_wconf 89' lang='lat' dir='ltr'><strong>terra</strong></span> <span class='ocrx_word' id='word_1_288' title='bbox 1174 2055 1539 2113; x_wconf 89' lang='lat' dir='ltr'><strong>tribulationis</strong></span> <span class='ocrx_word' id='word_1_289' title='bbox 1558 2066 1614 2113; x_wconf 90' lang='lat' dir='ltr'><strong>et</strong></span> <span class='ocrx_word' id='word_1_290' title='bbox 1635 2061 1896 2130; x_wconf 60' lang='lat' dir='ltr'><strong>angustiae</strong></span> 
     </span>
    </p>
   </div>
   <div class='ocr_carea' id='block_1_37' title="bbox 310 2139 1891 2220">
    <p class='ocr_par' dir='ltr' id='par_1_37' title="bbox 310 2139 1891 2220">
     <span class='ocr_line' id='line_1_37' title="bbox 310 2139 1891 2220; baseline 0.007 -27"><span class='ocrx_word' id='word_1_291' title='bbox 310 2139 480 2194; x_wconf 67' lang='lat' dir='ltr'><strong>leaena</strong></span> <span class='ocrx_word' id='word_1_292' title='bbox 507 2148 562 2196; x_wconf 90' lang='lat' dir='ltr'><strong>et</strong></span> <span class='ocrx_word' id='word_1_293' title='bbox 605 2141 707 2209; x_wconf 90' lang='lat' dir='ltr'><strong>leo,</strong></span> <span class='ocrx_word' id='word_1_294' title='bbox 745 2157 811 2198; x_wconf 82' lang='lat' dir='ltr'><strong>ex</strong></span> <span class='ocrx_word' id='word_1_295' title='bbox 844 2143 923 2199; x_wconf 93' lang='lat' dir='ltr'><strong>eis</strong></span> <span class='ocrx_word' id='word_1_296' title='bbox 948 2143 1133 2214; x_wconf 85' lang='lat' dir='ltr'><strong>vipera</strong></span> <span class='ocrx_word' id='word_1_297' title='bbox 1163 2153 1219 2199; x_wconf 93' lang='lat' dir='ltr'><strong>et</strong></span> <span class='ocrx_word' id='word_1_298' title='bbox 1264 2145 1482 2216; x_wconf 89' lang='lat' dir='ltr'><strong>regulus</strong></span> <span class='ocrx_word' id='word_1_299' title='bbox 1523 2148 1731 2213; x_wconf 88' lang='lat' dir='ltr'><strong>volans,</strong></span> <span class='ocrx_word' id='word_1_300' title='bbox 1778 2165 1891 2220; x_wconf 46' lang='lat' dir='ltr'><strong>por.</strong></span> 
     </span>
    </p>
   </div>
   <div class='ocr_carea' id='block_1_38' title="bbox 309 2233 1893 2306">
    <p class='ocr_par' dir='ltr' id='par_1_38' title="bbox 309 2233 1893 2306">
     <span class='ocr_line' id='line_1_38' title="bbox 309 2233 1893 2306; baseline 0.008 -22"><span class='ocrx_word' id='word_1_301' title='bbox 309 2238 490 2287; x_wconf 90' lang='lat' dir='ltr'><strong>tantes</strong></span> <span class='ocrx_word' id='word_1_302' title='bbox 515 2247 676 2303; x_wconf 86' lang='lat' dir='ltr'><strong>super</strong></span> <span class='ocrx_word' id='word_1_303' title='bbox 719 2233 975 2290; x_wconf 89' lang='lat' dir='ltr'><strong>humeros</strong></span> <span class='ocrx_word' id='word_1_304' title='bbox 1010 2234 1380 2305; x_wconf 88' lang='lat' dir='ltr'><strong>jumentorum</strong></span> <span class='ocrx_word' id='word_1_305' title='bbox 1407 2236 1622 2293; x_wconf 88' lang='lat' dir='ltr'><strong>divitias</strong></span> <span class='ocrx_word' id='word_1_306' title='bbox 1661 2253 1810 2306; x_wconf 89' lang='lat' dir='ltr'><strong>suas,</strong></span> <span class='ocrx_word' id='word_1_307' title='bbox 1837 2248 1893 2295; x_wconf 93' lang='lat' dir='ltr'><strong>et</strong></span> 
     </span>
    </p>
   </div>
   <div class='ocr_carea' id='block_1_39' title="bbox 304 2323 1897 2399">
    <p class='ocr_par' dir='ltr' id='par_1_39' title="bbox 304 2323 1897 2399">
     <span class='ocr_line' id='line_1_39' title="bbox 304 2323 1897 2399; baseline 0.004 -23"><span class='ocrx_word' id='word_1_308' title='bbox 304 2336 474 2393; x_wconf 85' lang='lat' dir='ltr'><strong>super</strong></span> <span class='ocrx_word' id='word_1_309' title='bbox 493 2323 713 2395; x_wconf 88' lang='lat' dir='ltr'><strong>gibbum</strong></span> <span class='ocrx_word' id='word_1_310' title='bbox 753 2324 1082 2380; x_wconf 90' lang='lat' dir='ltr'><strong>camelorum</strong></span> <span class='ocrx_word' id='word_1_311' title='bbox 1125 2325 1408 2382; x_wconf 89' lang='lat' dir='ltr'><strong>thesauros</strong></span> <span class='ocrx_word' id='word_1_312' title='bbox 1452 2341 1600 2392; x_wconf 89' lang='lat' dir='ltr'><strong>suos,</strong></span> <span class='ocrx_word' id='word_1_313' title='bbox 1631 2328 1698 2383; x_wconf 90' lang='lat' dir='ltr'><strong>ad</strong></span> <span class='ocrx_word' id='word_1_314' title='bbox 1726 2344 1897 2399; x_wconf 89' lang='lat' dir='ltr'><strong>popu-</strong></span> 
     </span>
    </p>
   </div>
   <div class='ocr_carea' id='block_1_40' title="bbox 306 2412 1893 2488">
    <p class='ocr_par' dir='ltr' id='par_1_40' title="bbox 306 2412 1893 2488">
     <span class='ocr_line' id='line_1_40' title="bbox 306 2412 1893 2488; baseline 0.006 -22"><span class='ocrx_word' id='word_1_315' title='bbox 306 2412 420 2467; x_wconf 91' lang='lat' dir='ltr'><strong>lum</strong></span> <span class='ocrx_word' id='word_1_316' title='bbox 469 2414 561 2484; x_wconf 90' lang='lat' dir='ltr'><strong>qui</strong></span> <span class='ocrx_word' id='word_1_317' title='bbox 613 2429 680 2470; x_wconf 90' lang='lat' dir='ltr'><strong>ea</strong></span> <span class='ocrx_word' id='word_1_318' title='bbox 706 2415 960 2486; x_wconf 91' lang='lat' dir='ltr'><strong>prodesse</strong></span> <span class='ocrx_word' id='word_1_319' title='bbox 986 2431 1091 2470; x_wconf 91' lang='lat' dir='ltr'><strong>non</strong></span> <span class='ocrx_word' id='word_1_320' title='bbox 1121 2416 1314 2486; x_wconf 89' lang='lat' dir='ltr'><strong>poterit</strong></span> <span class='ocrx_word' id='word_1_321' title='bbox 1348 2433 1361 2472; x_wconf 90' lang='lat'><strong>:</strong></span> <span class='ocrx_word' id='word_1_322' title='bbox 1390 2416 1657 2488; x_wconf 66' lang='lat' dir='ltr'><strong>ngyptiis</strong></span> <span class='ocrx_word' id='word_1_323' title='bbox 1697 2417 1893 2476; x_wconf 89' lang='lat' dir='ltr'><strong>frustra</strong></span> 
     </span>
    </p>
   </div>
   <div class='ocr_carea' id='block_1_41' title="bbox 303 2504 1892 2582">
    <p class='ocr_par' dir='ltr' id='par_1_41' title="bbox 303 2504 1892 2582">
     <span class='ocr_line' id='line_1_41' title="bbox 303 2504 1892 2582; baseline 0.006 -26"><span class='ocrx_word' id='word_1_324' title='bbox 303 2510 364 2557; x_wconf 88' lang='lat' dir='ltr'><strong>et</strong></span> <span class='ocrx_word' id='word_1_325' title='bbox 395 2518 534 2559; x_wconf 89' lang='lat' dir='ltr'><strong>vane</strong></span> <span class='ocrx_word' id='word_1_326' title='bbox 557 2504 905 2560; x_wconf 82' lang='lat' dir='ltr'><strong>auxiliabitur</strong></span> <span class='ocrx_word' id='word_1_327' title='bbox 926 2504 1145 2578; x_wconf 74' lang='lat' dir='ltr'><strong>(Ezech.</strong></span> <span class='ocrx_word' id='word_1_328' title='bbox 1173 2507 1326 2579; x_wconf 78' lang='lat' dir='ltr'><strong>xxx).</strong></span> <span class='ocrx_word' id='word_1_329' title='bbox 1365 2527 1383 2559; x_wconf 81' lang='grc' dir='ltr'><strong>ι</strong></span> <span class='ocrx_word' id='word_1_330' title='bbox 1412 2506 1683 2582; x_wconf 75' lang='grc' dir='ltr'><strong>(Ηὶενοη.)</strong></span> <span class='ocrx_word' id='word_1_331' title='bbox 1724 2509 1892 2567; x_wconf 90' lang='lat' dir='ltr'><strong>Terra</strong></span> 
     </span>
    </p>
   </div>
   <div class='ocr_carea' id='block_1_42' title="bbox 307 2593 1894 2668">
    <p class='ocr_par' dir='ltr' id='par_1_42' title="bbox 307 2593 1894 2668">
     <span class='ocr_line' id='line_1_42' title="bbox 307 2593 1894 2668; baseline 0.004 -21"><span class='ocrx_word' id='word_1_332' title='bbox 307 2601 490 2648; x_wconf 88' lang='lat' dir='ltr'><strong>autem</strong></span> <span class='ocrx_word' id='word_1_333' title='bbox 532 2593 895 2651; x_wconf 90' lang='lat' dir='ltr'><strong>tribulationis</strong></span> <span class='ocrx_word' id='word_1_334' title='bbox 950 2606 1005 2650; x_wconf 96' lang='lat' dir='ltr'><strong>et</strong></span> <span class='ocrx_word' id='word_1_335' title='bbox 1050 2595 1310 2668; x_wconf 74' lang='lat' dir='ltr'><strong>angustia:</strong></span> <span class='ocrx_word' id='word_1_336' title='bbox 1364 2595 1683 2652; x_wconf 89' lang='lat' dir='ltr'><strong>latissimam</strong></span> <span class='ocrx_word' id='word_1_337' title='bbox 1722 2600 1894 2654; x_wconf 87' lang='lat' dir='ltr'><strong>eremi</strong></span> 
     </span>
    </p>
   </div>
   <div class='ocr_carea' id='block_1_43' title="bbox 310 2683 1891 2757">
    <p class='ocr_par' dir='ltr' id='par_1_43' title="bbox 310 2683 1891 2757">
     <span class='ocr_line' id='line_1_43' title="bbox 310 2683 1891 2757; baseline 0.004 -18"><span class='ocrx_word' id='word_1_338' title='bbox 310 2683 580 2756; x_wconf 83' lang='lat' dir='ltr'><strong>signiﬁcat</strong></span> <span class='ocrx_word' id='word_1_339' title='bbox 604 2685 932 2751; x_wconf 87' lang='lat' dir='ltr'><strong>vastitatem,</strong></span> <span class='ocrx_word' id='word_1_340' title='bbox 956 2700 1055 2757; x_wconf 89' lang='lat' dir='ltr'><strong>per</strong></span> <span class='ocrx_word' id='word_1_341' title='bbox 1083 2702 1248 2757; x_wconf 92' lang='lat' dir='ltr'><strong>quam</strong></span> <span class='ocrx_word' id='word_1_342' title='bbox 1290 2686 1531 2757; x_wconf 60' lang='lat' dir='ltr'><strong>reliquiae</strong></span> <span class='ocrx_word' id='word_1_343' title='bbox 1593 2688 1891 2745; x_wconf 90' lang='lat' dir='ltr'><strong>Jerusalem</strong></span> 
     </span>
    </p>
   </div>
   <div class='ocr_carea' id='block_1_44' title="bbox 306 2772 1889 2851">
    <p class='ocr_par' dir='ltr' id='par_1_44' title="bbox 306 2772 1889 2851">
     <span class='ocr_line' id='line_1_44' title="bbox 306 2772 1889 2851; baseline 0.004 -22"><span class='ocrx_word' id='word_1_344' title='bbox 306 2789 434 2830; x_wconf 88' lang='lat' dir='ltr'><strong>cum</strong></span> <span class='ocrx_word' id='word_1_345' title='bbox 457 2775 704 2834; x_wconf 88' lang='lat' dir='ltr'><strong>Johanna</strong></span> <span class='ocrx_word' id='word_1_346' title='bbox 748 2776 859 2831; x_wconf 89' lang='lat' dir='ltr'><strong>ﬁlio</strong></span> <span class='ocrx_word' id='word_1_347' title='bbox 907 2772 1113 2842; x_wconf 67' lang='lat' dir='ltr'><strong>Carem:</strong></span> <span class='ocrx_word' id='word_1_348' title='bbox 1144 2784 1200 2832; x_wconf 92' lang='lat' dir='ltr'><strong>et</strong></span> <span class='ocrx_word' id='word_1_349' title='bbox 1233 2777 1446 2835; x_wconf 88' lang='lat' dir='ltr'><strong>filiabus</strong></span> <span class='ocrx_word' id='word_1_350' title='bbox 1471 2777 1613 2851; x_wconf 75' lang='lat' dir='ltr'><strong>regis</strong></span> <span class='ocrx_word' id='word_1_351' title='bbox 1648 2779 1889 2836; x_wconf 70' lang='lat' dir='ltr'><strong>Sedecize</strong></span> 
     </span>
    </p>
   </div>
   <div class='ocr_carea' id='block_1_45' title="bbox 310 2858 1885 2943">
    <p class='ocr_par' dir='ltr' id='par_1_45' title="bbox 310 2858 1885 2943">
     <span class='ocr_line' id='line_1_45' title="bbox 310 2858 1885 2943; baseline 0.002 -19"><span class='ocrx_word' id='word_1_352' title='bbox 310 2858 534 2924; x_wconf 85' lang='lat' dir='ltr'><strong>sublatis</strong></span> <span class='ocrx_word' id='word_1_353' title='bbox 552 2868 802 2924; x_wconf 81' lang='lat' dir='ltr'><strong>omnibus</strong></span> <span class='ocrx_word' id='word_1_354' title='bbox 822 2884 942 2941; x_wconf 79' lang='lat' dir='ltr'><strong>quae</strong></span> <span class='ocrx_word' id='word_1_355' title='bbox 968 2868 1168 2924; x_wconf 88' lang='lat' dir='ltr'><strong>habere</strong></span> <span class='ocrx_word' id='word_1_356' title='bbox 1192 2878 1462 2939; x_wconf 88' lang='lat' dir='ltr'><strong>poterant,</strong></span> <span class='ocrx_word' id='word_1_357' title='bbox 1499 2871 1568 2925; x_wconf 86' lang='lat' dir='ltr'><strong>ad</strong></span> <span class='ocrx_word' id='word_1_358' title='bbox 1592 2871 1885 2943; x_wconf 57' lang='lat' dir='ltr'><strong>{Egyptum</strong></span> 
     </span>
    </p>
   </div>
   <div class='ocr_carea' id='block_1_46' title="bbox 309 2957 1892 3039">
    <p class='ocr_par' dir='ltr' id='par_1_46' title="bbox 309 2957 1892 3039">
     <span class='ocr_line' id='line_1_46' title="bbox 309 2957 1892 3039; baseline 0.003 -26"><span class='ocrx_word' id='word_1_359' title='bbox 309 2958 733 3029; x_wconf 81' lang='lat' dir='ltr'><strong>transfugerunt.</strong></span> <span class='ocrx_word' id='word_1_360' title='bbox 780 2957 1031 3014; x_wconf 68' lang='lat' dir='ltr'><strong>Lemnam</strong></span> <span class='ocrx_word' id='word_1_361' title='bbox 1076 2972 1299 3039; x_wconf 80' lang='lat' dir='ltr'><strong>quoque</strong></span> <span class='ocrx_word' id='word_1_362' title='bbox 1338 2966 1393 3013; x_wconf 91' lang='lat' dir='ltr'><strong>et</strong></span> <span class='ocrx_word' id='word_1_363' title='bbox 1436 2959 1673 3016; x_wconf 90' lang='lat' dir='ltr'><strong>catulum</strong></span> <span class='ocrx_word' id='word_1_364' title='bbox 1723 2961 1892 3017; x_wconf 89' lang='lat' dir='ltr'><strong>leonis</strong></span> 
     </span>
    </p>
   </div>
   <div class='ocr_carea' id='block_1_47' title="bbox 307 3046 1888 3125">
    <p class='ocr_par' dir='ltr' id='par_1_47' title="bbox 307 3046 1888 3125">
     <span class='ocr_line' id='line_1_47' title="bbox 307 3046 1888 3125; baseline 0.001 -21"><span class='ocrx_word' id='word_1_365' title='bbox 307 3048 651 3116; x_wconf 71' lang='lat' dir='ltr'><strong>Jerusalem,,</strong></span> <span class='ocrx_word' id='word_1_366' title='bbox 684 3056 740 3105; x_wconf 92' lang='lat' dir='ltr'><strong>et</strong></span> <span class='ocrx_word' id='word_1_367' title='bbox 780 3049 1038 3121; x_wconf 87' lang='lat' dir='ltr'><strong>populum</strong></span> <span class='ocrx_word' id='word_1_368' title='bbox 1085 3046 1202 3118; x_wconf 88' lang='lat' dir='ltr'><strong>ejus</strong></span> <span class='ocrx_word' id='word_1_369' title='bbox 1239 3058 1586 3125; x_wconf 75' lang='grc' dir='ltr'><strong>μεταφορικῶς</strong></span> <span class='ocrx_word' id='word_1_370' title='bbox 1632 3050 1888 3122; x_wconf 86' lang='lat' dir='ltr'><strong>intellige,</strong></span> 
     </span>
    </p>
   </div>
   <div class='ocr_carea' id='block_1_48' title="bbox 305 3131 2145 3219">
    <p class='ocr_par' dir='ltr' id='par_1_48' title="bbox 305 3131 2145 3219">
     <span class='ocr_line' id='line_1_48' title="bbox 305 3131 2145 3219; baseline -0.002 -22"><span class='ocrx_word' id='word_1_371' title='bbox 305 3141 517 3198; x_wconf 88' lang='lat' dir='ltr'><strong>dicente</strong></span> <span class='ocrx_word' id='word_1_372' title='bbox 536 3140 754 3195; x_wconf 88' lang='lat' dir='ltr'><strong>Balaam</strong></span> <span class='ocrx_word' id='word_1_373' title='bbox 782 3142 836 3195; x_wconf 89' lang='lat' dir='ltr'><strong>in</strong></span> <span class='ocrx_word' id='word_1_374' title='bbox 862 3138 1111 3195; x_wconf 89' lang='lat' dir='ltr'><strong>Numeris</strong></span> <span class='ocrx_word' id='word_1_375' title='bbox 1135 3157 1148 3194; x_wconf 91' lang='lat'><strong>:</strong></span> <span class='ocrx_word' id='word_1_376' title='bbox 1184 3156 1202 3191; x_wconf 85' lang='grc'><strong>‹</strong></span> <span class='ocrx_word' id='word_1_377' title='bbox 1230 3139 1369 3196; x_wconf 89' lang='lat' dir='ltr'><strong>Ecce</strong></span> <span class='ocrx_word' id='word_1_378' title='bbox 1396 3140 1622 3212; x_wconf 92' lang='lat' dir='ltr'><strong>populus</strong></span> <span class='ocrx_word' id='word_1_379' title='bbox 1642 3148 1702 3195; x_wconf 93' lang='lat' dir='ltr'><strong>ut</strong></span> <span class='ocrx_word' id='word_1_380' title='bbox 1722 3141 1889 3219; x_wconf 71' lang='lat' dir='ltr'><strong>leaena</strong></span> <span class='ocrx_word' id='word_1_381' title='bbox 1918 3131 1963 3194; x_wconf 89' lang='lat' dir='ltr'>C</span> <span class='ocrx_word' id='word_1_382' title='bbox 1994 3146 2089 3186; x_wconf 78' lang='lat' dir='ltr'><strong>sua</strong></span> <span class='ocrx_word' id='word_1_383' title='bbox 2130 3146 2145 3185; x_wconf 74' lang='grc' dir='ltr'>ε</span> 
     </span>
    </p>
   </div>
   <div class='ocr_carea' id='block_1_49' title="bbox 305 3230 1893 3304">
    <p class='ocr_par' dir='ltr' id='par_1_49' title="bbox 305 3230 1893 3304">
     <span class='ocr_line' id='line_1_49' title="bbox 305 3230 1893 3304; baseline 0 -15"><span class='ocrx_word' id='word_1_384' title='bbox 305 3234 603 3304; x_wconf 82' lang='lat' dir='ltr'><strong>consurgit,</strong></span> <span class='ocrx_word' id='word_1_385' title='bbox 644 3240 703 3287; x_wconf 91' lang='lat' dir='ltr'><strong>et</strong></span> <span class='ocrx_word' id='word_1_386' title='bbox 752 3232 907 3303; x_wconf 90' lang='lat' dir='ltr'><strong>quasi</strong></span> <span class='ocrx_word' id='word_1_387' title='bbox 955 3230 1040 3287; x_wconf 93' lang='lat' dir='ltr'><strong>leo</strong></span> <span class='ocrx_word' id='word_1_388' title='bbox 1088 3231 1317 3303; x_wconf 78' lang='lat' dir='ltr'><strong>erigitur</strong></span> <span class='ocrx_word' id='word_1_389' title='bbox 1370 3249 1385 3287; x_wconf 93' lang='lat'><strong>:</strong></span> <span class='ocrx_word' id='word_1_390' title='bbox 1434 3230 1550 3288; x_wconf 92' lang='lat' dir='ltr'><strong>Non</strong></span> <span class='ocrx_word' id='word_1_391' title='bbox 1608 3233 1893 3289; x_wconf 86' lang='lat' dir='ltr'><strong>accubabit</strong></span> 
     </span>
    </p>
   </div>
   <div class='ocr_carea' id='block_1_50' title="bbox 307 3322 1887 3394">
    <p class='ocr_par' dir='ltr' id='par_1_50' title="bbox 307 3322 1887 3394">
     <span class='ocr_line' id='line_1_50' title="bbox 307 3322 1887 3394; baseline 0.002 -16"><span class='ocrx_word' id='word_1_392' title='bbox 307 3323 479 3378; x_wconf 90' lang='lat' dir='ltr'><strong>donec</strong></span> <span class='ocrx_word' id='word_1_393' title='bbox 526 3323 769 3378; x_wconf 80' lang='lat' dir='ltr'><strong>devoret‘</strong></span> <span class='ocrx_word' id='word_1_394' title='bbox 788 3323 1052 3392; x_wconf 69' lang='lat' dir='ltr'><strong>praedam,</strong></span> <span class='ocrx_word' id='word_1_395' title='bbox 1100 3329 1157 3378; x_wconf 90' lang='lat' dir='ltr'><strong>et</strong></span> <span class='ocrx_word' id='word_1_396' title='bbox 1211 3322 1514 3377; x_wconf 89' lang='lat' dir='ltr'><strong>occisorum</strong></span> <span class='ocrx_word' id='word_1_397' title='bbox 1568 3324 1887 3394; x_wconf 87' lang='lat' dir='ltr'><strong>sanguinem</strong></span> 
     </span>
    </p>
   </div>
   <div class='ocr_carea' id='block_1_51' title="bbox 304 3411 1886 3485">
    <p class='ocr_par' dir='ltr' id='par_1_51' title="bbox 304 3411 1886 3485">
     <span class='ocr_line' id='line_1_51' title="bbox 304 3411 1886 3485; baseline 0.003 -16"><span class='ocrx_word' id='word_1_398' title='bbox 304 3413 455 3469; x_wconf 88' lang='lat' dir='ltr'><strong>bibat</strong></span> <span class='ocrx_word' id='word_1_399' title='bbox 483 3412 674 3483; x_wconf 86' lang='lat' dir='ltr'><strong>(Num.</strong></span> <span class='ocrx_word' id='word_1_400' title='bbox 702 3413 883 3485; x_wconf 76' lang='lat' dir='ltr'><strong>XXIII).</strong></span> <span class='ocrx_word' id='word_1_401' title='bbox 915 3432 935 3467; x_wconf 81' lang='grc' dir='ltr'><strong>ι</strong></span> <span class='ocrx_word' id='word_1_402' title='bbox 993 3411 1192 3483; x_wconf 80' lang='lat' dir='ltr'><strong>Vipera</strong></span> <span class='ocrx_word' id='word_1_403' title='bbox 1213 3422 1268 3469; x_wconf 91' lang='lat' dir='ltr'><strong>et</strong></span> <span class='ocrx_word' id='word_1_404' title='bbox 1300 3414 1519 3484; x_wconf 83' lang='lat' dir='ltr'><strong>regulus</strong></span> <span class='ocrx_word' id='word_1_405' title='bbox 1538 3415 1743 3483; x_wconf 91' lang='lat' dir='ltr'><strong>volans,</strong></span> <span class='ocrx_word' id='word_1_406' title='bbox 1769 3418 1886 3473; x_wconf 88' lang='lat' dir='ltr'><strong>sive</strong></span> 
     </span>
    </p>
   </div>
   <div class='ocr_carea' id='block_1_52' title="bbox 307 3499 1886 3584">
    <p class='ocr_par' dir='ltr' id='par_1_52' title="bbox 307 3499 1886 3584">
     <span class='ocr_line' id='line_1_52' title="bbox 307 3499 1886 3584; baseline 0.002 -27"><span class='ocrx_word' id='word_1_407' title='bbox 307 3502 576 3572; x_wconf 85' lang='lat' dir='ltr'><strong>genimina</strong></span> <span class='ocrx_word' id='word_1_408' title='bbox 629 3499 874 3572; x_wconf 90' lang='lat' dir='ltr'><strong>aspidum</strong></span> <span class='ocrx_word' id='word_1_409' title='bbox 929 3501 1165 3584; x_wconf 75' lang='lat' dir='ltr'><strong>volantia</strong></span> <span class='ocrx_word' id='word_1_410' title='bbox 1195 3542 1210 3569; x_wconf 91' lang='lat'><strong>,</strong></span> <span class='ocrx_word' id='word_1_411' title='bbox 1261 3503 1403 3557; x_wconf 91' lang='lat' dir='ltr'><strong>idem</strong></span> <span class='ocrx_word' id='word_1_412' title='bbox 1459 3513 1841 3574; x_wconf 86' lang='lat' dir='ltr'><strong>nuncupantur</strong></span> <span class='ocrx_word' id='word_1_413' title='bbox 1869 3546 1886 3572; x_wconf 95' lang='lat'><strong>,</strong></span> 
     </span>
    </p>
   </div>
   <div class='ocr_carea' id='block_1_53' title="bbox 307 3587 1894 3661">
    <p class='ocr_par' dir='ltr' id='par_1_53' title="bbox 307 3587 1894 3661">
     <span class='ocr_line' id='line_1_53' title="bbox 307 3587 1894 3661; baseline 0.003 -19"><span class='ocrx_word' id='word_1_414' title='bbox 307 3588 451 3660; x_wconf 89' lang='lat' dir='ltr'><strong>quod</strong></span> <span class='ocrx_word' id='word_1_415' title='bbox 476 3588 728 3644; x_wconf 87' lang='lat' dir='ltr'><strong>videlicet</strong></span> <span class='ocrx_word' id='word_1_416' title='bbox 749 3590 815 3644; x_wconf 93' lang='lat' dir='ltr'><strong>de</strong></span> <span class='ocrx_word' id='word_1_417' title='bbox 851 3587 1005 3644; x_wconf 92' lang='lat' dir='ltr'><strong>malis</strong></span> <span class='ocrx_word' id='word_1_418' title='bbox 1030 3589 1348 3659; x_wconf 89' lang='lat' dir='ltr'><strong>parentibus</strong></span> <span class='ocrx_word' id='word_1_419' title='bbox 1382 3588 1594 3660; x_wconf 83' lang='lat' dir='ltr'><strong>pejores</strong></span> <span class='ocrx_word' id='word_1_420' title='bbox 1644 3594 1894 3661; x_wconf 84' lang='lat' dir='ltr'><strong>generati</strong></span> 
     </span>
    </p>
   </div>
   <div class='ocr_carea' id='block_1_54' title="bbox 309 3677 1886 3750">
    <p class='ocr_par' dir='ltr' id='par_1_54' title="bbox 309 3677 1886 3750">
     <span class='ocr_line' id='line_1_54' title="bbox 309 3677 1886 3750; baseline 0.001 -14"><span class='ocrx_word' id='word_1_421' title='bbox 309 3690 436 3737; x_wconf 88' lang='lat' dir='ltr'><strong>sunt</strong></span> <span class='ocrx_word' id='word_1_422' title='bbox 463 3680 641 3735; x_wconf 90' lang='lat' dir='ltr'><strong>liberi.</strong></span> <span class='ocrx_word' id='word_1_423' title='bbox 668 3679 746 3735; x_wconf 91' lang='lat' dir='ltr'><strong>De</strong></span> <span class='ocrx_word' id='word_1_424' title='bbox 772 3677 967 3749; x_wconf 89' lang='lat' dir='ltr'><strong>quibus</strong></span> <span class='ocrx_word' id='word_1_425' title='bbox 1014 3688 1068 3734; x_wconf 89' lang='lat' dir='ltr'><strong>et</strong></span> <span class='ocrx_word' id='word_1_426' title='bbox 1097 3679 1448 3748; x_wconf 87' lang='lat' dir='ltr'><strong>Evangelium</strong></span> <span class='ocrx_word' id='word_1_427' title='bbox 1497 3679 1821 3750; x_wconf 86' lang='lat' dir='ltr'><strong>loquebatur</strong></span> <span class='ocrx_word' id='word_1_428' title='bbox 1870 3699 1886 3738; x_wconf 93' lang='lat'><strong>:</strong></span> 
     </span>
    </p>
   </div>
   <div class='ocr_carea' id='block_1_55' title="bbox 312 3769 1890 3844">
    <p class='ocr_par' dir='ltr' id='par_1_55' title="bbox 312 3769 1890 3844">
     <span class='ocr_line' id='line_1_55' title="bbox 312 3769 1890 3844; baseline 0.004 -22"><span class='ocrx_word' id='word_1_429' title='bbox 312 3790 330 3822; x_wconf 75' lang='grc' dir='ltr'><strong>ι</strong></span> <span class='ocrx_word' id='word_1_430' title='bbox 366 3769 661 3826; x_wconf 83' lang='lat' dir='ltr'><strong>Generatio</strong></span> <span class='ocrx_word' id='word_1_431' title='bbox 688 3770 1018 3841; x_wconf 90' lang='lat' dir='ltr'><strong>viperarum,</strong></span> <span class='ocrx_word' id='word_1_432' title='bbox 1060 3769 1183 3841; x_wconf 84' lang='lat' dir='ltr'><strong>quis</strong></span> <span class='ocrx_word' id='word_1_433' title='bbox 1220 3769 1457 3825; x_wconf 88' lang='lat' dir='ltr'><strong>ostendit</strong></span> <span class='ocrx_word' id='word_1_434' title='bbox 1505 3771 1658 3826; x_wconf 86' lang='lat' dir='ltr'><strong>vobis</strong></span> <span class='ocrx_word' id='word_1_435' title='bbox 1705 3770 1890 3844; x_wconf 86' lang='lat' dir='ltr'><strong>fugere</strong></span> 
     </span>
    </p>
   </div>
   <div class='ocr_carea' id='block_1_56' title="bbox 305 3859 1890 3933">
    <p class='ocr_par' dir='ltr' id='par_1_56' title="bbox 305 3859 1890 3933">
     <span class='ocr_line' id='line_1_56' title="bbox 305 3859 1890 3933; baseline 0.002 -17"><span class='ocrx_word' id='word_1_436' title='bbox 305 3861 373 3916; x_wconf 91' lang='lat' dir='ltr'><strong>ab</strong></span> <span class='ocrx_word' id='word_1_437' title='bbox 402 3861 479 3916; x_wconf 88' lang='lat' dir='ltr'><strong>ira</strong></span> <span class='ocrx_word' id='word_1_438' title='bbox 500 3868 725 3917; x_wconf 89' lang='lat' dir='ltr'><strong>ventura</strong></span> <span class='ocrx_word' id='word_1_439' title='bbox 750 3861 773 3914; x_wconf 69' lang='grc' dir='ltr'><strong><em>Ἰ</em></strong></span> <span class='ocrx_word' id='word_1_440' title='bbox 816 3881 833 3911; x_wconf 80' lang='grc' dir='ltr'><strong>ι</strong></span> <span class='ocrx_word' id='word_1_441' title='bbox 871 3859 1082 3932; x_wconf 79' lang='lat' dir='ltr'><strong>(Matth.</strong></span> <span class='ocrx_word' id='word_1_442' title='bbox 1111 3859 1216 3933; x_wconf 87' lang='grc' dir='ltr'>ιιι).</span> <span class='ocrx_word' id='word_1_443' title='bbox 1249 3860 1316 3917; x_wconf 82' lang='grc' dir='ltr'>Ει</span> <span class='ocrx_word' id='word_1_444' title='bbox 1342 3861 1409 3916; x_wconf 90' lang='lat' dir='ltr'><strong>ad</strong></span> <span class='ocrx_word' id='word_1_445' title='bbox 1439 3872 1641 3918; x_wconf 90' lang='lat' dir='ltr'><strong>terram</strong></span> <span class='ocrx_word' id='word_1_446' title='bbox 1690 3862 1890 3919; x_wconf 91' lang='lat' dir='ltr'><strong>dicitur</strong></span> 
     </span>
    </p>
   </div>
   <div class='ocr_carea' id='block_1_57' title="bbox 304 3948 1891 4023">
    <p class='ocr_par' dir='ltr' id='par_1_57' title="bbox 304 3948 1891 4023">
     <span class='ocr_line' id='line_1_57' title="bbox 304 3948 1891 4023; baseline 0.003 -18"><span class='ocrx_word' id='word_1_447' title='bbox 304 3949 470 4007; x_wconf 87' lang='lat' dir='ltr'><strong>Israel</strong></span> <span class='ocrx_word' id='word_1_448' title='bbox 507 3968 521 4004; x_wconf 91' lang='lat'><strong>:</strong></span> <span class='ocrx_word' id='word_1_449' title='bbox 569 3968 590 4003; x_wconf 74' lang='grc' dir='ltr'><strong>ι</strong></span> <span class='ocrx_word' id='word_1_450' title='bbox 638 3948 718 4006; x_wconf 87' lang='lat' dir='ltr'><strong>&#39;I‘u</strong></span> <span class='ocrx_word' id='word_1_451' title='bbox 743 3966 802 4007; x_wconf 90' lang='lat' dir='ltr'><strong>es</strong></span> <span class='ocrx_word' id='word_1_452' title='bbox 833 3960 978 4006; x_wconf 90' lang='lat' dir='ltr'><strong>terra</strong></span> <span class='ocrx_word' id='word_1_453' title='bbox 1000 3951 1053 4005; x_wconf 93' lang='lat' dir='ltr'><strong>in</strong></span> <span class='ocrx_word' id='word_1_454' title='bbox 1094 3966 1201 4021; x_wconf 90' lang='lat' dir='ltr'><strong>qua</strong></span> <span class='ocrx_word' id='word_1_455' title='bbox 1231 3966 1340 4006; x_wconf 88' lang='lat' dir='ltr'><strong>non</strong></span> <span class='ocrx_word' id='word_1_456' title='bbox 1369 3951 1526 4023; x_wconf 89' lang='lat' dir='ltr'><strong>pluit,</strong></span> <span class='ocrx_word' id='word_1_457' title='bbox 1554 3968 1655 4008; x_wconf 92' lang='lat' dir='ltr'><strong>nec</strong></span> <span class='ocrx_word' id='word_1_458' title='bbox 1718 3953 1891 4010; x_wconf 90' lang='lat' dir='ltr'><strong>imber</strong></span> 
     </span>
    </p>
   </div>
   <div class='ocr_carea' id='block_1_58' title="bbox 303 4041 1889 4116">
    <p class='ocr_par' dir='ltr' id='par_1_58' title="bbox 303 4041 1889 4116">
     <span class='ocr_line' id='line_1_58' title="bbox 303 4041 1889 4116; baseline 0.004 -20"><span class='ocrx_word' id='word_1_459' title='bbox 303 4042 449 4097; x_wconf 86' lang='lat' dir='ltr'><strong>venit</strong></span> <span class='ocrx_word' id='word_1_460' title='bbox 478 4056 641 4113; x_wconf 87' lang='lat' dir='ltr'><strong>super</strong></span> <span class='ocrx_word' id='word_1_461' title='bbox 676 4050 733 4098; x_wconf 91' lang='lat' dir='ltr'><strong>te</strong></span> <span class='ocrx_word' id='word_1_462' title='bbox 760 4041 814 4097; x_wconf 93' lang='lat' dir='ltr'><strong>in</strong></span> <span class='ocrx_word' id='word_1_463' title='bbox 852 4042 939 4098; x_wconf 91' lang='lat' dir='ltr'><strong>die</strong></span> <span class='ocrx_word' id='word_1_464' title='bbox 985 4042 1081 4097; x_wconf 76' lang='lat' dir='ltr'><strong>ira:</strong></span> <span class='ocrx_word' id='word_1_465' title='bbox 1138 4041 1320 4112; x_wconf 82' lang='lat' dir='ltr'><strong>(Amos</strong></span> <span class='ocrx_word' id='word_1_466' title='bbox 1349 4043 1445 4116; x_wconf 81' lang='lat' dir='ltr'><strong>1v),</strong></span> <span class='ocrx_word' id='word_1_467' title='bbox 1484 4063 1502 4095; x_wconf 79' lang='grc' dir='ltr'><strong>ι</strong></span> <span class='ocrx_word' id='word_1_468' title='bbox 1550 4045 1703 4116; x_wconf 90' lang='lat' dir='ltr'><strong>cujus</strong></span> <span class='ocrx_word' id='word_1_469' title='bbox 1740 4046 1889 4115; x_wconf 83' lang='lat' dir='ltr'><strong>prin-</strong></span> 
     </span>
    </p>
   </div>
   <div class='ocr_carea' id='block_1_59' title="bbox 304 4129 1890 4205">
    <p class='ocr_par' dir='ltr' id='par_1_59' title="bbox 304 4129 1890 4205">
     <span class='ocr_line' id='line_1_59' title="bbox 304 4129 1890 4205; baseline 0.003 -19"><span class='ocrx_word' id='word_1_470' title='bbox 304 4131 447 4202; x_wconf 81' lang='lat' dir='ltr'><strong>cipes</strong></span> <span class='ocrx_word' id='word_1_471' title='bbox 470 4131 524 4186; x_wconf 88' lang='lat' dir='ltr'><strong>in</strong></span> <span class='ocrx_word' id='word_1_472' title='bbox 560 4131 736 4187; x_wconf 91' lang='lat' dir='ltr'><strong>medio</strong></span> <span class='ocrx_word' id='word_1_473' title='bbox 772 4129 913 4200; x_wconf 89' lang='lat' dir='ltr'><strong>ejus,</strong></span> <span class='ocrx_word' id='word_1_474' title='bbox 938 4131 1093 4201; x_wconf 89' lang='lat' dir='ltr'><strong>quasi</strong></span> <span class='ocrx_word' id='word_1_475' title='bbox 1125 4131 1309 4187; x_wconf 90' lang='lat' dir='ltr'><strong>leones</strong></span> <span class='ocrx_word' id='word_1_476' title='bbox 1352 4132 1647 4204; x_wconf 85' lang='lat' dir='ltr'><strong>rugientes,</strong></span> <span class='ocrx_word' id='word_1_477' title='bbox 1682 4135 1890 4205; x_wconf 85' lang='lat' dir='ltr'><strong>rapien-</strong></span> 
     </span>
    </p>
   </div>
   <div class='ocr_carea' id='block_1_60' title="bbox 305 4220 1883 4293">
    <p class='ocr_par' dir='ltr' id='par_1_60' title="bbox 305 4220 1883 4293">
     <span class='ocr_line' id='line_1_60' title="bbox 305 4220 1883 4293; baseline 0.002 -17"><span class='ocrx_word' id='word_1_478' title='bbox 305 4229 385 4278; x_wconf 85' lang='lat' dir='ltr'><strong>tes</strong></span> <span class='ocrx_word' id='word_1_479' title='bbox 431 4220 690 4292; x_wconf 65' lang='lat' dir='ltr'><strong>praedam,</strong></span> <span class='ocrx_word' id='word_1_480' title='bbox 742 4220 952 4274; x_wconf 90' lang='lat' dir='ltr'><strong>animas</strong></span> <span class='ocrx_word' id='word_1_481' title='bbox 987 4220 1308 4277; x_wconf 88' lang='lat' dir='ltr'><strong>devorantes</strong></span> <span class='ocrx_word' id='word_1_482' title='bbox 1346 4237 1443 4291; x_wconf 91' lang='lat' dir='ltr'><strong>per</strong></span> <span class='ocrx_word' id='word_1_483' title='bbox 1487 4222 1883 4293; x_wconf 73' lang='lat' dir='ltr'><strong>pmnitentiam.</strong></span> 
     </span>
    </p>
   </div>
   <div class='ocr_carea' id='block_1_61' title="bbox 304 4311 1883 4385">
    <p class='ocr_par' dir='ltr' id='par_1_61' title="bbox 304 4311 1883 4385">
     <span class='ocr_line' id='line_1_61' title="bbox 304 4311 1883 4385; baseline 0.003 -18"><span class='ocrx_word' id='word_1_484' title='bbox 304 4311 408 4367; x_wconf 89' lang='lat' dir='ltr'><strong>Ista</strong></span> <span class='ocrx_word' id='word_1_485' title='bbox 455 4312 728 4385; x_wconf 88' lang='lat' dir='ltr'><strong>genimina</strong></span> <span class='ocrx_word' id='word_1_486' title='bbox 755 4312 1085 4383; x_wconf 87' lang='lat' dir='ltr'><strong>viperarum,</strong></span> <span class='ocrx_word' id='word_1_487' title='bbox 1119 4312 1233 4368; x_wconf 87' lang='lat' dir='ltr'><strong>sive</strong></span> <span class='ocrx_word' id='word_1_488' title='bbox 1281 4314 1527 4384; x_wconf 87' lang='lat' dir='ltr'><strong>aspidum</strong></span> <span class='ocrx_word' id='word_1_489' title='bbox 1569 4314 1883 4381; x_wconf 82' lang='lat' dir='ltr'><strong>volantium,</strong></span> 
     </span>
    </p>
   </div>
   <div class='ocr_carea' id='block_1_62' title="bbox 302 4392 1885 4476">
    <p class='ocr_par' dir='ltr' id='par_1_62' title="bbox 302 4392 1885 4476">
     <span class='ocr_line' id='line_1_62' title="bbox 302 4392 1885 4476; baseline 0.002 -16"><span class='ocrx_word' id='word_1_490' title='bbox 302 4405 356 4460; x_wconf 91' lang='lat' dir='ltr'><strong>id</strong></span> <span class='ocrx_word' id='word_1_491' title='bbox 386 4413 469 4460; x_wconf 91' lang='lat' dir='ltr'><strong>est</strong></span> <span class='ocrx_word' id='word_1_492' title='bbox 505 4404 774 4475; x_wconf 87' lang='lat' dir='ltr'><strong>principes</strong></span> <span class='ocrx_word' id='word_1_493' title='bbox 827 4403 1026 4473; x_wconf 83' lang='lat' dir='ltr'><strong>populi,</strong></span> <span class='ocrx_word' id='word_1_494' title='bbox 1077 4412 1134 4458; x_wconf 95' lang='lat' dir='ltr'><strong>et</strong></span> <span class='ocrx_word' id='word_1_495' title='bbox 1185 4404 1363 4461; x_wconf 90' lang='lat' dir='ltr'><strong>omnis</strong></span> <span class='ocrx_word' id='word_1_496' title='bbox 1403 4405 1557 4460; x_wconf 91' lang='lat' dir='ltr'><strong>turba</strong></span> <span class='ocrx_word' id='word_1_497' title='bbox 1597 4392 1885 4476; x_wconf 80' lang='lat' dir='ltr'><strong>impiorum</strong></span> 
     </span>
    </p>
   </div>
   <div class='ocr_carea' id='block_1_63' title="bbox 2006 1876 3575 1947">
    <p class='ocr_par' dir='ltr' id='par_1_63' title="bbox 2006 1876 3575 1947">
     <span class='ocr_line' id='line_1_63' title="bbox 2006 1876 3575 1947; baseline 0.007 -20"><span class='ocrx_word' id='word_1_498' title='bbox 2006 1894 2026 1927; x_wconf 68' lang='grc' dir='ltr'><strong>ι</strong></span> <span class='ocrx_word' id='word_1_499' title='bbox 2071 1876 2121 1931; x_wconf 93' lang='lat' dir='ltr'><strong>ei</strong></span> <span class='ocrx_word' id='word_1_500' title='bbox 2164 1878 2410 1943; x_wconf 90' lang='lat' dir='ltr'><strong>verbum,</strong></span> <span class='ocrx_word' id='word_1_501' title='bbox 2458 1877 2698 1933; x_wconf 88' lang='lat' dir='ltr'><strong>dicentes</strong></span> <span class='ocrx_word' id='word_1_502' title='bbox 2737 1894 2751 1931; x_wconf 92' lang='lat'><strong>:</strong></span> <span class='ocrx_word' id='word_1_503' title='bbox 2803 1877 3052 1947; x_wconf 88' lang='lat' dir='ltr'><strong>Nunquid</strong></span> <span class='ocrx_word' id='word_1_504' title='bbox 3098 1894 3204 1935; x_wconf 90' lang='lat' dir='ltr'><strong>non</strong></span> <span class='ocrx_word' id='word_1_505' title='bbox 3249 1882 3575 1938; x_wconf 89' lang='lat' dir='ltr'><strong>sacriﬁcium</strong></span> 
     </span>
    </p>
   </div>
   <div class='ocr_carea' id='block_1_64' title="bbox 2004 1966 3580 2043">
    <p class='ocr_par' dir='ltr' id='par_1_64' title="bbox 2004 1966 3580 2043">
     <span class='ocr_line' id='line_1_64' title="bbox 2004 1966 3580 2043; baseline 0.008 -25"><span class='ocrx_word' id='word_1_506' title='bbox 2004 1984 2026 2018; x_wconf 69' lang='grc' dir='ltr'><strong>α</strong></span> <span class='ocrx_word' id='word_1_507' title='bbox 2067 1967 2208 2036; x_wconf 90' lang='lat' dir='ltr'><strong>quod</strong></span> <span class='ocrx_word' id='word_1_508' title='bbox 2235 1966 2578 2024; x_wconf 86' lang='lat' dir='ltr'><strong>sacriﬁcastis</strong></span> <span class='ocrx_word' id='word_1_509' title='bbox 2606 1969 2661 2023; x_wconf 92' lang='lat' dir='ltr'><strong>in</strong></span> <span class='ocrx_word' id='word_1_510' title='bbox 2695 1967 3000 2024; x_wconf 88' lang='lat' dir='ltr'><strong>civitatibus</strong></span> <span class='ocrx_word' id='word_1_511' title='bbox 3022 1967 3189 2036; x_wconf 69' lang='lat' dir='ltr'><strong>Judae,</strong></span> <span class='ocrx_word' id='word_1_512' title='bbox 3213 1978 3268 2026; x_wconf 91' lang='lat' dir='ltr'><strong>et</strong></span> <span class='ocrx_word' id='word_1_513' title='bbox 3302 1972 3365 2026; x_wconf 88' lang='lat' dir='ltr'><strong>in</strong></span> <span class='ocrx_word' id='word_1_514' title='bbox 3388 1972 3580 2043; x_wconf 87' lang='lat' dir='ltr'><strong>plateis</strong></span> 
     </span>
    </p>
   </div>
   <div class='ocr_carea' id='block_1_65' title="bbox 2004 2056 3578 2132">
    <p class='ocr_par' dir='ltr' id='par_1_65' title="bbox 2004 2056 3578 2132">
     <span class='ocr_line' id='line_1_65' title="bbox 2004 2056 3578 2132; baseline 0.005 -23"><span class='ocrx_word' id='word_1_515' title='bbox 2004 2076 2023 2109; x_wconf 74' lang='grc' dir='ltr'><strong>ι</strong></span> <span class='ocrx_word' id='word_1_516' title='bbox 2068 2056 2385 2124; x_wconf 86' lang='lat' dir='ltr'><strong>Jerusalem,</strong></span> <span class='ocrx_word' id='word_1_517' title='bbox 2418 2072 2514 2112; x_wconf 87' lang='lat' dir='ltr'><strong>vos</strong></span> <span class='ocrx_word' id='word_1_518' title='bbox 2558 2065 2613 2112; x_wconf 89' lang='lat' dir='ltr'><strong>et</strong></span> <span class='ocrx_word' id='word_1_519' title='bbox 2664 2066 2844 2127; x_wconf 88' lang='lat' dir='ltr'><strong>patres</strong></span> <span class='ocrx_word' id='word_1_520' title='bbox 2864 2059 3053 2126; x_wconf 87' lang='lat' dir='ltr'><strong>vestri,</strong></span> <span class='ocrx_word' id='word_1_521' title='bbox 3099 2074 3256 2132; x_wconf 84' lang='lat' dir='ltr'><strong>rcges</strong></span> <span class='ocrx_word' id='word_1_522' title='bbox 3291 2062 3479 2127; x_wconf 90' lang='lat' dir='ltr'><strong>vestri,</strong></span> <span class='ocrx_word' id='word_1_523' title='bbox 3523 2071 3578 2118; x_wconf 91' lang='lat' dir='ltr'><strong>et</strong></span> 
     </span>
    </p>
   </div>
   <div class='ocr_carea' id='block_1_66' title="bbox 2002 2147 3577 2217">
    <p class='ocr_par' dir='ltr' id='par_1_66' title="bbox 2002 2147 3577 2217">
     <span class='ocr_line' id='line_1_66' title="bbox 2002 2147 3577 2217; baseline 0.005 -19"><span class='ocrx_word' id='word_1_524' title='bbox 2002 2165 2021 2198; x_wconf 78' lang='grc' dir='ltr'><strong>ι</strong></span> <span class='ocrx_word' id='word_1_525' title='bbox 2067 2147 2336 2217; x_wconf 88' lang='lat' dir='ltr'><strong>principes</strong></span> <span class='ocrx_word' id='word_1_526' title='bbox 2376 2147 2556 2212; x_wconf 89' lang='lat' dir='ltr'><strong>vestri,</strong></span> <span class='ocrx_word' id='word_1_527' title='bbox 2599 2155 2655 2202; x_wconf 86' lang='lat' dir='ltr'><strong>et</strong></span> <span class='ocrx_word' id='word_1_528' title='bbox 2690 2147 2917 2216; x_wconf 84' lang='lat' dir='ltr'><strong>populus</strong></span> <span class='ocrx_word' id='word_1_529' title='bbox 2952 2156 3133 2214; x_wconf 81' lang='lat' dir='ltr'><strong>terrae,</strong></span> <span class='ocrx_word' id='word_1_530' title='bbox 3162 2149 3352 2204; x_wconf 88' lang='lat' dir='ltr'><strong>borum</strong></span> <span class='ocrx_word' id='word_1_531' title='bbox 3395 2164 3577 2207; x_wconf 85' lang='lat' dir='ltr'><strong>recor-</strong></span> 
     </span>
    </p>
   </div>
   <div class='ocr_carea' id='block_1_67' title="bbox 2001 2236 3576 2308">
    <p class='ocr_par' dir='ltr' id='par_1_67' title="bbox 2001 2236 3576 2308">
     <span class='ocr_line' id='line_1_67' title="bbox 2001 2236 3576 2308; baseline 0.006 -21"><span class='ocrx_word' id='word_1_532' title='bbox 2001 2254 2020 2287; x_wconf 75' lang='grc' dir='ltr'><strong>ι</strong></span> <span class='ocrx_word' id='word_1_533' title='bbox 2064 2237 2220 2291; x_wconf 91' lang='lat' dir='ltr'><strong>datus</strong></span> <span class='ocrx_word' id='word_1_534' title='bbox 2245 2244 2328 2291; x_wconf 80' lang='lat' dir='ltr'><strong>est</strong></span> <span class='ocrx_word' id='word_1_535' title='bbox 2355 2236 2634 2303; x_wconf 89' lang='lat' dir='ltr'><strong>Dominus,</strong></span> <span class='ocrx_word' id='word_1_536' title='bbox 2656 2243 2712 2291; x_wconf 92' lang='lat' dir='ltr'><strong>et</strong></span> <span class='ocrx_word' id='word_1_537' title='bbox 2735 2238 2975 2292; x_wconf 90' lang='lat' dir='ltr'><strong>ascendit</strong></span> <span class='ocrx_word' id='word_1_538' title='bbox 3000 2252 3163 2308; x_wconf 89' lang='lat' dir='ltr'><strong>super</strong></span> <span class='ocrx_word' id='word_1_539' title='bbox 3187 2250 3287 2293; x_wconf 82' lang='lat' dir='ltr'><strong>cor‘</strong></span> <span class='ocrx_word' id='word_1_540' title='bbox 3315 2238 3431 2308; x_wconf 91' lang='lat' dir='ltr'><strong>ejus</strong></span> <span class='ocrx_word' id='word_1_541' title='bbox 3448 2242 3473 2294; x_wconf 90' lang='lat'><strong>?</strong></span> <span class='ocrx_word' id='word_1_542' title='bbox 3521 2248 3576 2297; x_wconf 89' lang='lat' dir='ltr'><strong>et</strong></span> 
     </span>
    </p>
   </div>
   <div class='ocr_carea' id='block_1_68' title="bbox 2001 2327 3572 2400">
    <p class='ocr_par' dir='ltr' id='par_1_68' title="bbox 2001 2327 3572 2400">
     <span class='ocr_line' id='line_1_68' title="bbox 2001 2327 3572 2400; baseline 0.006 -22"><span class='ocrx_word' id='word_1_543' title='bbox 2001 2347 2019 2378; x_wconf 73' lang='grc' dir='ltr'><strong>ι</strong></span> <span class='ocrx_word' id='word_1_544' title='bbox 2063 2342 2169 2382; x_wconf 87' lang='grc' dir='ltr'>ιιοιι</span> <span class='ocrx_word' id='word_1_545' title='bbox 2199 2335 2412 2398; x_wconf 86' lang='lat' dir='ltr'><strong>poterat</strong></span> <span class='ocrx_word' id='word_1_546' title='bbox 2453 2327 2592 2382; x_wconf 89' lang='lat' dir='ltr'><strong>ultra</strong></span> <span class='ocrx_word' id='word_1_547' title='bbox 2632 2327 2887 2383; x_wconf 89' lang='lat' dir='ltr'><strong>Dominus</strong></span> <span class='ocrx_word' id='word_1_548' title='bbox 2913 2339 3132 2399; x_wconf 89' lang='lat' dir='ltr'><strong>portare</strong></span> <span class='ocrx_word' id='word_1_549' title='bbox 3159 2338 3378 2400; x_wconf 89' lang='lat' dir='ltr'><strong>propter</strong></span> <span class='ocrx_word' id='word_1_550' title='bbox 3414 2334 3572 2388; x_wconf 90' lang='lat' dir='ltr'><strong>mali-</strong></span> 
     </span>
    </p>
   </div>
   <div class='ocr_carea' id='block_1_69' title="bbox 2001 2416 3575 2490">
    <p class='ocr_par' dir='ltr' id='par_1_69' title="bbox 2001 2416 3575 2490">
     <span class='ocr_line' id='line_1_69' title="bbox 2001 2416 3575 2490; baseline 0.007 -23"><span class='ocrx_word' id='word_1_551' title='bbox 2001 2434 2020 2467; x_wconf 87' lang='grc'><strong><em>‹</em></strong></span> <span class='ocrx_word' id='word_1_552' title='bbox 2064 2418 2194 2472; x_wconf 84' lang='lat' dir='ltr'><strong>tiam</strong></span> <span class='ocrx_word' id='word_1_553' title='bbox 2243 2416 2540 2472; x_wconf 88' lang='lat' dir='ltr'><strong>studiorum</strong></span> <span class='ocrx_word' id='word_1_554' title='bbox 2582 2423 2904 2485; x_wconf 87' lang='lat' dir='ltr'><strong>vestrorum,</strong></span> <span class='ocrx_word' id='word_1_555' title='bbox 2949 2428 3003 2475; x_wconf 90' lang='lat' dir='ltr'><strong>et</strong></span> <span class='ocrx_word' id='word_1_556' title='bbox 3039 2430 3262 2490; x_wconf 89' lang='lat' dir='ltr'><strong>propter</strong></span> <span class='ocrx_word' id='word_1_557' title='bbox 3300 2423 3575 2478; x_wconf 86' lang='lat' dir='ltr'><strong>abomina-</strong></span> 
     </span>
    </p>
   </div>
   <div class='ocr_carea' id='block_1_70' title="bbox 1999 2502 3574 2583">
    <p class='ocr_par' dir='ltr' id='par_1_70' title="bbox 1999 2502 3574 2583">
     <span class='ocr_line' id='line_1_70' title="bbox 1999 2502 3574 2583; baseline 0.008 -28"><span class='ocrx_word' id='word_1_558' title='bbox 1999 2504 2018 2555; x_wconf 76' lang='grc' dir='ltr'><strong>ι</strong></span> <span class='ocrx_word' id='word_1_559' title='bbox 2062 2504 2238 2560; x_wconf 89' lang='lat' dir='ltr'><strong>tiones</strong></span> <span class='ocrx_word' id='word_1_560' title='bbox 2267 2520 2403 2575; x_wconf 86' lang='lat' dir='ltr'><strong>quas</strong></span> <span class='ocrx_word' id='word_1_561' title='bbox 2429 2502 2672 2583; x_wconf 82' lang='lat' dir='ltr'><strong>fecistis:</strong></span> <span class='ocrx_word' id='word_1_562' title='bbox 2705 2514 2761 2561; x_wconf 92' lang='lat' dir='ltr'><strong>et</strong></span> <span class='ocrx_word' id='word_1_563' title='bbox 2791 2506 2934 2563; x_wconf 90' lang='lat' dir='ltr'><strong>facta</strong></span> <span class='ocrx_word' id='word_1_564' title='bbox 2984 2517 3068 2564; x_wconf 89' lang='lat' dir='ltr'><strong>est</strong></span> <span class='ocrx_word' id='word_1_565' title='bbox 3118 2516 3262 2565; x_wconf 89' lang='lat' dir='ltr'><strong>terra</strong></span> <span class='ocrx_word' id='word_1_566' title='bbox 3308 2520 3484 2566; x_wconf 90' lang='lat' dir='ltr'><strong>vestra</strong></span> <span class='ocrx_word' id='word_1_567' title='bbox 3518 2513 3574 2567; x_wconf 90' lang='lat' dir='ltr'><strong>in</strong></span> 
     </span>
    </p>
   </div>
   <div class='ocr_carea' id='block_1_71' title="bbox 2000 2592 3574 2667">
    <p class='ocr_par' dir='ltr' id='par_1_71' title="bbox 2000 2592 3574 2667">
     <span class='ocr_line' id='line_1_71' title="bbox 2000 2592 3574 2667; baseline 0.008 -22"><span class='ocrx_word' id='word_1_568' title='bbox 2000 2613 2018 2645; x_wconf 86' lang='grc'><em>‹</em></span> <span class='ocrx_word' id='word_1_569' title='bbox 2062 2592 2466 2658; x_wconf 88' lang='lat' dir='ltr'><strong>desolationem,</strong></span> <span class='ocrx_word' id='word_1_570' title='bbox 2492 2602 2546 2650; x_wconf 91' lang='lat' dir='ltr'><strong>et</strong></span> <span class='ocrx_word' id='word_1_571' title='bbox 2566 2596 2620 2649; x_wconf 92' lang='lat' dir='ltr'><strong>in</strong></span> <span class='ocrx_word' id='word_1_572' title='bbox 2642 2604 2932 2665; x_wconf 88' lang='lat' dir='ltr'><strong>stuporem,</strong></span> <span class='ocrx_word' id='word_1_573' title='bbox 2957 2606 3013 2652; x_wconf 92' lang='lat' dir='ltr'><strong>et</strong></span> <span class='ocrx_word' id='word_1_574' title='bbox 3033 2599 3087 2652; x_wconf 93' lang='lat' dir='ltr'><strong>in</strong></span> <span class='ocrx_word' id='word_1_575' title='bbox 3109 2599 3475 2667; x_wconf 88' lang='lat' dir='ltr'><strong>maledictum,</strong></span> <span class='ocrx_word' id='word_1_576' title='bbox 3505 2614 3574 2657; x_wconf 84' lang='lat' dir='ltr'><strong>eo</strong></span> 
     </span>
    </p>
   </div>
   <div class='ocr_carea' id='block_1_72' title="bbox 1998 2684 3570 2756">
    <p class='ocr_par' dir='ltr' id='par_1_72' title="bbox 1998 2684 3570 2756">
     <span class='ocr_line' id='line_1_72' title="bbox 1998 2684 3570 2756; baseline 0.008 -23"><span class='ocrx_word' id='word_1_577' title='bbox 1998 2701 2016 2733; x_wconf 87' lang='grc'><strong><em>‹</em></strong></span> <span class='ocrx_word' id='word_1_578' title='bbox 2061 2684 2203 2752; x_wconf 91' lang='lat' dir='ltr'><strong>quod</strong></span> <span class='ocrx_word' id='word_1_579' title='bbox 2231 2699 2338 2739; x_wconf 91' lang='lat' dir='ltr'><strong>non</strong></span> <span class='ocrx_word' id='word_1_580' title='bbox 2369 2684 2439 2739; x_wconf 90' lang='lat' dir='ltr'><strong>sit</strong></span> <span class='ocrx_word' id='word_1_581' title='bbox 2460 2684 2752 2752; x_wconf 86' lang='lat' dir='ltr'><strong>habitator,</strong></span> <span class='ocrx_word' id='word_1_582' title='bbox 2781 2687 2921 2741; x_wconf 86' lang='lat' dir='ltr'><strong>sicut</strong></span> <span class='ocrx_word' id='word_1_583' title='bbox 2960 2697 3043 2743; x_wconf 91' lang='lat' dir='ltr'><strong>est</strong></span> <span class='ocrx_word' id='word_1_584' title='bbox 3083 2688 3198 2744; x_wconf 91' lang='lat' dir='ltr'><strong>dies</strong></span> <span class='ocrx_word' id='word_1_585' title='bbox 3227 2689 3365 2756; x_wconf 70' lang='lat' dir='ltr'><strong>hazc,</strong></span> <span class='ocrx_word' id='word_1_586' title='bbox 3397 2708 3418 2741; x_wconf 82' lang='grc' dir='ltr'><strong>ι</strong></span> <span class='ocrx_word' id='word_1_587' title='bbox 3460 2698 3570 2746; x_wconf 89' lang='lat' dir='ltr'><strong>etc.</strong></span> 
     </span>
    </p>
   </div>
   <div class='ocr_carea' id='block_1_73' title="bbox 1994 2768 3571 2846">
    <p class='ocr_par' dir='ltr' id='par_1_73' title="bbox 1994 2768 3571 2846">
     <span class='ocr_line' id='line_1_73' title="bbox 1994 2768 3571 2846; baseline 0.006 -22"><span class='ocrx_word' id='word_1_588' title='bbox 1994 2768 2283 2843; x_wconf 73' lang='lat' dir='ltr'><strong>(MAURUS.)</strong></span> <span class='ocrx_word' id='word_1_589' title='bbox 2314 2771 2359 2828; x_wconf 92' lang='grc' dir='ltr'><strong>Ο</strong></span> <span class='ocrx_word' id='word_1_590' title='bbox 2407 2774 2684 2844; x_wconf 87' lang='lat' dir='ltr'><strong>generatio</strong></span> <span class='ocrx_word' id='word_1_591' title='bbox 2710 2788 2875 2844; x_wconf 88' lang='lat' dir='ltr'><strong>prava</strong></span> <span class='ocrx_word' id='word_1_592' title='bbox 2916 2783 2972 2831; x_wconf 91' lang='lat' dir='ltr'><strong>et</strong></span> <span class='ocrx_word' id='word_1_593' title='bbox 3014 2790 3268 2846; x_wconf 87' lang='lat' dir='ltr'><strong>perversa</strong></span> <span class='ocrx_word' id='word_1_594' title='bbox 3313 2793 3329 2833; x_wconf 91' lang='lat'><strong>:</strong></span> <span class='ocrx_word' id='word_1_595' title='bbox 3376 2776 3473 2831; x_wconf 88' lang='lat' dir='ltr'><strong>ﬁlii</strong></span> <span class='ocrx_word' id='word_1_596' title='bbox 3517 2778 3571 2833; x_wconf 90' lang='lat' dir='ltr'><strong>in</strong></span> 
     </span>
    </p>
   </div>
   <div class='ocr_carea' id='block_1_74' title="bbox 1991 2859 3569 2936">
    <p class='ocr_par' dir='ltr' id='par_1_74' title="bbox 1991 2859 3569 2936">
     <span class='ocr_line' id='line_1_74' title="bbox 1991 2859 3569 2936; baseline 0.006 -23"><span class='ocrx_word' id='word_1_597' title='bbox 1991 2859 2186 2928; x_wconf 84' lang='lat' dir='ltr'><strong>quibus</strong></span> <span class='ocrx_word' id='word_1_598' title='bbox 2206 2876 2311 2915; x_wconf 93' lang='lat' dir='ltr'><strong>non</strong></span> <span class='ocrx_word' id='word_1_599' title='bbox 2354 2862 2506 2928; x_wconf 86' lang='lat' dir='ltr'><strong>ﬁdes,</strong></span> <span class='ocrx_word' id='word_1_600' title='bbox 2535 2862 2631 2916; x_wconf 92' lang='lat' dir='ltr'><strong>sed</strong></span> <span class='ocrx_word' id='word_1_601' title='bbox 2651 2863 2854 2918; x_wconf 89' lang='lat' dir='ltr'><strong>malitia</strong></span> <span class='ocrx_word' id='word_1_602' title='bbox 2877 2865 3220 2921; x_wconf 86' lang='lat' dir='ltr'><strong>dominatur:</strong></span> <span class='ocrx_word' id='word_1_603' title='bbox 3249 2881 3379 2936; x_wconf 82' lang='lat' dir='ltr'><strong>gens</strong></span> <span class='ocrx_word' id='word_1_604' title='bbox 3423 2866 3569 2923; x_wconf 89' lang='lat' dir='ltr'><strong>fatua</strong></span> 
     </span>
    </p>
   </div>
   <div class='ocr_carea' id='block_1_75' title="bbox 1990 2952 3571 3024">
    <p class='ocr_par' dir='ltr' id='par_1_75' title="bbox 1990 2952 3571 3024">
     <span class='ocr_line' id='line_1_75' title="bbox 1990 2952 3571 3024; baseline 0.008 -21"><span class='ocrx_word' id='word_1_605' title='bbox 1990 2958 2046 3003; x_wconf 87' lang='lat' dir='ltr'><strong>et</strong></span> <span class='ocrx_word' id='word_1_606' title='bbox 2094 2966 2201 3005; x_wconf 93' lang='lat' dir='ltr'><strong>non</strong></span> <span class='ocrx_word' id='word_1_607' title='bbox 2250 2952 2482 3023; x_wconf 88' lang='lat' dir='ltr'><strong>sapiens,</strong></span> <span class='ocrx_word' id='word_1_608' title='bbox 2546 2968 2665 3022; x_wconf 76' lang='lat' dir='ltr'><strong>qua:</strong></span> <span class='ocrx_word' id='word_1_609' title='bbox 2715 2969 2926 3024; x_wconf 90' lang='lat' dir='ltr'><strong>semper</strong></span> <span class='ocrx_word' id='word_1_610' title='bbox 2975 2957 3245 3012; x_wconf 87' lang='lat' dir='ltr'><strong>contraria</strong></span> <span class='ocrx_word' id='word_1_611' title='bbox 3292 2958 3571 3016; x_wconf 81' lang='lat' dir='ltr'><strong>beneficiis</strong></span> 
     </span>
    </p>
   </div>
   <div class='ocr_carea' id='block_1_76' title="bbox 1991 3040 3572 3119">
    <p class='ocr_par' dir='ltr' id='par_1_76' title="bbox 1991 3040 3572 3119">
     <span class='ocr_line' id='line_1_76' title="bbox 1991 3040 3572 3119; baseline 0.008 -25"><span class='ocrx_word' id='word_1_612' title='bbox 1991 3040 2202 3096; x_wconf 91' lang='lat' dir='ltr'><strong>Domini</strong></span> <span class='ocrx_word' id='word_1_613' title='bbox 2257 3044 2577 3113; x_wconf 89' lang='lat' dir='ltr'><strong>rependens,</strong></span> <span class='ocrx_word' id='word_1_614' title='bbox 2627 3044 2858 3100; x_wconf 85' lang='lat' dir='ltr'><strong>irritavit</strong></span> <span class='ocrx_word' id='word_1_615' title='bbox 2901 3062 3024 3102; x_wconf 87' lang='lat' dir='ltr'><strong>eum</strong></span> <span class='ocrx_word' id='word_1_616' title='bbox 3074 3064 3173 3119; x_wconf 90' lang='lat' dir='ltr'><strong>per</strong></span> <span class='ocrx_word' id='word_1_617' title='bbox 3222 3049 3362 3104; x_wconf 79' lang='lat' dir='ltr'><strong>mala</strong></span> <span class='ocrx_word' id='word_1_618' title='bbox 3407 3065 3572 3119; x_wconf 86' lang='lat' dir='ltr'><strong>opera</strong></span> 
     </span>
    </p>
   </div>
   <div class='ocr_carea' id='block_1_77' title="bbox 2193 3135 3573 3211">
    <p class='ocr_par' dir='ltr' id='par_1_77' title="bbox 2193 3135 3573 3211">
     <span class='ocr_line' id='line_1_77' title="bbox 2193 3135 3573 3211; baseline 0.007 -23"><span class='ocrx_word' id='word_1_619' title='bbox 2193 3147 2319 3189; x_wconf 90' lang='lat' dir='ltr'><strong>ecce</strong></span> <span class='ocrx_word' id='word_1_620' title='bbox 2371 3149 2531 3202; x_wconf 87' lang='lat' dir='ltr'><strong>quam</strong></span> <span class='ocrx_word' id='word_1_621' title='bbox 2565 3135 2882 3205; x_wconf 89' lang='lat' dir='ltr'><strong>insipienter</strong></span> <span class='ocrx_word' id='word_1_622' title='bbox 2935 3137 3193 3208; x_wconf 88' lang='lat' dir='ltr'><strong>loquitur,</strong></span> <span class='ocrx_word' id='word_1_623' title='bbox 3244 3145 3573 3211; x_wconf 86' lang='lat' dir='ltr'><strong>respondens</strong></span> 
     </span>
    </p>
   </div>
   <div class='ocr_carea' id='block_1_78' title="bbox 1990 3223 3572 3297">
    <p class='ocr_par' dir='ltr' id='par_1_78' title="bbox 1990 3223 3572 3297">
     <span class='ocr_line' id='line_1_78' title="bbox 1990 3223 3572 3297; baseline 0.006 -21"><span class='ocrx_word' id='word_1_624' title='bbox 1990 3224 2264 3292; x_wconf 65' lang='lat' dir='ltr'><strong>prophetae</strong></span> <span class='ocrx_word' id='word_1_625' title='bbox 2304 3223 2516 3278; x_wconf 90' lang='lat' dir='ltr'><strong>Domini</strong></span> <span class='ocrx_word' id='word_1_626' title='bbox 2547 3243 2561 3278; x_wconf 89' lang='lat'><strong>:</strong></span> <span class='ocrx_word' id='word_1_627' title='bbox 2618 3224 2932 3281; x_wconf 89' lang='lat' dir='ltr'><strong>Sermonem</strong></span> <span class='ocrx_word' id='word_1_628' title='bbox 2963 3243 3124 3297; x_wconf 91' lang='lat' dir='ltr'><strong>quem</strong></span> <span class='ocrx_word' id='word_1_629' title='bbox 3173 3228 3383 3286; x_wconf 90' lang='lat' dir='ltr'><strong>locutus</strong></span> <span class='ocrx_word' id='word_1_630' title='bbox 3416 3246 3475 3286; x_wconf 90' lang='lat' dir='ltr'><strong>es</strong></span> <span class='ocrx_word' id='word_1_631' title='bbox 3502 3232 3572 3286; x_wconf 90' lang='lat' dir='ltr'><strong>ad</strong></span> 
     </span>
    </p>
   </div>
   <div class='ocr_carea' id='block_1_79' title="bbox 1990 3315 3569 3386">
    <p class='ocr_par' dir='ltr' id='par_1_79' title="bbox 1990 3315 3569 3386">
     <span class='ocr_line' id='line_1_79' title="bbox 1990 3315 3569 3386; baseline 0.006 -18"><span class='ocrx_word' id='word_1_632' title='bbox 1990 3329 2089 3370; x_wconf 92' lang='lat' dir='ltr'><strong>nos</strong></span> <span class='ocrx_word' id='word_1_633' title='bbox 2119 3315 2170 3370; x_wconf 90' lang='lat' dir='ltr'><strong>in</strong></span> <span class='ocrx_word' id='word_1_634' title='bbox 2208 3316 2424 3371; x_wconf 89' lang='lat' dir='ltr'><strong>nomine</strong></span> <span class='ocrx_word' id='word_1_635' title='bbox 2451 3315 2661 3370; x_wconf 91' lang='lat' dir='ltr'><strong>Domini</strong></span> <span class='ocrx_word' id='word_1_636' title='bbox 2698 3332 2805 3373; x_wconf 87' lang='lat' dir='ltr'><strong>non</strong></span> <span class='ocrx_word' id='word_1_637' title='bbox 2844 3320 3122 3376; x_wconf 89' lang='lat' dir='ltr'><strong>audiemus</strong></span> <span class='ocrx_word' id='word_1_638' title='bbox 3147 3336 3213 3375; x_wconf 85' lang='lat' dir='ltr'><strong>ex</strong></span> <span class='ocrx_word' id='word_1_639' title='bbox 3246 3328 3316 3386; x_wconf 91' lang='lat' dir='ltr'><strong>te,</strong></span> <span class='ocrx_word' id='word_1_640' title='bbox 3362 3323 3457 3377; x_wconf 90' lang='lat' dir='ltr'><strong>sed</strong></span> <span class='ocrx_word' id='word_1_641' title='bbox 3485 3322 3569 3377; x_wconf 86' lang='lat' dir='ltr'><strong>fa-</strong></span> 
     </span>
    </p>
   </div>
   <div class='ocr_carea' id='block_1_80' title="bbox 1990 3398 3569 3487">
    <p class='ocr_par' dir='ltr' id='par_1_80' title="bbox 1990 3398 3569 3487">
     <span class='ocr_line' id='line_1_80' title="bbox 1990 3398 3569 3487; baseline 0.006 -29"><span class='ocrx_word' id='word_1_642' title='bbox 1990 3403 2193 3459; x_wconf 88' lang='lat' dir='ltr'><strong>cientes</strong></span> <span class='ocrx_word' id='word_1_643' title='bbox 2229 3404 2490 3459; x_wconf 86' lang='lat' dir='ltr'><strong>faciemus</strong></span> <span class='ocrx_word' id='word_1_644' title='bbox 2517 3421 2677 3459; x_wconf 90' lang='lat' dir='ltr'><strong>omne</strong></span> <span class='ocrx_word' id='word_1_645' title='bbox 2707 3407 2929 3461; x_wconf 88' lang='lat' dir='ltr'><strong>verbum</strong></span> <span class='ocrx_word' id='word_1_646' title='bbox 2969 3410 3111 3476; x_wconf 90' lang='lat' dir='ltr'><strong>quod</strong></span> <span class='ocrx_word' id='word_1_647' title='bbox 3154 3398 3459 3481; x_wconf 84' lang='lat' dir='ltr'><strong>egredietur</strong></span> <span class='ocrx_word' id='word_1_648' title='bbox 3504 3414 3569 3487; x_wconf 76' lang='lat' dir='ltr'><strong>de</strong></span> 
     </span>
    </p>
   </div>
   <div class='ocr_carea' id='block_1_81' title="bbox 1988 3493 3567 3568">
    <p class='ocr_par' dir='ltr' id='par_1_81' title="bbox 1988 3493 3567 3568">
     <span class='ocr_line' id='line_1_81' title="bbox 1988 3493 3567 3568; baseline 0.007 -20"><span class='ocrx_word' id='word_1_649' title='bbox 1988 3507 2085 3548; x_wconf 91' lang='lat' dir='ltr'><strong>ore</strong></span> <span class='ocrx_word' id='word_1_650' title='bbox 2108 3502 2294 3548; x_wconf 91' lang='lat' dir='ltr'><strong>nostro</strong></span> <span class='ocrx_word' id='word_1_651' title='bbox 2320 3512 2333 3546; x_wconf 90' lang='lat'><strong>:</strong></span> <span class='ocrx_word' id='word_1_652' title='bbox 2365 3503 2422 3548; x_wconf 92' lang='lat' dir='ltr'><strong>ut</strong></span> <span class='ocrx_word' id='word_1_653' title='bbox 2462 3493 2829 3551; x_wconf 83' lang='lat' dir='ltr'><strong>sacriﬁcemus</strong></span> <span class='ocrx_word' id='word_1_654' title='bbox 2867 3498 3065 3568; x_wconf 74' lang='lat' dir='ltr'><strong>regina:</strong></span> <span class='ocrx_word' id='word_1_655' title='bbox 3089 3500 3234 3564; x_wconf 86' lang='lat' dir='ltr'><strong>coeli,</strong></span> <span class='ocrx_word' id='word_1_656' title='bbox 3264 3510 3318 3556; x_wconf 88' lang='lat' dir='ltr'><strong>et</strong></span> <span class='ocrx_word' id='word_1_657' title='bbox 3338 3500 3567 3559; x_wconf 91' lang='lat' dir='ltr'><strong>libemus</strong></span> 
     </span>
    </p>
   </div>
   <div class='ocr_carea' id='block_1_82' title="bbox 1988 3582 3565 3660">
    <p class='ocr_par' dir='ltr' id='par_1_82' title="bbox 1988 3582 3565 3660">
     <span class='ocr_line' id='line_1_82' title="bbox 1988 3582 3565 3660; baseline 0.007 -22"><span class='ocrx_word' id='word_1_658' title='bbox 1988 3582 2038 3638; x_wconf 90' lang='lat' dir='ltr'><strong>ei</strong></span> <span class='ocrx_word' id='word_1_659' title='bbox 2067 3582 2363 3639; x_wconf 87' lang='lat' dir='ltr'><strong>libamina:</strong></span> <span class='ocrx_word' id='word_1_660' title='bbox 2416 3584 2555 3638; x_wconf 91' lang='lat' dir='ltr'><strong>sicut</strong></span> <span class='ocrx_word' id='word_1_661' title='bbox 2606 3584 2834 3640; x_wconf 86' lang='lat' dir='ltr'><strong>fecimus</strong></span> <span class='ocrx_word' id='word_1_662' title='bbox 2881 3603 2980 3642; x_wconf 91' lang='lat' dir='ltr'><strong>nos</strong></span> <span class='ocrx_word' id='word_1_663' title='bbox 3034 3597 3090 3644; x_wconf 90' lang='lat' dir='ltr'><strong>et</strong></span> <span class='ocrx_word' id='word_1_664' title='bbox 3138 3598 3321 3660; x_wconf 89' lang='lat' dir='ltr'><strong>patres</strong></span> <span class='ocrx_word' id='word_1_665' title='bbox 3367 3596 3565 3659; x_wconf 90' lang='lat' dir='ltr'><strong>nostri,</strong></span> 
     </span>
    </p>
   </div>
   <div class='ocr_carea' id='block_1_83' title="bbox 1989 3675 3565 3749">
    <p class='ocr_par' dir='ltr' id='par_1_83' title="bbox 1989 3675 3565 3749">
     <span class='ocr_line' id='line_1_83' title="bbox 1989 3675 3565 3749; baseline 0.008 -22"><span class='ocrx_word' id='word_1_666' title='bbox 1989 3688 2145 3744; x_wconf 88' lang='lat' dir='ltr'><strong>reges</strong></span> <span class='ocrx_word' id='word_1_667' title='bbox 2192 3675 2387 3739; x_wconf 89' lang='lat' dir='ltr'><strong>nostri,</strong></span> <span class='ocrx_word' id='word_1_668' title='bbox 2415 3683 2469 3728; x_wconf 90' lang='lat' dir='ltr'><strong>et</strong></span> <span class='ocrx_word' id='word_1_669' title='bbox 2507 3675 2781 3744; x_wconf 88' lang='lat' dir='ltr'><strong>principes</strong></span> <span class='ocrx_word' id='word_1_670' title='bbox 2823 3678 3013 3743; x_wconf 89' lang='lat' dir='ltr'><strong>nostri,</strong></span> <span class='ocrx_word' id='word_1_671' title='bbox 3062 3679 3117 3734; x_wconf 91' lang='lat' dir='ltr'><strong>in</strong></span> <span class='ocrx_word' id='word_1_672' title='bbox 3157 3681 3380 3736; x_wconf 90' lang='lat' dir='ltr'><strong>urbibus</strong></span> <span class='ocrx_word' id='word_1_673' title='bbox 3404 3681 3565 3749; x_wconf 85' lang='lat' dir='ltr'><strong>Juda,</strong></span> 
     </span>
    </p>
   </div>
   <div class='ocr_carea' id='block_1_84' title="bbox 1987 3762 3570 3840">
    <p class='ocr_par' dir='ltr' id='par_1_84' title="bbox 1987 3762 3570 3840">
     <span class='ocr_line' id='line_1_84' title="bbox 1987 3762 3570 3840; baseline 0.007 -24"><span class='ocrx_word' id='word_1_674' title='bbox 1987 3770 2043 3817; x_wconf 91' lang='lat' dir='ltr'><strong>et</strong></span> <span class='ocrx_word' id='word_1_675' title='bbox 2065 3763 2117 3816; x_wconf 93' lang='lat' dir='ltr'><strong>in</strong></span> <span class='ocrx_word' id='word_1_676' title='bbox 2156 3762 2347 3833; x_wconf 89' lang='lat' dir='ltr'><strong>plateis</strong></span> <span class='ocrx_word' id='word_1_677' title='bbox 2369 3762 2690 3831; x_wconf 91' lang='lat' dir='ltr'><strong>Jerusalem,</strong></span> <span class='ocrx_word' id='word_1_678' title='bbox 2712 3773 2768 3820; x_wconf 93' lang='lat' dir='ltr'><strong>et</strong></span> <span class='ocrx_word' id='word_1_679' title='bbox 2787 3768 3013 3822; x_wconf 88' lang='lat' dir='ltr'><strong>saturati</strong></span> <span class='ocrx_word' id='word_1_680' title='bbox 3055 3784 3240 3829; x_wconf 85' lang='lat' dir='ltr'><strong>sumus</strong></span> <span class='ocrx_word' id='word_1_681' title='bbox 3266 3771 3491 3840; x_wconf 89' lang='lat' dir='ltr'><strong>panibus</strong></span> <span class='ocrx_word' id='word_1_682' title='bbox 3514 3782 3570 3827; x_wconf 90' lang='lat' dir='ltr'><strong>et</strong></span> 
     </span>
    </p>
   </div>
   <div class='ocr_carea' id='block_1_85' title="bbox 1987 3852 3567 3925">
    <p class='ocr_par' dir='ltr' id='par_1_85' title="bbox 1987 3852 3567 3925">
     <span class='ocr_line' id='line_1_85' title="bbox 1987 3852 3567 3925; baseline 0.008 -18"><span class='ocrx_word' id='word_1_683' title='bbox 1987 3852 2125 3907; x_wconf 92' lang='lat' dir='ltr'><strong>bene</strong></span> <span class='ocrx_word' id='word_1_684' title='bbox 2158 3853 2313 3909; x_wconf 90' lang='lat' dir='ltr'><strong>nobis</strong></span> <span class='ocrx_word' id='word_1_685' title='bbox 2341 3863 2478 3919; x_wconf 86' lang='lat' dir='ltr'><strong>erat,</strong></span> <span class='ocrx_word' id='word_1_686' title='bbox 2512 3854 2819 3925; x_wconf 90' lang='lat' dir='ltr'><strong>malumque</strong></span> <span class='ocrx_word' id='word_1_687' title='bbox 2840 3872 2948 3912; x_wconf 92' lang='lat' dir='ltr'><strong>non</strong></span> <span class='ocrx_word' id='word_1_688' title='bbox 2974 3859 3224 3914; x_wconf 90' lang='lat' dir='ltr'><strong>vidimus.</strong></span> <span class='ocrx_word' id='word_1_689' title='bbox 3251 3859 3414 3917; x_wconf 90' lang='lat' dir='ltr'><strong>Obliti</strong></span> <span class='ocrx_word' id='word_1_690' title='bbox 3438 3872 3567 3919; x_wconf 92' lang='lat' dir='ltr'><strong>sunt</strong></span> 
     </span>
    </p>
   </div>
   <div class='ocr_carea' id='block_1_86' title="bbox 1986 3943 3569 4022">
    <p class='ocr_par' dir='ltr' id='par_1_86' title="bbox 1986 3943 3569 4022">
     <span class='ocr_line' id='line_1_86' title="bbox 1986 3943 3569 4022; baseline 0.006 -24"><span class='ocrx_word' id='word_1_691' title='bbox 1986 3943 2393 3999; x_wconf 86' lang='lat' dir='ltr'><strong>benefactorum</strong></span> <span class='ocrx_word' id='word_1_692' title='bbox 2420 3945 2555 4012; x_wconf 89' lang='lat' dir='ltr'><strong>ejus,</strong></span> <span class='ocrx_word' id='word_1_693' title='bbox 2604 3953 2660 3999; x_wconf 93' lang='lat' dir='ltr'><strong>et</strong></span> <span class='ocrx_word' id='word_1_694' title='bbox 2681 3947 3006 4002; x_wconf 90' lang='lat' dir='ltr'><strong>mirabilium</strong></span> <span class='ocrx_word' id='word_1_695' title='bbox 3031 3948 3166 4018; x_wconf 90' lang='lat' dir='ltr'><strong>ejus,</strong></span> <span class='ocrx_word' id='word_1_696' title='bbox 3190 3964 3310 4022; x_wconf 79' lang='lat' dir='ltr'><strong>qua:</strong></span> <span class='ocrx_word' id='word_1_697' title='bbox 3333 3954 3569 4008; x_wconf 91' lang='lat' dir='ltr'><strong>ostendit</strong></span> 
     </span>
    </p>
   </div>
   <div class='ocr_carea' id='block_1_87' title="bbox 1986 4034 3564 4109">
    <p class='ocr_par' dir='ltr' id='par_1_87' title="bbox 1986 4034 3564 4109">
     <span class='ocr_line' id='line_1_87' title="bbox 1986 4034 3564 4109; baseline 0.004 -19"><span class='ocrx_word' id='word_1_698' title='bbox 1986 4035 2066 4090; x_wconf 90' lang='lat' dir='ltr'><strong>eis</strong></span> <span class='ocrx_word' id='word_1_699' title='bbox 2089 4049 2269 4090; x_wconf 89' lang='lat' dir='ltr'><strong>coram</strong></span> <span class='ocrx_word' id='word_1_700' title='bbox 2296 4034 2539 4104; x_wconf 89' lang='lat' dir='ltr'><strong>patribus</strong></span> <span class='ocrx_word' id='word_1_701' title='bbox 2568 4050 2776 4101; x_wconf 90' lang='lat' dir='ltr'><strong>eorum,</strong></span> <span class='ocrx_word' id='word_1_702' title='bbox 2805 4036 2870 4090; x_wconf 92' lang='lat' dir='ltr'><strong>de</strong></span> <span class='ocrx_word' id='word_1_703' title='bbox 2890 4037 3084 4107; x_wconf 91' lang='lat' dir='ltr'><strong>quibus</strong></span> <span class='ocrx_word' id='word_1_704' title='bbox 3098 4038 3380 4109; x_wconf 89' lang='lat' dir='ltr'><strong>Scriptura</strong></span> <span class='ocrx_word' id='word_1_705' title='bbox 3409 4056 3564 4097; x_wconf 86' lang='lat' dir='ltr'><strong>sacra</strong></span> 
     </span>
    </p>
   </div>
   <div class='ocr_carea' id='block_1_88' title="bbox 1987 4122 3564 4197">
    <p class='ocr_par' dir='ltr' id='par_1_88' title="bbox 1987 4122 3564 4197">
     <span class='ocr_line' id='line_1_88' title="bbox 1987 4122 3564 4197; baseline 0.006 -19"><span class='ocrx_word' id='word_1_706' title='bbox 1987 4122 2316 4178; x_wconf 74' lang='lat' dir='ltr'><strong>sufﬁcienter</strong></span> <span class='ocrx_word' id='word_1_707' title='bbox 2341 4132 2527 4179; x_wconf 90' lang='lat' dir='ltr'><strong>narrat</strong></span> <span class='ocrx_word' id='word_1_708' title='bbox 2557 4142 2570 4178; x_wconf 92' lang='lat'><strong>:</strong></span> <span class='ocrx_word' id='word_1_709' title='bbox 2595 4122 2790 4179; x_wconf 90' lang='lat' dir='ltr'><strong>Pluens</strong></span> <span class='ocrx_word' id='word_1_710' title='bbox 2813 4125 2917 4181; x_wconf 91' lang='lat' dir='ltr'><strong>illis</strong></span> <span class='ocrx_word' id='word_1_711' title='bbox 2939 4127 3005 4182; x_wconf 90' lang='lat' dir='ltr'><strong>de</strong></span> <span class='ocrx_word' id='word_1_712' title='bbox 3026 4127 3165 4183; x_wconf 70' lang='lat' dir='ltr'><strong>coelo</strong></span> <span class='ocrx_word' id='word_1_713' title='bbox 3196 4145 3417 4197; x_wconf 88' lang='lat' dir='ltr'><strong>manna,</strong></span> <span class='ocrx_word' id='word_1_714' title='bbox 3453 4149 3471 4181; x_wconf 76' lang='grc' dir='ltr'><strong>ι</strong></span> <span class='ocrx_word' id='word_1_715' title='bbox 3509 4140 3564 4186; x_wconf 92' lang='lat' dir='ltr'><strong>ct</strong></span> 
     </span>
    </p>
   </div>
   <div class='ocr_carea' id='block_1_89' title="bbox 1985 4217 3563 4289">
    <p class='ocr_par' dir='ltr' id='par_1_89' title="bbox 1985 4217 3563 4289">
     <span class='ocr_line' id='line_1_89' title="bbox 1985 4217 3563 4289; baseline 0.007 -19"><span class='ocrx_word' id='word_1_716' title='bbox 1985 4232 2178 4287; x_wconf 90' lang='lat' dir='ltr'><strong>panem</strong></span> <span class='ocrx_word' id='word_1_717' title='bbox 2199 4217 2509 4289; x_wconf 88' lang='lat' dir='ltr'><strong>angelorum</strong></span> <span class='ocrx_word' id='word_1_718' title='bbox 2529 4219 2873 4275; x_wconf 91' lang='lat' dir='ltr'><strong>manducavit</strong></span> <span class='ocrx_word' id='word_1_719' title='bbox 2896 4222 3075 4289; x_wconf 90' lang='lat' dir='ltr'><strong>homo,</strong></span> <span class='ocrx_word' id='word_1_720' title='bbox 3090 4222 3563 4282; x_wconf 85' lang='lat' dir='ltr'><strong>frumentationem</strong></span> 
     </span>
    </p>
   </div>
   <div class='ocr_carea' id='block_1_90' title="bbox 1985 4306 3564 4390">
    <p class='ocr_par' dir='ltr' id='par_1_90' title="bbox 1985 4306 3564 4390">
     <span class='ocr_line' id='line_1_90' title="bbox 1985 4306 3564 4390; baseline 0.008 -30"><span class='ocrx_word' id='word_1_721' title='bbox 1985 4306 2131 4362; x_wconf 86' lang='lat' dir='ltr'><strong>misit</strong></span> <span class='ocrx_word' id='word_1_722' title='bbox 2157 4309 2237 4363; x_wconf 93' lang='lat' dir='ltr'><strong>eis</strong></span> <span class='ocrx_word' id='word_1_723' title='bbox 2272 4308 2328 4364; x_wconf 94' lang='lat' dir='ltr'><strong>in</strong></span> <span class='ocrx_word' id='word_1_724' title='bbox 2358 4308 2684 4365; x_wconf 90' lang='lat' dir='ltr'><strong>abundantia</strong></span> <span class='ocrx_word' id='word_1_725' title='bbox 2718 4324 2733 4364; x_wconf 90' lang='lat'><strong>:</strong></span> <span class='ocrx_word' id='word_1_726' title='bbox 2765 4312 2925 4382; x_wconf 89' lang='lat' dir='ltr'><strong>ejecit</strong></span> <span class='ocrx_word' id='word_1_727' title='bbox 2953 4328 2985 4367; x_wconf 90' lang='lat' dir='ltr'><strong>a</strong></span> <span class='ocrx_word' id='word_1_728' title='bbox 3027 4312 3166 4369; x_wconf 90' lang='lat' dir='ltr'><strong>facie</strong></span> <span class='ocrx_word' id='word_1_729' title='bbox 3216 4330 3402 4373; x_wconf 92' lang='lat' dir='ltr'><strong>eorum</strong></span> <span class='ocrx_word' id='word_1_730' title='bbox 3430 4335 3564 4390; x_wconf 86' lang='lat' dir='ltr'><strong>gen-</strong></span> 
     </span>
    </p>
   </div>
   <div class='ocr_carea' id='block_1_91' title="bbox 1989 4400 3563 4464">
    <p class='ocr_par' dir='ltr' id='par_1_91' title="bbox 1989 4400 3563 4464">
     <span class='ocr_line' id='line_1_91' title="bbox 1989 4400 3563 4464; baseline 0.008 -14"><span class='ocrx_word' id='word_1_731' title='bbox 1989 4404 2089 4464; x_wconf 91' lang='lat' dir='ltr'><strong>tes,</strong></span> <span class='ocrx_word' id='word_1_732' title='bbox 2130 4408 2182 4452; x_wconf 91' lang='lat' dir='ltr'><strong>et</strong></span> <span class='ocrx_word' id='word_1_733' title='bbox 2209 4408 2352 4454; x_wconf 90' lang='lat' dir='ltr'><strong>sorte</strong></span> <span class='ocrx_word' id='word_1_734' title='bbox 2380 4400 2562 4456; x_wconf 90' lang='lat' dir='ltr'><strong>divisit</strong></span> <span class='ocrx_word' id='word_1_735' title='bbox 2589 4401 2680 4457; x_wconf 87' lang='lat' dir='ltr'><strong>eis&#39;</strong></span> <span class='ocrx_word' id='word_1_736' title='bbox 2704 4408 2905 4457; x_wconf 88' lang='lat' dir='ltr'><strong>terram</strong></span> <span class='ocrx_word' id='word_1_737' title='bbox 2938 4402 2991 4458; x_wconf 92' lang='lat' dir='ltr'><strong>in</strong></span> <span class='ocrx_word' id='word_1_738' title='bbox 3036 4403 3276 4461; x_wconf 91' lang='lat' dir='ltr'><strong>funiculo</strong></span> <span class='ocrx_word' id='word_1_739' title='bbox 3304 4406 3563 4463; x_wconf 57' lang='lat' dir='ltr'><strong>distribu-’</strong></span> 
     </span>
    </p>
   </div>
   <div class='ocr_carea' id='block_1_92' title="bbox 305 4472 3567 4565">
    <p class='ocr_par' dir='ltr' id='par_1_92' title="bbox 305 4472 3567 4565">
     <span class='ocr_line' id='line_1_92' title="bbox 305 4472 3567 4565; baseline 0.004 -26"><span class='ocrx_word' id='word_1_740' title='bbox 305 4472 555 4564; x_wconf 47' lang='lat' dir='ltr'><strong>fuget-lu];</strong></span> <span class='ocrx_word' id='word_1_741' title='bbox 583 4493 650 4548; x_wconf 74' lang='lat' dir='ltr'><strong>ad</strong></span> <span class='ocrx_word' id='word_1_742' title='bbox 679 4472 958 4565; x_wconf 54' lang='lat' dir='ltr'><strong>populum,</strong></span> <span class='ocrx_word' id='word_1_743' title='bbox 990 4491 1083 4563; x_wconf 82' lang='lat' dir='ltr'><strong>qui</strong></span> <span class='ocrx_word' id='word_1_744' title='bbox 1127 4491 1209 4550; x_wconf 80' lang='lat' dir='ltr'><strong>eis</strong></span> <span class='ocrx_word' id='word_1_745' title='bbox 1256 4493 1513 4563; x_wconf 77' lang='lat' dir='ltr'><strong>prodesse</strong></span> <span class='ocrx_word' id='word_1_746' title='bbox 1555 4472 1883 4565; x_wconf 50' lang='grc' dir='ltr'><strong>ηοη-ροιιιίι,</strong></span> <span class='ocrx_word' id='word_1_747' title='bbox 1916 4472 1963 4532; x_wconf 84' lang='lat' dir='ltr'><strong>D</strong></span> <span class='ocrx_word' id='word_1_748' title='bbox 1992 4488 2174 4555; x_wconf 90' lang='lat' dir='ltr'><strong>tionis,</strong></span> <span class='ocrx_word' id='word_1_749' title='bbox 2226 4497 2281 4543; x_wconf 88' lang='lat' dir='ltr'><strong>et</strong></span> <span class='ocrx_word' id='word_1_750' title='bbox 2330 4491 2592 4546; x_wconf 89' lang='lat' dir='ltr'><strong>habitavit</strong></span> <span class='ocrx_word' id='word_1_751' title='bbox 2641 4491 2697 4546; x_wconf 92' lang='lat' dir='ltr'><strong>in</strong></span> <span class='ocrx_word' id='word_1_752' title='bbox 2744 4493 3107 4550; x_wconf 90' lang='lat' dir='ltr'><strong>tabernaculis</strong></span> <span class='ocrx_word' id='word_1_753' title='bbox 3153 4511 3340 4551; x_wconf 92' lang='lat' dir='ltr'><strong>eorum</strong></span> <span class='ocrx_word' id='word_1_754' title='bbox 3390 4498 3567 4553; x_wconf 87' lang='lat' dir='ltr'><strong>tribus</strong></span> 
     </span>
    </p>
   </div>
   <div class='ocr_carea' id='block_1_93' title="bbox 307 4581 1886 4652">
    <p class='ocr_par' dir='ltr' id='par_1_93' title="bbox 307 4581 1886 4652">
     <span class='ocr_line' id='line_1_93' title="bbox 307 4581 1886 4652; baseline 0.001 -14"><span class='ocrx_word' id='word_1_755' title='bbox 307 4583 517 4639; x_wconf 90' lang='lat' dir='ltr'><strong>dicente</strong></span> <span class='ocrx_word' id='word_1_756' title='bbox 553 4581 785 4638; x_wconf 89' lang='lat' dir='ltr'><strong>Jeremia</strong></span> <span class='ocrx_word' id='word_1_757' title='bbox 819 4582 964 4652; x_wconf 85' lang='lat' dir='ltr'><strong>quod</strong></span> <span class='ocrx_word' id='word_1_758' title='bbox 994 4583 1230 4637; x_wconf 89' lang='lat' dir='ltr'><strong>traderet</strong></span> <span class='ocrx_word' id='word_1_759' title='bbox 1256 4582 1515 4639; x_wconf 91' lang='lat' dir='ltr'><strong>Dominus</strong></span> <span class='ocrx_word' id='word_1_760' title='bbox 1546 4581 1886 4640; x_wconf 87' lang='lat' dir='ltr'><strong>Pharaonem</strong></span> 
     </span>
    </p>
   </div>
   <div class='ocr_carea' id='block_1_94' title="bbox 304 4670 1884 4744">
    <p class='ocr_par' dir='ltr' id='par_1_94' title="bbox 304 4670 1884 4744">
     <span class='ocr_line' id='line_1_94' title="bbox 304 4670 1884 4744; baseline 0.003 -17"><span class='ocrx_word' id='word_1_761' title='bbox 304 4670 518 4743; x_wconf 62' lang='lat' dir='ltr'><strong>Napbre</strong></span> <span class='ocrx_word' id='word_1_762' title='bbox 546 4687 727 4743; x_wconf 81' lang='lat' dir='ltr'><strong>regem</strong></span> <span class='ocrx_word' id='word_1_763' title='bbox 762 4672 978 4744; x_wconf 63' lang='lat' dir='ltr'><strong>[Egypti</strong></span> <span class='ocrx_word' id='word_1_764' title='bbox 1026 4673 1080 4729; x_wconf 90' lang='lat' dir='ltr'><strong>in</strong></span> <span class='ocrx_word' id='word_1_765' title='bbox 1130 4688 1325 4729; x_wconf 89' lang='lat' dir='ltr'><strong>manus</strong></span> <span class='ocrx_word' id='word_1_766' title='bbox 1361 4673 1704 4730; x_wconf 89' lang='lat' dir='ltr'><strong>inimicorum</strong></span> <span class='ocrx_word' id='word_1_767' title='bbox 1746 4675 1884 4744; x_wconf 90' lang='lat' dir='ltr'><strong>ejus,</strong></span> 
     </span>
    </p>
   </div>
   <div class='ocr_carea' id='block_1_95' title="bbox 307 4763 1886 4841">
    <p class='ocr_par' dir='ltr' id='par_1_95' title="bbox 307 4763 1886 4841">
     <span class='ocr_line' id='line_1_95' title="bbox 307 4763 1886 4841; baseline 0.003 -22"><span class='ocrx_word' id='word_1_768' title='bbox 307 4764 430 4820; x_wconf 92' lang='lat' dir='ltr'><strong>etin</strong></span> <span class='ocrx_word' id='word_1_769' title='bbox 470 4778 663 4820; x_wconf 88' lang='lat' dir='ltr'><strong>manus</strong></span> <span class='ocrx_word' id='word_1_770' title='bbox 691 4763 1059 4841; x_wconf 74' lang='lat' dir='ltr'><strong>quzerentium</strong></span> <span class='ocrx_word' id='word_1_771' title='bbox 1088 4765 1323 4820; x_wconf 92' lang='lat' dir='ltr'><strong>animam</strong></span> <span class='ocrx_word' id='word_1_772' title='bbox 1362 4765 1544 4821; x_wconf 91' lang='lat' dir='ltr'><strong>illius:</strong></span> <span class='ocrx_word' id='word_1_773' title='bbox 1586 4774 1647 4822; x_wconf 94' lang='lat' dir='ltr'><strong>ut</strong></span> <span class='ocrx_word' id='word_1_774' title='bbox 1690 4783 1886 4823; x_wconf 86' lang='lat' dir='ltr'><strong>consu-</strong></span> 
     </span>
    </p>
   </div>
   <div class='ocr_carea' id='block_1_96' title="bbox 307 4855 1886 4934">
    <p class='ocr_par' dir='ltr' id='par_1_96' title="bbox 307 4855 1886 4934">
     <span class='ocr_line' id='line_1_96' title="bbox 307 4855 1886 4934; baseline 0.003 -24"><span class='ocrx_word' id='word_1_775' title='bbox 307 4864 580 4912; x_wconf 89' lang='lat' dir='ltr'><strong>merentur</strong></span> <span class='ocrx_word' id='word_1_776' title='bbox 603 4870 793 4912; x_wconf 89' lang='lat' dir='ltr'><strong>omnes</strong></span> <span class='ocrx_word' id='word_1_777' title='bbox 813 4856 917 4911; x_wconf 89' lang='lat' dir='ltr'><strong>viri</strong></span> <span class='ocrx_word' id='word_1_778' title='bbox 950 4855 1108 4925; x_wconf 90' lang='lat' dir='ltr'><strong>Juda,</strong></span> <span class='ocrx_word' id='word_1_779' title='bbox 1139 4857 1231 4928; x_wconf 91' lang='lat' dir='ltr'><strong>qui</strong></span> <span class='ocrx_word' id='word_1_780' title='bbox 1260 4865 1416 4915; x_wconf 89' lang='lat' dir='ltr'><strong>erant</strong></span> <span class='ocrx_word' id='word_1_781' title='bbox 1441 4858 1495 4913; x_wconf 93' lang='lat' dir='ltr'><strong>in</strong></span> <span class='ocrx_word' id='word_1_782' title='bbox 1530 4866 1676 4915; x_wconf 86' lang='lat' dir='ltr'><strong>terra</strong></span> <span class='ocrx_word' id='word_1_783' title='bbox 1717 4858 1886 4934; x_wconf 67' lang='lat' dir='ltr'><strong>Egy-</strong></span> 
     </span>
    </p>
   </div>
   <div class='ocr_carea' id='block_1_97' title="bbox 305 4945 1885 5019">
    <p class='ocr_par' dir='ltr' id='par_1_97' title="bbox 305 4945 1885 5019">
     <span class='ocr_line' id='line_1_97' title="bbox 305 4945 1885 5019; baseline 0.006 -20"><span class='ocrx_word' id='word_1_784' title='bbox 305 4946 401 5017; x_wconf 91' lang='lat' dir='ltr'><strong>pti,</strong></span> <span class='ocrx_word' id='word_1_785' title='bbox 431 4946 608 5019; x_wconf 86' lang='lat' dir='ltr'><strong>gladio</strong></span> <span class='ocrx_word' id='word_1_786' title='bbox 636 4954 692 5002; x_wconf 92' lang='lat' dir='ltr'><strong>et</strong></span> <span class='ocrx_word' id='word_1_787' title='bbox 709 4945 853 5003; x_wconf 80' lang='lat' dir='ltr'><strong>fame</strong></span> <span class='ocrx_word' id='word_1_788' title='bbox 889 4962 1060 5018; x_wconf 86' lang='lat' dir='ltr'><strong>usque</strong></span> <span class='ocrx_word' id='word_1_789' title='bbox 1086 4949 1155 5004; x_wconf 93' lang='lat' dir='ltr'><strong>ad</strong></span> <span class='ocrx_word' id='word_1_790' title='bbox 1183 4948 1608 5007; x_wconf 90' lang='lat' dir='ltr'><strong>internecionem</strong></span> <span class='ocrx_word' id='word_1_791' title='bbox 1640 4970 1653 5005; x_wconf 89' lang='lat'><strong>:</strong></span> <span class='ocrx_word' id='word_1_792' title='bbox 1686 4952 1740 5007; x_wconf 90' lang='lat' dir='ltr'><strong>in</strong></span> <span class='ocrx_word' id='word_1_793' title='bbox 1768 4962 1885 5008; x_wconf 90' lang='lat' dir='ltr'><strong>tan—</strong></span> 
     </span>
    </p>
   </div>
   <div class='ocr_carea' id='block_1_98' title="bbox 307 5038 1885 5111">
    <p class='ocr_par' dir='ltr' id='par_1_98' title="bbox 307 5038 1885 5111">
     <span class='ocr_line' id='line_1_98' title="bbox 307 5038 1885 5111; baseline 0.004 -18"><span class='ocrx_word' id='word_1_794' title='bbox 307 5046 415 5093; x_wconf 89' lang='lat' dir='ltr'><strong>tum</strong></span> <span class='ocrx_word' id='word_1_795' title='bbox 462 5048 522 5095; x_wconf 92' lang='lat' dir='ltr'><strong>ut</strong></span> <span class='ocrx_word' id='word_1_796' title='bbox 575 5039 791 5095; x_wconf 90' lang='lat' dir='ltr'><strong>tradant</strong></span> <span class='ocrx_word' id='word_1_797' title='bbox 817 5038 1028 5095; x_wconf 66' lang='lat' dir='ltr'><strong>Hebraai</strong></span> <span class='ocrx_word' id='word_1_798' title='bbox 1052 5040 1366 5111; x_wconf 86' lang='lat' dir='ltr'><strong>priusquam</strong></span> <span class='ocrx_word' id='word_1_799' title='bbox 1392 5040 1885 5100; x_wconf 89' lang='lat' dir='ltr'><strong>Nabuchodonosor</strong></span> 
     </span>
    </p>
   </div>
   <div class='ocr_carea' id='block_1_99' title="bbox 306 5118 1886 5202">
    <p class='ocr_par' dir='ltr' id='par_1_99' title="bbox 306 5118 1886 5202">
     <span class='ocr_line' id='line_1_99' title="bbox 306 5118 1886 5202; baseline 0.004 -19"><span class='ocrx_word' id='word_1_800' title='bbox 306 5127 591 5200; x_wconf 71' lang='lat' dir='ltr'><strong>Egyptum</strong></span> <span class='ocrx_word' id='word_1_801' title='bbox 613 5138 854 5202; x_wconf 91' lang='lat' dir='ltr'><strong>caperet,</strong></span> <span class='ocrx_word' id='word_1_802' title='bbox 882 5118 1174 5186; x_wconf 83' lang='lat' dir='ltr'><strong>Jeremiam</strong></span> <span class='ocrx_word' id='word_1_803' title='bbox 1199 5139 1253 5186; x_wconf 89' lang='lat' dir='ltr'><strong>et</strong></span> <span class='ocrx_word' id='word_1_804' title='bbox 1272 5131 1486 5189; x_wconf 86' lang='lat' dir='ltr'><strong>Baruch</strong></span> <span class='ocrx_word' id='word_1_805' title='bbox 1511 5132 1886 5190; x_wconf 91' lang='lat' dir='ltr'><strong>imminentem</strong></span> 
     </span>
    </p>
   </div>
   <div class='ocr_carea' id='block_1_100' title="bbox 308 5222 1141 5291">
    <p class='ocr_par' dir='ltr' id='par_1_100' title="bbox 308 5222 1141 5291">
     <span class='ocr_line' id='line_1_100' title="bbox 308 5222 1141 5291; baseline 0.001 -15"><span class='ocrx_word' id='word_1_806' title='bbox 308 5222 669 5291; x_wconf 83' lang='lat' dir='ltr'><strong>captivitatem</strong></span> <span class='ocrx_word' id='word_1_807' title='bbox 707 5230 883 5279; x_wconf 85' lang='lat' dir='ltr'><strong>morte</strong></span> <span class='ocrx_word' id='word_1_808' title='bbox 917 5223 1141 5279; x_wconf 87' lang='lat' dir='ltr'><strong>vitasse.</strong></span> 
     </span>
    </p>
   </div>
   <div class='ocr_carea' id='block_1_101' title="bbox 378 5308 1891 5382">
    <p class='ocr_par' dir='ltr' id='par_1_101' title="bbox 378 5308 1891 5382">
     <span class='ocr_line' id='line_1_101' title="bbox 378 5308 1891 5382; baseline 0.006 -21"><span class='ocrx_word' id='word_1_809' title='bbox 378 5327 399 5360; x_wconf 76' lang='grc' dir='ltr'><strong>ι</strong></span> <span class='ocrx_word' id='word_1_810' title='bbox 443 5308 856 5380; x_wconf 76' lang='lat' dir='ltr'><strong>Responderunt</strong></span> <span class='ocrx_word' id='word_1_811' title='bbox 876 5321 1059 5370; x_wconf 90' lang='lat' dir='ltr'><strong>autem</strong></span> <span class='ocrx_word' id='word_1_812' title='bbox 1082 5311 1331 5370; x_wconf 73' lang='lat' dir='ltr'><strong>Jeremia:</strong></span> <span class='ocrx_word' id='word_1_813' title='bbox 1356 5326 1546 5370; x_wconf 92' lang='lat' dir='ltr'><strong>omnes</strong></span> <span class='ocrx_word' id='word_1_814' title='bbox 1568 5312 1694 5382; x_wconf 92' lang='lat' dir='ltr'><strong>viri,</strong></span> <span class='ocrx_word' id='word_1_815' title='bbox 1718 5314 1891 5371; x_wconf 92' lang='lat' dir='ltr'><strong>scien-</strong></span> 
     </span>
    </p>
   </div>
   <div class='ocr_carea' id='block_1_102' title="bbox 313 5399 1885 5468">
    <p class='ocr_par' dir='ltr' id='par_1_102' title="bbox 313 5399 1885 5468">
     <span class='ocr_line' id='line_1_102' title="bbox 313 5399 1885 5468; baseline 0.005 -17"><span class='ocrx_word' id='word_1_816' title='bbox 313 5412 334 5451; x_wconf 78' lang='lat' dir='ltr'><strong>t</strong></span> <span class='ocrx_word' id='word_1_817' title='bbox 377 5404 460 5453; x_wconf 91' lang='lat' dir='ltr'><strong>tes</strong></span> <span class='ocrx_word' id='word_1_818' title='bbox 483 5399 625 5468; x_wconf 91' lang='lat' dir='ltr'><strong>quod</strong></span> <span class='ocrx_word' id='word_1_819' title='bbox 654 5401 1259 5461; x_wconf 82' lang='lat' dir='ltr'><strong>sacriﬁearentuxores</strong></span> <span class='ocrx_word' id='word_1_820' title='bbox 1303 5415 1494 5457; x_wconf 91' lang='lat' dir='ltr'><strong>eorum</strong></span> <span class='ocrx_word' id='word_1_821' title='bbox 1520 5403 1625 5459; x_wconf 91' lang='lat' dir='ltr'><strong>diis</strong></span> <span class='ocrx_word' id='word_1_822' title='bbox 1674 5403 1885 5468; x_wconf 90' lang='lat' dir='ltr'><strong>alienis,</strong></span> 
     </span>
    </p>
   </div>
   <div class='ocr_carea' id='block_1_103' title="bbox 314 5489 1888 5562">
    <p class='ocr_par' dir='ltr' id='par_1_103' title="bbox 314 5489 1888 5562">
     <span class='ocr_line' id='line_1_103' title="bbox 314 5489 1888 5562; baseline 0.005 -20"><span class='ocrx_word' id='word_1_823' title='bbox 314 5506 334 5542; x_wconf 78' lang='grc' dir='ltr'><strong>ι</strong></span> <span class='ocrx_word' id='word_1_824' title='bbox 371 5496 427 5545; x_wconf 90' lang='lat' dir='ltr'><strong>et</strong></span> <span class='ocrx_word' id='word_1_825' title='bbox 475 5489 743 5545; x_wconf 82' lang='lat' dir='ltr'><strong>universa:</strong></span> <span class='ocrx_word' id='word_1_826' title='bbox 786 5491 1040 5548; x_wconf 82' lang='lat' dir='ltr'><strong>mulieres</strong></span> <span class='ocrx_word' id='word_1_827' title='bbox 1087 5507 1316 5562; x_wconf 88' lang='lat' dir='ltr'><strong>quarum</strong></span> <span class='ocrx_word' id='word_1_828' title='bbox 1376 5493 1554 5549; x_wconf 87' lang='lat' dir='ltr'><strong>stabat</strong></span> <span class='ocrx_word' id='word_1_829' title='bbox 1602 5492 1888 5550; x_wconf 87' lang='lat' dir='ltr'><strong>multitudo</strong></span> 
     </span>
    </p>
   </div>
   <div class='ocr_carea' id='block_1_104' title="bbox 315 5582 1886 5653">
    <p class='ocr_par' dir='ltr' id='par_1_104' title="bbox 315 5582 1886 5653">
     <span class='ocr_line' id='line_1_104' title="bbox 315 5582 1886 5653; baseline 0.003 -18"><span class='ocrx_word' id='word_1_830' title='bbox 315 5599 334 5635; x_wconf 80' lang='grc' dir='ltr'><strong>ι</strong></span> <span class='ocrx_word' id='word_1_831' title='bbox 373 5582 592 5653; x_wconf 82' lang='lat' dir='ltr'><strong>grandis</strong></span> <span class='ocrx_word' id='word_1_832' title='bbox 636 5599 650 5636; x_wconf 93' lang='lat'><strong>:</strong></span> <span class='ocrx_word' id='word_1_833' title='bbox 701 5589 758 5637; x_wconf 93' lang='lat' dir='ltr'><strong>et</strong></span> <span class='ocrx_word' id='word_1_834' title='bbox 779 5583 957 5638; x_wconf 90' lang='lat' dir='ltr'><strong>omnis</strong></span> <span class='ocrx_word' id='word_1_835' title='bbox 981 5582 1211 5653; x_wconf 87' lang='lat' dir='ltr'><strong>populus</strong></span> <span class='ocrx_word' id='word_1_836' title='bbox 1237 5583 1593 5639; x_wconf 90' lang='lat' dir='ltr'><strong>habitantium</strong></span> <span class='ocrx_word' id='word_1_837' title='bbox 1635 5584 1690 5639; x_wconf 92' lang='lat' dir='ltr'><strong>in</strong></span> <span class='ocrx_word' id='word_1_838' title='bbox 1739 5591 1886 5639; x_wconf 90' lang='lat' dir='ltr'><strong>terra</strong></span> 
     </span>
    </p>
   </div>
   <div class='ocr_carea' id='block_1_105' title="bbox 316 5674 1882 5747">
    <p class='ocr_par' dir='ltr' id='par_1_105' title="bbox 316 5674 1882 5747">
     <span class='ocr_line' id='line_1_105' title="bbox 316 5674 1882 5747; baseline 0.002 -18"><span class='ocrx_word' id='word_1_839' title='bbox 316 5695 334 5729; x_wconf 78' lang='grc' dir='ltr'><strong>ι</strong></span> <span class='ocrx_word' id='word_1_840' title='bbox 379 5674 598 5747; x_wconf 67' lang='lat' dir='ltr'><strong>Egypti</strong></span> <span class='ocrx_word' id='word_1_841' title='bbox 629 5676 683 5733; x_wconf 89' lang='lat' dir='ltr'><strong>in</strong></span> <span class='ocrx_word' id='word_1_842' title='bbox 712 5675 1001 5743; x_wconf 79' lang='lat' dir='ltr'><strong>Pltaturcs,</strong></span> <span class='ocrx_word' id='word_1_843' title='bbox 1036 5676 1274 5733; x_wconf 83' lang='lat' dir='ltr'><strong>dicentes</strong></span> <span class='ocrx_word' id='word_1_844' title='bbox 1308 5695 1320 5731; x_wconf 91' lang='lat'><strong>:</strong></span> <span class='ocrx_word' id='word_1_845' title='bbox 1365 5677 1680 5735; x_wconf 87' lang='lat' dir='ltr'><strong>Sermonem</strong></span> <span class='ocrx_word' id='word_1_846' title='bbox 1723 5690 1882 5746; x_wconf 87' lang='lat' dir='ltr'><strong>quem</strong></span> 
     </span>
    </p>
   </div>
   <div class='ocr_carea' id='block_1_106' title="bbox 1984 4579 3564 4649">
    <p class='ocr_par' dir='ltr' id='par_1_106' title="bbox 1984 4579 3564 4649">
     <span class='ocr_line' id='line_1_106' title="bbox 1984 4579 3564 4649; baseline 0.005 -14"><span class='ocrx_word' id='word_1_847' title='bbox 1984 4579 2149 4636; x_wconf 91' lang='lat' dir='ltr'><strong>Israel</strong></span> <span class='ocrx_word' id='word_1_848' title='bbox 2203 4598 2217 4634; x_wconf 94' lang='lat'><strong>:</strong></span> <span class='ocrx_word' id='word_1_849' title='bbox 2269 4588 2323 4636; x_wconf 93' lang='lat' dir='ltr'><strong>et</strong></span> <span class='ocrx_word' id='word_1_850' title='bbox 2373 4588 2733 4649; x_wconf 87' lang='lat' dir='ltr'><strong>tentaverunt,</strong></span> <span class='ocrx_word' id='word_1_851' title='bbox 2791 4596 2845 4640; x_wconf 92' lang='lat' dir='ltr'><strong>et</strong></span> <span class='ocrx_word' id='word_1_852' title='bbox 2892 4587 3352 4642; x_wconf 76' lang='lat' dir='ltr'><strong>exacerbavcrunt</strong></span> <span class='ocrx_word' id='word_1_853' title='bbox 3395 4588 3564 4643; x_wconf 90' lang='lat' dir='ltr'><strong>Deum</strong></span> 
     </span>
    </p>
   </div>
   <div class='ocr_carea' id='block_1_107' title="bbox 1986 4669 3566 4756">
    <p class='ocr_par' dir='ltr' id='par_1_107' title="bbox 1986 4669 3566 4756">
     <span class='ocr_line' id='line_1_107' title="bbox 1986 4669 3566 4756; baseline 0.002 -30"><span class='ocrx_word' id='word_1_854' title='bbox 1986 4669 2283 4736; x_wconf 77' lang='lat' dir='ltr'><strong>excelsum,</strong></span> <span class='ocrx_word' id='word_1_855' title='bbox 2312 4680 2367 4726; x_wconf 90' lang='lat' dir='ltr'><strong>et</strong></span> <span class='ocrx_word' id='word_1_856' title='bbox 2417 4671 2721 4726; x_wconf 89' lang='lat' dir='ltr'><strong>testimonia</strong></span> <span class='ocrx_word' id='word_1_857' title='bbox 2761 4672 2879 4743; x_wconf 88' lang='lat' dir='ltr'><strong>ejus</strong></span> <span class='ocrx_word' id='word_1_858' title='bbox 2909 4690 3025 4756; x_wconf 66' lang='lat' dir='ltr'><strong>neq</strong></span> <span class='ocrx_word' id='word_1_859' title='bbox 3058 4676 3431 4730; x_wconf 91' lang='lat' dir='ltr'><strong>custodierunt</strong></span> <span class='ocrx_word' id='word_1_860' title='bbox 3463 4694 3477 4730; x_wconf 94' lang='lat'><strong>:</strong></span> <span class='ocrx_word' id='word_1_861' title='bbox 3510 4685 3566 4731; x_wconf 88' lang='lat' dir='ltr'><strong>et</strong></span> 
     </span>
    </p>
   </div>
   <div class='ocr_carea' id='block_1_108' title="bbox 1986 4763 3564 4835">
    <p class='ocr_par' dir='ltr' id='par_1_108' title="bbox 1986 4763 3564 4835">
     <span class='ocr_line' id='line_1_108' title="bbox 1986 4763 3564 4835; baseline 0.002 -16"><span class='ocrx_word' id='word_1_862' title='bbox 1986 4770 2295 4820; x_wconf 90' lang='lat' dir='ltr'><strong>averterunt</strong></span> <span class='ocrx_word' id='word_1_863' title='bbox 2308 4779 2385 4831; x_wconf 91' lang='lat' dir='ltr'><strong>se,</strong></span> <span class='ocrx_word' id='word_1_864' title='bbox 2408 4771 2463 4819; x_wconf 90' lang='lat' dir='ltr'><strong>et</strong></span> <span class='ocrx_word' id='word_1_865' title='bbox 2477 4779 2583 4819; x_wconf 92' lang='lat' dir='ltr'><strong>non</strong></span> <span class='ocrx_word' id='word_1_866' title='bbox 2603 4763 3025 4819; x_wconf 76' lang='lat' dir='ltr'><strong>observaverunt</strong></span> <span class='ocrx_word' id='word_1_867' title='bbox 3047 4774 3285 4835; x_wconf 91' lang='lat' dir='ltr'><strong>pactum,</strong></span> <span class='ocrx_word' id='word_1_868' title='bbox 3308 4767 3564 4835; x_wconf 86' lang='lat' dir='ltr'><strong>quemad-</strong></span> 
     </span>
    </p>
   </div>
   <div class='ocr_carea' id='block_1_109' title="bbox 1985 4855 3560 4928">
    <p class='ocr_par' dir='ltr' id='par_1_109' title="bbox 1985 4855 3560 4928">
     <span class='ocr_line' id='line_1_109' title="bbox 1985 4855 3560 4928; baseline 0.001 -17"><span class='ocrx_word' id='word_1_869' title='bbox 1985 4855 2203 4911; x_wconf 88' lang='lat' dir='ltr'><strong>modum</strong></span> <span class='ocrx_word' id='word_1_870' title='bbox 2248 4866 2433 4926; x_wconf 89' lang='lat' dir='ltr'><strong>patres</strong></span> <span class='ocrx_word' id='word_1_871' title='bbox 2474 4869 2661 4909; x_wconf 90' lang='lat' dir='ltr'><strong>eorum</strong></span> <span class='ocrx_word' id='word_1_872' title='bbox 2689 4855 2935 4911; x_wconf 91' lang='lat' dir='ltr'><strong>conversi</strong></span> <span class='ocrx_word' id='word_1_873' title='bbox 2962 4863 3089 4912; x_wconf 90' lang='lat' dir='ltr'><strong>sunt</strong></span> <span class='ocrx_word' id='word_1_874' title='bbox 3132 4856 3187 4910; x_wconf 91' lang='lat' dir='ltr'><strong>in</strong></span> <span class='ocrx_word' id='word_1_875' title='bbox 3217 4871 3401 4911; x_wconf 87' lang='lat' dir='ltr'><strong>arcum</strong></span> <span class='ocrx_word' id='word_1_876' title='bbox 3440 4871 3560 4928; x_wconf 81' lang='lat' dir='ltr'><strong>pra-</strong></span> 
     </span>
    </p>
   </div>
   <div class='ocr_carea' id='block_1_110' title="bbox 1982 4946 3562 5014">
    <p class='ocr_par' dir='ltr' id='par_1_110' title="bbox 1982 4946 3562 5014">
     <span class='ocr_line' id='line_1_110' title="bbox 1982 4946 3562 5014; baseline 0.001 -13"><span class='ocrx_word' id='word_1_877' title='bbox 1982 4962 2108 5001; x_wconf 87' lang='lat' dir='ltr'><strong>vum</strong></span> <span class='ocrx_word' id='word_1_878' title='bbox 2134 4964 2149 5001; x_wconf 88' lang='lat'><strong>:</strong></span> <span class='ocrx_word' id='word_1_879' title='bbox 2183 4946 2239 5001; x_wconf 91' lang='lat' dir='ltr'><strong>in</strong></span> <span class='ocrx_word' id='word_1_880' title='bbox 2263 4947 2345 5001; x_wconf 90' lang='lat' dir='ltr'><strong>ira</strong></span> <span class='ocrx_word' id='word_1_881' title='bbox 2373 4946 2781 5002; x_wconf 90' lang='lat' dir='ltr'><strong>concitaverunt</strong></span> <span class='ocrx_word' id='word_1_882' title='bbox 2806 4961 2929 5002; x_wconf 90' lang='lat' dir='ltr'><strong>eum</strong></span> <span class='ocrx_word' id='word_1_883' title='bbox 2953 4947 3004 5001; x_wconf 89' lang='lat' dir='ltr'><strong>in</strong></span> <span class='ocrx_word' id='word_1_884' title='bbox 3032 4947 3256 5003; x_wconf 86' lang='lat' dir='ltr'><strong>collibus</strong></span> <span class='ocrx_word' id='word_1_885' title='bbox 3278 4947 3479 5014; x_wconf 90' lang='lat' dir='ltr'><strong>suis,et</strong></span> <span class='ocrx_word' id='word_1_886' title='bbox 3512 4950 3562 5004; x_wconf 87' lang='lat' dir='ltr'><strong>in</strong></span> 
     </span>
    </p>
   </div>
   <div class='ocr_carea' id='block_1_111' title="bbox 1984 5035 3564 5108">
    <p class='ocr_par' dir='ltr' id='par_1_111' title="bbox 1984 5035 3564 5108">
     <span class='ocr_line' id='line_1_111' title="bbox 1984 5035 3564 5108; baseline 0.002 -17"><span class='ocrx_word' id='word_1_887' title='bbox 1984 5035 2320 5106; x_wconf 89' lang='lat' dir='ltr'><strong>sculptilibus</strong></span> <span class='ocrx_word' id='word_1_888' title='bbox 2362 5035 2475 5092; x_wconf 91' lang='lat' dir='ltr'><strong>suis</strong></span> <span class='ocrx_word' id='word_1_889' title='bbox 2517 5035 2586 5090; x_wconf 91' lang='lat' dir='ltr'><strong>ad</strong></span> <span class='ocrx_word' id='word_1_890' title='bbox 2636 5035 3031 5091; x_wconf 64' lang='lat' dir='ltr'><strong>atmulationem</strong></span> <span class='ocrx_word' id='word_1_891' title='bbox 3061 5052 3184 5091; x_wconf 90' lang='lat' dir='ltr'><strong>cum</strong></span> <span class='ocrx_word' id='word_1_892' title='bbox 3232 5052 3564 5108; x_wconf 73' lang='lat' dir='ltr'><strong>provocare-</strong></span> 
     </span>
    </p>
   </div>
   <div class='ocr_carea' id='block_1_112' title="bbox 1985 5126 3563 5198">
    <p class='ocr_par' dir='ltr' id='par_1_112' title="bbox 1985 5126 3563 5198">
     <span class='ocr_line' id='line_1_112' title="bbox 1985 5126 3563 5198; baseline 0.001 -15"><span class='ocrx_word' id='word_1_893' title='bbox 1985 5136 2114 5184; x_wconf 89' lang='lat' dir='ltr'><strong>runt</strong></span> <span class='ocrx_word' id='word_1_894' title='bbox 2141 5143 2156 5182; x_wconf 91' lang='lat'><strong>:</strong></span> <span class='ocrx_word' id='word_1_895' title='bbox 2187 5126 2309 5183; x_wconf 89' lang='lat' dir='ltr'><strong>ideo</strong></span> <span class='ocrx_word' id='word_1_896' title='bbox 2331 5127 2534 5182; x_wconf 89' lang='lat' dir='ltr'><strong>audivit</strong></span> <span class='ocrx_word' id='word_1_897' title='bbox 2562 5127 2820 5182; x_wconf 89' lang='lat' dir='ltr'><strong>Dominus</strong></span> <span class='ocrx_word' id='word_1_898' title='bbox 2846 5135 2901 5182; x_wconf 92' lang='lat' dir='ltr'><strong>et</strong></span> <span class='ocrx_word' id='word_1_899' title='bbox 2920 5128 3145 5198; x_wconf 83' lang='lat' dir='ltr'><strong>Sprevit,</strong></span> <span class='ocrx_word' id='word_1_900' title='bbox 3168 5135 3222 5182; x_wconf 94' lang='lat' dir='ltr'><strong>et</strong></span> <span class='ocrx_word' id='word_1_901' title='bbox 3249 5128 3316 5183; x_wconf 90' lang='lat' dir='ltr'><strong>ad</strong></span> <span class='ocrx_word' id='word_1_902' title='bbox 3337 5128 3563 5186; x_wconf 86' lang='lat' dir='ltr'><strong>nihilum</strong></span> 
     </span>
    </p>
   </div>
   <div class='ocr_carea' id='block_1_113' title="bbox 1984 5215 3563 5289">
    <p class='ocr_par' dir='ltr' id='par_1_113' title="bbox 1984 5215 3563 5289">
     <span class='ocr_line' id='line_1_113' title="bbox 1984 5215 3563 5289; baseline -0.002 -15"><span class='ocrx_word' id='word_1_903' title='bbox 1984 5218 2193 5289; x_wconf 83' lang='lat' dir='ltr'><strong>redegit</strong></span> <span class='ocrx_word' id='word_1_904' title='bbox 2220 5217 2383 5273; x_wconf 90' lang='lat' dir='ltr'><strong>nimis</strong></span> <span class='ocrx_word' id='word_1_905' title='bbox 2404 5215 2569 5272; x_wconf 89' lang='lat' dir='ltr'><strong>Israel</strong></span> <span class='ocrx_word' id='word_1_906' title='bbox 2593 5233 2606 5270; x_wconf 91' lang='lat'><strong>:</strong></span> <span class='ocrx_word' id='word_1_907' title='bbox 2632 5224 2688 5270; x_wconf 91' lang='lat' dir='ltr'><strong>et</strong></span> <span class='ocrx_word' id='word_1_908' title='bbox 2723 5215 2943 5271; x_wconf 90' lang='lat' dir='ltr'><strong>tradidit</strong></span> <span class='ocrx_word' id='word_1_909' title='bbox 2970 5215 3027 5270; x_wconf 90' lang='lat' dir='ltr'><strong>in</strong></span> <span class='ocrx_word' id='word_1_910' title='bbox 3053 5216 3417 5285; x_wconf 87' lang='lat' dir='ltr'><strong>captivitatem</strong></span> <span class='ocrx_word' id='word_1_911' title='bbox 3451 5219 3563 5272; x_wconf 79' lang='lat' dir='ltr'><strong>vir-</strong></span> 
     </span>
    </p>
   </div>
   <div class='ocr_carea' id='block_1_114' title="bbox 1989 5304 3567 5377">
    <p class='ocr_par' dir='ltr' id='par_1_114' title="bbox 1989 5304 3567 5377">
     <span class='ocr_line' id='line_1_114' title="bbox 1989 5304 3567 5377; baseline -0.003 -12"><span class='ocrx_word' id='word_1_912' title='bbox 1989 5317 2159 5365; x_wconf 89' lang='lat' dir='ltr'><strong>tutem</strong></span> <span class='ocrx_word' id='word_1_913' title='bbox 2184 5314 2464 5372; x_wconf 90' lang='lat' dir='ltr'><strong>eorum,et</strong></span> <span class='ocrx_word' id='word_1_914' title='bbox 2490 5304 2946 5377; x_wconf 88' lang='lat' dir='ltr'><strong>pulchritudinem</strong></span> <span class='ocrx_word' id='word_1_915' title='bbox 2967 5320 3154 5360; x_wconf 89' lang='lat' dir='ltr'><strong>eorum</strong></span> <span class='ocrx_word' id='word_1_916' title='bbox 3176 5305 3230 5360; x_wconf 91' lang='lat' dir='ltr'><strong>in</strong></span> <span class='ocrx_word' id='word_1_917' title='bbox 3253 5320 3446 5361; x_wconf 91' lang='lat' dir='ltr'><strong>manus</strong></span> <span class='ocrx_word' id='word_1_918' title='bbox 3466 5307 3567 5361; x_wconf 86' lang='lat' dir='ltr'><strong>iui-</strong></span> 
     </span>
    </p>
   </div>
   <div class='ocr_carea' id='block_1_115' title="bbox 1987 5393 3568 5466">
    <p class='ocr_par' dir='ltr' id='par_1_115' title="bbox 1987 5393 3568 5466">
     <span class='ocr_line' id='line_1_115' title="bbox 1987 5393 3568 5466; baseline -0.004 -10"><span class='ocrx_word' id='word_1_919' title='bbox 1987 5400 2134 5466; x_wconf 90' lang='lat' dir='ltr'><strong>mici,</strong></span> <span class='ocrx_word' id='word_1_920' title='bbox 2166 5408 2221 5456; x_wconf 92' lang='lat' dir='ltr'><strong>et</strong></span> <span class='ocrx_word' id='word_1_921' title='bbox 2243 5397 2507 5455; x_wconf 90' lang='lat' dir='ltr'><strong>conclusit</strong></span> <span class='ocrx_word' id='word_1_922' title='bbox 2547 5396 2601 5451; x_wconf 90' lang='lat' dir='ltr'><strong>in</strong></span> <span class='ocrx_word' id='word_1_923' title='bbox 2631 5393 2808 5466; x_wconf 81' lang='lat' dir='ltr'><strong>gladio</strong></span> <span class='ocrx_word' id='word_1_924' title='bbox 2835 5396 3091 5466; x_wconf 88' lang='lat' dir='ltr'><strong>populum</strong></span> <span class='ocrx_word' id='word_1_925' title='bbox 3115 5410 3292 5462; x_wconf 91' lang='lat' dir='ltr'><strong>suum,</strong></span> <span class='ocrx_word' id='word_1_926' title='bbox 3320 5402 3376 5450; x_wconf 92' lang='lat' dir='ltr'><strong>et</strong></span> <span class='ocrx_word' id='word_1_927' title='bbox 3398 5396 3568 5450; x_wconf 67' lang='lat' dir='ltr'><strong>haere-</strong></span> 
     </span>
    </p>
   </div>
   <div class='ocr_carea' id='block_1_116' title="bbox 1986 5485 3568 5559">
    <p class='ocr_par' dir='ltr' id='par_1_116' title="bbox 1986 5485 3568 5559">
     <span class='ocr_line' id='line_1_116' title="bbox 1986 5485 3568 5559; baseline -0.007 -12"><span class='ocrx_word' id='word_1_928' title='bbox 1986 5491 2210 5547; x_wconf 91' lang='lat' dir='ltr'><strong>ditatem</strong></span> <span class='ocrx_word' id='word_1_929' title='bbox 2252 5498 2407 5545; x_wconf 88' lang='lat' dir='ltr'><strong>suam</strong></span> <span class='ocrx_word' id='word_1_930' title='bbox 2451 5488 2672 5559; x_wconf 90' lang='lat' dir='ltr'><strong>sprevit.</strong></span> <span class='ocrx_word' id='word_1_931' title='bbox 2726 5485 2998 5542; x_wconf 88' lang='lat' dir='ltr'><strong>Dominati</strong></span> <span class='ocrx_word' id='word_1_932' title='bbox 3050 5493 3425 5553; x_wconf 76' lang='lat' dir='ltr'><strong>sunt&#39;eorum,</strong></span> <span class='ocrx_word' id='word_1_933' title='bbox 3476 5485 3568 5556; x_wconf 87' lang='lat' dir='ltr'><strong>qui</strong></span> 
     </span>
    </p>
   </div>
   <div class='ocr_carea' id='block_1_117' title="bbox 1985 5577 3568 5643">
    <p class='ocr_par' dir='ltr' id='par_1_117' title="bbox 1985 5577 3568 5643">
     <span class='ocr_line' id='line_1_117' title="bbox 1985 5577 3568 5643; baseline -0.004 -8"><span class='ocrx_word' id='word_1_934' title='bbox 1985 5581 2219 5636; x_wconf 91' lang='lat' dir='ltr'><strong>oderunt</strong></span> <span class='ocrx_word' id='word_1_935' title='bbox 2269 5594 2382 5643; x_wconf 91' lang='lat' dir='ltr'><strong>eos,</strong></span> <span class='ocrx_word' id='word_1_936' title='bbox 2432 5587 2487 5633; x_wconf 90' lang='lat' dir='ltr'><strong>et</strong></span> <span class='ocrx_word' id='word_1_937' title='bbox 2521 5577 2930 5633; x_wconf 76' lang='lat' dir='ltr'><strong>&#39;tribulaverunt</strong></span> <span class='ocrx_word' id='word_1_938' title='bbox 2979 5593 3072 5634; x_wconf 90' lang='lat' dir='ltr'><strong>eos</strong></span> <span class='ocrx_word' id='word_1_939' title='bbox 3127 5577 3331 5634; x_wconf 88' lang='lat' dir='ltr'><strong>inimici</strong></span> <span class='ocrx_word' id='word_1_940' title='bbox 3382 5590 3568 5631; x_wconf 90' lang='lat' dir='ltr'><strong>eorum</strong></span> 
     </span>
    </p>
   </div>
   <div class='ocr_carea' id='block_1_118' title="bbox 1986 5668 3566 5745">
    <p class='ocr_par' dir='ltr' id='par_1_118' title="bbox 1986 5668 3566 5745">
     <span class='ocr_line' id='line_1_118' title="bbox 1986 5668 3566 5745; baseline -0.005 -20"><span class='ocrx_word' id='word_1_941' title='bbox 1986 5669 2157 5745; x_wconf 68' lang='lat' dir='ltr'><strong>(Paul.</strong></span> <span class='ocrx_word' id='word_1_942' title='bbox 2190 5670 2433 5741; x_wconf 74' lang='lat' dir='ltr'><strong>Lxxvn):</strong></span> <span class='ocrx_word' id='word_1_943' title='bbox 2472 5688 2491 5723; x_wconf 76' lang='grc' dir='ltr'><strong>ι</strong></span> <span class='ocrx_word' id='word_1_944' title='bbox 2538 5676 2591 5724; x_wconf 88' lang='lat' dir='ltr'><strong>et</strong></span> <span class='ocrx_word' id='word_1_945' title='bbox 2638 5669 2851 5725; x_wconf 88' lang='lat' dir='ltr'><strong>merito.</strong></span> <span class='ocrx_word' id='word_1_946' title='bbox 2902 5668 3101 5727; x_wconf 76' lang='lat' dir='ltr'><strong>Omnes</strong></span> <span class='ocrx_word' id='word_1_947' title='bbox 3143 5668 3285 5727; x_wconf 91' lang='lat' dir='ltr'><strong>enim</strong></span> <span class='ocrx_word' id='word_1_948' title='bbox 3335 5671 3566 5729; x_wconf 89' lang='lat' dir='ltr'><strong>montes,</strong></span> 
     </span>
    </p>
   </div>
  </div>
