4044 6326
503 256 646 314 1835
1170 256 1230 313 Β.
1274 218 1526 313 nm.va
1569 256 1786 313 MAUltl
1827 252 2081 313 ARCHIE

2190 254 2497 312 MOGUNT.
2540 256 2828 314 OPERUM
2867 257 3047 314 PARS
3085 255 3173 313 III.
3638 256 3835 316 ιωθ

492 368 662 427 valles
685 378 847 440 atque
865 377 1158 435 torrentes,
1185 370 1328 440 pleni
1349 377 1507 426 erant
1533 346 1835 425 darmonum
1856 368 2088 447 cultura.
2118 379 2170 439 Α
2196 367 2287 437 qui
2312 366 2569 438 ‘etl'ugere
2625 375 2882 439 poterant
2922 367 3158 438 gladium
3190 405 3207 433 ,
3272 368 3479 423 reversi
3546 380 3679 431 sunt
3728 372 3837 430 de

493 463 572 519 De
595 460 789 532 quibus
820 456 1084 515 Jeremias
1108 461 1270 516 modo
1316 459 1580 529 loquitur,
1626 458 1769 529 quod
1794 466 1975 528 patres
2020 471 2086 511 ac
2188 466 2333 513 terra
2362 457 2585 530 Egypti
2615 458 2669 512 in
2707 466 2908 515 terram
2952 457 3114 524 Juda,
3156 459 3545 528 ut'posteritas
3588 459 3832 531 stirpis

491 554 589 611 ﬁlii
610 553 753 624 ligna
773 559 1134 623 comportent,
1156 550 1860 622 ignemquesuccendantut
1882 547 2093 613 faciant.
2185 548 2420 616 antiqua:
2446 557 2778 605 servaretur.
2823 547 3155 616 Spiritaliter
3198 554 3381 603 autem
3418 559 3830 604 convocatur

494 636 736 717 κοινῶνας
764 643 968 696 militia:
996 642 1139 706 cmli,
1184 642 1287 696 hoc
1312 648 1415 708 est,
1462 639 1715 696 omnibus
1740 639 1925 702 stellis,
1958 654 2086 693 con-
2186 650 2379 691 nomen
2419 636 2631 693 Domini
2658 651 2727 693 ex
2757 651 2852 692 ore
2873 637 3055 692 omnis
3074 635 3319 693 hatretici
3346 638 3581 695 interra
3604 640 3820 710 Egy-

492 732 791 791 terentibus
828 731 1047 787 feminis
1066 739 1229 802 atque
1259 729 1614 786 miscentibus
1636 729 1844 785 similm.
1874 728 2081 797 adipes,
2184 725 2262 793 pti
2289 763 2305 790 ,
2354 725 2481 796 quia
2524 739 2724 785 eorum
2753 741 2954 793 sermo,
3006 727 3241 797 quandiu
3280 736 3409 785 sunt
3434 736 3441 739 “
3462 729 3538 789 in.
3570 744 3815 796 θηοκ,

490 833 551 879 ut
614 824 788 879 Deum
840 823 909 878 ad
974 822 1313 879 iracundiam
1378 828 1757 892 provocarent.
1835 817 2085 889 Nullique
2122 868 2131 877 ,
2184 826 2293 867 non
2312 815 2487 870 oratio
2511 814 2623 870 Deo
2645 815 2863 885 placita,
2890 816 3816 891 sedblasphemiacpmbaturesse

482 915 711 977 ,dubium
736 913 865 984 quid
888 912 1178 982 placendas
1197 910 1480 982 signiﬁcet,
1507 910 1621 966 sive
1653 908 1892 965 crustula
1915 923 2080 963 manu
2183 903 2535 970 nequissima.
2572 904 2723 959 Unde
2755 906 3019 976 scriptum
3057 915 3141 963 est
3191 926 3207 962 :
3261 908 3380 971 Non
3402 920 3519 969 αι.
3549 912 3811 982 pulchra

489 1005 713 1061 artiﬁcis
736 1011 1038 1077 praeparata
1073 1022 1087 1061 :
1119 1004 1223 1058 hoc
1248 1002 1391 1056 enim
1410 1000 1593 1070 lingua
1616 1008 1799 1055 nostra
1827 1005 2081 1070 χαυῶνας
2183 992 2421 1085 laudatio
2448 995 2515 1085 in,
2526 1010 2623 1051 ore
2646 999 2974 1068 peccatoris,
3002 1009 3152 1085 muta
3179 1000 3485 1058 eﬁiciantur
3506 1003 3657 1066 labia
3686 1012 3809 1067 do-

489 1102 668 1152 sonat.
695 1093 774 1148 De
803 1094 889 1149 his
932 1108 999 1147 ex
1029 1106 1259 1164 persona
1301 1089 1515 1146 Domini
1542 1086 1845 1161 prophetali
1889 1088 2083 1159 spiritu
2183 1080 2319 1149 1053.
2347 1098 2468 1177 ςιξιω
2504 1084 2796 1156 ιοειυυηῑιιτ
2838 1080 3105 1145 θάνθνευέ
3151 1088 3316 1155 ἱειιιηι
3346 1090 3696 1171 iniquitatem
3730 1100 3804 1177 is!

486 1185 818 1258 praecidebat
846 1180 1022 1241 Moses
1061 1184 1116 1239 in
1149 1182 1363 1239 cantico
1388 1179 1815 1245 Deuteronomii,
1850 1178 2077 1234 dicens:
2183 1173 2436 1242 superbia
2456 1182 2513 1231 et
2531 1184 2865 1246 contemptu.
2892 1176 3104 1243 ldcitco
3141 1187 3452 1257 quicunque
3495 1189 3553 1244 in
3588 1173 3804 1246 errore

493 1295 517 1331 ι
548 1275 901 1333 Irritaverunt
919 1290 1007 1331 me
1028 1274 1084 1330 in
1098 1272 1213 1351 diis
1252 1271 1443 1327 alienis
1473 1277 1529 1326 et
1573 1270 1629 1325 in
1662 1266 2082 1325 abominationi-
2179 1271 2443 1334 θοηοεριο
2471 1268 2927 1340 Perseveravcrit,
2960 1276 3143 1346 gladio
3163 1277 3296 1346 justi
3330 1279 3536 1348 ,ἱυῶοὸ
3550 1280 3650 1341 Dei
3679 1297 3800 1351 pe-

487 1350 591 1425 bus
612 1368 725 1423 suis
738 1365 807 1422 ad
828 1344 1163 1423 iracundiam
1183 1369 1640 1438 provocaverunt,
1663 1360 2081 1417 immolaverunt

2181 1352 2311 1409 ribit
2337 1369 2353 1408 :
2384 1355 2474 1424 qui
2498 1367 2702 1431 autem,
2752 1367 2940 1429 relicto
2962 1344 3312 1436 errores-ao,
3330 1344 3700 1433 revertentur:
3713 1374 3799 1430 de

489 1455 842 1521 daemonibus,
870 1464 926 1511 et
947 1471 1052 1511 non
1082 1455 1192 1508 Deo
1216 1452 1396 1525 (Deut.
1426 1451 1598 1523 XXXI).
1639 1469 1657 1502 ι
1689 1449 1758 1504 Et
1783 1449 1889 1504 hoc
1937 1446 2081 1505 fece-

2182 1453 2328 1533 terra
2350 1444 2571 1527 Aigypti
2593 1456 2648 1511 in
2672 1465 2871 1515 terram
2892 1457 3051 1526 Juda,
3075 1470 3132 1517 et
3151 1469 3377 1532 agentes
3400 1465 3801 1533 pascimini:

487 1553 617 1601 runt
640 1546 857 1617 prepria
883 1544 1179 1612 voluntate,
1202 1543 1328 1614 quia
1359 1542 1414 1598 in
1440 1549 1626 1597 nostro
1653 1538 1900 1596 consistit
1928 1537 2076 1593 arbi—
2166 1532 2441 1614 deinceps
2467 1559 2568 1616 per
2593 1546 2774 1609 omnia
2799 1547 2905 1605 rite
2927 1532 3416 1619 sequunturﬁdent

489 1637 597 1692 trio
620 1637 818 1692 bonum
850 1636 932 1692 vel
962 1635 1163 1691 malum
1186 1632 1404 1705 eligere.
1434 1632 1699 1702 Reginam
1726 1629 1848 1687 coeli
1875 1637 1971 1691 aut
1996 1639 2080 1693 lu-
2183 1632 2557 1690 salvabuntur.
3216 1684 3217 1687 η
3452 1678 3457 1691 ε
3489 1700 3493 1704 ι
3564 1686 3567 1691 λ
3600 1690 3603 1697 ,
3640 1708 3643 1709 ν
3700 1682 3705 1703 ξ
3772 1684 3791 1701 ,

487 1743 614 1782 nam
642 1727 782 1782 sicut
804 1726 1051 1796 superius
1072 1725 1277 1787 dictum
1296 1733 1401 1797 est,
1426 1740 1519 1786 aut
1543 1727 1807 1785 lunonem
1835 1742 2080 1785 sororem
2110 1730 2157 1797 Β
2260 1740 2279 1775 ι
2322 1722 2390 1778 Et
2420 1724 2524 1789 ιιοο
2549 1724 2703 1781 “bis
2735 1724 2967 1798 εῖεηιιωι
3018 1726 3097 1782 θίῐ
3123 1727 3409 1797 Dominus:
3449 1731 3596 1803 ειυοςι
3638 1733 3800 1805 $.39.“

484 1812 658 1881 Iovis,
697 1824 791 1870 aut
842 1814 1245 1878 Berecltinitam
1290 1836 1518 1878 uxorem
1573 1818 1795 1875 Saturni
1849 1826 2081 1873 matrem

486 1905 713 1960 deorum
790 1907 1088 1970 secundum
1146 1912 1409 1983 quosdam
1486 1918 1762 1982 nuncupat
1810 1929 1825 1965 :
1874 1909 2083 1978 Quibus

489 1990 632 2057 faba
687 2018 885 2058 nomen
969 2002 1267 2074 majestatis
1342 1990 1688 2057 ascribebant
1739 2016 1754 2054 :
1823 1999 2081 2071 quoniam

501 2112 521 2145 ι
548 2109 735 2150 omnes
756 2092 830 2150 dii
855 2093 1094 2164 gentium
1123 2078 1408 2160 daemonia,
1428 2091 1691 2150 Dominus
1712 2098 1894 2147 autem
1916 2090 2084 2147 caelos

398 2200 401 2207 λ
494 2182 624 2240 fecit
649 2182 819 2255 (Ρεαι.
856 2183 1074 2254 χεν).μ›
1109 2181 1331 2255 Mystice
1376 2189 1557 2237 autem
1604 2195 1796 2236 omnes
1837 2177 2081 2234 haeretici

490 2271 553 2331 in
583 2270 816 2344 Egypto
846 2272 1003 2328 istius
1027 2271 1238 2336 mundi,
1267 2270 1371 2327 hoc
1400 2278 1503 2338 est,
1527 2270 1583 2326 in
1611 2268 1853 2325 tenebris
1880 2266 2084 2322 erroris

493 2361 794 2429 constituti,
827 2361 1096 2418 sacriﬁcia
1122 2368 1177 2416 et
1201 2360 1459 2416 libamina
1488 2374 1597 2415 non
1643 2359 1755 2414 Deo
1796 2373 1949 2424 vero,
1988 2355 2083 2412 sed

495 2451 646 2507 falsis
694 2451 1001 2508 numinibus
1048 2450 1304 2518 otferunt,
1352 2466 1477 2506 eum
1513 2449 1760 2507 ﬁctiones
1796 2462 2082 2521 perversae

484 2550 551 2598 et
566 2540 813 2614 dogmata
839 2558 1005 2615 prava
1033 2543 1101 2597 ad
1122 2542 1468 2613 decipiendos
1488 2543 1757 2609 homines,
1780 2552 1837 2599 et
1861 2543 2084 2598 subver-

494 2631 710 2687 tendam
759 2630 917 2687 ﬁdem
966 2643 1170 2687 rectam
1219 2633 1584 2688 conscribunt.
1631 2630 1839 2687 Idcirco
1867 2631 2085 2688 venient

495 2737 659 2792 super
682 2736 777 2778 eos
804 2722 963 2789 mala,
995 2730 1049 2777 et
1075 2730 1233 2778 erunt
1257 2722 1313 2778 in
1335 2721 1753 2789 desolationem,
1794 2730 1850 2777 et
1881 2721 1933 2775 in
1962 2729 2081 2777 stu-

493 2828 699 2882 porem,
727 2813 861 2867 etin
887 2810 1230 2868 maledictum
1255 2829 1269 2866 :
1299 2812 1425 2883 quia
1441 2818 1807 2883 peccaverunt
1831 2810 2080 2876 Domino,

495 2914 551 2959 et
585 2920 692 2961 non
740 2903 1027 2959 audierunt
1076 2918 1266 2969 vocem
1310 2900 1547 2970 Domini,
1599 2916 1776 2973 neque
1826 2902 1880 2955 in
1940 2899 2078 2971 lege,

496 3008 672 3062 neque
701 2993 755 3047 in
780 2994 1063 3064 prteceptis
1088 3003 1144 3050 et
1168 2993 1493 3049 testimoniis
1512 2991 1649 3062 ejus,
1674 3000 1825 3049 recto
1865 2992 2081 3048 tramite

497 3074 776 3141 catholica:
803 3084 1157 3141 confessionis
1190 3084 1619 3140 ambulaverunt.

575 3195 593 3228 ι
629 3176 778 3231 Dixit
812 3184 994 3232 autem
1041 3174 1304 3232 Jeremias
1351 3175 1419 3231 ad
1466 3189 1682 3231 omnem
1725 3172 1977 3246 populum
2029 3180 2085 3229 et

505 3283 527 3319 ι
572 3265 639 3321 ad
668 3265 950 3321 universas
977 3265 1232 3321 mulieres

505 3372 527 3409 σ
568 3354 746 3411 omnis
771 3351 932 3421 Juda,
956 3355 1051 3425 qui
1081 3355 1212 3411 estis
1239 3355 1294 3411 in
1333 3365 1479 3411 terra
1516 3352 1732 3427 Egypti
1766 3368 1781 3408 :
1819 3352 1965 3420 Hmc,
1995 3355 2083 3410 in-

440 3510 441 3513 ,
486 3422 527 3498 ’ἆ
570 3444 688 3516 quit
734 3422 991 3500 Dominus
1051 3445 1383 3500 exercituum
1435 3444 1576 3501 Deus
1628 3443 1810 3511 Israel,
1845 3445 2078 3500 dicens:

507 3551 527 3585 α
564 3532 671 3590 Vos
735 3540 791 3589 et
842 3547 1041 3590 uxores
1087 3542 1311 3600 vestrae,
1360 3534 1522 3591 locuti
1565 3534 1697 3590 estis
1732 3535 1828 3590 ore
1867 3544 2079 3603 vestro,

504 3645 522 3678 ε
568 3636 623 3680 et
668 3624 916 3683 manibus
939 3625 1136 3680 vestris
1162 3624 1444 3695 implestis,
1480 3624 1722 3680 dicentes
1752 3642 1763 3678 :
1801 3618 2083 3680 Faciamus

504 3734 524 3767 ι
573 3723 694 3770 vota
748 3723 953 3781 nostra,
995 3730 1116 3784 qua:
1161 3703 1424 3780 vovimus,
1470 3722 1529 3769 ut
1574 3715 1941 3775 sacriﬁcemus
1999 3728 2085 3770 re-

507 3825 526 3857 c
570 3807 708 3875 ginae
753 3804 899 3873 cmli,
925 3812 981 3861 et
1004 3806 1234 3862 libemus
1260 3805 1310 3861 ei
1349 3805 1622 3862 libamina.
1653 3806 1920 3878 Implestis
1957 3815 2083 3862 vota

506 3912 526 3947 ς
570 3902 773 3962 vestra,
799 3903 856 3951 et
896 3910 1059 3967 opere
1103 3896 1453 3967 perpetrastis
1475 3910 1558 3951 ea.
1599 3895 1724 3951 ldeo
1747 3896 1929 3952 audite
1956 3911 2082 3952 ver-

506 3999 525 4034 ι
569 3984 699 4040 bum
742 3984 956 4041 Domini
990 3986 1167 4041 omnis
1195 3984 1353 4052 Juda,
1401 3986 1495 4057 qui
1537 3985 1795 4041 habitatis
1838 3986 1895 4041 in
1937 3993 2084 4041 terra

506 4090 526 4126 ι
573 4072 787 4146 [Εεγριί
822 4091 836 4127 :
879 4074 1018 4131 Ecce
1050 4091 1151 4147 ego
1174 4075 1351 4144 juravi
1378 4073 1433 4131 in
1476 4077 1692 4133 nomine
1717 4093 1840 4134 meo
1864 4093 2080 4150 magno,

505 4182 525 4215 ι
571 4163 644 4218 ait
675 4163 952 4230 Dominus,
1000 4163 1125 4235 quia
1156 4178 1494 4237 nequaquam
1521 4167 1663 4222 ultra
1686 4183 1880 4224 nomen
1905 4180 2083 4224 meum

506 4271 527 4306 ε
568 4253 852 4309 vocabitur
870 4268 939 4308 ex
960 4268 1053 4310 ore
1075 4252 1252 4310 Omnis
1273 4255 1375 4309 viri
1392 4253 1582 4321 Judaei,
1611 4255 1840 4337 dicentis
1873 4275 1887 4311 :
1939 4258 2085 4314 Vivit

507 4363 529 4398 α
564 4344 826 4400 Dominus
850 4345 990 4400 Deus
1040 4346 1095 4400 in
1124 4345 1272 4401 omni
1305 4354 1447 4401 terra
1481 4345 1698 4418 Egypti
1740 4364 1756 4402 :
1797 4349 1939 4406 Ecce
1984 4366 2083 4422 ego

508 4451 529 4485 ι
577 4432 807 4505 vigilabo
832 4449 993 4504 super
1025 4449 1120 4490 eos
1145 4436 1198 4490 in
1226 4435 1446 4503 malum,
1469 4445 1525 4492 et
1546 4452 1653 4493 non
1694 4439 1750 4494 in
1774 4440 1996 4508 bonum,
2027 4435 2081 4497 et

510 4539 531 4575 ι
554 4532 956 4579 .consumentur
976 4539 1164 4581 omnes
1203 4526 1304 4581 viri
1329 4525 1483 4593 Juda,
1526 4529 1618 4601 qui
1662 4539 1786 4587 sunt
1830 4532 1884 4587 in
1938 4541 2082 4589 terra

513 4627 533 4663 α
576 4608 816 4683 Egypti,
861 4613 1039 4683 gladio
1085 4621 1140 4670 et
1187 4615 1348 4682 fame,
1398 4617 1569 4673 donec
1626 4620 1840 4691 penitus
1885 4637 2084 4679 consu~

509 4720 529 4754 ι
573 4710 812 4769 mantur,
843 4711 900 4759 et
943 4704 1299 4777 qui'l‘ugcrint
1335 4708 1570 4779 gladium
1630 4720 1969 4769 revertentur
2013 4714 2082 4771 de

504 4808 531 4844 α
570 4801 717 4850 terra
743 4792 980 4867 ﬁgypti,
1014 4796 1066 4851 in
1096 4804 1297 4854 terram
1321 4797 1458 4855 Juda
1482 4801 1585 4856 viri
1615 4804 1794 4872 pauci,
1826 4814 1880 4859 et
1906 4805 2080 4861 scient

506 4899 530 4935 σ
571 4898 757 4939 omnes
788 4884 1030 4954 reliquiae
1074 4884 1210 4943 Juda
1240 4886 1655 4957 ingredientium
1688 4901 1889 4947 terram
1914 4893 2083 4965 JEgy-

510 4988 529 5022 c
569 4973 669 5041 pti,
703 4982 764 5027 ut
788 4972 1033 5030 habitent
1064 4973 1158 5042 ibi,
1189 4976 1342 5047 cujus
1364 4992 1545 5033 sermo
1575 4979 1906 5049 compleatur
1930 4997 2082 5039 meus

510 5078 529 5112 ι
574 5076 642 5115 an
670 5060 904 5117 illorum.
937 5083 956 5116 ι
1009 5064 1208 5121 Contra
1251 5066 1383 5122 dicit
1418 5070 1680 5139 propheta
1716 5085 1784 5143 ea
1832 5087 2080 5129 sermone

504 5147 740 5216 Domini,
763 5152 905 5221 quod
934 5168 1278 5226 nequaquam
1307 5156 1447 5211 ultra
1492 5174 1686 5215 nomen
1715 5159 1834 5230 ejus
1857 5170 2079 5218 vocetur

503 5253 575 5295 ex
602 5254 699 5295 ore
743 5242 921 5298 omnis
952 5243 1053 5299 viri
1102 5242 1271 5301 Judaei
1300 5245 1528 5304 dicentis
1570 5266 1584 5304 :
1640 5250 1784 5306 Vivit
1823 5252 2080 5310 Dominus

508 5332 650 5389 Deus
689 5334 743 5389 in
790 5339 937 5394 omni
988 5349 1129 5395 terra
1159 5341 1399 5414 Egypti.
1439 5343 1703 5412 Quoniam
1753 5348 1844 5419 qui
1890 5360 2079 5406 contra

505 5421 744 5480 divinum
805 5438 1133 5501 praeceptum
1178 5431 1306 5488 illuc
1332 5445 1734 5504 .perrexerant,
1796 5441 2081 5511 protectio-

503 5529 628 5571 nem
674 5516 883 5576 Domini
933 5522 1130 5579 ibidem
1184 5526 1387 5584 habere
1439 5545 1549 5587 non
1590 5543 1926 5603 meruerunt,
1982 5536 2076 5593 sed

501 5608 837 5679 censumptis
910 5610 1233 5671 adversariis
1299 5616 1474 5688 gladio
1525 5628 1581 5678 et
1646 5622 1826 5695 fame,
1896 5629 2075 5698 pauci,

1281 3283 1296 3320 :
1346 3263 1542 3321 Audite
1593 3264 1817 3321 verbum
1849 3254 2109 3331 Domini,'

2191 1827 2211 1863 α
2257 1820 2364 1868 tem
2384 1828 2485 1885 ego
2510 1830 2674 1891 super
2697 1830 2794 1874 vos
2818 1816 2872 1875 in
2903 1816 3021 1874 loco
3050 1817 3177 1885 isto,
3199 1827 3262 1874 ut
3286 1820 3476 1887 sciatis
3488 1822 3621 1894 quia
3640 1838 3797 1893 vena

2188 1923 2209 1957 ι
2254 1905 2662 1976 complebuntur
2682 1923 2965 1967 sermones
2986 1911 3091 1966 mei
3114 1922 3307 1973 contra
3333 1927 3440 1969 vos.
3461 1914 3516 1971 in
3542 1913 3793 1977 malum.

2187 2012 2207 2046 ι
2250 1992 2377 2050 Haec
2406 1994 2538 2051 dicit
2568 1996 2826 2052 Dominus
2854 1998 2998 2053 Deus
3024 2016 3037 2052 :
3069 1998 3209 2055 Ecce
3256 2015 3358 2072 ego
3392 2002 3609 2073 tradam,
3629 2002 3795 2061 Pha-

2189 2100 2208 2136 ι
2246 2090 2473 2139 ‘raonem
2501 2084 2716 2155 Ephree
2750 2101 2932 2159 regem
2976 2085 3198 2159 Egypti
3235 2089 3289 2144 in
3317 2104 3480 2146 manu
3518 2091 3796 2147 inimico-

2170 2193 2209 2227 ρ(
2253 2191 2373 2231 rum
2417 2190 2663 2245 suorum,
2707 2187 2762 2234 et
2803 2179 2860 2235 in
2912 2193 3075 2235 manu
3116 2184 3475 2250 quaerentium
3526 2184 3793 2239 animal

2188 2284 2207 2318 ι
2250 2265 2427 2332 illius,
2481 2268 2621 2323 sicut
2668 2266 2862 2325 tradidi
2924 2268 3205 2349 Sedeciam
3268 2287 3455 2349 regem~
3525 2272 3670 2333 .ltula
3723 2275 3793 2345 in_

2190 2354 2209 2406 ἀ
2250 2370 2415 2410 manu
2470 2354 2968 2414 Nabuchodonosor
3025 2361 3170 2441 regis
3213 2360 3504 2434 Babylonis
3558 2352 3789 2443 inimici

2189 2463 2209 2497 ε
2240 2446 2323 2501 sui
2344 2455 2401 2502 et
2433 2449 2729 2518 quaerentis
2758 2451 2990 2505 animam
3016 2438 3153 2521 ejus.
3194 2472 3213 2505 ι
3266 2452 3514 2526 Congrue
3546 2438 3692 2535 satis
3720 2456 3789 2513 in

2181 2536 2397 2607 signum
2458 2535 2696 2595 Iudaicae
2750 2542 3020 2597 vastitatis
3078 2543 3338 2600 Dominus
3388 2546 3601 2617 Ephree
3652 2547 3797 2627 sive;

2187 2624 2396 2698 Vaphre
2427 2644 2607 2701 regem
2662 2628 2880 2702 Egypti
2924 2633 3090 2699 dedit,
3122 2643 3184 2690 ut
3230 2651 3352 2692 cum
3378 2636 3630 2695 illum/lt
3661 2628 3786 2710 quo

2182 2732 2332 2789 spem
2379 2734 2491 2775 suae
2542 2712 3196 2787 liberationis‘habebant
3224 2735 3439 2799 captum
3486 2736 3541 2785 et
3593 2729 3785 2786 inter-

2179 2810 2421 2879 emptum
2442 2811 2711 2877 viderent,
2741 2813 2840 2883 ipsi
2862 2814 2929 2868 ad
2946 2815 3052 2870 veri
3078 2815 3160 2870 sui
3180 2815 3488 2874 liberatoris
3505 2819 3785 2877 auxilium

2180 2885 2603 2956 reverterentur.
2658 2900 2936 2972 Siquidem
2993 2900 3260 2975 Vaphrem
3313 2921 3493 2980 regem
3542 2907 3781 2985 ὥς]ρή

2181 2985 2404 3056 triginta
2452 2989 2610 3045 annis
2663 3004 2885 3061 regnum
2935 2992 3172 3066 tenuisse
3212 2992 3458 3061 historice
3504 2998 3795 3072 produnt

2108 3074 2157 3137 α
2184 3074 2349 3145 Cujus
2374 3092 2517 3133 anno
2555 3088 2709 3137 sexto
2748 3064 3242 3163 Nabuchodonosor
3266 3101 3359 3142 rex
3388 3064 3780 3145 Chaldaeorum

2185 3164 2535 3240 Jerosolymis
2556 3171 2726 3242 captis
2756 3173 3012 3243 templum
3045 3173 3315 3243 incendit,
3339 3177 3483 3248 quod
3510 3176 3578 3233 ab
3608 3164 3783 3237 initio

2184 3258 2557 3319 :ediﬁcationis
2583 3279 2696 3320 sua:
2721 3276 2994 3322 manserat
3021 3270 3179 3326 annis
3199 3271 3604 3346 quadringentis
3633 3262 3781 3351 qua-

2184 3349 2430 3420 draginta
2465 3352 2691 3411 duobus.
2726 3355 2822 3411 Cui
2859 3360 3140 3415 sententiae
3167 3355 3607 3423 etiam’Cleinens
3630 3354 3778 3423 con-

2183 3442 2328 3512 gruit
2358 3443 2411 3497 in
2437 3444 2612 3513 primo
2634 3445 2906 3503 Stromate
2929 3452 3340 3522 quadragesima
3361 3442 3563 3525 octava
3577 3440 3791 3530 οιχωέ

2181 3533 2358 3603 piade,
2374 3536 2738 3604 captivitatem
2752 3538 3057 3596 Iudaeorum
3081 3541 3280 3598 factam
3290 3560 3408 3601 esse
3426 3554 3774 3615 contestans,

2183 3630 2441 3713 regnante
2493 3628 2635 3698 apud
2700 3627 2986 3701 Egyptios
3033 3633 3270 3703 Vaphre,
3306 3630 3469 3707 'apud
3519 3637 3777 3713 Athenas

2183 3712 2501 3787 Phaanippo,
2527 3726 2583 3772 et
2607 3722 2882 3791 supputari
2923 3723 3257 3795 septuaginta
3285 3740 3454 3782 annos
3482 3712 3777 3786 desolatio-

2184 3805 2267 3860 nis
2298 3807 2478 3877 templi
2515 3824 2684 3879 usque
2717 3811 2771 3866 in
2822 3813 3118 3869 secundum
3165 3829 3363 3872 annum
3407 3818 3572 3874 Darii.
3604 3814 3791 3877 lose?

2185 3882 2320 3965 phus
2340 3906 2518 3954 autem
2552 3899 2619 3955 de
2637 3899 2739 3957 hoc
2757 3896 3013 3974 Egyptio
3039 3904 3092 3960 in
3118 3905 3512 3977 Antiquitatum
3538 3902 3795 3968 suarum'

2162 3988 2323 4045 'lih'ro
2355 3989 2566 4048 decimo
2595 4003 2800 4061 narrat,
2832 3996 3050 4053 dicens:
3080 3997 3249 4054 Porro
3270 3988 3775 4073 Nabuchodonosor

2182 4072 2309 4137 dum
2338 4084 2566 4140 vixisset
2605 4086 2762 4144 annis
2808 4089 3165 4167 quadraginta
3193 4072 3474 4165 deﬁlnctus
3521 4103 3628 4161 est,
3681 4098 3775 4157 vir

2184 4172 2478 4230 industrius
2504 4182 2560 4230 et
2579 4176 2817 4248 priorum
2850 4193 3035 4250 regum
3063 4180 3220 4237 valde
3247 4182 3472 4239 felicior.
3519 4178 3795 4244 Meminit'

2183 4262 2341 4333 hujus
2387 4272 2567 4320 actum
2622 4274 2676 4320 et
2729 4266 2964 4325 Berosus
3001 4269 3055 4324 in
3110 4269 3249 4328 libro
3294 4256 3456 4330 tertio
3516 4264 3793 4334 hiStoriae‘

2183 4351 2554 4408 Chaldaeorum
2578 4353 2654 4409 ita
2677 4355 2865 4411 dicens
2894 4375 2905 4409 :
2933 4355 3170 4414 Audiens
3197 4366 3377 4415 autem
3402 4360 3565 4417 Pater
3580 4362 3793 4419 Nabué'

2109 4418 2159 4478 D
2185 4441 2522 4499 chodonosor
2544 4446 2688 4517 quod
2716 4445 2966 4518 Satrapa,
2993 4450 3083 4520 qui
3110 4430 3272 4506 abeo
3293 4454 3617 4510 constitutus
3645 4427 3791 4529 mei

2183 4542 2270 4591 rat
2296 4532 2349 4590 in
2372 4534 2609 4609 Egypto
2632 4547 2689 4593 et
2707 4536 2840 4595 locis
2870 4528 3040 4611 Syriae
3065 4540 3337 4599 inferioris
3364 4544 3419 4598 et
3441 4528 3773 4613 Phoenicim,

2182 4626 2496 4683 recessisset
2521 4626 2588 4683 ab
2611 4642 2678 4685 eo
2704 4646 2719 4684 :
2750 4643 2871 4686 cum
2889 4626 3011 4702 ipse
3021 4630 3134 4702 jam
3156 4628 3382 4705 fatigare
3413 4648 3522 4691 non
3550 4628 3765 4710 possm,

2181 4717 2524 4774 committens
2560 4718 2669 4775 ﬁlio
2714 4719 3201 4779 Nabuchoddnoso’r
3246 4726 3433 4797 juveni
3470 4722 3763 4797 quamdam

2178 4816 2388 4878 partem
2412 4812 2703 4878 exercitus,
2736 4814 2882 4869 misit
2926 4808 3184 4872 adversus
3213 4818 3359 4872 eum.‘
3397 4808 3775 4877 Nabu‘c’hbdo-l

2180 4914 2347 4956 nosor
2369 4910 2548 4957 autem
2574 4917 2896 4975 congressus
2926 4898 3199 4964 adversus
3230 4904 3378 4979 eum,
3424 4909 3517 4982 qui
3542 4896 3625 4968 ab.
3640 4910 3762 4983 ejus

2180 4989 2343 5047 Patre
2392 5004 2714 5062 recesserat,
2760 4995 2911 5053 facta
2949 4998 3315 5069 dimicatione,
3361 5011 3417 5059 et
3446 5019 3569 5060 eum
3599 5005 3758 5071 vicit,

2179 5089 2235 5136 et
2253 5081 2587 5151 provinciam
2611 5099 2683 5140 ex
2711 5086 2817 5143 isto
2833 5088 3098 5160 principio
3119 5105 3218 5147 suo
3246 5092 3551 5165 subiugavit
3578 5096 3779 5166 hope--

2179 5172 2280 5228 rio.
2308 5173 2385 5230 Eo
2410 5175 2626 5246 quidem
2653 5187 2893 5248 tempore
2913 5183 3157 5254 contigit,
3179 5193 3240 5240 ut
3259 5185 3420 5241 Pater
3438 5186 3553 5257 ejus
3578 5188 3760 5245 Nabu-

2179 5262 2515 5320 chodonosor
2538 5275 2827 5335 aegrotaret
2852 5270 2904 5324 in
2935 5269 3227 5344 Babylonia
3252 5275 3469 5332 civitate
3498 5287 3552 5333 et
3579 5293 3611 5332 a
3640 5278 3755 5335 vita

2179 5354 2475 5410 recederet.
2506 5356 2607 5424 Qui
2642 5360 2889 5431 regnavit
2915 5360 3071 5418 annis
3113 5366 3305 5439 viginti
3348 5382 3532 5433 unum.
3575 5354 3758 5443 Nabu-

2179 5446 2519 5504 choJonosor
2540 5460 2719 5508 autem
2745 5469 2850 5511 non
2885 5463 3008 5524 post
3032 5456 3260 5514 multum
3288 5448 3497 5533 tempus
3524 5460 3756 5518 mortem

2178 5538 2354 5597 Patris
2377 5556 2694 5612 agnoscens,
2739 5555 2793 5600 et
2833 5548 3123 5619 disponens
3164 5566 3356 5610 causas
3382 5552 3597 5627 Egypti
3624 5554 3749 5609 relic

2178 5644 2445 5702 quamque
2477 5633 2827 5706 provinciam,
2870 5645 2926 5696 et
2959 5641 3198 5710 captivos
3222 5641 3336 5713 ejus
3357 5650 3411 5700 et
3433 5634 3756 5733 Phoenicum
