4044 6326
320 307 461 367 1097

1211 300 1577 361 EXPOSITIO
1614 302 1841 361 SUPER
1875 300 2242 362 JEREMIAM.
2281 337 2352 349 ——
2390 307 2517 365 LIB.
2561 308 2696 365 XIV.

3455 314 3592 373 I098

316 427 374 479 et
401 416 684 490 Syriorum
713 423 769 474 et
794 416 1033 488 gentium
1057 415 1457 489 IEgyptiarum,
1503 424 1557 471 et
1583 415 1902 486 praecipiens
1928 418 1982 477 Α
2004 418 2266 486 propheta
2291 419 2496 474 mistim
2527 396 2759 477 de-Juda
2789 428 2844 479 et
2884 396 3080 490 Israel,
3133 430 3191 480 et
3231 424 3297 481 de
3325 425 3594 488 Cbaldmis

315 510 640 585 quibusdam
675 510 885 576 amicis,
937 517 998 569 ut
1022 524 1145 563 cum
1175 525 1368 581 magna
1412 508 1652 573 virtute,
1675 516 1729 562 et
1757 506 1903 562 omni

315 604 549 661 utilitate
583 602 651 657 ad
689 601 1039 673 Babyloniam
1069 608 1262 657 cuncta
1312 601 1608 667 deferrent,
1641 600 1754 670 ipse
1781 615 1903 656 cum

312 696 503 770 paucis
523 712 622 768 per
648 695 923 752 desertum
947 695 1098 750 venit
1130 694 1199 749 ad
1224 694 1594 766 Babyloniam,
1619 702 1673 750 et
1699 695 1904 765 potitus

312 805 499 846 rerum
527 805 648 861 qum
683 787 1124 861 gubernabautur
1144 794 1298 867 'tunc
1322 803 1353 841 a
1383 785 1669 851 Chaldaeis,
1702 802 1731 841 a
1765 801 1901 857 quo-

310 882 437 939 dam
462 881 581 937 viro
623 880 826 951 optimo
874 894 1098 950 regnum
1135 886 1499 943 reservatum,
1554 876 1717 935 totius
1747 878 1901 950 regni

307 972 517 1047 paterni
546 971 793 1029 dominus
816 977 901 1026 est
935 966 1175 1026 eﬂ'ectus.

886 1082 1115 1141 CAPUT
1149 1081 1312 1140 XLV.

305 1174 623 1248 Increpatur
672 1174 891 1245 ,Βαττισή
958 1191 993 1248 a_
1040 1172 1272 1248 Ieremia
1312 1173 1385 1248 _de_
1416 1171 1848 1244 pusillanimitatc
1876 1184 1897 1224 :

707 1255 881 1300 tamen
910 1243 1056 1299 salus
1085 1245 1132 1298 ei
1152 1243 1495 1314 promittitur.

447 1336 683 1403 Verbum
711 1337 856 1409 quod
882 1337 1094 1394 locutus
1122 1345 1208 1393 est
1231 1335 1495 1393 Jcremias
1534 1335 1795 1408 propheta
1829 1336 1897 1391 ad

306 1448 330 1485 ι
372 1431 610 1496 Baruch,
640 1430 810 1485 ﬁlium
854 1428 1049 1496 Neriaa,
1095 1444 1217 1485 cum
1259 1429 1565 1499 scripsisset
1586 1427 1751 1483 verba
1780 1428 1897 1482 htec

307 1540 331 1577 ι
372 1523 427 1580 in
457 1522 597 1579 libro
624 1522 691 1578 de
719 1537 816 1577 ore
835 1519 1104 1586 Jeremiae,
1131 1536 1276 1576 anno
1299 1530 1493 1590 quarto
1522 1519 1771 1575 Joachim
1801 1518 1895 1574 ﬁlii

305 1633 329 1671 ι
367 1616 530 1675 Josiae
555 1616 700 1688 regis
727 1614 885 1679 Iuda,
909 1614 1093 1670 dicens
1120 1628 1134 1667 :
1168 1613 1293 1669 lia-c
1314 1612 1445 1668 dicit
1472 1612 1732 1667 Dominus
1752 1610 1895 1665 Deus

302 1731 326 1766 ι
366 1710 531 1767 Israel
558 1710 627 1765 ad
668 1717 721 1764 te
765 1708 1024 1763 Baruch:
1076 1707 1309 1763 Dixisti:
1346 1704 1438 1760 Vae
1486 1704 1618 1759 mihi
1669 1703 1889 1769 misero,

2006 508 2436 581 atque/Egyptiis
2452 519 2612 582 prout
2636 515 3007 584 opportunitas
3032 516 3358 574 narrationis
3382 533 3441 575 se
3464 534 3595 577 con-

2006 601 2127 655 tulit
2150 618 2454 658 sermonem
2476 604 2666 660 habuit
2690 624 2703 660 :
2728 606 2925 664 dehinc
2943 623 3076 675 vero
3098 609 3166 664 ad
3196 608 3438 668 diversas
3462 629 3592 684 gen-

2005 702 2086 749 tes
2112 710 2175 750 ac
2201 696 2527 765 provincias,
2559 698 2664 753 hoc
2705 709 2803 762 est,
2853 700 2919 753 ad
2948 699 3266 772 ngyptum,
3311 705 3377 759 ad
3415 704 3588 762 Palae-

2003 786 2195 853 stinos,
2226 786 2294 840 ad
2333 787 2613 853 Moabitas,
2645 797 2699 844 et
2728 789 2868 845 ﬁlios
2902 789 3156 857 Ammon,
3187 795 3255 848 ad
3276 792 3588 864 Idutiimam,

2003 877 2072 933 ad
2094 875 2289 944 Cedar,
2315 878 2384 931 ad
2412 877 2589 944 Elam,
2615 886 2671 934 et
2708 864 2776 934 ad
2813 888 3116 936 extremum
3142 883 3211 939 ad
3240 883 3591 956 Babylonem,

2002 968 2069 1023 ad
2096 977 2295 1025 terram
2315 968 2711 1039 Chaldaeorum,
2745 972 3052 1041 Specialiter
3084 972 3331 1045 singulis,
3360 977 3586 1032 verbum

2000 1059 2250 1127 Domini,
2281 1062 2423 1132 quod
2451 1063 2550 1118 sub
2576 1062 2793 1118 nomine
2820 1065 3002 1119 oneris
3037 1064 3202 1122 Isaias
3231 1069 3586 1137 nuncupavit,

1998 1152 2240 1224 profert:
2270 1166 2329 1209 ut
2359 1155 2535 1210 sciant
2562 1155 2785 1225 singula:
2806 1156 2934 1227 quid
2956 1167 3144 1212 contra
3170 1159 3382 1214 Domini
3405 1160 3589 1216 volun-

2000 1253 2165 1301 tatem
2193 1245 2441 1313 fecerint,
2474 1254 2529 1302 et
2579 1246 2792 1318 qualem
2825 1248 3121 1303 vindictam
3167 1249 3291 1305 inde
3335 1251 3443 1307 sint
3472 1266 3595 1323 per-

1998 1351 2257 1406 pessurte.
2286 1337 2527 1393 Primum
2574 1352 2702 1409 ergo
2744 1339 2813 1394 ad
2854 1338 3182 1410 Egyptum,
3208 1358 3329 1412 qua:
3358 1345 3595 1401 maxime

1999 1428 2315 1483 scandalum
2336 1427 2436 1483 fuit
2457 1429 2602 1498 genti
2624 1428 2953 1497 Judzeorum,
2978 1446 3284 1488 sermonem
3307 1435 3592 1502 convertit,

1997 1533 2435 1594 commemorans
2464 1528 2679 1590 tempus
2715 1522 2930 1591 quando
2976 1523 3093 1578 haec
3139 1523 3336 1595 legatio
3374 1535 3595 1595 peracta

1997 1620 2103 1677 est,
2125 1610 2229 1665 hoc
2249 1618 2354 1677 est,
2377 1611 2433 1665 in
2459 1620 2654 1681 quarto
2686 1628 2829 1668 anno
2856 1611 3101 1668 Joachim
3152 1614 3245 1669 ﬁlii
3271 1614 3430 1672 Josiae
3452 1619 3594 1688 regis

1997 1698 2156 1767 Juda,
2184 1703 2401 1773 quando
2452 1701 2664 1758 Pharao
2691 1702 2905 1759 Nechao
2940 1720 3035 1760 rex
3066 1703 3287 1778 IEgypti
3334 1707 3386 1761 in
3417 1707 3592 1763 Char-

290 1800 325 1855 ‘r
368 1800 621 1872 quoniam
663 1798 871 1854 addidit
900 1796 1161 1853 Dominus
1204 1796 1443 1852 dolorem
1480 1795 1651 1851 dolori
1701 1808 1821 1850 meo
1854 1812 1885 1853 .:
1919 1783 1966 1844 Β
1995 1786 2385 1851 ωηιὶδέοηιιια
2428 1794 2935 1852 Nabuchodonosor
2958 1813 3136 1869 regem
3178 1799 3467 1872 Babylonis
3494 1819 3594 1873 pu-

288 1880 325 1945 ἐ
367 1891 610 1949 laboravi
639 1906 764 1947 cum
788 1890 990 1962 gemitu
1014 1905 1165 1955 meo,
1201 1897 1257 1944 et
1281 1889 1519 1960 requiem
1549 1905 1657 1946 non
1681 1887 1884 1944 inveni.

300 2004 320 2038 ι
365 1983 493 2040 Haec
536 1982 667 2039 dicit
712 1980 971 2037 Dominus
999 1976 1013 2036 ἐ
1043 1978 1136 2037 Sic
1156 1980 1306 2036 dices
1326 1980 1392 2035 ad
1419 1995 1542 2036 eum
1578 1998 1591 2034 :
1622 1979 1765 2036 Ecce
1787 1995 1888 2052 ego

299 2095 320 2130 ι
365 2091 502 2148 quos
527 2073 789 2132 aediﬁcavi
809 2074 1050 2140 destruo,
1074 2081 1129 2129 et
1148 2088 1284 2144 quos
1310 2072 1546 2144 plantavi
1566 2089 1667 2145 ego
1691 2073 1883 2140 evello,

298 2192 317 2225 ι
363 2178 419 2229 et
444 2170 752 2225 universam
780 2177 980 2223 terram
1001 2169 1175 2233 hanc,
1209 2176 1265 2222 et
1292 2177 1346 2222 tu
1372 2166 1570 2238 qumris
1597 2167 1695 2222 tibi
1725 2181 1888 2237 gran-

297 2282 318 2316 ¢
360 2261 494 2318 dia?
523 2259 641 2318 Noli
661 2275 928 2332 quierere,
966 2259 1091 2330 quia
1113 2274 1240 2315 ecce
1261 2273 1360 2330 ego
1386 2258 1652 2313 adducam
1682 2258 1884 2313 malum

296 2372 316 2406 ι
358 2367 524 2425 super
555 2367 771 2409 omnem
802 2365 1046 2416 carnem,
1076 2350 1153 2405 ait
1181 2348 1464 2414 Dominus,
1503 2356 1559 2404 et
1603 2349 1741 2405 dabo
1787 2349 1885 2404 tibi

296 2457 316 2495 ι
356 2442 593 2498 animam
647 2450 798 2498 tuam
826 2442 885 2497 in
939 2441 1188 2507 salutem,
1220 2440 1274 2495 in
1322 2440 1573 2496 omnibus
1611 2439 1762 2527 ‘locis
1816 2440 1885 2495 ad

294 2551 315 2585 ι
358 2549 695 2604 quaecunque
727 2533 1055 2603 perrexeris.
1101 2552 1120 2585 ι
1177 2531 1348 2588 Rudis
1390 2532 1569 2587 adhuc
1589 2539 1645 2587 et
1678 2530 1883 2602 imper-

288 2623 463 2680 fectus
514 2624 569 2679 iu
620 2623 907 2679 tolerantia
959 2624 1293 2694 passionum,
1351 2638 1489 2692 quas
1536 2624 1881 2693 postmodum

287 2722 613 2785 experturus
641 2722 761 2769 erat
781 2712 1016 2781 Baruch,
1044 2714 1262 2782 expavit
1301 2712 1665 2768 calamitatem
1707 2711 1885 2783 capti-

287 2804 496 2872 vitatis,
528 2820 648 2875 quae
668 2805 783 2876 jam
810 2813 939 2861 tunc
966 2805 1295 2876 temporibus
1320 2803 1567 2861 Joachim
1596 2805 1692 2860 ﬁlii
1721 2804 1882 2861 Josiac

288 2897 435 2971 regis
466 2896 603 2953 Juda
636 2897 759 2953 urbi
791 2896 1126 2954 imminebat.
1157 2896 1311 2953 Unde
1345 2900 1697 2967 conqueritur
1725 2896 1879 2951 dolo-

282 2974 400 3049 rem
431 2991 672 3047 additum
705 2990 879 3047 dolori
929 3006 1048 3055 suo,
1100 2990 1196 3047 sed
1229 2990 1429 3062 accipit
1476 2989 1601 3045 inde
1639 2989 1881 3044 divinum

286 3096 630 3153 responsum,
656 3082 801 3152 quod
825 3080 1092 3152 superﬂue
1117 3089 1325 3152 quierat
1351 3096 1537 3152 pacem
1560 3081 1661 3136 sibi
1695 3080 1879 3147 tribui,

1994 1884 2204 1954 gnavit,
2245 1891 2406 1955 atque
2436 1886 2503 1941 ab
2547 1900 2612 1941 eo
2654 1885 2922 1941 contritus
2949 1896 3000 1940 et
3040 1899 3325 1959 superatus
3351 1898 3452 1945 cst.
3486 1890 3592 1946 Sed

1992 1976 2120 2046 quia
2156 1977 2355 2033 divinae
2402 1977 2647 2033 historia:
2684 1978 2789 2033 hoc
2819 1979 3089 2049 quomodo
3137 1979 3337 2037 factum
3384 1984 3592 2038 sitnon

1990 2072 2172 2142 palam
2195 2073 2509 2139 ostendunt,
2542 2073 2912 2128 necessarium
2938 2074 3195 2144 putabam
3225 2076 3591 2132 narrationem

1989 2161 2211 2232 Iosephi
2247 2162 2371 2218 inde
2392 2163 2445 2217 in
2481 2162 2584 2218 hoc
2610 2162 2726 2218 loco
2747 2178 2969 2235 ponere,
3010 2164 3102 2234 qui
3132 2165 3184 2219 in
3209 2165 3349 2221 libro
3378 2166 3590 2222 decimo

1988 2251 2388 2322 Antiquitatum
2411 2268 2630 2323 suarum
2655 2252 2728 2307 ita
2755 2261 2961 2317 narrat,
2988 2254 3209 2311 dicens:
3235 2274 3253 2306 ε
3288 2255 3404 2311 Rex
3432 2257 3596 2327 igitur

1989 2346 2394 2418 Egyptiorum,
2424 2346 2551 2401 dum
2575 2344 2766 2402 fuisset
2801 2361 2830 2401 a
2860 2362 3055 2418 pugna.
3078 2363 3349 2414 reversus,
3381 2349 3596 2404 vocavit

1987 2439 2235 2496 Joacliim
2265 2440 2333 2494 ad
2361 2439 2710 2510 semetipsum
2750 2440 2818 2495 dc
2864 2439 3083 2495 civitate
3131 2439 3324 2511 Syriae,
3362 2456 3482 2511 qum
3512 2442 3594 2496 di-

1986 2531 2129 2586 citur
2154 2529 2406 2585 Ilemath.
2441 2528 2547 2596 Qui
2582 2529 2709 2584 dum
2736 2529 2974 2584 venisset
3002 2544 3127 2584 eum
3151 2538 3372 2601 repente
3400 2530 3593 2598 vinxit,

1988 2629 2044 2676 et
2077 2620 2279 2676 seniori
2305 2619 2422 2689 ejus
2444 2620 2620 2685 fratri,
2653 2636 2720 2676 ex
2747 2621 2939 2677 eodem
2966 2631 3121 2693 patre
3147 2624 3453 2695 progenito,
3491 2640 3589 2681 no-

1986 2712 2133 2767 mine
2155 2712 2442 2777 Eliachim,
2467 2712 2691 2767 tradidit
2723 2727 2945 2784 regnum
2969 2730 2980 2765 :
3024 2714 3316 2785 provincia:
3339 2729 3470 2770 vero
3494 2715 3593 2770 tri-

1985 2802 2174 2859 butum
2202 2804 2383 2875 posuit
2412 2813 2630 2860 centum
2674 2803 2873 2861 talenta
2921 2806 3130 2878 argenti
3170 2814 3226 2861 et
3253 2822 3419 2862 unum
3450 2807 3591 2862 auri.

1984 2893 2230 2951 Joachim
2269 2910 2398 2967 ergo
2428 2896 2527 2952 has
2550 2895 2810 2967 pecunias
2846 2896 3180 2952 exsolvebat.
3212 2895 3447 2953 Joacliaz
3490 2914 3593 2953 aun

1986 2993 2095 3041 tem
2124 2985 2345 3041 deduxit
2369 2986 2425 3040 in
2464 2984 2761 3059 [Egyptum
2795 3003 2808 3054 ;
2835 2986 2928 3057 qui
2957 2987 3124 3042 etiam
3152 2995 3400 3043 mortuus
3427 2996 3512 3043 est
3536 2988 3593 3044 in

1984 3089 2070 3142 ea,
2109 3076 2237 3130 dum
2282 3085 2561 3146 regnasset
2608 3086 2715 3132 tres
2759 3092 2974 3133 menses
3004 3086 3055 3133 et
3100 3078 3216 3134 dies
3257 3078 3465 3135 decem.
3504 3078 3598 3136 Jo-

285 3145 408 3231 cum
424 3182 568 3230 totus
588 3145 820 3245 populus
836 3145 937 3228 sub
957 3145 1886 3229 fascediversarumtribulationum
1915 3145 1960 3209 (ἶ
1994 3166 2175 3222 achim
2231 3182 2362 3221 vero
2416 3176 2594 3222 mater
2628 3167 2927 3224 vocabatur
2972 3168 3204 3237 Zabutb,
3260 3170 3327 3226 de
3375 3170 3598 3227 civitate

284 3265 514 3325 laboret.
562 3265 643 3320 Ex
682 3279 790 3334 quo
845 3264 980 3319 mihi
1027 3263 1242 3320 videtur
1290 3264 1346 3318 in
1391 3262 1481 3318 illo
1527 3271 1712 3334 typum
1768 3263 1887 3319 ﬁeri
1989 3263 2221 3319 Ahuma.
2253 3262 2351 3318 llic
2377 3272 2557 3319 autem
2585 3263 2669 3318 vir
2706 3270 2825 3319 erat
2846 3272 3039 3319 natura
3072 3264 3324 3335 injustus,
3349 3273 3404 3321 et
3443 3265 3599 3321 valde

285 3369 475 3413 eorum
520 3355 616 3427 qui
638 3355 691 3410 in
714 3370 971 3426 pressura
994 3354 1432 3426 persecutionum
1454 3356 1649 3425 quibus
1674 3357 1726 3410 in
1751 3370 1890 3426 prie-
1991 3352 2375 3423 nequissimus,
2418 3362 2475 3408 et
2518 3366 2696 3425 neque
2733 3354 2879 3410 circa
2919 3353 3091 3410 Deum
3138 3364 3377 3423 sanctus,
3419 3371 3598 3426 neque

286 3451 429 3509 senti
480 3456 725 3519 tempore
783 3447 1028 3504 Ecclesia
1084 3456 1345 3519 gravatur
1374 3486 1390 3514 ,
1436 3447 1888 3518 pusillanimitatc
1992 3446 2137 3502 circa
2172 3446 2418 3501 homines
2465 3456 2804 3504 mansuetus.
2863 3448 3112 3518 Dumque
3160 3458 3414 3519 quartum
3440 3447 3595 3520 regni

286 3543 545 3607 titubant,
567 3540 773 3596 habere
796 3539 1049 3619 volentes
1063 3538 1488 3595 consolationem
1523 3539 1577 3592 in
1604 3538 1887 3608 prmsenti,

287 3637 411 3709 quai
440 3634 495 3690 in
530 3633 714 3688 futura
750 3632 863 3687 vita
886 3630 1026 3687 bene
1079 3630 1415 3686 certantibus
1468 3630 1885 3700 repromittitur.

286 3746 316 3797 ,ι
362 3727 564 3785 Omnes
591 3725 755 3791 enim,
794 3731 857 3779 ut
881 3723 957 3779 ait
985 3722 1297 3793 Apostolus,
1322 3723 1414 3792 qui
1465 3723 1553 3793 pie
1588 3714 1788 3778 ‘voiuni
1810 3722 1889 3777 vi.

287 3834 417 3878 vere
464 3819 521 3877 in
566 3818 804 3885 Christo,
845 3815 1281 3888 persecutionem
1306 3815 1588 3887 patiuntur
1620 3813 1708 3887 (Il
1748 3814 1884 3870 Tim.

286 3910 397 3982 tu).
430 3930 450 3963 ι
480 3908 637 3967 Unde
667 3907 920 3963 Salvator
950 3904 1230 3976 discipulis
1260 3904 1373 3960 suis
1393 3905 1470 3959 ait
1495 3923 1508 3958 :
1540 3924 1558 3957 ‹
1593 3905 1653 3960 1n
1687 3905 1887 3961 mundo

283 4015 605 4076 pressuram
677 3997 946 4056 habebitis
1016 3995 1217 4069 (Joan.
1270 3995 1401 4069 xv).
1450 4016 1468 4047 ι
1533 3995 1601 4051 Ει
1663 3996 1807 4051 idem
1867 4013 1881 4050 :

296 4111 316 4145 ί
361 4092 533 4148 Amen
593 4103 772 4156 amen,
828 4088 1027 4159 inquit,
1055 4087 1177 4143 dico
1209 4087 1386 4152 vobis,
1423 4088 1551 4157 quia
1603 4087 1885 4157 plorabitis

289 4190 345 4238 et
386 4181 585 4237 ﬂebitis
626 4195 747 4246 vos,
777 4178 1012 4235 mundus
1042 4186 1224 4234 autem
1254 4179 1531 4250 gaudebit,
1563 4194 1658 4234 vos
1704 4187 1886 4237 autem

290 4272 769 4341 contristabimini,
797 4272 892 4328 sed
922 4271 1147 4349 tristitia
1170 4279 1353 4327 vestra
1382 4280 1629 4327 vertetur
1658 4272 1713 4327 in
1754 4288 1886 4344 gau-

285 4353 461 4426 dium.
487 4388 501 4425 ε
534 4367 603 4424 Et
624 4368 823 4424 iterum
840 4385 858 4418 ι
882 4364 984 4434 Qui
1009 4366 1330 4436 perdiderit,
1347 4366 1443 4435 ait,
1466 4367 1701 4423 animam
1729 4380 1884 4423 suam

289 4470 512 4536 propter
527 4475 636 4528 me,
665 4459 902 4516 inveniet
930 4475 1049 4515 eam
1082 4459 1277 4532 (Marc.
1308 4459 1450 4531 vui).
1480 4448 1509 4512 5
1539 4462 1607 4517 Et
1622 4477 1838 4518 rursum
1866 4480 1880 4518 :

1909 4512 1965 4572 D

1992 3539 2219 3593 haberet
2239 3554 2464 3602 annum,
2497 3539 2804 3610 Babylonia:
2843 3539 3205 3610 principatum
3235 3540 3456 3610 quidam
3492 3554 3592 3595 no-

1991 3627 2137 3681 mine
2163 3626 2660 3683 Nabuchodonosor
2686 3628 2916 3697 accepit.
2961 3627 3165 3682 Eodem
3200 3636 3441 3699 tempore
3466 3643 3592 3683 cum

1990 3735 2189 3792 magno
2225 3729 2486 3790 apparatu
2509 3721 2577 3775 ad
2597 3721 2943 3776 Archarmim
2976 3721 3255 3777 civitatem
3279 3721 3451 3787 venit,
3473 3736 3595 3791 quae

1990 3822 2075 3869 est
2085 3814 2244 3885 juxta
2272 3813 2603 3885 Euphraten,
2627 3822 2967 3887 pugnaturus
2995 3822 3182 3870 contra
3206 3829 3391 3885 regem
3420 3813 3591 3887 [Egy-

1990 3906 2229 3977 ptiorum
2276 3906 2516 3973 Nechao,
2542 3908 2643 3963 sub
2690 3908 2795 3963 hoc
2817 3908 2962 3963 enim
2994 3906 3151 3979 Syria
3177 3915 3297 3964 erat
3315 3906 3590 3963 universa.

1990 3999 2234 4069 Dumque
2290 3998 2633 4068 cognovisset
2688 4000 2834 4071 regis
2890 4000 3198 4071 Babyloniae
3248 4001 3587 4056 voluntatem

1988 4088 2208 4146 Nechao
2244 4092 2460 4162 penitus
2482 4107 2588 4146 non
2614 4093 2848 4161 expavit,
2872 4093 2966 4148 sed
2989 4108 3111 4147 cum
3141 4109 3335 4164 magno
3362 4093 3589 4150 brachio

1990 4196 2152 4254 super
2172 4183 2667 4240 Nabuchodonosor
2702 4187 2770 4240 ad
2798 4185 3105 4256 Euphraten
3132 4187 3297 4243 venit.
3323 4187 3425 4256 Qui
3449 4187 3593 4245 facta
3640 4230 3645 4237 λ

1990 4277 2373 4348 congressione
2394 4276 2639 4333 devictus
2661 4284 2766 4343 est,
2785 4286 2840 4332 et
2860 4278 3026 4333 multa
3048 4277 3216 4333 millia
3239 4279 3407 4335 variis
3429 4279 3594 4337 rebus

1988 4366 2114 4424 belli
2148 4368 2348 4424 amisit.
2381 4367 2673 4423 Transiens
2719 4377 2897 4425 autem
2925 4369 3235 4440 Euphraten
3282 4370 3591 4444 Babylonia:

1990 4478 2089 4520 rex
2107 4478 2323 4519 omnem
2356 4462 2569 4535 Syriam
2594 4478 2767 4534 usque
2793 4464 2862 4520 ad
2889 4463 3163 4521 Pelusium
3188 4466 3354 4537 cepit,
3391 4476 3594 4538 praeter

299 4571 319 4605 ι
350 4551 420 4606 Et
463 4550 653 4617 eritis,
693 4550 909 4620 inquit,
950 4550 1077 4607 odio
1103 4550 1354 4605 omnibus
1418 4559 1641 4621 propter
1687 4563 1886 4609 nomen
1911 4550 1964 4572 ν
1990 4553 2252 4612 Ιιιόίεδηι.
2297 4555 2505 4623 Quarto
2553 4555 2718 4627 igitur
2757 4571 2900 4612 anno
2944 4556 3461 4622 Nabuchodonosor,
3495 4556 3592 4628 qui

295 4658 496 4709 meum;
525 4643 616 4714 qui
639 4650 821 4698 autem
850 4643 1474 4714 perseveraveritusque
1499 4644 1556 4699 in
1590 4642 1772 4711 ﬁnem,
1797 4646 1888 4702 hic

296 4735 479 4793 salvus
503 4733 609 4788 erit
636 4731 789 4805 (Luc.
816 4732 955 4805 nt).
988 4754 1007 4786 ι
1033 4734 1102 4790 Ει
1127 4734 1325 4790 iterum
1365 4752 1378 4789 :
1417 4753 1436 4786 ι
1466 4734 1617 4789 Beati
1642 4736 1734 4805 qui
1759 4751 1887 4806 per-

297 4825 631 4885 secutionem
693 4822 972 4894 patiuntur
1030 4831 1252 4896 propter
1291 4824 1583 4894 justitiam,
1632 4825 1889 4896 quoniam

297 4921 542 4994 ipsorum
559 4924 644 4976 est
664 4933 890 4990 regnum
913 4917 1175 4977 caelorum
1199 4916 1415 4992 (Matth.
1444 4918 1520 4989 v).
1559 4936 1578 4969 ι

881 5026 1111 5086 CAPUT
1160 5027 1346 5085 XLVI.

300 5121 482 5182 Sermo
508 5123 721 5180 Domini
735 5130 920 5196 contra
942 5121 1305 5196 AEgyptum‘et
1333 5125 1569 5196 ciuitates
1594 5124 1710 5194 ejus
1737 5141 1756 5179 :
1778 5142 1897 5196 pro-

725 5194 952 5249 mittitur
967 5192 1161 5248 Is’r'a'eli
1179 5194 1467 5249 miseratio.

378 5303 395 5336 ι
423 5283 661 5340 Verbum
682 5283 826 5355 quod
851 5282 1049 5339 factum
1071 5291 1156 5340 est
1175 5283 1244 5339 ad
1264 5281 1555 5338 Jeremiam
1582 5284 1900 5354 prophetam

309 5390 329 5425 ι
359 5380 551 5428 contra
573 5381 780 5444 gentes,
810 5374 879 5429 ad
911 5373 1230 5446 JEgyptum,
1276 5373 1568 5429 adversum
1597 5376 1900 5431 exercitum

308 5480 329 5514 ι
359 5461 658 5517 Pharaonis
683 5461 902 5519 Nechao
922 5465 1066 5536 regis
1087 5464 1330 5537 Egypti,
1359 5465 1596 5535 quierat
1626 5465 1774 5535 iuxta
1802 5467 1901 5524 ﬁu-

311 5569 333 5606 ι
370 5568 496 5608 men
518 5552 846 5623 Euphratem
873 5554 926 5608 in
949 5553 1287 5623 Charcamis,
1315 5570 1477 5625 quem
1498 5557 1765 5627 percussit
1789 5558 1868 5614 Na
1884 5589 1900 5601 -
1924 5602 1939 5621 .

301 5660 339 5699 -ι
378 5644 795 5702 buchodonosor
819 5661 915 5700 rex
945 5645 1237 5718 Babylonis
1280 5647 1336 5703 in
1372 5657 1567 5718 quarto
1594 5664 1739 5706 anno
1772 5650 1901 5708 Joa-

316 5753 342 5797 ι
373 5735 519 5794 chim
555 5736 650 5792 ﬁlii
684 5734 845 5793 Josiae
894 5737 1037 5808 regis
1075 5736 1233 5793 Juda.
1275 5738 1590 5814 (Mximas)
1629 5741 1904 5801 Hactenus

756 5828 1037 5893 PATROL.
1074 5828 1242 5890 CXI.

1989 4644 2760 4714 eratoctavusJoachimregis
2774 4645 3141 4710 Hebraeorum,
3166 4658 3356 4705 contra
3376 4647 3597 4703 Iudaeos

1991 4754 2115 4795 cum
2153 4752 2349 4809 magno
2376 4737 2621 4793 exercitu
2658 4744 2836 4793 castra
2873 4745 3107 4793 metatus
3132 4745 3216 4792 est
3254 4736 3454 4793 tributa
3493 4751 3593 4791 ex-

1992 4837 2216 4887 acturus
2241 4845 2272 4883 a
2297 4828 2542 4885 Joachim
2560 4868 2574 4893 ,
2626 4835 2720 4884 aut
2748 4836 2896 4883 certe
2921 4828 3295 4883 dimicaturus.
3349 4825 3444 4882 llle
3467 4839 3600 4883 vero

1996 4928 2245 4977 metuens
2293 4920 2411 4992 ejus
2447 4919 2624 4975 minas
2670 4928 2725 4973 et
2774 4933 2963 4988 pacem
3010 4916 3211 4983 habere
3258 4916 3595 4985 desiderans,

1995 5011 2231 5085 praebuit
2262 5011 2312 5067 ei
2356 5010 2577 5075 tributa,
2612 5025 2717 5081 qua
2758 5016 3097 5083 praeceperat
3140 5007 3297 5064 annis
3344 5008 3540 5065 tribus.
3573 5028 3593 5063 ι

2000 5103 2187 5161 Tertio
2207 5118 2337 5160 vero
2356 5118 2500 5159 anno
2521 5101 2748 5158 audiens
2768 5100 3051 5174 Egyptios
3075 5100 3252 5156 denuo
3272 5108 3461 5155 contra
3491 5100 3597 5157 Ba—

1998 5198 2273 5269 byloniam
2300 5204 2655 5269 pugnaturos,
2691 5195 2894 5250 tributa
2925 5209 3031 5249 non
3063 5192 3327 5259 reddidit,
3360 5193 3455 5249 sed
3481 5193 3599 5264 ipse

2001 5288 2309 5362 Egyptiaci
2334 5289 2457 5345 belli
2486 5287 2750 5361 [rumore]
2774 5287 3033 5357 deceptus
3058 5293 3161 5341 est.
3190 5283 3327 5340 Nam
3354 5299 3597 5356 pugnare

2003 5390 2189 5436 contra
2202 5396 2324 5435 cum
2340 5378 2576 5452 Egyptii
2593 5379 2815 5433 minime
2824 5384 3287 5447 priesumpserunt
3306 5374 3597 5450 (qunus).

2005 5470 2232 5541 Semper
2251 5470 2396 5525 enim
2410 5469 2603 5536 Judaei,
2625 5477 2684 5524 ιη
2706 5468 2983 5537 Scriptura
3004 5475 3253 5533 testatur,
3275 5467 3452 5526 aversi
3472 5474 3600 5522 sunt

2004 5561 2258 5619 cordibus
2288 5562 2343 5616 in
2363 5560 2680 5633 Aiigyptum,
2707 5570 2762 5615 et
2800 5575 2906 5615 non
2936 5559 2992 5614 in
3015 5558 3112 5616 Dei
3139 5557 3478 5622 fortitudine,
3500 5554 3597 5611 sed

2006 5655 2062 5709 in
2088 5652 2313 5709 brachio
2350 5667 2571 5718 carneo,
2598 5659 2651 5705 et
2678 5651 2734 5705 in
2758 5649 2950 5707 baculo
2979 5649 3282 5705 arundinea
3312 5644 3597 5702 confracto

1990 5734 2334 5816 sperabant:
2380 5743 2524 5799 unde
2570 5742 2763 5799 merito
2809 5755 2990 5799 coram
3036 5740 3284 5797 hostibus
3308 5735 3595 5796 cadebant.

3076 5832 3154 5893 35
