  <div class='ocr_page' id='page_1' title='image "/cluster/home/n/w/nwhite01/storage/ocr_20150623/111/hvd.32044009716333/557.png"; bbox 0 0 4044 6326; ppageno 0'>
   <div class='ocr_carea' id='block_1_1' title="bbox 485 324 618 381">
    <p class='ocr_par' dir='ltr' id='par_1_1' title="bbox 485 324 618 381">
     <span class='ocr_line' id='line_1_1' title="bbox 485 324 618 381; baseline 0.023 -2"><span class='ocrx_word' id='word_1_1' title='bbox 485 325 503 379; x_wconf 86' lang='lat' dir='ltr'><strong>i</strong></span> <span class='ocrx_word' id='word_1_2' title='bbox 515 324 618 381; x_wconf 85' lang='lat'><strong>099</strong></span> 
     </span>
    </p>
   </div>
   <div class='ocr_carea' id='block_1_2' title="bbox 1149 306 3145 376">
    <p class='ocr_par' dir='ltr' id='par_1_2' title="bbox 1149 306 3145 376">
     <span class='ocr_line' id='line_1_2' title="bbox 1149 306 3145 376; baseline -0.006 -1"><span class='ocrx_word' id='word_1_3' title='bbox 1149 319 1211 376; x_wconf 82' lang='grc' dir='ltr'><strong>Β.</strong></span> <span class='ocrx_word' id='word_1_4' title='bbox 1253 313 1510 374; x_wconf 73' lang='lat' dir='ltr'><strong>RABANI</strong></span> <span class='ocrx_word' id='word_1_5' title='bbox 1547 311 1768 373; x_wconf 82' lang='lat' dir='ltr'><strong>MAURI</strong></span> <span class='ocrx_word' id='word_1_6' title='bbox 1803 309 2122 367; x_wconf 79' lang='lat' dir='ltr'><strong>ARCIIIEP.</strong></span> <span class='ocrx_word' id='word_1_7' title='bbox 2166 308 2473 370; x_wconf 84' lang='lat' dir='ltr'><strong>MOGUNT.</strong></span> <span class='ocrx_word' id='word_1_8' title='bbox 2516 306 2804 370; x_wconf 79' lang='lat' dir='ltr'><strong>OPERUM</strong></span> <span class='ocrx_word' id='word_1_9' title='bbox 2839 307 3020 367; x_wconf 82' lang='lat' dir='ltr'><strong>PARS</strong></span> <span class='ocrx_word' id='word_1_10' title='bbox 3057 309 3145 366; x_wconf 86' lang='grc' dir='ltr'><strong>ΠΙ.</strong></span> 
     </span>
    </p>
   </div>
   <div class='ocr_carea' id='block_1_3' title="bbox 3619 304 3790 365">
    <p class='ocr_par' dir='ltr' id='par_1_3' title="bbox 3619 304 3790 365">
     <span class='ocr_line' id='line_1_3' title="bbox 3619 304 3790 365; baseline 0.006 -1"><span class='ocrx_word' id='word_1_11' title='bbox 3619 304 3790 365; x_wconf 72' lang='lat'><strong>“00</strong></span> 
     </span>
    </p>
   </div>
   <div class='ocr_carea' id='block_1_4' title="bbox 480 407 3788 511">
    <p class='ocr_par' dir='ltr' id='par_1_4' title="bbox 480 407 3788 511">
     <span class='ocr_line' id='line_1_4' title="bbox 480 407 3788 511; baseline -0.003 -15"><span class='ocrx_word' id='word_1_12' title='bbox 480 440 570 496; x_wconf 89' lang='lat' dir='ltr'><strong>Sic</strong></span> <span class='ocrx_word' id='word_1_13' title='bbox 619 446 673 495; x_wconf 90' lang='lat' dir='ltr'><strong>et</strong></span> <span class='ocrx_word' id='word_1_14' title='bbox 696 437 875 496; x_wconf 89' lang='lat' dir='ltr'><strong>omnis</strong></span> <span class='ocrx_word' id='word_1_15' title='bbox 903 437 1018 511; x_wconf 90' lang='lat' dir='ltr'><strong>qui,</strong></span> <span class='ocrx_word' id='word_1_16' title='bbox 1041 435 1232 493; x_wconf 90' lang='lat' dir='ltr'><strong>relicto</strong></span> <span class='ocrx_word' id='word_1_17' title='bbox 1263 450 1372 491; x_wconf 91' lang='lat' dir='ltr'><strong>uno</strong></span> <span class='ocrx_word' id='word_1_18' title='bbox 1397 449 1527 491; x_wconf 91' lang='lat' dir='ltr'><strong>vero</strong></span> <span class='ocrx_word' id='word_1_19' title='bbox 1550 433 1681 511; x_wconf 87' lang='lat' dir='ltr'><strong>Deo,</strong></span> <span class='ocrx_word' id='word_1_20' title='bbox 1727 429 1782 484; x_wconf 91' lang='lat' dir='ltr'><strong>in</strong></span> <span class='ocrx_word' id='word_1_21' title='bbox 1814 426 2074 483; x_wconf 79' lang='lat' dir='ltr'><strong>auxilium</strong></span> <span class='ocrx_word' id='word_1_22' title='bbox 2100 407 2151 490; x_wconf 74' lang='grc' dir='ltr'><strong>Ᾱ</strong></span> <span class='ocrx_word' id='word_1_23' title='bbox 2178 409 2266 496; x_wconf 86' lang='lat' dir='ltr'><strong>na,</strong></span> <span class='ocrx_word' id='word_1_24' title='bbox 2296 437 2351 486; x_wconf 91' lang='lat' dir='ltr'><strong>et</strong></span> <span class='ocrx_word' id='word_1_25' title='bbox 2379 430 2514 499; x_wconf 91' lang='lat' dir='ltr'><strong>rivi,</strong></span> <span class='ocrx_word' id='word_1_26' title='bbox 2553 433 2647 506; x_wconf 91' lang='lat' dir='ltr'><strong>qui</strong></span> <span class='ocrx_word' id='word_1_27' title='bbox 2677 434 2742 490; x_wconf 89' lang='lat' dir='ltr'><strong>de</strong></span> <span class='ocrx_word' id='word_1_28' title='bbox 2773 434 2998 492; x_wconf 77' lang='lat' dir='ltr'><strong>turbidis</strong></span> <span class='ocrx_word' id='word_1_29' title='bbox 3036 433 3140 490; x_wconf 85' lang='lat' dir='ltr'><strong>Nili</strong></span> <span class='ocrx_word' id='word_1_30' title='bbox 3188 432 3346 506; x_wconf 82' lang='lat' dir='ltr'><strong>aquis</strong></span> <span class='ocrx_word' id='word_1_31' title='bbox 3382 429 3788 504; x_wconf 77' lang='lat' dir='ltr'><strong>implebantur.</strong></span> 
     </span>
    </p>
   </div>
   <div class='ocr_carea' id='block_1_5' title="bbox 481 506 2151 602">
    <p class='ocr_par' dir='ltr' id='par_1_5' title="bbox 481 506 2151 602">
     <span class='ocr_line' id='line_1_5' title="bbox 481 506 2151 602; baseline -0.005 -19"><span class='ocrx_word' id='word_1_32' title='bbox 481 530 669 602; x_wconf 79' lang='lat' dir='ltr'><strong>fragile</strong></span> <span class='ocrx_word' id='word_1_33' title='bbox 699 527 854 586; x_wconf 79' lang='lat' dir='ltr'><strong>istius</strong></span> <span class='ocrx_word' id='word_1_34' title='bbox 891 506 1076 586; x_wconf 79' lang='lat' dir='ltr'><strong>mundi</strong></span> <span class='ocrx_word' id='word_1_35' title='bbox 1107 541 1258 599; x_wconf 85' lang='lat' dir='ltr'><strong>spem</strong></span> <span class='ocrx_word' id='word_1_36' title='bbox 1283 527 1460 599; x_wconf 88' lang='lat' dir='ltr'><strong>ponit,</strong></span> <span class='ocrx_word' id='word_1_37' title='bbox 1503 506 1686 582; x_wconf 77' lang='lat' dir='ltr'><strong>coram</strong></span> <span class='ocrx_word' id='word_1_38' title='bbox 1720 519 2068 592; x_wconf 81' lang='lat' dir='ltr'><strong>aequissimis</strong></span> <span class='ocrx_word' id='word_1_39' title='bbox 2139 539 2151 561; x_wconf 70' lang='grc' dir='ltr'><em>τ</em></span> 
     </span>
    </p>
   </div>
   <div class='ocr_carea' id='block_1_6' title="bbox 481 607 2068 686">
    <p class='ocr_par' dir='ltr' id='par_1_6' title="bbox 481 607 2068 686">
     <span class='ocr_line' id='line_1_6' title="bbox 481 607 2068 686; baseline -0.005 -16"><span class='ocrx_word' id='word_1_40' title='bbox 481 617 746 683; x_wconf 84' lang='lat' dir='ltr'><strong>hostibus,</strong></span> <span class='ocrx_word' id='word_1_41' title='bbox 783 616 886 673; x_wconf 86' lang='lat' dir='ltr'><strong>hoc</strong></span> <span class='ocrx_word' id='word_1_42' title='bbox 910 623 1018 683; x_wconf 88' lang='lat' dir='ltr'><strong>est,</strong></span> <span class='ocrx_word' id='word_1_43' title='bbox 1052 613 1302 686; x_wconf 90' lang='lat' dir='ltr'><strong>malignis</strong></span> <span class='ocrx_word' id='word_1_44' title='bbox 1340 611 1640 684; x_wconf 74' lang='lat' dir='ltr'><strong>spiritibus,</strong></span> <span class='ocrx_word' id='word_1_45' title='bbox 1670 607 1922 666; x_wconf 88' lang='lat' dir='ltr'><strong>resistere</strong></span> <span class='ocrx_word' id='word_1_46' title='bbox 1959 623 2068 663; x_wconf 91' lang='lat' dir='ltr'><strong>non</strong></span> 
     </span>
    </p>
   </div>
   <div class='ocr_carea' id='block_1_7' title="bbox 478 704 2066 780">
    <p class='ocr_par' dir='ltr' id='par_1_7' title="bbox 478 704 2066 780">
     <span class='ocr_line' id='line_1_7' title="bbox 478 704 2066 780; baseline -0.006 -12"><span class='ocrx_word' id='word_1_47' title='bbox 478 705 700 776; x_wconf 79' lang='lat' dir='ltr'><strong>valebit,</strong></span> <span class='ocrx_word' id='word_1_48' title='bbox 735 708 834 767; x_wconf 89' lang='lat' dir='ltr'><strong>sed</strong></span> <span class='ocrx_word' id='word_1_49' title='bbox 853 708 972 780; x_wconf 86' lang='lat' dir='ltr'><strong>ejus</strong></span> <span class='ocrx_word' id='word_1_50' title='bbox 1003 707 1455 765; x_wconf 82' lang='lat' dir='ltr'><strong>machinamentis</strong></span> <span class='ocrx_word' id='word_1_51' title='bbox 1481 705 1752 780; x_wconf 76' lang='lat' dir='ltr'><strong>perversis</strong></span> <span class='ocrx_word' id='word_1_52' title='bbox 1771 704 2066 770; x_wconf 90' lang='lat' dir='ltr'><strong>irretietur,</strong></span> 
     </span>
    </p>
   </div>
   <div class='ocr_carea' id='block_1_8' title="bbox 482 798 2071 872">
    <p class='ocr_par' dir='ltr' id='par_1_8' title="bbox 482 798 2071 872">
     <span class='ocr_line' id='line_1_8' title="bbox 482 798 2071 872; baseline -0.004 -16"><span class='ocrx_word' id='word_1_53' title='bbox 482 801 748 872; x_wconf 82' lang='lat' dir='ltr'><strong>capietur,</strong></span> <span class='ocrx_word' id='word_1_54' title='bbox 795 809 852 856; x_wconf 87' lang='lat' dir='ltr'><strong>et</strong></span> <span class='ocrx_word' id='word_1_55' title='bbox 899 807 1230 857; x_wconf 89' lang='lat' dir='ltr'><strong>conteretur.</strong></span> <span class='ocrx_word' id='word_1_56' title='bbox 1263 799 1450 871; x_wconf 85' lang='lat' dir='ltr'><strong>Itaque</strong></span> <span class='ocrx_word' id='word_1_57' title='bbox 1485 798 1662 855; x_wconf 91' lang='lat' dir='ltr'><strong>locum</strong></span> <span class='ocrx_word' id='word_1_58' title='bbox 1704 799 1867 855; x_wconf 91' lang='lat' dir='ltr'><strong>istum</strong></span> <span class='ocrx_word' id='word_1_59' title='bbox 1908 809 2071 867; x_wconf 85' lang='lat' dir='ltr'><strong>quem</strong></span> 
     </span>
    </p>
   </div>
   <div class='ocr_carea' id='block_1_9' title="bbox 481 891 2068 964">
    <p class='ocr_par' dir='ltr' id='par_1_9' title="bbox 481 891 2068 964">
     <span class='ocr_line' id='line_1_9' title="bbox 481 891 2068 964; baseline -0.001 -18"><span class='ocrx_word' id='word_1_60' title='bbox 481 891 786 959; x_wconf 81' lang='lat' dir='ltr'><strong>incolimus,</strong></span> <span class='ocrx_word' id='word_1_61' title='bbox 813 900 870 948; x_wconf 88' lang='lat' dir='ltr'><strong>et</strong></span> <span class='ocrx_word' id='word_1_62' title='bbox 897 891 1176 958; x_wconf 90' lang='lat' dir='ltr'><strong>mundum,</strong></span> <span class='ocrx_word' id='word_1_63' title='bbox 1207 892 1299 962; x_wconf 88' lang='lat' dir='ltr'><strong>qui</strong></span> <span class='ocrx_word' id='word_1_64' title='bbox 1345 893 1399 946; x_wconf 91' lang='lat' dir='ltr'><strong>in</strong></span> <span class='ocrx_word' id='word_1_65' title='bbox 1436 891 1671 964; x_wconf 88' lang='lat' dir='ltr'><strong>maligno</strong></span> <span class='ocrx_word' id='word_1_66' title='bbox 1696 891 1904 962; x_wconf 84' lang='lat' dir='ltr'><strong>positus</strong></span> <span class='ocrx_word' id='word_1_67' title='bbox 1947 897 2030 944; x_wconf 88' lang='lat' dir='ltr'><strong>est</strong></span> <span class='ocrx_word' id='word_1_68' title='bbox 2053 929 2068 954; x_wconf 93' lang='lat'><strong>,</strong></span> 
     </span>
    </p>
   </div>
   <div class='ocr_carea' id='block_1_10' title="bbox 483 981 2064 1057">
    <p class='ocr_par' dir='ltr' id='par_1_10' title="bbox 483 981 2064 1057">
     <span class='ocr_line' id='line_1_10' title="bbox 483 981 2064 1057; baseline 0 -17"><span class='ocrx_word' id='word_1_69' title='bbox 483 983 778 1057; x_wconf 67' lang='lat' dir='ltr'><strong>Egyptian</strong></span> <span class='ocrx_word' id='word_1_70' title='bbox 796 999 1086 1055; x_wconf 82' lang='lat' dir='ltr'><strong>possumus</strong></span> <span class='ocrx_word' id='word_1_71' title='bbox 1103 981 1373 1055; x_wconf 85' lang='lat' dir='ltr'><strong>appellare</strong></span> <span class='ocrx_word' id='word_1_72' title='bbox 1391 999 1403 1036; x_wconf 91' lang='lat'>:</span> <span class='ocrx_word' id='word_1_73' title='bbox 1419 981 1675 1049; x_wconf 85' lang='lat' dir='ltr'><strong>maxime,</strong></span> <span class='ocrx_word' id='word_1_74' title='bbox 1704 982 1828 1052; x_wconf 88' lang='lat' dir='ltr'><strong>quia</strong></span> <span class='ocrx_word' id='word_1_75' title='bbox 1848 987 2064 1044; x_wconf 58' lang='lat' dir='ltr'><strong>niam,</strong></span> 
     </span>
    </p>
   </div>
   <div class='ocr_carea' id='block_1_11' title="bbox 483 1074 2071 1150">
    <p class='ocr_par' dir='ltr' id='par_1_11' title="bbox 483 1074 2071 1150">
     <span class='ocr_line' id='line_1_11' title="bbox 483 1074 2071 1150; baseline -0.004 -18"><span class='ocrx_word' id='word_1_76' title='bbox 483 1087 546 1133; x_wconf 93' lang='lat' dir='ltr'><strong>ut</strong></span> <span class='ocrx_word' id='word_1_77' title='bbox 567 1077 765 1134; x_wconf 87' lang='lat' dir='ltr'><strong>dicitur</strong></span> <span class='ocrx_word' id='word_1_78' title='bbox 784 1076 1073 1150; x_wconf 63' lang='lat' dir='ltr'><strong>Egyptus,</strong></span> <span class='ocrx_word' id='word_1_79' title='bbox 1096 1077 1482 1146; x_wconf 81' lang='lat' dir='ltr'><strong>interpretatur</strong></span> <span class='ocrx_word' id='word_1_80' title='bbox 1507 1075 1791 1142; x_wconf 88' lang='lat' dir='ltr'><strong>tribulans,</strong></span> <span class='ocrx_word' id='word_1_81' title='bbox 1815 1081 1868 1128; x_wconf 91' lang='lat' dir='ltr'><strong>et</strong></span> <span class='ocrx_word' id='word_1_82' title='bbox 1890 1074 1956 1128; x_wconf 89' lang='lat' dir='ltr'><strong>ad</strong></span> <span class='ocrx_word' id='word_1_83' title='bbox 1976 1089 2071 1127; x_wconf 83' lang='lat' dir='ltr'><strong>an-</strong></span> 
     </span>
    </p>
   </div>
   <div class='ocr_carea' id='block_1_12' title="bbox 483 1165 2072 1240">
    <p class='ocr_par' dir='ltr' id='par_1_12' title="bbox 483 1165 2072 1240">
     <span class='ocr_line' id='line_1_12' title="bbox 483 1165 2072 1240; baseline -0.004 -16"><span class='ocrx_word' id='word_1_84' title='bbox 483 1170 714 1240; x_wconf 89' lang='lat' dir='ltr'><strong>gustiam</strong></span> <span class='ocrx_word' id='word_1_85' title='bbox 757 1169 990 1225; x_wconf 88' lang='lat' dir='ltr'><strong>rediens.</strong></span> <span class='ocrx_word' id='word_1_86' title='bbox 1020 1169 1086 1223; x_wconf 86' lang='lat' dir='ltr'><strong>Et</strong></span> <span class='ocrx_word' id='word_1_87' title='bbox 1113 1183 1260 1232; x_wconf 83' lang='lat' dir='ltr'><strong>vere,</strong></span> <span class='ocrx_word' id='word_1_88' title='bbox 1302 1169 1428 1239; x_wconf 84' lang='lat' dir='ltr'><strong>quia</strong></span> <span class='ocrx_word' id='word_1_89' title='bbox 1476 1166 1586 1222; x_wconf 89' lang='lat' dir='ltr'><strong>iata</strong></span> <span class='ocrx_word' id='word_1_90' title='bbox 1624 1165 1708 1222; x_wconf 93' lang='lat' dir='ltr'><strong>via</strong></span> <span class='ocrx_word' id='word_1_91' title='bbox 1737 1173 1788 1222; x_wconf 89' lang='lat' dir='ltr'><strong>et</strong></span> <span class='ocrx_word' id='word_1_92' title='bbox 1836 1165 2072 1236; x_wconf 86' lang='lat' dir='ltr'><strong>spatiosa</strong></span> 
     </span>
    </p>
   </div>
   <div class='ocr_carea' id='block_1_13' title="bbox 485 1255 2072 1328">
    <p class='ocr_par' dir='ltr' id='par_1_13' title="bbox 485 1255 2072 1328">
     <span class='ocr_line' id='line_1_13' title="bbox 485 1255 2072 1328; baseline -0.004 -14"><span class='ocrx_word' id='word_1_93' title='bbox 485 1259 643 1314; x_wconf 82' lang='lat' dir='ltr'><strong>istius</strong></span> <span class='ocrx_word' id='word_1_94' title='bbox 664 1259 880 1324; x_wconf 88' lang='lat' dir='ltr'><strong>tnundi,</strong></span> <span class='ocrx_word' id='word_1_95' title='bbox 913 1260 982 1313; x_wconf 84' lang='lat' dir='ltr'><strong>ad</strong></span> <span class='ocrx_word' id='word_1_96' title='bbox 1014 1259 1414 1316; x_wconf 86' lang='lat' dir='ltr'><strong>tribulationem</strong></span> <span class='ocrx_word' id='word_1_97' title='bbox 1445 1267 1608 1328; x_wconf 80' lang='lat' dir='ltr'><strong>atque</strong></span> <span class='ocrx_word' id='word_1_98' title='bbox 1641 1255 1947 1328; x_wconf 80' lang='lat' dir='ltr'><strong>angustiam</strong></span> <span class='ocrx_word' id='word_1_99' title='bbox 1978 1255 2072 1309; x_wconf 90' lang='lat' dir='ltr'><strong>ad-</strong></span> 
     </span>
    </p>
   </div>
   <div class='ocr_carea' id='block_1_14' title="bbox 484 1343 2074 1422">
    <p class='ocr_par' dir='ltr' id='par_1_14' title="bbox 484 1343 2074 1422">
     <span class='ocr_line' id='line_1_14' title="bbox 484 1343 2074 1422; baseline -0.005 -16"><span class='ocrx_word' id='word_1_100' title='bbox 484 1352 641 1408; x_wconf 82' lang='lat' dir='ltr'><strong>ducet</strong></span> <span class='ocrx_word' id='word_1_101' title='bbox 675 1361 1009 1422; x_wconf 88' lang='lat' dir='ltr'><strong>pcrpetuam.</strong></span> <span class='ocrx_word' id='word_1_102' title='bbox 1067 1349 1271 1407; x_wconf 87' lang='lat' dir='ltr'><strong>Dehinc</strong></span> <span class='ocrx_word' id='word_1_103' title='bbox 1327 1365 1458 1421; x_wconf 89' lang='lat' dir='ltr'><strong>ergo</strong></span> <span class='ocrx_word' id='word_1_104' title='bbox 1506 1349 1634 1420; x_wconf 88' lang='lat' dir='ltr'><strong>quid</strong></span> <span class='ocrx_word' id='word_1_105' title='bbox 1686 1348 1948 1419; x_wconf 81' lang='lat' dir='ltr'><strong>propheta</strong></span> <span class='ocrx_word' id='word_1_106' title='bbox 2005 1343 2074 1399; x_wconf 87' lang='lat' dir='ltr'><strong>ad</strong></span> 
     </span>
    </p>
   </div>
   <div class='ocr_carea' id='block_1_15' title="bbox 483 1443 1368 1515">
    <p class='ocr_par' dir='ltr' id='par_1_15' title="bbox 483 1443 1368 1515">
     <span class='ocr_line' id='line_1_15' title="bbox 483 1443 1368 1515; baseline -0.003 -18"><span class='ocrx_word' id='word_1_107' title='bbox 483 1443 772 1515; x_wconf 62' lang='lat' dir='ltr'><strong>IEgyptum</strong></span> <span class='ocrx_word' id='word_1_108' title='bbox 795 1443 1045 1513; x_wconf 88' lang='lat' dir='ltr'><strong>loquatur</strong></span> <span class='ocrx_word' id='word_1_109' title='bbox 1071 1443 1368 1498; x_wconf 89' lang='lat' dir='ltr'><strong>videamus.</strong></span> 
     </span>
    </p>
   </div>
   <div class='ocr_carea' id='block_1_16' title="bbox 558 1525 2074 1610">
    <p class='ocr_par' dir='ltr' id='par_1_16' title="bbox 558 1525 2074 1610">
     <span class='ocr_line' id='line_1_16' title="bbox 558 1525 2074 1610; baseline -0.007 -17"><span class='ocrx_word' id='word_1_110' title='bbox 558 1558 574 1587; x_wconf 71' lang='grc' dir='ltr'>ι</span> <span class='ocrx_word' id='word_1_111' title='bbox 614 1538 918 1610; x_wconf 71' lang='lat' dir='ltr'><strong>i’raeparate</strong></span> <span class='ocrx_word' id='word_1_112' title='bbox 969 1544 1180 1593; x_wconf 88' lang='lat' dir='ltr'><strong>scutum</strong></span> <span class='ocrx_word' id='word_1_113' title='bbox 1209 1544 1264 1591; x_wconf 90' lang='lat' dir='ltr'><strong>et</strong></span> <span class='ocrx_word' id='word_1_114' title='bbox 1307 1535 1571 1607; x_wconf 89' lang='lat' dir='ltr'><strong>clypeum,</strong></span> <span class='ocrx_word' id='word_1_115' title='bbox 1606 1541 1659 1587; x_wconf 89' lang='lat' dir='ltr'><strong>et</strong></span> <span class='ocrx_word' id='word_1_116' title='bbox 1708 1527 1983 1601; x_wconf 74' lang='lat' dir='ltr'><strong>procedits</strong></span> <span class='ocrx_word' id='word_1_117' title='bbox 2005 1525 2074 1583; x_wconf 88' lang='lat' dir='ltr'><strong>ad</strong></span> 
     </span>
    </p>
   </div>
   <div class='ocr_carea' id='block_1_17' title="bbox 487 1621 2074 1703">
    <p class='ocr_par' dir='ltr' id='par_1_17' title="bbox 487 1621 2074 1703">
     <span class='ocr_line' id='line_1_17' title="bbox 487 1621 2074 1703; baseline -0.006 -19"><span class='ocrx_word' id='word_1_118' title='bbox 487 1653 503 1684; x_wconf 69' lang='grc' dir='ltr'><strong><em>ι</em></strong></span> <span class='ocrx_word' id='word_1_119' title='bbox 535 1631 750 1698; x_wconf 88' lang='lat' dir='ltr'><strong>bellum,</strong></span> <span class='ocrx_word' id='word_1_120' title='bbox 775 1631 985 1703; x_wconf 86' lang='lat' dir='ltr'><strong>jungite</strong></span> <span class='ocrx_word' id='word_1_121' title='bbox 1006 1645 1173 1700; x_wconf 84' lang='lat' dir='ltr'><strong>equos</strong></span> <span class='ocrx_word' id='word_1_122' title='bbox 1193 1639 1250 1684; x_wconf 90' lang='lat' dir='ltr'><strong>et</strong></span> <span class='ocrx_word' id='word_1_123' title='bbox 1277 1625 1548 1683; x_wconf 90' lang='lat' dir='ltr'><strong>ascendite</strong></span> <span class='ocrx_word' id='word_1_124' title='bbox 1570 1623 1780 1695; x_wconf 86' lang='lat' dir='ltr'><strong>equites</strong></span> <span class='ocrx_word' id='word_1_125' title='bbox 1803 1636 1816 1676; x_wconf 90' lang='lat'><strong>:</strong></span> <span class='ocrx_word' id='word_1_126' title='bbox 1854 1629 1993 1677; x_wconf 84' lang='lat' dir='ltr'><strong>state</strong></span> <span class='ocrx_word' id='word_1_127' title='bbox 2019 1621 2074 1676; x_wconf 93' lang='lat' dir='ltr'><strong>in</strong></span> 
     </span>
    </p>
   </div>
   <div class='ocr_carea' id='block_1_18' title="bbox 487 1710 2074 1795">
    <p class='ocr_par' dir='ltr' id='par_1_18' title="bbox 487 1710 2074 1795">
     <span class='ocr_line' id='line_1_18' title="bbox 487 1710 2074 1795; baseline -0.008 -19"><span class='ocrx_word' id='word_1_128' title='bbox 487 1746 503 1776; x_wconf 70' lang='grc' dir='ltr'>ς</span> <span class='ocrx_word' id='word_1_129' title='bbox 543 1725 733 1795; x_wconf 80' lang='lat' dir='ltr'><strong>galeis,</strong></span> <span class='ocrx_word' id='word_1_130' title='bbox 783 1724 948 1794; x_wconf 84' lang='lat' dir='ltr'><strong>polite</strong></span> <span class='ocrx_word' id='word_1_131' title='bbox 1002 1722 1240 1785; x_wconf 82' lang='lat' dir='ltr'><strong>lanceas,</strong></span> <span class='ocrx_word' id='word_1_132' title='bbox 1290 1719 1496 1774; x_wconf 87' lang='lat' dir='ltr'><strong>induite</strong></span> <span class='ocrx_word' id='word_1_133' title='bbox 1550 1721 1646 1770; x_wconf 89' lang='lat' dir='ltr'><strong>vos</strong></span> <span class='ocrx_word' id='word_1_134' title='bbox 1699 1711 1898 1769; x_wconf 88' lang='lat' dir='ltr'><strong>loricis.</strong></span> <span class='ocrx_word' id='word_1_135' title='bbox 1935 1710 2074 1779; x_wconf 83' lang='lat' dir='ltr'><strong>Quid</strong></span> 
     </span>
    </p>
   </div>
   <div class='ocr_carea' id='block_1_19' title="bbox 2252 521 3795 596">
    <p class='ocr_par' dir='ltr' id='par_1_19' title="bbox 2252 521 3795 596">
     <span class='ocr_line' id='line_1_19' title="bbox 2252 521 3795 596; baseline 0.002 -23"><span class='ocrx_word' id='word_1_136' title='bbox 2252 543 2269 573; x_wconf 76' lang='grc' dir='ltr'>ι</span> <span class='ocrx_word' id='word_1_137' title='bbox 2303 521 2592 580; x_wconf 82' lang='lat' dir='ltr'><strong>Ascendite</strong></span> <span class='ocrx_word' id='word_1_138' title='bbox 2620 540 2789 596; x_wconf 90' lang='lat' dir='ltr'><strong>equos</strong></span> <span class='ocrx_word' id='word_1_139' title='bbox 2819 531 2874 580; x_wconf 89' lang='lat' dir='ltr'><strong>et</strong></span> <span class='ocrx_word' id='word_1_140' title='bbox 2893 524 3160 582; x_wconf 88' lang='lat' dir='ltr'><strong>exsultate</strong></span> <span class='ocrx_word' id='word_1_141' title='bbox 3181 521 3236 580; x_wconf 70' lang='grc' dir='ltr'><strong>ῆι</strong></span> <span class='ocrx_word' id='word_1_142' title='bbox 3265 523 3540 588; x_wconf 88' lang='lat' dir='ltr'><strong>curribus,</strong></span> <span class='ocrx_word' id='word_1_143' title='bbox 3559 527 3617 577; x_wconf 91' lang='lat' dir='ltr'><strong>et</strong></span> <span class='ocrx_word' id='word_1_144' title='bbox 3644 525 3795 593; x_wconf 75' lang='lat' dir='ltr'><strong>pro-</strong></span> 
     </span>
    </p>
   </div>
   <div class='ocr_carea' id='block_1_20' title="bbox 2181 610 3796 690">
    <p class='ocr_par' dir='ltr' id='par_1_20' title="bbox 2181 610 3796 690">
     <span class='ocr_line' id='line_1_20' title="bbox 2181 610 3796 690; baseline 0.002 -24"><span class='ocrx_word' id='word_1_145' title='bbox 2181 633 2200 666; x_wconf 73' lang='grc' dir='ltr'><strong><em>ι</em></strong></span> <span class='ocrx_word' id='word_1_146' title='bbox 2228 615 2422 670; x_wconf 87' lang='lat' dir='ltr'><strong>cedant</strong></span> <span class='ocrx_word' id='word_1_147' title='bbox 2442 613 2610 672; x_wconf 89' lang='lat' dir='ltr'><strong>fortes</strong></span> <span class='ocrx_word' id='word_1_148' title='bbox 2622 610 2915 689; x_wconf 60' lang='lat' dir='ltr'><strong>Ethiopia:</strong></span> <span class='ocrx_word' id='word_1_149' title='bbox 2935 622 2991 672; x_wconf 92' lang='lat' dir='ltr'><strong>et</strong></span> <span class='ocrx_word' id='word_1_150' title='bbox 3007 615 3190 690; x_wconf 64' lang='lat' dir='ltr'><strong>Libyae</strong></span> <span class='ocrx_word' id='word_1_151' title='bbox 3204 623 3452 672; x_wconf 86' lang='lat' dir='ltr'><strong>tenentes</strong></span> <span class='ocrx_word' id='word_1_152' title='bbox 3467 617 3706 680; x_wconf 83' lang='lat' dir='ltr'><strong>scutum,</strong></span> <span class='ocrx_word' id='word_1_153' title='bbox 3721 619 3796 670; x_wconf 77' lang='lat' dir='ltr'><strong>ct</strong></span> 
     </span>
    </p>
   </div>
   <div class='ocr_carea' id='block_1_21' title="bbox 2184 703 3795 786">
    <p class='ocr_par' dir='ltr' id='par_1_21' title="bbox 2184 703 3795 786">
     <span class='ocr_line' id='line_1_21' title="bbox 2184 703 3795 786; baseline 0.001 -29"><span class='ocrx_word' id='word_1_154' title='bbox 2184 725 2201 757; x_wconf 76' lang='grc' dir='ltr'><strong><em>ι</em></strong></span> <span class='ocrx_word' id='word_1_155' title='bbox 2233 703 2389 779; x_wconf 85' lang='lat' dir='ltr'><strong>Lydii</strong></span> <span class='ocrx_word' id='word_1_156' title='bbox 2417 705 2742 777; x_wconf 84' lang='lat' dir='ltr'><strong>arripientes</strong></span> <span class='ocrx_word' id='word_1_157' title='bbox 2773 715 2829 763; x_wconf 91' lang='lat' dir='ltr'><strong>et</strong></span> <span class='ocrx_word' id='word_1_158' title='bbox 2857 707 3120 779; x_wconf 80' lang='lat' dir='ltr'><strong>iacientes</strong></span> <span class='ocrx_word' id='word_1_159' title='bbox 3143 707 3394 786; x_wconf 77' lang='lat' dir='ltr'><strong>sagittas.</strong></span> <span class='ocrx_word' id='word_1_160' title='bbox 3431 703 3561 760; x_wconf 88' lang='lat' dir='ltr'><strong>Dies</strong></span> <span class='ocrx_word' id='word_1_161' title='bbox 3590 713 3795 759; x_wconf 78' lang='lat' dir='ltr'><strong>autem</strong></span> 
     </span>
    </p>
   </div>
   <div class='ocr_carea' id='block_1_22' title="bbox 2182 796 3794 868">
    <p class='ocr_par' dir='ltr' id='par_1_22' title="bbox 2182 796 3794 868">
     <span class='ocr_line' id='line_1_22' title="bbox 2182 796 3794 868; baseline -0.001 -15"><span class='ocrx_word' id='word_1_162' title='bbox 2182 820 2200 853; x_wconf 74' lang='grc' dir='ltr'>ι</span> <span class='ocrx_word' id='word_1_163' title='bbox 2234 798 2322 856; x_wconf 91' lang='lat' dir='ltr'><strong>ille</strong></span> <span class='ocrx_word' id='word_1_164' title='bbox 2343 796 2554 856; x_wconf 89' lang='lat' dir='ltr'><strong>Domini</strong></span> <span class='ocrx_word' id='word_1_165' title='bbox 2583 797 2675 855; x_wconf 88' lang='lat' dir='ltr'><strong>Dei</strong></span> <span class='ocrx_word' id='word_1_166' title='bbox 2703 801 3056 868; x_wconf 82' lang='lat' dir='ltr'><strong>exercituum,</strong></span> <span class='ocrx_word' id='word_1_167' title='bbox 3089 797 3206 856; x_wconf 89' lang='lat' dir='ltr'><strong>dies</strong></span> <span class='ocrx_word' id='word_1_168' title='bbox 3230 798 3474 864; x_wconf 89' lang='lat' dir='ltr'><strong>ultionis,</strong></span> <span class='ocrx_word' id='word_1_169' title='bbox 3508 805 3569 852; x_wconf 90' lang='lat' dir='ltr'><strong>ut</strong></span> <span class='ocrx_word' id='word_1_170' title='bbox 3599 805 3794 853; x_wconf 86' lang='lat' dir='ltr'><strong>sumat</strong></span> 
     </span>
    </p>
   </div>
   <div class='ocr_carea' id='block_1_23' title="bbox 2184 888 3799 961">
    <p class='ocr_par' dir='ltr' id='par_1_23' title="bbox 2184 888 3799 961">
     <span class='ocr_line' id='line_1_23' title="bbox 2184 888 3799 961; baseline 0.001 -18"><span class='ocrx_word' id='word_1_171' title='bbox 2184 909 2202 942; x_wconf 78' lang='grc' dir='ltr'>ι</span> <span class='ocrx_word' id='word_1_172' title='bbox 2237 889 2532 946; x_wconf 80' lang='lat' dir='ltr'><strong>vindictam</strong></span> <span class='ocrx_word' id='word_1_173' title='bbox 2572 890 2639 946; x_wconf 93' lang='lat' dir='ltr'><strong>de</strong></span> <span class='ocrx_word' id='word_1_174' title='bbox 2687 892 2924 948; x_wconf 89' lang='lat' dir='ltr'><strong>inimicis</strong></span> <span class='ocrx_word' id='word_1_175' title='bbox 2953 892 3086 948; x_wconf 88' lang='lat' dir='ltr'><strong>suis.</strong></span> <span class='ocrx_word' id='word_1_176' title='bbox 3146 888 3441 947; x_wconf 87' lang='lat' dir='ltr'><strong>Devorabit</strong></span> <span class='ocrx_word' id='word_1_177' title='bbox 3491 888 3708 961; x_wconf 84' lang='lat' dir='ltr'><strong>gladius</strong></span> <span class='ocrx_word' id='word_1_178' title='bbox 3733 897 3799 946; x_wconf 87' lang='lat' dir='ltr'><strong>et</strong></span> 
     </span>
    </p>
   </div>
   <div class='ocr_carea' id='block_1_24' title="bbox 2184 975 3796 1055">
    <p class='ocr_par' dir='ltr' id='par_1_24' title="bbox 2184 975 3796 1055">
     <span class='ocr_line' id='line_1_24' title="bbox 2184 975 3796 1055; baseline 0.001 -22"><span class='ocrx_word' id='word_1_179' title='bbox 2184 1001 2202 1033; x_wconf 74' lang='grc' dir='ltr'>ι</span> <span class='ocrx_word' id='word_1_180' title='bbox 2239 984 2586 1048; x_wconf 86' lang='lat' dir='ltr'><strong>saturabitur,</strong></span> <span class='ocrx_word' id='word_1_181' title='bbox 2637 991 2692 1039; x_wconf 92' lang='lat' dir='ltr'><strong>et</strong></span> <span class='ocrx_word' id='word_1_182' title='bbox 2735 981 3094 1039; x_wconf 89' lang='lat' dir='ltr'><strong>inebriabitur</strong></span> <span class='ocrx_word' id='word_1_183' title='bbox 3140 981 3400 1055; x_wconf 76' lang='lat' dir='ltr'><strong>sanguine</strong></span> <span class='ocrx_word' id='word_1_184' title='bbox 3447 995 3660 1038; x_wconf 88' lang='lat' dir='ltr'><strong>eorum.</strong></span> <span class='ocrx_word' id='word_1_185' title='bbox 3693 975 3796 1036; x_wconf 66' lang='grc' dir='ltr'><strong>η-</strong></span> 
     </span>
    </p>
   </div>
   <div class='ocr_carea' id='block_1_25' title="bbox 2184 1071 3795 1144">
    <p class='ocr_par' dir='ltr' id='par_1_25' title="bbox 2184 1071 3795 1144">
     <span class='ocr_line' id='line_1_25' title="bbox 2184 1071 3795 1144; baseline 0.002 -19"><span class='ocrx_word' id='word_1_186' title='bbox 2184 1092 2202 1124; x_wconf 74' lang='grc' dir='ltr'><strong>ε</strong></span> <span class='ocrx_word' id='word_1_187' title='bbox 2237 1074 2399 1128; x_wconf 83' lang='lat' dir='ltr'><strong>clima</strong></span> <span class='ocrx_word' id='word_1_188' title='bbox 2427 1073 2572 1129; x_wconf 92' lang='lat' dir='ltr'><strong>enim</strong></span> <span class='ocrx_word' id='word_1_189' title='bbox 2600 1071 2812 1130; x_wconf 88' lang='lat' dir='ltr'><strong>Domini</strong></span> <span class='ocrx_word' id='word_1_190' title='bbox 2839 1075 3173 1131; x_wconf 87' lang='lat' dir='ltr'><strong>exercituum</strong></span> <span class='ocrx_word' id='word_1_191' title='bbox 3219 1075 3272 1130; x_wconf 89' lang='lat' dir='ltr'><strong>in</strong></span> <span class='ocrx_word' id='word_1_192' title='bbox 3320 1084 3467 1130; x_wconf 86' lang='lat' dir='ltr'><strong>terra</strong></span> <span class='ocrx_word' id='word_1_193' title='bbox 3509 1072 3795 1144; x_wconf 83' lang='lat' dir='ltr'><strong>aquilonis</strong></span> 
     </span>
    </p>
   </div>
   <div class='ocr_carea' id='block_1_26' title="bbox 2183 1163 3798 1239">
    <p class='ocr_par' dir='ltr' id='par_1_26' title="bbox 2183 1163 3798 1239">
     <span class='ocr_line' id='line_1_26' title="bbox 2183 1163 3798 1239; baseline 0.002 -24"><span class='ocrx_word' id='word_1_194' title='bbox 2183 1183 2202 1215; x_wconf 78' lang='grc' dir='ltr'>ι</span> <span class='ocrx_word' id='word_1_195' title='bbox 2233 1165 2385 1234; x_wconf 86' lang='lat' dir='ltr'><strong>juxta</strong></span> <span class='ocrx_word' id='word_1_196' title='bbox 2437 1163 2634 1220; x_wconf 90' lang='lat' dir='ltr'><strong>ﬂumen</strong></span> <span class='ocrx_word' id='word_1_197' title='bbox 2691 1165 3036 1238; x_wconf 82' lang='lat' dir='ltr'><strong>Euphratem.</strong></span> <span class='ocrx_word' id='word_1_198' title='bbox 3065 1187 3084 1220; x_wconf 75' lang='grc' dir='ltr'><strong>ι</strong></span> <span class='ocrx_word' id='word_1_199' title='bbox 3137 1165 3428 1239; x_wconf 60' lang='grc' dir='ltr'><strong>(πωπω.)</strong></span> <span class='ocrx_word' id='word_1_200' title='bbox 3478 1163 3700 1221; x_wconf 74' lang='lat' dir='ltr'><strong>Mandat</strong></span> <span class='ocrx_word' id='word_1_201' title='bbox 3731 1173 3798 1220; x_wconf 84' lang='lat' dir='ltr'><strong>ut</strong></span> 
     </span>
    </p>
   </div>
   <div class='ocr_carea' id='block_1_27' title="bbox 2179 1256 3797 1330">
    <p class='ocr_par' dir='ltr' id='par_1_27' title="bbox 2179 1256 3797 1330">
     <span class='ocr_line' id='line_1_27' title="bbox 2179 1256 3797 1330; baseline 0.001 -18"><span class='ocrx_word' id='word_1_202' title='bbox 2179 1256 2470 1312; x_wconf 84' lang='lat' dir='ltr'><strong>ascendant</strong></span> <span class='ocrx_word' id='word_1_203' title='bbox 2496 1271 2696 1327; x_wconf 85' lang='lat' dir='ltr'><strong>equos,</strong></span> <span class='ocrx_word' id='word_1_204' title='bbox 2725 1267 2778 1312; x_wconf 90' lang='lat' dir='ltr'><strong>et</strong></span> <span class='ocrx_word' id='word_1_205' title='bbox 2816 1259 3086 1314; x_wconf 80' lang='lat' dir='ltr'><strong>exsultent</strong></span> <span class='ocrx_word' id='word_1_206' title='bbox 3128 1259 3180 1313; x_wconf 88' lang='lat' dir='ltr'><strong>iu</strong></span> <span class='ocrx_word' id='word_1_207' title='bbox 3221 1259 3470 1314; x_wconf 88' lang='lat' dir='ltr'><strong>curribus</strong></span> <span class='ocrx_word' id='word_1_208' title='bbox 3494 1268 3551 1314; x_wconf 90' lang='lat' dir='ltr'><strong>et</strong></span> <span class='ocrx_word' id='word_1_209' title='bbox 3591 1273 3797 1330; x_wconf 81' lang='lat' dir='ltr'><strong>proce-</strong></span> 
     </span>
    </p>
   </div>
   <div class='ocr_carea' id='block_1_28' title="bbox 2181 1345 3792 1420">
    <p class='ocr_par' dir='ltr' id='par_1_28' title="bbox 2181 1345 3792 1420">
     <span class='ocr_line' id='line_1_28' title="bbox 2181 1345 3792 1420; baseline 0.002 -20"><span class='ocrx_word' id='word_1_210' title='bbox 2181 1345 2309 1400; x_wconf 88' lang='lat' dir='ltr'><strong>dant</strong></span> <span class='ocrx_word' id='word_1_211' title='bbox 2337 1345 2526 1408; x_wconf 85' lang='lat' dir='ltr'><strong>fortes.</strong></span> <span class='ocrx_word' id='word_1_212' title='bbox 2557 1349 2657 1402; x_wconf 89' lang='lat' dir='ltr'><strong>hoc</strong></span> <span class='ocrx_word' id='word_1_213' title='bbox 2689 1355 2804 1415; x_wconf 90' lang='lat' dir='ltr'><strong>est,</strong></span> <span class='ocrx_word' id='word_1_214' title='bbox 2860 1347 2931 1402; x_wconf 91' lang='lat' dir='ltr'><strong>iiii</strong></span> <span class='ocrx_word' id='word_1_215' title='bbox 2962 1349 3053 1418; x_wconf 90' lang='lat' dir='ltr'><strong>qui</strong></span> <span class='ocrx_word' id='word_1_216' title='bbox 3097 1363 3196 1420; x_wconf 84' lang='lat' dir='ltr'><strong>per</strong></span> <span class='ocrx_word' id='word_1_217' title='bbox 3243 1348 3535 1404; x_wconf 90' lang='lat' dir='ltr'><strong>elationem</strong></span> <span class='ocrx_word' id='word_1_218' title='bbox 3580 1350 3792 1405; x_wconf 88' lang='lat' dir='ltr'><strong>mentis</strong></span> 
     </span>
    </p>
   </div>
   <div class='ocr_carea' id='block_1_29' title="bbox 2181 1437 3796 1512">
    <p class='ocr_par' dir='ltr' id='par_1_29' title="bbox 2181 1437 3796 1512">
     <span class='ocr_line' id='line_1_29' title="bbox 2181 1437 3796 1512; baseline 0.003 -20"><span class='ocrx_word' id='word_1_219' title='bbox 2181 1437 2459 1493; x_wconf 85' lang='lat' dir='ltr'><strong>conﬁdunt</strong></span> <span class='ocrx_word' id='word_1_220' title='bbox 2514 1439 2566 1494; x_wconf 91' lang='lat' dir='ltr'><strong>in</strong></span> <span class='ocrx_word' id='word_1_221' title='bbox 2617 1441 2831 1511; x_wconf 87' lang='lat' dir='ltr'><strong>propria</strong></span> <span class='ocrx_word' id='word_1_222' title='bbox 2873 1440 3137 1511; x_wconf 90' lang='lat' dir='ltr'><strong>potentia,</strong></span> <span class='ocrx_word' id='word_1_223' title='bbox 3187 1455 3250 1495; x_wconf 89' lang='lat' dir='ltr'><strong>ex</strong></span> <span class='ocrx_word' id='word_1_224' title='bbox 3303 1439 3610 1496; x_wconf 86' lang='lat' dir='ltr'><strong>confinibus</strong></span> <span class='ocrx_word' id='word_1_225' title='bbox 3659 1457 3796 1512; x_wconf 88' lang='lat' dir='ltr'><strong>pro-</strong></span> 
     </span>
    </p>
   </div>
   <div class='ocr_carea' id='block_1_30' title="bbox 2181 1529 3792 1604">
    <p class='ocr_par' dir='ltr' id='par_1_30' title="bbox 2181 1529 3792 1604">
     <span class='ocr_line' id='line_1_30' title="bbox 2181 1529 3792 1604; baseline 0.002 -21"><span class='ocrx_word' id='word_1_226' title='bbox 2181 1530 2372 1586; x_wconf 89' lang='lat' dir='ltr'><strong>vinciis</strong></span> <span class='ocrx_word' id='word_1_227' title='bbox 2399 1529 2655 1603; x_wconf 70' lang='lat' dir='ltr'><strong>Aigypto,</strong></span> <span class='ocrx_word' id='word_1_228' title='bbox 2677 1547 2742 1586; x_wconf 71' lang='lat' dir='ltr'><strong>ex</strong></span> <span class='ocrx_word' id='word_1_229' title='bbox 2766 1532 3064 1602; x_wconf 61' lang='lat' dir='ltr'><strong>Ethiopia,</strong></span> <span class='ocrx_word' id='word_1_230' title='bbox 3090 1531 3294 1588; x_wconf 91' lang='lat' dir='ltr'><strong>scilicet</strong></span> <span class='ocrx_word' id='word_1_231' title='bbox 3314 1531 3483 1604; x_wconf 77' lang='lat' dir='ltr'><strong>Libya</strong></span> <span class='ocrx_word' id='word_1_232' title='bbox 3508 1540 3562 1588; x_wconf 94' lang='lat' dir='ltr'><strong>et</strong></span> <span class='ocrx_word' id='word_1_233' title='bbox 3587 1531 3792 1604; x_wconf 79' lang='lat' dir='ltr'><strong>Lydia,</strong></span> 
     </span>
    </p>
   </div>
   <div class='ocr_carea' id='block_1_31' title="bbox 2183 1623 3797 1694">
    <p class='ocr_par' dir='ltr' id='par_1_31' title="bbox 2183 1623 3797 1694">
     <span class='ocr_line' id='line_1_31' title="bbox 2183 1623 3797 1694; baseline 0.002 -19"><span class='ocrx_word' id='word_1_234' title='bbox 2183 1637 2300 1694; x_wconf 78' lang='lat' dir='ltr'><strong>qua:</strong></span> <span class='ocrx_word' id='word_1_235' title='bbox 2345 1623 2614 1693; x_wconf 90' lang='lat' dir='ltr'><strong>quondam</strong></span> <span class='ocrx_word' id='word_1_236' title='bbox 2649 1623 2789 1678; x_wconf 90' lang='lat' dir='ltr'><strong>inter</strong></span> <span class='ocrx_word' id='word_1_237' title='bbox 2821 1630 3007 1694; x_wconf 79' lang='lat' dir='ltr'><strong>gentes</strong></span> <span class='ocrx_word' id='word_1_238' title='bbox 3061 1623 3466 1680; x_wconf 78' lang='lat' dir='ltr'><strong>robustissimus</strong></span> <span class='ocrx_word' id='word_1_239' title='bbox 3525 1631 3797 1694; x_wconf 69' lang='lat' dir='ltr'><strong>reputatae</strong></span> 
     </span>
    </p>
   </div>
   <div class='ocr_carea' id='block_1_32' title="bbox 2183 1716 3797 1792">
    <p class='ocr_par' dir='ltr' id='par_1_32' title="bbox 2183 1716 3797 1792">
     <span class='ocr_line' id='line_1_32' title="bbox 2183 1716 3797 1792; baseline 0.001 -20"><span class='ocrx_word' id='word_1_240' title='bbox 2183 1724 2330 1782; x_wconf 86' lang='lat' dir='ltr'><strong>sunt,</strong></span> <span class='ocrx_word' id='word_1_241' title='bbox 2359 1730 2592 1786; x_wconf 87' lang='lat' dir='ltr'><strong>quorum</strong></span> <span class='ocrx_word' id='word_1_242' title='bbox 2622 1733 2712 1771; x_wconf 83' lang='lat' dir='ltr'><strong>rex</strong></span> <span class='ocrx_word' id='word_1_243' title='bbox 2743 1716 2964 1774; x_wconf 78' lang='lat' dir='ltr'><strong>Crmsus</strong></span> <span class='ocrx_word' id='word_1_244' title='bbox 2989 1725 3126 1784; x_wconf 90' lang='lat' dir='ltr'><strong>erat,</strong></span> <span class='ocrx_word' id='word_1_245' title='bbox 3156 1727 3213 1774; x_wconf 91' lang='lat' dir='ltr'><strong>et</strong></span> <span class='ocrx_word' id='word_1_246' title='bbox 3237 1717 3496 1790; x_wconf 89' lang='lat' dir='ltr'><strong>incipiant</strong></span> <span class='ocrx_word' id='word_1_247' title='bbox 3524 1717 3797 1792; x_wconf 64' lang='lat' dir='ltr'><strong>puellari,</strong></span> 
     </span>
    </p>
   </div>
   <div class='ocr_carea' id='block_1_33' title="bbox 487 1801 3798 1886">
    <p class='ocr_par' dir='ltr' id='par_1_33' title="bbox 487 1801 3798 1886">
     <span class='ocr_line' id='line_1_33' title="bbox 487 1801 3798 1886; baseline 0 -20"><span class='ocrx_word' id='word_1_248' title='bbox 487 1834 505 1866; x_wconf 73' lang='grc' dir='ltr'>ι</span> <span class='ocrx_word' id='word_1_249' title='bbox 539 1815 740 1886; x_wconf 82' lang='lat' dir='ltr'><strong>igitur?</strong></span> <span class='ocrx_word' id='word_1_250' title='bbox 779 1813 898 1870; x_wconf 81' lang='lat' dir='ltr'><strong>Vidi</strong></span> <span class='ocrx_word' id='word_1_251' title='bbox 921 1813 1064 1883; x_wconf 87' lang='lat' dir='ltr'><strong>ipsos</strong></span> <span class='ocrx_word' id='word_1_252' title='bbox 1086 1810 1308 1882; x_wconf 87' lang='lat' dir='ltr'><strong>pavidos</strong></span> <span class='ocrx_word' id='word_1_253' title='bbox 1329 1819 1384 1863; x_wconf 91' lang='lat' dir='ltr'><strong>et</strong></span> <span class='ocrx_word' id='word_1_254' title='bbox 1408 1816 1554 1878; x_wconf 81' lang='lat' dir='ltr'><strong>terga</strong></span> <span class='ocrx_word' id='word_1_255' title='bbox 1585 1810 1878 1868; x_wconf 73' lang='lat' dir='ltr'><strong>vertentes,</strong></span> <span class='ocrx_word' id='word_1_256' title='bbox 1910 1801 2077 1856; x_wconf 72' lang='lat' dir='ltr'><strong>fOI‘lCS</strong></span> <span class='ocrx_word' id='word_1_257' title='bbox 2106 1805 2156 1864; x_wconf 92' lang='lat' dir='ltr'><strong>B</strong></span> <span class='ocrx_word' id='word_1_258' title='bbox 2184 1815 2244 1864; x_wconf 90' lang='lat' dir='ltr'><strong>ut</strong></span> <span class='ocrx_word' id='word_1_259' title='bbox 2269 1807 2385 1862; x_wconf 90' lang='lat' dir='ltr'><strong>dies</strong></span> <span class='ocrx_word' id='word_1_260' title='bbox 2423 1806 2642 1863; x_wconf 91' lang='lat' dir='ltr'><strong>ultionis</strong></span> <span class='ocrx_word' id='word_1_261' title='bbox 2680 1808 2894 1863; x_wconf 90' lang='lat' dir='ltr'><strong>Domini</strong></span> <span class='ocrx_word' id='word_1_262' title='bbox 2932 1818 3111 1865; x_wconf 92' lang='lat' dir='ltr'><strong>sumat</strong></span> <span class='ocrx_word' id='word_1_263' title='bbox 3134 1809 3428 1866; x_wconf 88' lang='lat' dir='ltr'><strong>vindictam</strong></span> <span class='ocrx_word' id='word_1_264' title='bbox 3453 1809 3518 1866; x_wconf 91' lang='lat' dir='ltr'><strong>de</strong></span> <span class='ocrx_word' id='word_1_265' title='bbox 3545 1809 3798 1867; x_wconf 85' lang='lat' dir='ltr'><strong>inimicis</strong></span> 
     </span>
    </p>
   </div>
   <div class='ocr_carea' id='block_1_34' title="bbox 487 1898 2073 1972">
    <p class='ocr_par' dir='ltr' id='par_1_34' title="bbox 487 1898 2073 1972">
     <span class='ocr_line' id='line_1_34' title="bbox 487 1898 2073 1972; baseline -0.007 -14"><span class='ocrx_word' id='word_1_266' title='bbox 487 1927 506 1958; x_wconf 76' lang='grc' dir='ltr'>ι</span> <span class='ocrx_word' id='word_1_267' title='bbox 537 1921 724 1962; x_wconf 91' lang='lat' dir='ltr'><strong>eorum</strong></span> <span class='ocrx_word' id='word_1_268' title='bbox 753 1920 962 1960; x_wconf 75' lang='lat' dir='ltr'><strong>ciesos:</strong></span> <span class='ocrx_word' id='word_1_269' title='bbox 1001 1901 1254 1972; x_wconf 84' lang='lat' dir='ltr'><strong>fugerunt</strong></span> <span class='ocrx_word' id='word_1_270' title='bbox 1275 1898 1498 1964; x_wconf 85' lang='lat' dir='ltr'><strong>conciti,</strong></span> <span class='ocrx_word' id='word_1_271' title='bbox 1539 1912 1640 1953; x_wconf 89' lang='lat' dir='ltr'><strong>nec</strong></span> <span class='ocrx_word' id='word_1_272' title='bbox 1677 1901 2073 1967; x_wconf 79' lang='lat' dir='ltr'><strong>respexerunt:</strong></span> 
     </span>
    </p>
   </div>
   <div class='ocr_carea' id='block_1_35' title="bbox 487 1987 2106 2066">
    <p class='ocr_par' dir='ltr' id='par_1_35' title="bbox 487 1987 2106 2066">
     <span class='ocr_line' id='line_1_35' title="bbox 487 1987 2106 2066; baseline -0.006 -16"><span class='ocrx_word' id='word_1_273' title='bbox 487 2017 507 2050; x_wconf 69' lang='grc' dir='ltr'><strong>α</strong></span> <span class='ocrx_word' id='word_1_274' title='bbox 537 2010 712 2054; x_wconf 87' lang='lat' dir='ltr'><strong>terror</strong></span> <span class='ocrx_word' id='word_1_275' title='bbox 741 1996 997 2066; x_wconf 82' lang='lat' dir='ltr'><strong>undique,</strong></span> <span class='ocrx_word' id='word_1_276' title='bbox 1025 1995 1102 2048; x_wconf 87' lang='lat' dir='ltr'><strong>ait</strong></span> <span class='ocrx_word' id='word_1_277' title='bbox 1122 1993 1399 2048; x_wconf 87' lang='lat' dir='ltr'><strong>Dominus.</strong></span> <span class='ocrx_word' id='word_1_278' title='bbox 1441 1989 1558 2045; x_wconf 75' lang='lat' dir='ltr'><strong>Non</strong></span> <span class='ocrx_word' id='word_1_279' title='bbox 1585 1988 1753 2060; x_wconf 82' lang='lat' dir='ltr'><strong>fugiat</strong></span> <span class='ocrx_word' id='word_1_280' title='bbox 1779 1987 1954 2052; x_wconf 81' lang='lat' dir='ltr'><strong>velox,</strong></span> <span class='ocrx_word' id='word_1_281' title='bbox 1977 2000 2079 2042; x_wconf 86' lang='lat' dir='ltr'><strong>nec</strong></span> <span class='ocrx_word' id='word_1_282' title='bbox 2103 2021 2106 2026; x_wconf 96' lang='lat'><strong><em>-</em></strong></span> 
     </span>
    </p>
   </div>
   <div class='ocr_carea' id='block_1_36' title="bbox 488 2075 2078 2158">
    <p class='ocr_par' dir='ltr' id='par_1_36' title="bbox 488 2075 2078 2158">
     <span class='ocr_line' id='line_1_36' title="bbox 488 2075 2078 2158; baseline -0.005 -17"><span class='ocrx_word' id='word_1_283' title='bbox 488 2111 504 2141; x_wconf 84' lang='grc'><em>‹</em></span> <span class='ocrx_word' id='word_1_284' title='bbox 537 2088 734 2144; x_wconf 89' lang='lat' dir='ltr'><strong>salvari</strong></span> <span class='ocrx_word' id='word_1_285' title='bbox 766 2102 824 2144; x_wconf 88' lang='lat' dir='ltr'><strong>se</strong></span> <span class='ocrx_word' id='word_1_286' title='bbox 855 2093 1010 2158; x_wconf 83' lang='lat' dir='ltr'><strong>putet</strong></span> <span class='ocrx_word' id='word_1_287' title='bbox 1032 2084 1193 2140; x_wconf 83' lang='lat' dir='ltr'><strong>fortis</strong></span> <span class='ocrx_word' id='word_1_288' title='bbox 1225 2101 1239 2138; x_wconf 90' lang='lat'><strong>:</strong></span> <span class='ocrx_word' id='word_1_289' title='bbox 1273 2083 1343 2139; x_wconf 86' lang='lat' dir='ltr'><strong>ad</strong></span> <span class='ocrx_word' id='word_1_290' title='bbox 1368 2081 1674 2153; x_wconf 85' lang='lat' dir='ltr'><strong>aquilonem</strong></span> <span class='ocrx_word' id='word_1_291' title='bbox 1699 2080 1856 2151; x_wconf 85' lang='lat' dir='ltr'><strong>juxta</strong></span> <span class='ocrx_word' id='word_1_292' title='bbox 1875 2075 2078 2134; x_wconf 86' lang='lat' dir='ltr'><strong>ﬂumen</strong></span> 
     </span>
    </p>
   </div>
   <div class='ocr_carea' id='block_1_37' title="bbox 489 2170 2077 2252">
    <p class='ocr_par' dir='ltr' id='par_1_37' title="bbox 489 2170 2077 2252">
     <span class='ocr_line' id='line_1_37' title="bbox 489 2170 2077 2252; baseline -0.006 -20"><span class='ocrx_word' id='word_1_293' title='bbox 489 2203 504 2232; x_wconf 83' lang='lat' dir='ltr'><strong>I</strong></span> <span class='ocrx_word' id='word_1_294' title='bbox 539 2182 868 2252; x_wconf 84' lang='lat' dir='ltr'><strong>Euphratem</strong></span> <span class='ocrx_word' id='word_1_295' title='bbox 897 2179 1025 2235; x_wconf 88' lang='lat' dir='ltr'><strong>victi</strong></span> <span class='ocrx_word' id='word_1_296' title='bbox 1077 2187 1204 2233; x_wconf 89' lang='lat' dir='ltr'><strong>sunt</strong></span> <span class='ocrx_word' id='word_1_297' title='bbox 1252 2183 1306 2232; x_wconf 87' lang='lat' dir='ltr'><strong>et</strong></span> <span class='ocrx_word' id='word_1_298' title='bbox 1355 2182 1644 2231; x_wconf 61' lang='lat' dir='ltr'><strong>ruerunt.»</strong></span> <span class='ocrx_word' id='word_1_299' title='bbox 1697 2173 1802 2228; x_wconf 82' lang='lat' dir='ltr'><strong>Per</strong></span> <span class='ocrx_word' id='word_1_300' title='bbox 1845 2170 2077 2226; x_wconf 88' lang='lat' dir='ltr'><strong>ironiam</strong></span> 
     </span>
    </p>
   </div>
   <div class='ocr_carea' id='block_1_38' title="bbox 481 2261 2077 2346">
    <p class='ocr_par' dir='ltr' id='par_1_38' title="bbox 481 2261 2077 2346">
     <span class='ocr_line' id='line_1_38' title="bbox 481 2261 2077 2346; baseline -0.008 -19"><span class='ocrx_word' id='word_1_301' title='bbox 481 2275 696 2346; x_wconf 86' lang='lat' dir='ltr'><strong>quidem</strong></span> <span class='ocrx_word' id='word_1_302' title='bbox 729 2273 981 2330; x_wconf 87' lang='lat' dir='ltr'><strong>hortatur</strong></span> <span class='ocrx_word' id='word_1_303' title='bbox 1006 2269 1289 2342; x_wconf 64' lang='lat' dir='ltr'><strong>Egyptios</strong></span> <span class='ocrx_word' id='word_1_304' title='bbox 1316 2265 1562 2322; x_wconf 87' lang='lat' dir='ltr'><strong>imbelles</strong></span> <span class='ocrx_word' id='word_1_305' title='bbox 1590 2269 1646 2319; x_wconf 90' lang='lat' dir='ltr'><strong>et</strong></span> <span class='ocrx_word' id='word_1_306' title='bbox 1676 2261 1900 2334; x_wconf 86' lang='lat' dir='ltr'><strong>pavidos</strong></span> <span class='ocrx_word' id='word_1_307' title='bbox 1922 2273 2077 2315; x_wconf 88' lang='lat' dir='ltr'><strong>arma</strong></span> 
     </span>
    </p>
   </div>
   <div class='ocr_carea' id='block_1_39' title="bbox 482 2353 2077 2429">
    <p class='ocr_par' dir='ltr' id='par_1_39' title="bbox 482 2353 2077 2429">
     <span class='ocr_line' id='line_1_39' title="bbox 482 2353 2077 2429; baseline -0.008 -9"><span class='ocrx_word' id='word_1_308' title='bbox 482 2381 716 2429; x_wconf 83' lang='lat' dir='ltr'><strong>sumere,</strong></span> <span class='ocrx_word' id='word_1_309' title='bbox 743 2372 799 2418; x_wconf 88' lang='lat' dir='ltr'><strong>et</strong></span> <span class='ocrx_word' id='word_1_310' title='bbox 831 2361 1114 2420; x_wconf 86' lang='lat' dir='ltr'><strong>machinas</strong></span> <span class='ocrx_word' id='word_1_311' title='bbox 1158 2358 1284 2416; x_wconf 89' lang='lat' dir='ltr'><strong>belli</strong></span> <span class='ocrx_word' id='word_1_312' title='bbox 1335 2369 1665 2429; x_wconf 81' lang='lat' dir='ltr'><strong>praeparare,</strong></span> <span class='ocrx_word' id='word_1_313' title='bbox 1697 2353 1844 2426; x_wconf 87' lang='lat' dir='ltr'><strong>quod</strong></span> <span class='ocrx_word' id='word_1_314' title='bbox 1889 2361 2077 2408; x_wconf 81' lang='lat' dir='ltr'><strong>tamen</strong></span> 
     </span>
    </p>
   </div>
   <div class='ocr_carea' id='block_1_40' title="bbox 482 2450 2078 2524">
    <p class='ocr_par' dir='ltr' id='par_1_40' title="bbox 482 2450 2078 2524">
     <span class='ocr_line' id='line_1_40' title="bbox 482 2450 2078 2524; baseline -0.009 -12"><span class='ocrx_word' id='word_1_315' title='bbox 482 2459 684 2514; x_wconf 82' lang='lat' dir='ltr'><strong>frustra</strong></span> <span class='ocrx_word' id='word_1_316' title='bbox 721 2455 930 2512; x_wconf 89' lang='lat' dir='ltr'><strong>faciunt</strong></span> <span class='ocrx_word' id='word_1_317' title='bbox 955 2473 968 2509; x_wconf 92' lang='lat'><strong>:</strong></span> <span class='ocrx_word' id='word_1_318' title='bbox 1001 2453 1127 2524; x_wconf 82' lang='lat' dir='ltr'><strong>quia</strong></span> <span class='ocrx_word' id='word_1_319' title='bbox 1158 2450 1340 2524; x_wconf 88' lang='lat' dir='ltr'><strong>pavidi</strong></span> <span class='ocrx_word' id='word_1_320' title='bbox 1380 2458 1436 2506; x_wconf 89' lang='lat' dir='ltr'><strong>et</strong></span> <span class='ocrx_word' id='word_1_321' title='bbox 1463 2457 1612 2518; x_wconf 82' lang='lat' dir='ltr'><strong>terga</strong></span> <span class='ocrx_word' id='word_1_322' title='bbox 1643 2453 1918 2502; x_wconf 88' lang='lat' dir='ltr'><strong>vertentes</strong></span> <span class='ocrx_word' id='word_1_323' title='bbox 1947 2453 2078 2500; x_wconf 83' lang='lat' dir='ltr'><strong>eon-</strong></span> 
     </span>
    </p>
   </div>
   <div class='ocr_carea' id='block_1_41' title="bbox 481 2536 2076 2621">
    <p class='ocr_par' dir='ltr' id='par_1_41' title="bbox 481 2536 2076 2621">
     <span class='ocr_line' id='line_1_41' title="bbox 481 2536 2076 2621; baseline -0.01 -15"><span class='ocrx_word' id='word_1_324' title='bbox 481 2550 588 2606; x_wconf 85' lang='lat' dir='ltr'><strong>cite</strong></span> <span class='ocrx_word' id='word_1_325' title='bbox 614 2549 844 2621; x_wconf 84' lang='lat' dir='ltr'><strong>fugiunt,</strong></span> <span class='ocrx_word' id='word_1_326' title='bbox 893 2561 996 2602; x_wconf 90' lang='lat' dir='ltr'><strong>nec</strong></span> <span class='ocrx_word' id='word_1_327' title='bbox 1022 2544 1149 2618; x_wconf 88' lang='lat' dir='ltr'><strong>fuga</strong></span> <span class='ocrx_word' id='word_1_328' title='bbox 1179 2543 1335 2599; x_wconf 84' lang='lat' dir='ltr'><strong>velox</strong></span> <span class='ocrx_word' id='word_1_329' title='bbox 1357 2583 1374 2608; x_wconf 93' lang='lat'><strong>,</strong></span> <span class='ocrx_word' id='word_1_330' title='bbox 1445 2553 1623 2612; x_wconf 89' lang='lat' dir='ltr'><strong>neque</strong></span> <span class='ocrx_word' id='word_1_331' title='bbox 1659 2537 1920 2596; x_wconf 80' lang='lat' dir='ltr'><strong>fortitudo</strong></span> <span class='ocrx_word' id='word_1_332' title='bbox 1947 2536 2076 2592; x_wconf 87' lang='lat' dir='ltr'><strong>bra-</strong></span> 
     </span>
    </p>
   </div>
   <div class='ocr_carea' id='block_1_42' title="bbox 481 2629 2079 2700">
    <p class='ocr_par' dir='ltr' id='par_1_42' title="bbox 481 2629 2079 2700">
     <span class='ocr_line' id='line_1_42' title="bbox 481 2629 2079 2700; baseline -0.011 -2"><span class='ocrx_word' id='word_1_333' title='bbox 481 2642 728 2698; x_wconf 85' lang='lat' dir='ltr'><strong>chiorum</strong></span> <span class='ocrx_word' id='word_1_334' title='bbox 758 2645 946 2698; x_wconf 88' lang='lat' dir='ltr'><strong>contra</strong></span> <span class='ocrx_word' id='word_1_335' title='bbox 995 2639 1180 2694; x_wconf 87' lang='lat' dir='ltr'><strong>hostes</strong></span> <span class='ocrx_word' id='word_1_336' title='bbox 1237 2634 1528 2692; x_wconf 85' lang='lat' dir='ltr'><strong>defendere</strong></span> <span class='ocrx_word' id='word_1_337' title='bbox 1580 2631 1700 2688; x_wconf 89' lang='lat' dir='ltr'><strong>illos</strong></span> <span class='ocrx_word' id='word_1_338' title='bbox 1761 2640 1925 2700; x_wconf 81' lang='lat' dir='ltr'><strong>atque</strong></span> <span class='ocrx_word' id='word_1_339' title='bbox 1972 2629 2079 2684; x_wconf 87' lang='lat' dir='ltr'><strong>sal-</strong></span> 
     </span>
    </p>
   </div>
   <div class='ocr_carea' id='block_1_43' title="bbox 481 2721 2077 2803">
    <p class='ocr_par' dir='ltr' id='par_1_43' title="bbox 481 2721 2077 2803">
     <span class='ocr_line' id='line_1_43' title="bbox 481 2721 2077 2803; baseline -0.006 -19"><span class='ocrx_word' id='word_1_340' title='bbox 481 2748 611 2788; x_wconf 87' lang='lat' dir='ltr'><strong>vare</strong></span> <span class='ocrx_word' id='word_1_341' title='bbox 644 2741 865 2803; x_wconf 88' lang='lat' dir='ltr'><strong>potest:</strong></span> <span class='ocrx_word' id='word_1_342' title='bbox 903 2727 997 2786; x_wconf 84' lang='lat' dir='ltr'><strong>sed</strong></span> <span class='ocrx_word' id='word_1_343' title='bbox 1035 2725 1412 2784; x_wconf 71' lang='lat' dir='ltr'><strong>Chaldmorum</strong></span> <span class='ocrx_word' id='word_1_344' title='bbox 1451 2721 1628 2797; x_wconf 88' lang='lat' dir='ltr'><strong>gladio</strong></span> <span class='ocrx_word' id='word_1_345' title='bbox 1670 2721 1738 2778; x_wconf 91' lang='lat' dir='ltr'><strong>ad</strong></span> <span class='ocrx_word' id='word_1_346' title='bbox 1766 2721 2077 2792; x_wconf 87' lang='lat' dir='ltr'><strong>aquilonem</strong></span> 
     </span>
    </p>
   </div>
   <div class='ocr_carea' id='block_1_44' title="bbox 477 2815 1929 2892">
    <p class='ocr_par' dir='ltr' id='par_1_44' title="bbox 477 2815 1929 2892">
     <span class='ocr_line' id='line_1_44' title="bbox 477 2815 1929 2892; baseline -0.01 -14"><span class='ocrx_word' id='word_1_347' title='bbox 477 2822 627 2879; x_wconf 78' lang='lat' dir='ltr'><strong>iuxta</strong></span> <span class='ocrx_word' id='word_1_348' title='bbox 648 2821 843 2880; x_wconf 89' lang='lat' dir='ltr'><strong>ﬂumen</strong></span> <span class='ocrx_word' id='word_1_349' title='bbox 875 2819 1204 2892; x_wconf 81' lang='lat' dir='ltr'><strong>Euphratem</strong></span> <span class='ocrx_word' id='word_1_350' title='bbox 1232 2815 1360 2872; x_wconf 89' lang='lat' dir='ltr'><strong>victi</strong></span> <span class='ocrx_word' id='word_1_351' title='bbox 1385 2815 1564 2872; x_wconf 86' lang='lat' dir='ltr'><strong>subito</strong></span> <span class='ocrx_word' id='word_1_352' title='bbox 1587 2819 1929 2870; x_wconf 90' lang='lat' dir='ltr'><strong>corruerunt.</strong></span> 
     </span>
    </p>
   </div>
   <div class='ocr_carea' id='block_1_45' title="bbox 556 2900 2076 2982">
    <p class='ocr_par' dir='ltr' id='par_1_45' title="bbox 556 2900 2076 2982">
     <span class='ocr_line' id='line_1_45' title="bbox 556 2900 2076 2982; baseline -0.008 -16"><span class='ocrx_word' id='word_1_353' title='bbox 556 2934 574 2966; x_wconf 72' lang='grc' dir='ltr'><strong>ε</strong></span> <span class='ocrx_word' id='word_1_354' title='bbox 603 2914 738 2982; x_wconf 84' lang='lat' dir='ltr'><strong>Quis</strong></span> <span class='ocrx_word' id='word_1_355' title='bbox 762 2923 847 2970; x_wconf 85' lang='lat' dir='ltr'><strong>est</strong></span> <span class='ocrx_word' id='word_1_356' title='bbox 874 2913 994 2976; x_wconf 90' lang='lat' dir='ltr'><strong>iste,</strong></span> <span class='ocrx_word' id='word_1_357' title='bbox 1021 2910 1114 2982; x_wconf 90' lang='lat' dir='ltr'><strong>qui</strong></span> <span class='ocrx_word' id='word_1_358' title='bbox 1132 2907 1289 2980; x_wconf 86' lang='lat' dir='ltr'><strong>quasi</strong></span> <span class='ocrx_word' id='word_1_359' title='bbox 1316 2906 1517 2964; x_wconf 87' lang='lat' dir='ltr'><strong>ﬂumen</strong></span> <span class='ocrx_word' id='word_1_360' title='bbox 1541 2901 1804 2969; x_wconf 88' lang='lat' dir='ltr'><strong>ascendit,</strong></span> <span class='ocrx_word' id='word_1_361' title='bbox 1829 2909 1884 2958; x_wconf 89' lang='lat' dir='ltr'><strong>et</strong></span> <span class='ocrx_word' id='word_1_362' title='bbox 1905 2900 2076 2956; x_wconf 83' lang='lat' dir='ltr'><strong>veluti</strong></span> 
     </span>
    </p>
   </div>
   <div class='ocr_carea' id='block_1_46' title="bbox 485 2986 2078 3071">
    <p class='ocr_par' dir='ltr' id='par_1_46' title="bbox 485 2986 2078 3071">
     <span class='ocr_line' id='line_1_46' title="bbox 485 2986 2078 3071; baseline -0.01 -11"><span class='ocrx_word' id='word_1_363' title='bbox 485 3026 504 3059; x_wconf 74' lang='grc' dir='ltr'>ι</span> <span class='ocrx_word' id='word_1_364' title='bbox 537 3005 824 3060; x_wconf 87' lang='lat' dir='ltr'><strong>ﬂuviorum</strong></span> <span class='ocrx_word' id='word_1_365' title='bbox 873 3003 1240 3058; x_wconf 88' lang='lat' dir='ltr'><strong>intumescunt</strong></span> <span class='ocrx_word' id='word_1_366' title='bbox 1295 2999 1536 3071; x_wconf 85' lang='lat' dir='ltr'><strong>gurgites</strong></span> <span class='ocrx_word' id='word_1_367' title='bbox 1583 2996 1756 3066; x_wconf 83' lang='lat' dir='ltr'><strong>ejus?</strong></span> <span class='ocrx_word' id='word_1_368' title='bbox 1809 2986 2078 3065; x_wconf 67' lang='lat' dir='ltr'><strong>[Egyptus</strong></span> 
     </span>
    </p>
   </div>
   <div class='ocr_carea' id='block_1_47' title="bbox 489 3087 2077 3157">
    <p class='ocr_par' dir='ltr' id='par_1_47' title="bbox 489 3087 2077 3157">
     <span class='ocr_line' id='line_1_47' title="bbox 489 3087 2077 3157; baseline -0.009 -6"><span class='ocrx_word' id='word_1_369' title='bbox 489 3117 509 3151; x_wconf 75' lang='grc' dir='ltr'>ι</span> <span class='ocrx_word' id='word_1_370' title='bbox 540 3095 778 3154; x_wconf 90' lang='lat' dir='ltr'><strong>ﬂuminis</strong></span> <span class='ocrx_word' id='word_1_371' title='bbox 822 3097 996 3152; x_wconf 85' lang='lat' dir='ltr'><strong>instar</strong></span> <span class='ocrx_word' id='word_1_372' title='bbox 1024 3093 1302 3157; x_wconf 80' lang='lat' dir='ltr'><strong>ascendet,</strong></span> <span class='ocrx_word' id='word_1_373' title='bbox 1349 3099 1406 3146; x_wconf 89' lang='lat' dir='ltr'><strong>et</strong></span> <span class='ocrx_word' id='word_1_374' title='bbox 1433 3089 1582 3145; x_wconf 89' lang='lat' dir='ltr'><strong>velut</strong></span> <span class='ocrx_word' id='word_1_375' title='bbox 1627 3087 1847 3142; x_wconf 86' lang='lat' dir='ltr'><strong>ﬂumina</strong></span> <span class='ocrx_word' id='word_1_376' title='bbox 1891 3095 2077 3140; x_wconf 86' lang='lat' dir='ltr'><strong>move-</strong></span> 
     </span>
    </p>
   </div>
   <div class='ocr_carea' id='block_1_48' title="bbox 2183 1901 3800 1973">
    <p class='ocr_par' dir='ltr' id='par_1_48' title="bbox 2183 1901 3800 1973">
     <span class='ocr_line' id='line_1_48' title="bbox 2183 1901 3800 1973; baseline 0.001 -17"><span class='ocrx_word' id='word_1_377' title='bbox 2183 1902 2315 1963; x_wconf 86' lang='lat' dir='ltr'><strong>suis,</strong></span> <span class='ocrx_word' id='word_1_378' title='bbox 2358 1901 2485 1973; x_wconf 84' lang='lat' dir='ltr'><strong>quia</strong></span> <span class='ocrx_word' id='word_1_379' title='bbox 2541 1901 2744 1957; x_wconf 83' lang='lat' dir='ltr'><strong>frustra</strong></span> <span class='ocrx_word' id='word_1_380' title='bbox 2797 1902 3062 1969; x_wconf 86' lang='lat' dir='ltr'><strong>nituntur,</strong></span> <span class='ocrx_word' id='word_1_381' title='bbox 3115 1902 3310 1972; x_wconf 85' lang='lat' dir='ltr'><strong>quibus</strong></span> <span class='ocrx_word' id='word_1_382' title='bbox 3361 1901 3604 1958; x_wconf 89' lang='lat' dir='ltr'><strong>divinum</strong></span> <span class='ocrx_word' id='word_1_383' title='bbox 3662 1903 3800 1958; x_wconf 81' lang='lat' dir='ltr'><strong>sub-</strong></span> 
     </span>
    </p>
   </div>
   <div class='ocr_carea' id='block_1_49' title="bbox 2184 1989 3798 2064">
    <p class='ocr_par' dir='ltr' id='par_1_49' title="bbox 2184 1989 3798 2064">
     <span class='ocr_line' id='line_1_49' title="bbox 2184 1989 3798 2064; baseline 0.002 -19"><span class='ocrx_word' id='word_1_384' title='bbox 2184 1991 2420 2046; x_wconf 85' lang='lat' dir='ltr'><strong>trahitur</strong></span> <span class='ocrx_word' id='word_1_385' title='bbox 2457 1990 2737 2047; x_wconf 78' lang='lat' dir='ltr'><strong>auxilium.</strong></span> <span class='ocrx_word' id='word_1_386' title='bbox 2795 1989 3019 2064; x_wconf 77' lang='lat' dir='ltr'><strong>MystiCe</strong></span> <span class='ocrx_word' id='word_1_387' title='bbox 3064 2002 3244 2049; x_wconf 91' lang='lat' dir='ltr'><strong>autem</strong></span> <span class='ocrx_word' id='word_1_388' title='bbox 3297 2007 3488 2049; x_wconf 90' lang='lat' dir='ltr'><strong>omnes</strong></span> <span class='ocrx_word' id='word_1_389' title='bbox 3543 1993 3798 2050; x_wconf 60' lang='lat' dir='ltr'><strong>haeretici</strong></span> 
     </span>
    </p>
   </div>
   <div class='ocr_carea' id='block_1_50' title="bbox 2141 2083 3802 2157">
    <p class='ocr_par' dir='ltr' id='par_1_50' title="bbox 2141 2083 3802 2157">
     <span class='ocr_line' id='line_1_50' title="bbox 2141 2083 3802 2157; baseline 0.003 -19"><span class='ocrx_word' id='word_1_390' title='bbox 2141 2153 2146 2157; x_wconf 15' lang='grc' dir='ltr'><strong><em>ξ</em></strong></span> <span class='ocrx_word' id='word_1_391' title='bbox 2185 2093 2348 2154; x_wconf 88' lang='lat' dir='ltr'><strong>atque</strong></span> <span class='ocrx_word' id='word_1_392' title='bbox 2403 2083 2739 2140; x_wconf 86' lang='lat' dir='ltr'><strong>schismatiei</strong></span> <span class='ocrx_word' id='word_1_393' title='bbox 2788 2097 2855 2140; x_wconf 87' lang='lat' dir='ltr'><strong>ex</strong></span> <span class='ocrx_word' id='word_1_394' title='bbox 2907 2083 3139 2142; x_wconf 87' lang='lat' dir='ltr'><strong>diversis</strong></span> <span class='ocrx_word' id='word_1_395' title='bbox 3183 2084 3476 2156; x_wconf 87' lang='lat' dir='ltr'><strong>provinciis</strong></span> <span class='ocrx_word' id='word_1_396' title='bbox 3530 2085 3666 2153; x_wconf 91' lang='lat' dir='ltr'><strong>orti,</strong></span> <span class='ocrx_word' id='word_1_397' title='bbox 3721 2101 3802 2143; x_wconf 85' lang='lat' dir='ltr'><strong>ne</strong></span> 
     </span>
    </p>
   </div>
   <div class='ocr_carea' id='block_1_51' title="bbox 2185 2173 3799 2250">
    <p class='ocr_par' dir='ltr' id='par_1_51' title="bbox 2185 2173 3799 2250">
     <span class='ocr_line' id='line_1_51' title="bbox 2185 2173 3799 2250; baseline 0.002 -18"><span class='ocrx_word' id='word_1_398' title='bbox 2185 2177 2482 2250; x_wconf 89' lang='lat' dir='ltr'><strong>quidquam</strong></span> <span class='ocrx_word' id='word_1_399' title='bbox 2519 2173 2813 2248; x_wconf 90' lang='lat' dir='ltr'><strong>disponunt</strong></span> <span class='ocrx_word' id='word_1_400' title='bbox 2854 2185 3043 2234; x_wconf 84' lang='lat' dir='ltr'><strong>contra</strong></span> <span class='ocrx_word' id='word_1_401' title='bbox 3070 2177 3348 2234; x_wconf 87' lang='lat' dir='ltr'><strong>civitatem</strong></span> <span class='ocrx_word' id='word_1_402' title='bbox 3388 2177 3631 2245; x_wconf 88' lang='lat' dir='ltr'><strong>Domini,</strong></span> <span class='ocrx_word' id='word_1_403' title='bbox 3660 2178 3799 2249; x_wconf 85' lang='lat' dir='ltr'><strong>quia</strong></span> 
     </span>
    </p>
   </div>
   <div class='ocr_carea' id='block_1_52' title="bbox 2183 2265 3793 2341">
    <p class='ocr_par' dir='ltr' id='par_1_52' title="bbox 2183 2265 3793 2341">
     <span class='ocr_line' id='line_1_52' title="bbox 2183 2265 3793 2341; baseline -0.003 -13"><span class='ocrx_word' id='word_1_404' title='bbox 2183 2281 2306 2328; x_wconf 89' lang='lat' dir='ltr'><strong>eam</strong></span> <span class='ocrx_word' id='word_1_405' title='bbox 2331 2270 2645 2326; x_wconf 71' lang='lat' dir='ltr'><strong>subvertere</strong></span> <span class='ocrx_word' id='word_1_406' title='bbox 2675 2283 2780 2324; x_wconf 86' lang='lat' dir='ltr'><strong>non</strong></span> <span class='ocrx_word' id='word_1_407' title='bbox 2807 2279 3059 2341; x_wconf 89' lang='lat' dir='ltr'><strong>poterunt</strong></span> <span class='ocrx_word' id='word_1_408' title='bbox 3083 2290 3096 2325; x_wconf 90' lang='lat'><strong>:</strong></span> <span class='ocrx_word' id='word_1_409' title='bbox 3127 2289 3144 2322; x_wconf 74' lang='grc' dir='ltr'>ι</span> <span class='ocrx_word' id='word_1_410' title='bbox 3182 2269 3360 2326; x_wconf 67' lang='lat' dir='ltr'><strong>Portae</strong></span> <span class='ocrx_word' id='word_1_411' title='bbox 3384 2270 3530 2327; x_wconf 88' lang='lat' dir='ltr'><strong>enim</strong></span> <span class='ocrx_word' id='word_1_412' title='bbox 3556 2265 3742 2338; x_wconf 83' lang='lat' dir='ltr'><strong>inferi,</strong></span> <span class='ocrx_word' id='word_1_413' title='bbox 3772 2291 3793 2323; x_wconf 73' lang='grc' dir='ltr'><strong>ι</strong></span> 
     </span>
    </p>
   </div>
   <div class='ocr_carea' id='block_1_53' title="bbox 2177 2355 3800 2431">
    <p class='ocr_par' dir='ltr' id='par_1_53' title="bbox 2177 2355 3800 2431">
     <span class='ocr_line' id='line_1_53' title="bbox 2177 2355 3800 2431; baseline 0.002 -17"><span class='ocrx_word' id='word_1_414' title='bbox 2177 2358 2332 2430; x_wconf 85' lang='lat' dir='ltr'><strong>juxta</strong></span> <span class='ocrx_word' id='word_1_415' title='bbox 2362 2359 2691 2428; x_wconf 89' lang='lat' dir='ltr'><strong>promissum</strong></span> <span class='ocrx_word' id='word_1_416' title='bbox 2733 2357 3104 2424; x_wconf 69' lang='lat' dir='ltr'><strong>Salvatoris,.i</strong></span> <span class='ocrx_word' id='word_1_417' title='bbox 3156 2367 3265 2416; x_wconf 77' lang='lat' dir='ltr'><strong>nun</strong></span> <span class='ocrx_word' id='word_1_418' title='bbox 3293 2355 3669 2431; x_wconf 57' lang='lat' dir='ltr'><strong>praevalebunt</strong></span> <span class='ocrx_word' id='word_1_419' title='bbox 3694 2361 3800 2417; x_wconf 81' lang='lat' dir='ltr'><strong>ad-</strong></span> 
     </span>
    </p>
   </div>
   <div class='ocr_carea' id='block_1_54' title="bbox 2182 2443 3799 2523">
    <p class='ocr_par' dir='ltr' id='par_1_54' title="bbox 2182 2443 3799 2523">
     <span class='ocr_line' id='line_1_54' title="bbox 2182 2443 3799 2523; baseline 0.002 -20"><span class='ocrx_word' id='word_1_420' title='bbox 2182 2463 2374 2505; x_wconf 89' lang='lat' dir='ltr'><strong>versus</strong></span> <span class='ocrx_word' id='word_1_421' title='bbox 2397 2460 2514 2505; x_wconf 81' lang='lat' dir='ltr'><strong>eam</strong></span> <span class='ocrx_word' id='word_1_422' title='bbox 2557 2443 2773 2523; x_wconf 72' lang='lat' dir='ltr'><strong>(Matth.</strong></span> <span class='ocrx_word' id='word_1_423' title='bbox 2800 2450 2932 2521; x_wconf 86' lang='lat' dir='ltr'><strong>va),</strong></span> <span class='ocrx_word' id='word_1_424' title='bbox 2967 2471 2984 2504; x_wconf 75' lang='grc' dir='ltr'><strong><em>ι</em></strong></span> <span class='ocrx_word' id='word_1_425' title='bbox 3023 2445 3118 2507; x_wconf 89' lang='lat' dir='ltr'><strong>sed</strong></span> <span class='ocrx_word' id='word_1_426' title='bbox 3145 2451 3326 2521; x_wconf 82' lang='lat' dir='ltr'><strong>petius</strong></span> <span class='ocrx_word' id='word_1_427' title='bbox 3357 2450 3410 2504; x_wconf 90' lang='lat' dir='ltr'><strong>in</strong></span> <span class='ocrx_word' id='word_1_428' title='bbox 3444 2451 3532 2506; x_wconf 88' lang='lat' dir='ltr'><strong>die</strong></span> <span class='ocrx_word' id='word_1_429' title='bbox 3565 2449 3799 2507; x_wconf 86' lang='lat' dir='ltr'><strong>ultionis</strong></span> 
     </span>
    </p>
   </div>
   <div class='ocr_carea' id='block_1_55' title="bbox 2182 2537 3800 2614">
    <p class='ocr_par' dir='ltr' id='par_1_55' title="bbox 2182 2537 3800 2614">
     <span class='ocr_line' id='line_1_55' title="bbox 2182 2537 3800 2614; baseline 0.001 -17"><span class='ocrx_word' id='word_1_430' title='bbox 2182 2537 2394 2597; x_wconf 87' lang='lat' dir='ltr'><strong>Domini</strong></span> <span class='ocrx_word' id='word_1_431' title='bbox 2424 2541 2707 2598; x_wconf 84' lang='lat' dir='ltr'><strong>devorabit</strong></span> <span class='ocrx_word' id='word_1_432' title='bbox 2746 2539 2836 2602; x_wconf 88' lang='lat' dir='ltr'><strong>ille</strong></span> <span class='ocrx_word' id='word_1_433' title='bbox 2867 2542 3078 2614; x_wconf 89' lang='lat' dir='ltr'><strong>gladius</strong></span> <span class='ocrx_word' id='word_1_434' title='bbox 3108 2543 3295 2600; x_wconf 90' lang='lat' dir='ltr'><strong>hostes</strong></span> <span class='ocrx_word' id='word_1_435' title='bbox 3321 2540 3458 2612; x_wconf 86' lang='lat' dir='ltr'><strong>ejus,</strong></span> <span class='ocrx_word' id='word_1_436' title='bbox 3503 2539 3572 2599; x_wconf 87' lang='lat' dir='ltr'><strong>de</strong></span> <span class='ocrx_word' id='word_1_437' title='bbox 3597 2553 3707 2613; x_wconf 90' lang='lat' dir='ltr'><strong>quo</strong></span> <span class='ocrx_word' id='word_1_438' title='bbox 3733 2543 3800 2598; x_wconf 87' lang='lat' dir='ltr'><strong>in</strong></span> 
     </span>
    </p>
   </div>
   <div class='ocr_carea' id='block_1_56' title="bbox 2182 2631 3796 2704">
    <p class='ocr_par' dir='ltr' id='par_1_56' title="bbox 2182 2631 3796 2704">
     <span class='ocr_line' id='line_1_56' title="bbox 2182 2631 3796 2704; baseline 0 -16"><span class='ocrx_word' id='word_1_439' title='bbox 2182 2633 2398 2688; x_wconf 88' lang='lat' dir='ltr'><strong>cantico</strong></span> <span class='ocrx_word' id='word_1_440' title='bbox 2426 2631 2832 2688; x_wconf 85' lang='lat' dir='ltr'><strong>Deuteronomii</strong></span> <span class='ocrx_word' id='word_1_441' title='bbox 2873 2632 3133 2704; x_wconf 87' lang='lat' dir='ltr'><strong>scriptum</strong></span> <span class='ocrx_word' id='word_1_442' title='bbox 3165 2639 3286 2690; x_wconf 87' lang='lat' dir='ltr'><strong>est:</strong></span> <span class='ocrx_word' id='word_1_443' title='bbox 3332 2653 3350 2685; x_wconf 78' lang='grc' dir='ltr'><strong><em>ι</em></strong></span> <span class='ocrx_word' id='word_1_444' title='bbox 3385 2631 3673 2689; x_wconf 82' lang='lat' dir='ltr'><strong>inebriabo</strong></span> <span class='ocrx_word' id='word_1_445' title='bbox 3699 2645 3796 2688; x_wconf 80' lang='lat' dir='ltr'><strong>sa-</strong></span> 
     </span>
    </p>
   </div>
   <div class='ocr_carea' id='block_1_57' title="bbox 2183 2717 3798 2797">
    <p class='ocr_par' dir='ltr' id='par_1_57' title="bbox 2183 2717 3798 2797">
     <span class='ocr_line' id='line_1_57' title="bbox 2183 2717 3798 2797; baseline 0 -18"><span class='ocrx_word' id='word_1_446' title='bbox 2183 2721 2346 2797; x_wconf 88' lang='lat' dir='ltr'><strong>gittas</strong></span> <span class='ocrx_word' id='word_1_447' title='bbox 2396 2739 2546 2780; x_wconf 90' lang='lat' dir='ltr'><strong>meas</strong></span> <span class='ocrx_word' id='word_1_448' title='bbox 2582 2725 2635 2778; x_wconf 90' lang='lat' dir='ltr'><strong>in</strong></span> <span class='ocrx_word' id='word_1_449' title='bbox 2681 2723 2966 2796; x_wconf 89' lang='lat' dir='ltr'><strong>sanguine,</strong></span> <span class='ocrx_word' id='word_1_450' title='bbox 3005 2733 3060 2780; x_wconf 88' lang='lat' dir='ltr'><strong>et</strong></span> <span class='ocrx_word' id='word_1_451' title='bbox 3106 2717 3316 2796; x_wconf 82' lang='lat' dir='ltr'><strong>gladius</strong></span> <span class='ocrx_word' id='word_1_452' title='bbox 3346 2733 3500 2780; x_wconf 84' lang='lat' dir='ltr'><strong>meus</strong></span> <span class='ocrx_word' id='word_1_453' title='bbox 3553 2723 3798 2780; x_wconf 88' lang='lat' dir='ltr'><strong>mandu-</strong></span> 
     </span>
    </p>
   </div>
   <div class='ocr_carea' id='block_1_58' title="bbox 2183 2809 3798 2889">
    <p class='ocr_par' dir='ltr' id='par_1_58' title="bbox 2183 2809 3798 2889">
     <span class='ocr_line' id='line_1_58' title="bbox 2183 2809 3798 2889; baseline -0.001 -16"><span class='ocrx_word' id='word_1_454' title='bbox 2183 2819 2327 2874; x_wconf 88' lang='lat' dir='ltr'><strong>cabit</strong></span> <span class='ocrx_word' id='word_1_455' title='bbox 2375 2832 2570 2874; x_wconf 89' lang='lat' dir='ltr'><strong>carnes</strong></span> <span class='ocrx_word' id='word_1_456' title='bbox 2614 2809 2794 2886; x_wconf 81' lang='lat' dir='ltr'><strong>(Deut.</strong></span> <span class='ocrx_word' id='word_1_457' title='bbox 2834 2817 3025 2889; x_wconf 83' lang='lat' dir='ltr'><strong>xxxu).</strong></span> <span class='ocrx_word' id='word_1_458' title='bbox 3051 2838 3070 2871; x_wconf 71' lang='grc' dir='ltr'>ι</span> <span class='ocrx_word' id='word_1_459' title='bbox 3108 2838 3127 2868; x_wconf 75' lang='grc' dir='ltr'><strong>ε</strong></span> <span class='ocrx_word' id='word_1_460' title='bbox 3180 2815 3246 2873; x_wconf 85' lang='lat' dir='ltr'><strong>Et</strong></span> <span class='ocrx_word' id='word_1_461' title='bbox 3289 2817 3512 2873; x_wconf 85' lang='lat' dir='ltr'><strong>victima</strong></span> <span class='ocrx_word' id='word_1_462' title='bbox 3545 2817 3652 2872; x_wconf 88' lang='lat' dir='ltr'><strong>erit</strong></span> <span class='ocrx_word' id='word_1_463' title='bbox 3679 2813 3798 2872; x_wconf 86' lang='lat' dir='ltr'><strong>Do—</strong></span> 
     </span>
    </p>
   </div>
   <div class='ocr_carea' id='block_1_59' title="bbox 2183 2907 3789 2982">
    <p class='ocr_par' dir='ltr' id='par_1_59' title="bbox 2183 2907 3789 2982">
     <span class='ocr_line' id='line_1_59' title="bbox 2183 2907 3789 2982; baseline -0.004 -17"><span class='ocrx_word' id='word_1_464' title='bbox 2183 2909 2318 2966; x_wconf 89' lang='lat' dir='ltr'><strong>mini</strong></span> <span class='ocrx_word' id='word_1_465' title='bbox 2370 2911 2424 2966; x_wconf 89' lang='lat' dir='ltr'><strong>in</strong></span> <span class='ocrx_word' id='word_1_466' title='bbox 2478 2918 2621 2966; x_wconf 89' lang='lat' dir='ltr'><strong>terra</strong></span> <span class='ocrx_word' id='word_1_467' title='bbox 2653 2909 2939 2981; x_wconf 79' lang='lat' dir='ltr'><strong>Aquilonis</strong></span> <span class='ocrx_word' id='word_1_468' title='bbox 2961 2909 3118 2982; x_wconf 83' lang='lat' dir='ltr'><strong>juxta</strong></span> <span class='ocrx_word' id='word_1_469' title='bbox 3150 2907 3351 2965; x_wconf 89' lang='lat' dir='ltr'><strong>ﬂumen</strong></span> <span class='ocrx_word' id='word_1_470' title='bbox 3389 2907 3789 2979; x_wconf 61' lang='lat' dir='ltr'><strong>Euphratem,»</strong></span> 
     </span>
    </p>
   </div>
   <div class='ocr_carea' id='block_1_60' title="bbox 2184 2998 3799 3070">
    <p class='ocr_par' dir='ltr' id='par_1_60' title="bbox 2184 2998 3799 3070">
     <span class='ocr_line' id='line_1_60' title="bbox 2184 2998 3799 3070; baseline -0.001 -14"><span class='ocrx_word' id='word_1_471' title='bbox 2184 2998 2286 3058; x_wconf 86' lang='lat' dir='ltr'><strong>hoc</strong></span> <span class='ocrx_word' id='word_1_472' title='bbox 2315 3007 2420 3067; x_wconf 90' lang='lat' dir='ltr'><strong>est,</strong></span> <span class='ocrx_word' id='word_1_473' title='bbox 2447 2999 2652 3056; x_wconf 85' lang='lat' dir='ltr'><strong>ﬂuxum</strong></span> <span class='ocrx_word' id='word_1_474' title='bbox 2681 2999 3292 3070; x_wconf 65' lang='lat' dir='ltr'><strong>smeularisjvuluptatis,</strong></span> <span class='ocrx_word' id='word_1_475' title='bbox 3345 3011 3468 3056; x_wconf 88' lang='lat' dir='ltr'><strong>cum</strong></span> <span class='ocrx_word' id='word_1_476' title='bbox 3502 2999 3799 3055; x_wconf 81' lang='lat' dir='ltr'><strong>traduntur</strong></span> 
     </span>
    </p>
   </div>
   <div class='ocr_carea' id='block_1_61' title="bbox 2182 3089 3799 3165">
    <p class='ocr_par' dir='ltr' id='par_1_61' title="bbox 2182 3089 3799 3165">
     <span class='ocr_line' id='line_1_61' title="bbox 2182 3089 3799 3165; baseline -0.002 -17"><span class='ocrx_word' id='word_1_477' title='bbox 2182 3093 2238 3148; x_wconf 89' lang='lat' dir='ltr'><strong>in</strong></span> <span class='ocrx_word' id='word_1_478' title='bbox 2273 3107 2468 3148; x_wconf 89' lang='lat' dir='ltr'><strong>manus</strong></span> <span class='ocrx_word' id='word_1_479' title='bbox 2521 3093 2643 3165; x_wconf 87' lang='lat' dir='ltr'><strong>ejus</strong></span> <span class='ocrx_word' id='word_1_480' title='bbox 2675 3091 2767 3164; x_wconf 89' lang='lat' dir='ltr'><strong>qui</strong></span> <span class='ocrx_word' id='word_1_481' title='bbox 2825 3092 3018 3149; x_wconf 87' lang='lat' dir='ltr'><strong>solium</strong></span> <span class='ocrx_word' id='word_1_482' title='bbox 3071 3105 3226 3148; x_wconf 90' lang='lat' dir='ltr'><strong>suum</strong></span> <span class='ocrx_word' id='word_1_483' title='bbox 3278 3093 3460 3164; x_wconf 85' lang='lat' dir='ltr'><strong>posuit</strong></span> <span class='ocrx_word' id='word_1_484' title='bbox 3504 3089 3574 3148; x_wconf 90' lang='lat' dir='ltr'><strong>ad</strong></span> <span class='ocrx_word' id='word_1_485' title='bbox 3623 3091 3799 3162; x_wconf 83' lang='lat' dir='ltr'><strong>Aqui-</strong></span> 
     </span>
    </p>
   </div>
   <div class='ocr_carea' id='block_1_62' title="bbox 483 3169 3800 3258">
    <p class='ocr_par' dir='ltr' id='par_1_62' title="bbox 483 3169 3800 3258">
     <span class='ocr_line' id='line_1_62' title="bbox 483 3169 3800 3258; baseline -0 -20"><span class='ocrx_word' id='word_1_486' title='bbox 483 3223 490 3230; x_wconf 85' lang='lat'><strong>.</strong></span> <span class='ocrx_word' id='word_1_487' title='bbox 535 3189 755 3245; x_wconf 81' lang='lat' dir='ltr'><strong>buntur.</strong></span> <span class='ocrx_word' id='word_1_488' title='bbox 777 3185 972 3241; x_wconf 83' lang='lat' dir='ltr'><strong>ﬂuctus</strong></span> <span class='ocrx_word' id='word_1_489' title='bbox 1013 3181 1152 3252; x_wconf 82' lang='lat' dir='ltr'><strong>ejus,</strong></span> <span class='ocrx_word' id='word_1_490' title='bbox 1179 3189 1234 3238; x_wconf 88' lang='lat' dir='ltr'><strong>et</strong></span> <span class='ocrx_word' id='word_1_491' title='bbox 1279 3179 1461 3237; x_wconf 86' lang='lat' dir='ltr'><strong>dicet:</strong></span> <span class='ocrx_word' id='word_1_492' title='bbox 1490 3179 1805 3236; x_wconf 84' lang='lat' dir='ltr'><strong>Ascendeus</strong></span> <span class='ocrx_word' id='word_1_493' title='bbox 1829 3175 2074 3248; x_wconf 86' lang='lat' dir='ltr'><strong>cperiam</strong></span> <span class='ocrx_word' id='word_1_494' title='bbox 2103 3169 2147 3235; x_wconf 86' lang='lat' dir='ltr'><strong>C</strong></span> <span class='ocrx_word' id='word_1_495' title='bbox 2180 3197 2380 3258; x_wconf 64' lang='lat' dir='ltr'><strong>Iouem,</strong></span> <span class='ocrx_word' id='word_1_496' title='bbox 2404 3191 2458 3239; x_wconf 91' lang='lat' dir='ltr'><strong>et</strong></span> <span class='ocrx_word' id='word_1_497' title='bbox 2483 3175 2772 3255; x_wconf 85' lang='lat' dir='ltr'><strong>plaudebat</strong></span> <span class='ocrx_word' id='word_1_498' title='bbox 2795 3197 2855 3239; x_wconf 90' lang='lat' dir='ltr'><strong>se</strong></span> <span class='ocrx_word' id='word_1_499' title='bbox 2883 3181 3116 3240; x_wconf 84' lang='lat' dir='ltr'><strong>similem</strong></span> <span class='ocrx_word' id='word_1_500' title='bbox 3145 3179 3260 3238; x_wconf 83' lang='lat' dir='ltr'><strong>fore</strong></span> <span class='ocrx_word' id='word_1_501' title='bbox 3285 3177 3587 3248; x_wconf 79' lang='lat' dir='ltr'><strong>Altissimo,</strong></span> <span class='ocrx_word' id='word_1_502' title='bbox 3612 3183 3678 3237; x_wconf 89' lang='lat' dir='ltr'><strong>ut</strong></span> <span class='ocrx_word' id='word_1_503' title='bbox 3695 3193 3800 3237; x_wconf 73' lang='lat' dir='ltr'><strong>eos</strong></span> 
     </span>
    </p>
   </div>
   <div class='ocr_carea' id='block_1_63' title="bbox 482 3265 2068 3348">
    <p class='ocr_par' dir='ltr' id='par_1_63' title="bbox 482 3265 2068 3348">
     <span class='ocr_line' id='line_1_63' title="bbox 482 3265 2068 3348; baseline -0.011 -12"><span class='ocrx_word' id='word_1_504' title='bbox 482 3299 504 3336; x_wconf 79' lang='grc' dir='ltr'>ι</span> <span class='ocrx_word' id='word_1_505' title='bbox 535 3287 740 3337; x_wconf 83' lang='lat' dir='ltr'><strong>terram</strong></span> <span class='ocrx_word' id='word_1_506' title='bbox 764 3319 778 3342; x_wconf 94' lang='lat'><strong>,</strong></span> <span class='ocrx_word' id='word_1_507' title='bbox 827 3277 1053 3348; x_wconf 85' lang='lat' dir='ltr'><strong>perdam</strong></span> <span class='ocrx_word' id='word_1_508' title='bbox 1096 3273 1368 3330; x_wconf 83' lang='lat' dir='ltr'><strong>civitatem</strong></span> <span class='ocrx_word' id='word_1_509' title='bbox 1411 3279 1467 3327; x_wconf 87' lang='lat' dir='ltr'><strong>et</strong></span> <span class='ocrx_word' id='word_1_510' title='bbox 1510 3269 1844 3326; x_wconf 86' lang='lat' dir='ltr'><strong>habitatores</strong></span> <span class='ocrx_word' id='word_1_511' title='bbox 1881 3265 2018 3337; x_wconf 86' lang='lat' dir='ltr'><strong>ejus.</strong></span> <span class='ocrx_word' id='word_1_512' title='bbox 2049 3285 2068 3318; x_wconf 76' lang='grc' dir='ltr'><strong>ι</strong></span> 
     </span>
    </p>
   </div>
   <div class='ocr_carea' id='block_1_64' title="bbox 477 3353 2074 3442">
    <p class='ocr_par' dir='ltr' id='par_1_64' title="bbox 477 3353 2074 3442">
     <span class='ocr_line' id='line_1_64' title="bbox 477 3353 2074 3442; baseline -0.009 -13"><span class='ocrx_word' id='word_1_513' title='bbox 477 3369 710 3442; x_wconf 85' lang='lat' dir='ltr'><strong>Propter</strong></span> <span class='ocrx_word' id='word_1_514' title='bbox 731 3366 1134 3424; x_wconf 82' lang='lat' dir='ltr'><strong>multitudinem</strong></span> <span class='ocrx_word' id='word_1_515' title='bbox 1174 3361 1494 3436; x_wconf 86' lang='lat' dir='ltr'><strong>populorum</strong></span> <span class='ocrx_word' id='word_1_516' title='bbox 1529 3360 1823 3434; x_wconf 68' lang='lat' dir='ltr'><strong>Egyptum</strong></span> <span class='ocrx_word' id='word_1_517' title='bbox 1862 3353 2074 3414; x_wconf 81' lang='lat' dir='ltr'><strong>ﬂumini</strong></span> 
     </span>
    </p>
   </div>
   <div class='ocr_carea' id='block_1_65' title="bbox 479 3451 2075 3534">
    <p class='ocr_par' dir='ltr' id='par_1_65' title="bbox 479 3451 2075 3534">
     <span class='ocr_line' id='line_1_65' title="bbox 479 3451 2075 3534; baseline -0.008 -13"><span class='ocrx_word' id='word_1_518' title='bbox 479 3471 761 3534; x_wconf 89' lang='lat' dir='ltr'><strong>comparat</strong></span> <span class='ocrx_word' id='word_1_519' title='bbox 783 3471 840 3518; x_wconf 92' lang='lat' dir='ltr'><strong>et</strong></span> <span class='ocrx_word' id='word_1_520' title='bbox 873 3459 1068 3522; x_wconf 84' lang='lat' dir='ltr'><strong>ﬂuviis,</strong></span> <span class='ocrx_word' id='word_1_521' title='bbox 1101 3475 1223 3530; x_wconf 81' lang='lat' dir='ltr'><strong>quae</strong></span> <span class='ocrx_word' id='word_1_522' title='bbox 1252 3474 1311 3514; x_wconf 90' lang='lat' dir='ltr'><strong>se</strong></span> <span class='ocrx_word' id='word_1_523' title='bbox 1341 3471 1438 3528; x_wconf 90' lang='lat' dir='ltr'><strong>per</strong></span> <span class='ocrx_word' id='word_1_524' title='bbox 1466 3456 1830 3528; x_wconf 86' lang='lat' dir='ltr'><strong>arrogantiam</strong></span> <span class='ocrx_word' id='word_1_525' title='bbox 1871 3451 2075 3509; x_wconf 77' lang='lat' dir='ltr'><strong>{rustra</strong></span> 
     </span>
    </p>
   </div>
   <div class='ocr_carea' id='block_1_66' title="bbox 480 3543 2074 3630">
    <p class='ocr_par' dir='ltr' id='par_1_66' title="bbox 480 3543 2074 3630">
     <span class='ocr_line' id='line_1_66' title="bbox 480 3543 2074 3630; baseline -0.008 -21"><span class='ocrx_word' id='word_1_526' title='bbox 480 3565 684 3610; x_wconf 79' lang='lat' dir='ltr'><strong>terram</strong></span> <span class='ocrx_word' id='word_1_527' title='bbox 726 3551 890 3630; x_wconf 77' lang='lat' dir='ltr'><strong>israel</strong></span> <span class='ocrx_word' id='word_1_528' title='bbox 942 3559 998 3606; x_wconf 90' lang='lat' dir='ltr'><strong>et</strong></span> <span class='ocrx_word' id='word_1_529' title='bbox 1035 3549 1314 3606; x_wconf 88' lang='lat' dir='ltr'><strong>civitatem</strong></span> <span class='ocrx_word' id='word_1_530' title='bbox 1367 3546 1692 3612; x_wconf 82' lang='lat' dir='ltr'><strong>Jerusalem,</strong></span> <span class='ocrx_word' id='word_1_531' title='bbox 1749 3545 1864 3601; x_wconf 88' lang='lat' dir='ltr'><strong>sive</strong></span> <span class='ocrx_word' id='word_1_532' title='bbox 1909 3543 2074 3598; x_wconf 89' lang='lat' dir='ltr'><strong>etiam</strong></span> 
     </span>
    </p>
   </div>
   <div class='ocr_carea' id='block_1_67' title="bbox 478 3637 2075 3711">
    <p class='ocr_par' dir='ltr' id='par_1_67' title="bbox 478 3637 2075 3711">
     <span class='ocr_line' id='line_1_67' title="bbox 478 3637 2075 3711; baseline -0.008 -10"><span class='ocrx_word' id='word_1_533' title='bbox 478 3655 677 3701; x_wconf 90' lang='lat' dir='ltr'><strong>terram</strong></span> <span class='ocrx_word' id='word_1_534' title='bbox 701 3643 1078 3701; x_wconf 59' lang='lat' dir='ltr'><strong>Chaidzeorum</strong></span> <span class='ocrx_word' id='word_1_535' title='bbox 1118 3656 1186 3697; x_wconf 91' lang='lat' dir='ltr'><strong>ac</strong></span> <span class='ocrx_word' id='word_1_536' title='bbox 1210 3640 1398 3696; x_wconf 88' lang='lat' dir='ltr'><strong>urbem</strong></span> <span class='ocrx_word' id='word_1_537' title='bbox 1443 3637 1748 3711; x_wconf 70' lang='lat' dir='ltr'><strong>Babyloniae</strong></span> <span class='ocrx_word' id='word_1_538' title='bbox 1767 3637 1984 3707; x_wconf 86' lang='lat' dir='ltr'><strong>operire</strong></span> <span class='ocrx_word' id='word_1_539' title='bbox 2020 3639 2075 3691; x_wconf 86' lang='lat' dir='ltr'><strong>et</strong></span> 
     </span>
    </p>
   </div>
   <div class='ocr_carea' id='block_1_68' title="bbox 476 3729 2071 3810">
    <p class='ocr_par' dir='ltr' id='par_1_68' title="bbox 476 3729 2071 3810">
     <span class='ocr_line' id='line_1_68' title="bbox 476 3729 2071 3810; baseline -0.006 -14"><span class='ocrx_word' id='word_1_540' title='bbox 476 3737 790 3810; x_wconf 73' lang='lat' dir='ltr'><strong>disperdere</strong></span> <span class='ocrx_word' id='word_1_541' title='bbox 836 3737 1170 3794; x_wconf 87' lang='lat' dir='ltr'><strong>habitatores</strong></span> <span class='ocrx_word' id='word_1_542' title='bbox 1221 3735 1342 3807; x_wconf 88' lang='lat' dir='ltr'><strong>ejus</strong></span> <span class='ocrx_word' id='word_1_543' title='bbox 1387 3735 1678 3790; x_wconf 87' lang='lat' dir='ltr'><strong>latitabant</strong></span> <span class='ocrx_word' id='word_1_544' title='bbox 1723 3729 2071 3806; x_wconf 69' lang='lat' dir='ltr'><strong>[itetabatur],</strong></span> 
     </span>
    </p>
   </div>
   <div class='ocr_carea' id='block_1_69' title="bbox 475 3822 2076 3904">
    <p class='ocr_par' dir='ltr' id='par_1_69' title="bbox 475 3822 2076 3904">
     <span class='ocr_line' id='line_1_69' title="bbox 475 3822 2076 3904; baseline -0.007 -16"><span class='ocrx_word' id='word_1_545' title='bbox 475 3831 605 3904; x_wconf 88' lang='lat' dir='ltr'><strong>quia</strong></span> <span class='ocrx_word' id='word_1_546' title='bbox 643 3831 802 3903; x_wconf 79' lang='lat' dir='ltr'><strong>juxta</strong></span> <span class='ocrx_word' id='word_1_547' title='bbox 857 3829 1008 3885; x_wconf 74' lang='lat' dir='ltr'><strong>lsaite</strong></span> <span class='ocrx_word' id='word_1_548' title='bbox 1058 3826 1379 3886; x_wconf 82' lang='lat' dir='ltr'><strong>vaticinium</strong></span> <span class='ocrx_word' id='word_1_549' title='bbox 1420 3825 1666 3880; x_wconf 75' lang='lat' dir='ltr'><strong>tradetur</strong></span> <span class='ocrx_word' id='word_1_550' title='bbox 1712 3823 1978 3896; x_wconf 62' lang='lat' dir='ltr'><strong>Egyptus</strong></span> <span class='ocrx_word' id='word_1_551' title='bbox 2020 3822 2076 3877; x_wconf 90' lang='lat' dir='ltr'><strong>in</strong></span> 
     </span>
    </p>
   </div>
   <div class='ocr_carea' id='block_1_70' title="bbox 475 3913 2076 3986">
    <p class='ocr_par' dir='ltr' id='par_1_70' title="bbox 475 3913 2076 3986">
     <span class='ocr_line' id='line_1_70' title="bbox 475 3913 2076 3986; baseline -0.006 -3"><span class='ocrx_word' id='word_1_552' title='bbox 475 3943 670 3984; x_wconf 87' lang='lat' dir='ltr'><strong>manus</strong></span> <span class='ocrx_word' id='word_1_553' title='bbox 705 3925 1106 3984; x_wconf 87' lang='lat' dir='ltr'><strong>dominatorum</strong></span> <span class='ocrx_word' id='word_1_554' title='bbox 1135 3922 1458 3986; x_wconf 90' lang='lat' dir='ltr'><strong>crudelium,</strong></span> <span class='ocrx_word' id='word_1_555' title='bbox 1489 3929 1547 3977; x_wconf 87' lang='lat' dir='ltr'><strong>et</strong></span> <span class='ocrx_word' id='word_1_556' title='bbox 1581 3937 1680 3978; x_wconf 81' lang='lat' dir='ltr'><strong>rex</strong></span> <span class='ocrx_word' id='word_1_557' title='bbox 1722 3919 1880 3976; x_wconf 89' lang='lat' dir='ltr'><strong>fortis</strong></span> <span class='ocrx_word' id='word_1_558' title='bbox 1905 3913 2076 3975; x_wconf 44' lang='lat' dir='ltr'><strong>domis</strong></span> 
     </span>
    </p>
   </div>
   <div class='ocr_carea' id='block_1_71' title="bbox 476 4009 2078 4088">
    <p class='ocr_par' dir='ltr' id='par_1_71' title="bbox 476 4009 2078 4088">
     <span class='ocr_line' id='line_1_71' title="bbox 476 4009 2078 4088; baseline -0.003 -13"><span class='ocrx_word' id='word_1_559' title='bbox 476 4017 696 4076; x_wconf 85' lang='lat' dir='ltr'><strong>nabitur</strong></span> <span class='ocrx_word' id='word_1_560' title='bbox 722 4035 935 4084; x_wconf 91' lang='lat' dir='ltr'><strong>eorum,</strong></span> <span class='ocrx_word' id='word_1_561' title='bbox 960 4026 1016 4074; x_wconf 93' lang='lat' dir='ltr'><strong>et</strong></span> <span class='ocrx_word' id='word_1_562' title='bbox 1051 4023 1264 4073; x_wconf 88' lang='lat' dir='ltr'><strong>arescet</strong></span> <span class='ocrx_word' id='word_1_563' title='bbox 1293 4031 1434 4088; x_wconf 87' lang='lat' dir='ltr'><strong>aqua</strong></span> <span class='ocrx_word' id='word_1_564' title='bbox 1473 4017 1541 4072; x_wconf 91' lang='lat' dir='ltr'><strong>de</strong></span> <span class='ocrx_word' id='word_1_565' title='bbox 1582 4013 1742 4080; x_wconf 90' lang='lat' dir='ltr'><strong>mari,</strong></span> <span class='ocrx_word' id='word_1_566' title='bbox 1785 4019 1842 4070; x_wconf 90' lang='lat' dir='ltr'><strong>et</strong></span> <span class='ocrx_word' id='word_1_567' title='bbox 1880 4009 2078 4070; x_wconf 81' lang='lat' dir='ltr'><strong>ﬂuvius</strong></span> 
     </span>
    </p>
   </div>
   <div class='ocr_carea' id='block_1_72' title="bbox 477 4103 2078 4180">
    <p class='ocr_par' dir='ltr' id='par_1_72' title="bbox 477 4103 2078 4180">
     <span class='ocr_line' id='line_1_72' title="bbox 477 4103 2078 4180; baseline -0.006 -14"><span class='ocrx_word' id='word_1_568' title='bbox 477 4111 808 4167; x_wconf 87' lang='lat' dir='ltr'><strong>desoiabitur</strong></span> <span class='ocrx_word' id='word_1_569' title='bbox 839 4118 1000 4180; x_wconf 86' lang='lat' dir='ltr'><strong>atque</strong></span> <span class='ocrx_word' id='word_1_570' title='bbox 1028 4107 1321 4166; x_wconf 84' lang='lat' dir='ltr'><strong>siccabitur</strong></span> <span class='ocrx_word' id='word_1_571' title='bbox 1348 4113 1404 4162; x_wconf 91' lang='lat' dir='ltr'><strong>et</strong></span> <span class='ocrx_word' id='word_1_572' title='bbox 1431 4105 1682 4164; x_wconf 88' lang='lat' dir='ltr'><strong>deﬁcient</strong></span> <span class='ocrx_word' id='word_1_573' title='bbox 1717 4103 1960 4169; x_wconf 90' lang='lat' dir='ltr'><strong>ﬂumina,</strong></span> <span class='ocrx_word' id='word_1_574' title='bbox 1989 4111 2078 4157; x_wconf 80' lang='lat' dir='ltr'><strong>at-</strong></span> 
     </span>
    </p>
   </div>
   <div class='ocr_carea' id='block_1_73' title="bbox 476 4196 2077 4268">
    <p class='ocr_par' dir='ltr' id='par_1_73' title="bbox 476 4196 2077 4268">
     <span class='ocr_line' id='line_1_73' title="bbox 476 4196 2077 4268; baseline -0.004 -11"><span class='ocrx_word' id='word_1_575' title='bbox 476 4203 842 4258; x_wconf 89' lang='lat' dir='ltr'><strong>tenuabuntur</strong></span> <span class='ocrx_word' id='word_1_576' title='bbox 863 4210 920 4257; x_wconf 88' lang='lat' dir='ltr'><strong>et</strong></span> <span class='ocrx_word' id='word_1_577' title='bbox 947 4200 1300 4258; x_wconf 86' lang='lat' dir='ltr'><strong>siccabuntur</strong></span> <span class='ocrx_word' id='word_1_578' title='bbox 1327 4198 1430 4253; x_wconf 84' lang='lat' dir='ltr'><strong>rivi</strong></span> <span class='ocrx_word' id='word_1_579' title='bbox 1461 4211 1737 4268; x_wconf 87' lang='lat' dir='ltr'><strong>aggerum,</strong></span> <span class='ocrx_word' id='word_1_580' title='bbox 1758 4201 1815 4252; x_wconf 90' lang='lat' dir='ltr'><strong>et</strong></span> <span class='ocrx_word' id='word_1_581' title='bbox 1837 4196 2077 4252; x_wconf 87' lang='lat' dir='ltr'><strong>calamus</strong></span> 
     </span>
    </p>
   </div>
   <div class='ocr_carea' id='block_1_74' title="bbox 473 4283 2076 4360">
    <p class='ocr_par' dir='ltr' id='par_1_74' title="bbox 473 4283 2076 4360">
     <span class='ocr_line' id='line_1_74' title="bbox 473 4283 2076 4360; baseline -0.001 -16"><span class='ocrx_word' id='word_1_582' title='bbox 473 4297 530 4345; x_wconf 88' lang='lat' dir='ltr'><strong>et</strong></span> <span class='ocrx_word' id='word_1_583' title='bbox 555 4287 752 4359; x_wconf 89' lang='lat' dir='ltr'><strong>juncus</strong></span> <span class='ocrx_word' id='word_1_584' title='bbox 780 4295 1098 4345; x_wconf 86' lang='lat' dir='ltr'><strong>marcescet.</strong></span> <span class='ocrx_word' id='word_1_585' title='bbox 1125 4287 1398 4360; x_wconf 76' lang='grc' dir='ltr'><strong>(Ηίενοη.)</strong></span> <span class='ocrx_word' id='word_1_586' title='bbox 1430 4283 1687 4343; x_wconf 81' lang='lat' dir='ltr'><strong>Naturale</strong></span> <span class='ocrx_word' id='word_1_587' title='bbox 1726 4295 1830 4353; x_wconf 89' lang='lat' dir='ltr'><strong>est,</strong></span> <span class='ocrx_word' id='word_1_588' title='bbox 1861 4296 1924 4342; x_wconf 92' lang='lat' dir='ltr'><strong>ut</strong></span> <span class='ocrx_word' id='word_1_589' title='bbox 1951 4299 2076 4343; x_wconf 83' lang='lat' dir='ltr'><strong>cum</strong></span> 
     </span>
    </p>
   </div>
   <div class='ocr_carea' id='block_1_75' title="bbox 474 4377 2076 4452">
    <p class='ocr_par' dir='ltr' id='par_1_75' title="bbox 474 4377 2076 4452">
     <span class='ocr_line' id='line_1_75' title="bbox 474 4377 2076 4452; baseline -0.001 -17"><span class='ocrx_word' id='word_1_590' title='bbox 474 4393 573 4452; x_wconf 92' lang='lat' dir='ltr'><strong>per</strong></span> <span class='ocrx_word' id='word_1_591' title='bbox 602 4379 738 4436; x_wconf 85' lang='lat' dir='ltr'><strong>iram</strong></span> <span class='ocrx_word' id='word_1_592' title='bbox 764 4379 864 4437; x_wconf 92' lang='lat' dir='ltr'><strong>Dei</strong></span> <span class='ocrx_word' id='word_1_593' title='bbox 892 4381 1178 4451; x_wconf 85' lang='lat' dir='ltr'><strong>captivitas</strong></span> <span class='ocrx_word' id='word_1_594' title='bbox 1229 4377 1461 4444; x_wconf 89' lang='lat' dir='ltr'><strong>venerit,</strong></span> <span class='ocrx_word' id='word_1_595' title='bbox 1503 4377 1926 4450; x_wconf 78' lang='lat' dir='ltr'><strong>iudignatiOnem</strong></span> <span class='ocrx_word' id='word_1_596' title='bbox 1955 4377 2076 4449; x_wconf 85' lang='lat' dir='ltr'><strong>ejus</strong></span> 
     </span>
    </p>
   </div>
   <div class='ocr_carea' id='block_1_76' title="bbox 473 4471 2072 4546">
    <p class='ocr_par' dir='ltr' id='par_1_76' title="bbox 473 4471 2072 4546">
     <span class='ocr_line' id='line_1_76' title="bbox 473 4471 2072 4546; baseline -0.001 -17"><span class='ocrx_word' id='word_1_597' title='bbox 473 4471 782 4546; x_wconf 79' lang='lat' dir='ltr'><strong>pestilentia</strong></span> <span class='ocrx_word' id='word_1_598' title='bbox 809 4473 1190 4542; x_wconf 83' lang='lat' dir='ltr'><strong>subsequatur,</strong></span> <span class='ocrx_word' id='word_1_599' title='bbox 1217 4477 1272 4528; x_wconf 91' lang='lat' dir='ltr'><strong>et</strong></span> <span class='ocrx_word' id='word_1_600' title='bbox 1310 4471 1595 4528; x_wconf 88' lang='lat' dir='ltr'><strong>adversum</strong></span> <span class='ocrx_word' id='word_1_601' title='bbox 1630 4485 1744 4538; x_wconf 85' lang='lat' dir='ltr'><strong>eos,</strong></span> <span class='ocrx_word' id='word_1_602' title='bbox 1777 4473 1870 4544; x_wconf 87' lang='lat' dir='ltr'><strong>qui</strong></span> <span class='ocrx_word' id='word_1_603' title='bbox 1899 4471 2072 4528; x_wconf 72' lang='lat' dir='ltr'><strong>elicu-</strong></span> 
     </span>
    </p>
   </div>
   <div class='ocr_carea' id='block_1_77' title="bbox 2179 3269 3793 3348">
    <p class='ocr_par' dir='ltr' id='par_1_77' title="bbox 2179 3269 3793 3348">
     <span class='ocr_line' id='line_1_77' title="bbox 2179 3269 3793 3348; baseline 0.001 -19"><span class='ocrx_word' id='word_1_604' title='bbox 2179 3275 2360 3331; x_wconf 83' lang='lat' dir='ltr'><strong>mittet</strong></span> <span class='ocrx_word' id='word_1_605' title='bbox 2392 3275 2446 3330; x_wconf 91' lang='lat' dir='ltr'><strong>in</strong></span> <span class='ocrx_word' id='word_1_606' title='bbox 2477 3283 2726 3346; x_wconf 86' lang='lat' dir='ltr'><strong>stagnum</strong></span> <span class='ocrx_word' id='word_1_607' title='bbox 2757 3269 2897 3348; x_wconf 90' lang='lat' dir='ltr'><strong>ignis</strong></span> <span class='ocrx_word' id='word_1_608' title='bbox 2925 3282 2982 3330; x_wconf 90' lang='lat' dir='ltr'><strong>et</strong></span> <span class='ocrx_word' id='word_1_609' title='bbox 3009 3275 3315 3346; x_wconf 83' lang='lat' dir='ltr'><strong>sulphuris,</strong></span> <span class='ocrx_word' id='word_1_610' title='bbox 3345 3283 3400 3332; x_wconf 87' lang='lat' dir='ltr'><strong>et</strong></span> <span class='ocrx_word' id='word_1_611' title='bbox 3424 3273 3501 3330; x_wconf 79' lang='lat' dir='ltr'><strong>ibi</strong></span> <span class='ocrx_word' id='word_1_612' title='bbox 3527 3282 3639 3330; x_wconf 81' lang='lat' dir='ltr'><strong>tam</strong></span> <span class='ocrx_word' id='word_1_613' title='bbox 3670 3286 3793 3331; x_wconf 80' lang='lat' dir='ltr'><strong>cor-</strong></span> 
     </span>
    </p>
   </div>
   <div class='ocr_carea' id='block_1_78' title="bbox 2179 3371 3534 3444">
    <p class='ocr_par' dir='ltr' id='par_1_78' title="bbox 2179 3371 3534 3444">
     <span class='ocr_line' id='line_1_78' title="bbox 2179 3371 3534 3444; baseline -0.001 -17"><span class='ocrx_word' id='word_1_614' title='bbox 2179 3385 2312 3444; x_wconf 89' lang='lat' dir='ltr'><strong>pore</strong></span> <span class='ocrx_word' id='word_1_615' title='bbox 2335 3387 2500 3443; x_wconf 88' lang='lat' dir='ltr'><strong>quam</strong></span> <span class='ocrx_word' id='word_1_616' title='bbox 2537 3371 2720 3428; x_wconf 88' lang='lat' dir='ltr'><strong>anima</strong></span> <span class='ocrx_word' id='word_1_617' title='bbox 2759 3372 3071 3428; x_wconf 82' lang='lat' dir='ltr'><strong>crucientur</strong></span> <span class='ocrx_word' id='word_1_618' title='bbox 3102 3373 3159 3428; x_wconf 93' lang='lat' dir='ltr'><strong>in</strong></span> <span class='ocrx_word' id='word_1_619' title='bbox 3193 3380 3534 3444; x_wconf 83' lang='lat' dir='ltr'><strong>perpetuum.</strong></span> 
     </span>
    </p>
   </div>
   <div class='ocr_carea' id='block_1_79' title="bbox 2259 3461 3794 3538">
    <p class='ocr_par' dir='ltr' id='par_1_79' title="bbox 2259 3461 3794 3538">
     <span class='ocr_line' id='line_1_79' title="bbox 2259 3461 3794 3538; baseline 0.004 -24"><span class='ocrx_word' id='word_1_620' title='bbox 2259 3481 2277 3514; x_wconf 78' lang='grc' dir='ltr'>σ</span> <span class='ocrx_word' id='word_1_621' title='bbox 2310 3463 2558 3521; x_wconf 83' lang='lat' dir='ltr'><strong>Ascende</strong></span> <span class='ocrx_word' id='word_1_622' title='bbox 2601 3464 2656 3519; x_wconf 92' lang='lat' dir='ltr'><strong>in</strong></span> <span class='ocrx_word' id='word_1_623' title='bbox 2701 3461 2908 3520; x_wconf 86' lang='lat' dir='ltr'><strong>Galaad</strong></span> <span class='ocrx_word' id='word_1_624' title='bbox 2931 3471 2988 3519; x_wconf 89' lang='lat' dir='ltr'><strong>et</strong></span> <span class='ocrx_word' id='word_1_625' title='bbox 3013 3461 3142 3521; x_wconf 89' lang='lat' dir='ltr'><strong>tolle</strong></span> <span class='ocrx_word' id='word_1_626' title='bbox 3185 3465 3446 3531; x_wconf 87' lang='lat' dir='ltr'><strong>resinam,</strong></span> <span class='ocrx_word' id='word_1_627' title='bbox 3476 3465 3632 3538; x_wconf 89' lang='lat' dir='ltr'><strong>virgo</strong></span> <span class='ocrx_word' id='word_1_628' title='bbox 3676 3463 3794 3520; x_wconf 81' lang='lat' dir='ltr'><strong>ﬁlia</strong></span> 
     </span>
    </p>
   </div>
   <div class='ocr_carea' id='block_1_80' title="bbox 2185 3553 3796 3630">
    <p class='ocr_par' dir='ltr' id='par_1_80' title="bbox 2185 3553 3796 3630">
     <span class='ocr_line' id='line_1_80' title="bbox 2185 3553 3796 3630; baseline 0.003 -22"><span class='ocrx_word' id='word_1_629' title='bbox 2185 3575 2204 3608; x_wconf 76' lang='grc' dir='ltr'>ι</span> <span class='ocrx_word' id='word_1_630' title='bbox 2249 3554 2495 3630; x_wconf 63' lang='lat' dir='ltr'><strong>Egypti,</strong></span> <span class='ocrx_word' id='word_1_631' title='bbox 2526 3556 2730 3612; x_wconf 87' lang='lat' dir='ltr'><strong>frustra</strong></span> <span class='ocrx_word' id='word_1_632' title='bbox 2760 3553 3146 3628; x_wconf 86' lang='lat' dir='ltr'><strong>multiplicabis</strong></span> <span class='ocrx_word' id='word_1_633' title='bbox 3172 3556 3558 3624; x_wconf 87' lang='lat' dir='ltr'><strong>medicamina,</strong></span> <span class='ocrx_word' id='word_1_634' title='bbox 3582 3556 3796 3613; x_wconf 81' lang='lat' dir='ltr'><strong>sanitas</strong></span> 
     </span>
    </p>
   </div>
   <div class='ocr_carea' id='block_1_81' title="bbox 2187 3644 3794 3722">
    <p class='ocr_par' dir='ltr' id='par_1_81' title="bbox 2187 3644 3794 3722">
     <span class='ocr_line' id='line_1_81' title="bbox 2187 3644 3794 3722; baseline 0.002 -20"><span class='ocrx_word' id='word_1_635' title='bbox 2187 3667 2207 3702; x_wconf 76' lang='grc' dir='ltr'>ι</span> <span class='ocrx_word' id='word_1_636' title='bbox 2253 3664 2360 3705; x_wconf 92' lang='lat' dir='ltr'><strong>non</strong></span> <span class='ocrx_word' id='word_1_637' title='bbox 2388 3649 2496 3705; x_wconf 89' lang='lat' dir='ltr'><strong>erit</strong></span> <span class='ocrx_word' id='word_1_638' title='bbox 2535 3649 2652 3704; x_wconf 86' lang='lat' dir='ltr'><strong>tibi.</strong></span> <span class='ocrx_word' id='word_1_639' title='bbox 2678 3669 2698 3701; x_wconf 76' lang='grc' dir='ltr'><strong><em>ι</em></strong></span> <span class='ocrx_word' id='word_1_640' title='bbox 2753 3645 3026 3722; x_wconf 75' lang='grc' dir='ltr'><strong>(Ηίενοη.)</strong></span> <span class='ocrx_word' id='word_1_641' title='bbox 3076 3644 3282 3706; x_wconf 87' lang='lat' dir='ltr'><strong>Galaad</strong></span> <span class='ocrx_word' id='word_1_642' title='bbox 3309 3663 3467 3706; x_wconf 89' lang='lat' dir='ltr'><strong>mons</strong></span> <span class='ocrx_word' id='word_1_643' title='bbox 3519 3649 3589 3705; x_wconf 89' lang='lat' dir='ltr'><strong>ad</strong></span> <span class='ocrx_word' id='word_1_644' title='bbox 3622 3661 3794 3720; x_wconf 83' lang='lat' dir='ltr'><strong>quem</strong></span> 
     </span>
    </p>
   </div>
   <div class='ocr_carea' id='block_1_82' title="bbox 2180 3737 3796 3818">
    <p class='ocr_par' dir='ltr' id='par_1_82' title="bbox 2180 3737 3796 3818">
     <span class='ocr_line' id='line_1_82' title="bbox 2180 3737 3796 3818; baseline -0.001 -18"><span class='ocrx_word' id='word_1_645' title='bbox 2180 3752 2389 3815; x_wconf 85' lang='lat' dir='ltr'><strong>septem</strong></span> <span class='ocrx_word' id='word_1_646' title='bbox 2417 3743 2692 3800; x_wconf 75' lang='lat' dir='ltr'><strong>Pbmnicis</strong></span> <span class='ocrx_word' id='word_1_647' title='bbox 2717 3749 2773 3798; x_wconf 93' lang='lat' dir='ltr'><strong>et</strong></span> <span class='ocrx_word' id='word_1_648' title='bbox 2791 3741 3004 3798; x_wconf 61' lang='lat' dir='ltr'><strong>Arabia</strong></span> <span class='ocrx_word' id='word_1_649' title='bbox 3027 3741 3255 3798; x_wconf 86' lang='lat' dir='ltr'><strong>collibus</strong></span> <span class='ocrx_word' id='word_1_650' title='bbox 3283 3755 3442 3818; x_wconf 82' lang='lat' dir='ltr'><strong>mons</strong></span> <span class='ocrx_word' id='word_1_651' title='bbox 3480 3737 3677 3798; x_wconf 85' lang='lat' dir='ltr'><strong>Libani</strong></span> <span class='ocrx_word' id='word_1_652' title='bbox 3697 3755 3796 3798; x_wconf 91' lang='lat' dir='ltr'><strong>co-</strong></span> 
     </span>
    </p>
   </div>
   <div class='ocr_carea' id='block_1_83' title="bbox 2180 3831 3796 3908">
    <p class='ocr_par' dir='ltr' id='par_1_83' title="bbox 2180 3831 3796 3908">
     <span class='ocr_line' id='line_1_83' title="bbox 2180 3831 3796 3908; baseline -0.001 -19"><span class='ocrx_word' id='word_1_653' title='bbox 2180 3831 2418 3908; x_wconf 86' lang='lat' dir='ltr'><strong>pulatur,</strong></span> <span class='ocrx_word' id='word_1_654' title='bbox 2449 3831 2869 3904; x_wconf 86' lang='lat' dir='ltr'><strong>extenditurque</strong></span> <span class='ocrx_word' id='word_1_655' title='bbox 2894 3841 2993 3902; x_wconf 87' lang='lat' dir='ltr'><strong>per</strong></span> <span class='ocrx_word' id='word_1_656' title='bbox 3037 3831 3312 3889; x_wconf 83' lang='lat' dir='ltr'><strong>desertum</strong></span> <span class='ocrx_word' id='word_1_657' title='bbox 3350 3838 3523 3904; x_wconf 83' lang='lat' dir='ltr'><strong>usque</strong></span> <span class='ocrx_word' id='word_1_658' title='bbox 3570 3831 3638 3886; x_wconf 87' lang='lat' dir='ltr'><strong>ad</strong></span> <span class='ocrx_word' id='word_1_659' title='bbox 3661 3841 3796 3887; x_wconf 85' lang='lat' dir='ltr'><strong>eum</strong></span> 
     </span>
    </p>
   </div>
   <div class='ocr_carea' id='block_1_84' title="bbox 2180 3917 3795 3994">
    <p class='ocr_par' dir='ltr' id='par_1_84' title="bbox 2180 3917 3795 3994">
     <span class='ocr_line' id='line_1_84' title="bbox 2180 3917 3795 3994; baseline -0.002 -12"><span class='ocrx_word' id='word_1_660' title='bbox 2180 3917 2359 3982; x_wconf 88' lang='lat' dir='ltr'><strong>locum</strong></span> <span class='ocrx_word' id='word_1_661' title='bbox 2390 3926 2479 3982; x_wconf 91' lang='lat' dir='ltr'><strong>ubi</strong></span> <span class='ocrx_word' id='word_1_662' title='bbox 2521 3933 2671 3981; x_wconf 87' lang='lat' dir='ltr'><strong>trans</strong></span> <span class='ocrx_word' id='word_1_663' title='bbox 2707 3921 2996 3979; x_wconf 74' lang='lat' dir='ltr'><strong>Iordanem</strong></span> <span class='ocrx_word' id='word_1_664' title='bbox 3022 3919 3308 3980; x_wconf 85' lang='lat' dir='ltr'><strong>habitabat</strong></span> <span class='ocrx_word' id='word_1_665' title='bbox 3331 3923 3607 3994; x_wconf 84' lang='lat' dir='ltr'><strong>quondam</strong></span> <span class='ocrx_word' id='word_1_666' title='bbox 3641 3921 3795 3978; x_wconf 84' lang='lat' dir='ltr'><strong>Seon</strong></span> 
     </span>
    </p>
   </div>
   <div class='ocr_carea' id='block_1_85' title="bbox 2181 4011 3795 4088">
    <p class='ocr_par' dir='ltr' id='par_1_85' title="bbox 2181 4011 3795 4088">
     <span class='ocr_line' id='line_1_85' title="bbox 2181 4011 3795 4088; baseline -0.003 -13"><span class='ocrx_word' id='word_1_667' title='bbox 2181 4035 2279 4076; x_wconf 86' lang='lat' dir='ltr'><strong>rex</strong></span> <span class='ocrx_word' id='word_1_668' title='bbox 2311 4019 2763 4076; x_wconf 80' lang='lat' dir='ltr'><strong>Amorrbeorum.</strong></span> <span class='ocrx_word' id='word_1_669' title='bbox 2787 4015 3001 4073; x_wconf 87' lang='lat' dir='ltr'><strong>Cecidit</strong></span> <span class='ocrx_word' id='word_1_670' title='bbox 3027 4011 3373 4088; x_wconf 84' lang='lat' dir='ltr'><strong>supradictus</strong></span> <span class='ocrx_word' id='word_1_671' title='bbox 3399 4029 3556 4070; x_wconf 90' lang='lat' dir='ltr'><strong>mons</strong></span> <span class='ocrx_word' id='word_1_672' title='bbox 3587 4014 3640 4070; x_wconf 90' lang='lat' dir='ltr'><strong>in</strong></span> <span class='ocrx_word' id='word_1_673' title='bbox 3670 4027 3795 4072; x_wconf 80' lang='lat' dir='ltr'><strong>sor-</strong></span> 
     </span>
    </p>
   </div>
   <div class='ocr_carea' id='block_1_86' title="bbox 2183 4105 3794 4176">
    <p class='ocr_par' dir='ltr' id='par_1_86' title="bbox 2183 4105 3794 4176">
     <span class='ocr_line' id='line_1_86' title="bbox 2183 4105 3794 4176; baseline -0.004 -8"><span class='ocrx_word' id='word_1_674' title='bbox 2183 4117 2290 4168; x_wconf 84' lang='lat' dir='ltr'><strong>tem</strong></span> <span class='ocrx_word' id='word_1_675' title='bbox 2327 4109 2562 4166; x_wconf 83' lang='lat' dir='ltr'><strong>ﬁliorum</strong></span> <span class='ocrx_word' id='word_1_676' title='bbox 2617 4109 2806 4165; x_wconf 84' lang='lat' dir='ltr'><strong>Ruben</strong></span> <span class='ocrx_word' id='word_1_677' title='bbox 2839 4117 2894 4166; x_wconf 86' lang='lat' dir='ltr'><strong>et</strong></span> <span class='ocrx_word' id='word_1_678' title='bbox 2936 4105 3075 4176; x_wconf 83' lang='lat' dir='ltr'><strong>Gad,</strong></span> <span class='ocrx_word' id='word_1_679' title='bbox 3121 4115 3178 4165; x_wconf 87' lang='lat' dir='ltr'><strong>et</strong></span> <span class='ocrx_word' id='word_1_680' title='bbox 3223 4106 3460 4164; x_wconf 73' lang='lat' dir='ltr'><strong>dimidia:</strong></span> <span class='ocrx_word' id='word_1_681' title='bbox 3499 4105 3644 4163; x_wconf 84' lang='lat' dir='ltr'><strong>tribu</strong></span> <span class='ocrx_word' id='word_1_682' title='bbox 3681 4105 3794 4162; x_wconf 78' lang='lat' dir='ltr'><strong>Ma-</strong></span> 
     </span>
    </p>
   </div>
   <div class='ocr_carea' id='block_1_87' title="bbox 2180 4201 3796 4284">
    <p class='ocr_par' dir='ltr' id='par_1_87' title="bbox 2180 4201 3796 4284">
     <span class='ocr_line' id='line_1_87' title="bbox 2180 4201 3796 4284; baseline -0.002 -23"><span class='ocrx_word' id='word_1_683' title='bbox 2180 4219 2375 4262; x_wconf 66' lang='lat' dir='ltr'><strong>nassae.</strong></span> <span class='ocrx_word' id='word_1_684' title='bbox 2393 4203 2649 4264; x_wconf 88' lang='lat' dir='ltr'><strong>Resinam</strong></span> <span class='ocrx_word' id='word_1_685' title='bbox 2669 4203 2844 4260; x_wconf 66' lang='lat' dir='ltr'><strong>Graeci</strong></span> <span class='ocrx_word' id='word_1_686' title='bbox 2864 4205 3064 4284; x_wconf 77' lang='grc' dir='ltr'><strong>ῥητίνην</strong></span> <span class='ocrx_word' id='word_1_687' title='bbox 3085 4212 3302 4271; x_wconf 90' lang='lat' dir='ltr'><strong>vocant,</strong></span> <span class='ocrx_word' id='word_1_688' title='bbox 3323 4203 3454 4280; x_wconf 67' lang='grc' dir='ltr'><strong>ῥέειν</strong></span> <span class='ocrx_word' id='word_1_689' title='bbox 3473 4202 3622 4260; x_wconf 88' lang='lat' dir='ltr'><strong>enim</strong></span> <span class='ocrx_word' id='word_1_690' title='bbox 3642 4201 3796 4259; x_wconf 60' lang='lat' dir='ltr'><strong>Grai-</strong></span> 
     </span>
    </p>
   </div>
   <div class='ocr_carea' id='block_1_88' title="bbox 2180 4295 3792 4371">
    <p class='ocr_par' dir='ltr' id='par_1_88' title="bbox 2180 4295 3792 4371">
     <span class='ocr_line' id='line_1_88' title="bbox 2180 4295 3792 4371; baseline 0.001 -17"><span class='ocrx_word' id='word_1_691' title='bbox 2180 4313 2245 4356; x_wconf 92' lang='lat' dir='ltr'><strong>ce</strong></span> <span class='ocrx_word' id='word_1_692' title='bbox 2273 4295 2478 4356; x_wconf 91' lang='lat' dir='ltr'><strong>dicitur</strong></span> <span class='ocrx_word' id='word_1_693' title='bbox 2517 4295 2782 4370; x_wconf 89' lang='lat' dir='ltr'><strong>quidquid</strong></span> <span class='ocrx_word' id='word_1_694' title='bbox 2819 4308 3047 4354; x_wconf 85' lang='lat' dir='ltr'><strong>manat:</strong></span> <span class='ocrx_word' id='word_1_695' title='bbox 3094 4308 3180 4356; x_wconf 89' lang='lat' dir='ltr'><strong>est</strong></span> <span class='ocrx_word' id='word_1_696' title='bbox 3205 4299 3350 4356; x_wconf 90' lang='lat' dir='ltr'><strong>enim</strong></span> <span class='ocrx_word' id='word_1_697' title='bbox 3399 4297 3641 4371; x_wconf 81' lang='lat' dir='ltr'><strong>iaeryma</strong></span> <span class='ocrx_word' id='word_1_698' title='bbox 3695 4314 3792 4355; x_wconf 86' lang='lat' dir='ltr'><strong>su-</strong></span> 
     </span>
    </p>
   </div>
   <div class='ocr_carea' id='block_1_89' title="bbox 2181 4385 3791 4464">
    <p class='ocr_par' dir='ltr' id='par_1_89' title="bbox 2181 4385 3791 4464">
     <span class='ocr_line' id='line_1_89' title="bbox 2181 4385 3791 4464; baseline -0.002 -14"><span class='ocrx_word' id='word_1_699' title='bbox 2181 4387 2312 4450; x_wconf 86' lang='lat' dir='ltr'><strong>dore</strong></span> <span class='ocrx_word' id='word_1_700' title='bbox 2337 4390 2590 4449; x_wconf 80' lang='lat' dir='ltr'><strong>exhalata</strong></span> <span class='ocrx_word' id='word_1_701' title='bbox 2619 4385 2918 4464; x_wconf 87' lang='lat' dir='ltr'><strong>lignorum,</strong></span> <span class='ocrx_word' id='word_1_702' title='bbox 2950 4398 3010 4447; x_wconf 89' lang='lat' dir='ltr'><strong>ut</strong></span> <span class='ocrx_word' id='word_1_703' title='bbox 3034 4391 3236 4460; x_wconf 84' lang='lat' dir='ltr'><strong>cerasi,</strong></span> <span class='ocrx_word' id='word_1_704' title='bbox 3262 4387 3498 4458; x_wconf 90' lang='lat' dir='ltr'><strong>lentisci,</strong></span> <span class='ocrx_word' id='word_1_705' title='bbox 3527 4389 3791 4459; x_wconf 83' lang='lat' dir='ltr'><strong>balsami,</strong></span> 
     </span>
    </p>
   </div>
   <div class='ocr_carea' id='block_1_90' title="bbox 2183 4477 3792 4557">
    <p class='ocr_par' dir='ltr' id='par_1_90' title="bbox 2183 4477 3792 4557">
     <span class='ocr_line' id='line_1_90' title="bbox 2183 4477 3792 4557; baseline -0.001 -16"><span class='ocrx_word' id='word_1_706' title='bbox 2183 4484 2270 4542; x_wconf 88' lang='lat' dir='ltr'><strong>vel</strong></span> <span class='ocrx_word' id='word_1_707' title='bbox 2297 4477 2630 4557; x_wconf 90' lang='lat' dir='ltr'><strong>reliquarum</strong></span> <span class='ocrx_word' id='word_1_708' title='bbox 2677 4484 2932 4540; x_wconf 90' lang='lat' dir='ltr'><strong>arborum</strong></span> <span class='ocrx_word' id='word_1_709' title='bbox 2977 4483 3092 4539; x_wconf 89' lang='lat' dir='ltr'><strong>sive</strong></span> <span class='ocrx_word' id='word_1_710' title='bbox 3129 4481 3516 4554; x_wconf 84' lang='lat' dir='ltr'><strong>virgultorum,</strong></span> <span class='ocrx_word' id='word_1_711' title='bbox 3544 4497 3668 4554; x_wconf 70' lang='lat' dir='ltr'><strong>quae</strong></span> <span class='ocrx_word' id='word_1_712' title='bbox 3695 4499 3792 4541; x_wconf 86' lang='lat' dir='ltr'><strong>su-</strong></span> 
     </span>
    </p>
   </div>
   <div class='ocr_carea' id='block_1_91' title="bbox 475 4533 2077 4648">
    <p class='ocr_par' dir='ltr' id='par_1_91' title="bbox 475 4533 2074 4622">
     <span class='ocr_line' id='line_1_91' title="bbox 475 4533 2074 4622; baseline 0 -3"><span class='ocrx_word' id='word_1_713' title='bbox 475 4533 655 4621; x_wconf 64' lang='lat' dir='ltr'><strong>ilerint</strong></span> <span class='ocrx_word' id='word_1_714' title='bbox 675 4563 842 4620; x_wconf 89' lang='lat' dir='ltr'><strong>Deum</strong></span> <span class='ocrx_word' id='word_1_715' title='bbox 871 4573 1066 4620; x_wconf 88' lang='lat' dir='ltr'><strong>cuncta</strong></span> <span class='ocrx_word' id='word_1_716' title='bbox 1092 4565 1362 4621; x_wconf 87' lang='lat' dir='ltr'><strong>elementa</strong></span> <span class='ocrx_word' id='word_1_717' title='bbox 1402 4563 1722 4620; x_wconf 69' lang='lat' dir='ltr'><strong>desaeviant.</strong></span> <span class='ocrx_word' id='word_1_718' title='bbox 1758 4533 1914 4622; x_wconf 68' lang='lat' dir='ltr'><strong>Unde</strong></span> <span class='ocrx_word' id='word_1_719' title='bbox 1937 4565 2074 4621; x_wconf 86' lang='lat' dir='ltr'><strong>scri-</strong></span> 
     </span>
    </p>
   </div>
   <div class='ocr_carea' id='block_1_92' title="bbox 2182 4533 3791 4648">
    <p class='ocr_par' dir='ltr' id='par_1_92' title="bbox 2183 4533 3791 4648">
     <span class='ocr_line' id='line_1_92' title="bbox 2183 4533 3791 4648; baseline -0.001 -15"><span class='ocrx_word' id='word_1_720' title='bbox 2183 4577 2315 4633; x_wconf 87' lang='lat' dir='ltr'><strong>dare</strong></span> <span class='ocrx_word' id='word_1_721' title='bbox 2335 4533 2659 4647; x_wconf 53' lang='lat' dir='ltr'><strong>prdduntur,</strong></span> <span class='ocrx_word' id='word_1_722' title='bbox 2691 4573 2832 4630; x_wconf 89' lang='lat' dir='ltr'><strong>sicut</strong></span> <span class='ocrx_word' id='word_1_723' title='bbox 2853 4579 2908 4630; x_wconf 87' lang='lat' dir='ltr'><strong>et</strong></span> <span class='ocrx_word' id='word_1_724' title='bbox 2934 4571 3160 4631; x_wconf 89' lang='lat' dir='ltr'><strong>odorata</strong></span> <span class='ocrx_word' id='word_1_725' title='bbox 3180 4533 3420 4632; x_wconf 51' lang='lat' dir='ltr'><strong>Oiientis</strong></span> <span class='ocrx_word' id='word_1_726' title='bbox 3446 4533 3616 4648; x_wconf 57' lang='lat' dir='ltr'><strong>ligna,</strong></span> <span class='ocrx_word' id='word_1_727' title='bbox 3642 4575 3791 4633; x_wconf 86' lang='lat' dir='ltr'><strong>sicut</strong></span> 
     </span>
    </p>
   </div>
   <div class='ocr_carea' id='block_1_93' title="bbox 472 4655 2073 4730">
    <p class='ocr_par' dir='ltr' id='par_1_93' title="bbox 472 4655 2073 4730">
     <span class='ocr_line' id='line_1_93' title="bbox 472 4655 2073 4730; baseline 0.001 -19"><span class='ocrx_word' id='word_1_728' title='bbox 472 4665 626 4730; x_wconf 88' lang='lat' dir='ltr'><strong>ptum</strong></span> <span class='ocrx_word' id='word_1_729' title='bbox 655 4665 740 4714; x_wconf 91' lang='lat' dir='ltr'><strong>est</strong></span> <span class='ocrx_word' id='word_1_730' title='bbox 769 4657 830 4716; x_wconf 86' lang='lat' dir='ltr'><strong>in</strong></span> <span class='ocrx_word' id='word_1_731' title='bbox 855 4656 964 4713; x_wconf 89' lang='lat' dir='ltr'><strong>alio</strong></span> <span class='ocrx_word' id='word_1_732' title='bbox 988 4657 1250 4728; x_wconf 87' lang='lat' dir='ltr'><strong>propheta</strong></span> <span class='ocrx_word' id='word_1_733' title='bbox 1286 4675 1298 4710; x_wconf 91' lang='lat'><strong>:</strong></span> <span class='ocrx_word' id='word_1_734' title='bbox 1327 4656 1394 4712; x_wconf 86' lang='lat' dir='ltr'><strong>Et</strong></span> <span class='ocrx_word' id='word_1_735' title='bbox 1446 4655 1695 4713; x_wconf 90' lang='lat' dir='ltr'><strong>volucres</strong></span> <span class='ocrx_word' id='word_1_736' title='bbox 1741 4656 1795 4711; x_wconf 88' lang='lat' dir='ltr'><strong>in</strong></span> <span class='ocrx_word' id='word_1_737' title='bbox 1831 4669 1956 4712; x_wconf 85' lang='lat' dir='ltr'><strong>aere</strong></span> <span class='ocrx_word' id='word_1_738' title='bbox 1985 4657 2073 4712; x_wconf 86' lang='lat' dir='ltr'><strong>de-</strong></span> 
     </span>
    </p>
   </div>
   <div class='ocr_carea' id='block_1_94' title="bbox 473 4743 2071 4821">
    <p class='ocr_par' dir='ltr' id='par_1_94' title="bbox 473 4743 2071 4821">
     <span class='ocr_line' id='line_1_94' title="bbox 473 4743 2071 4821; baseline -0.001 -16"><span class='ocrx_word' id='word_1_739' title='bbox 473 4749 638 4806; x_wconf 83' lang='lat' dir='ltr'><strong>iicere</strong></span> <span class='ocrx_word' id='word_1_740' title='bbox 673 4757 727 4807; x_wconf 89' lang='lat' dir='ltr'><strong>et</strong></span> <span class='ocrx_word' id='word_1_741' title='bbox 751 4747 930 4821; x_wconf 85' lang='lat' dir='ltr'><strong>pisces</strong></span> <span class='ocrx_word' id='word_1_742' title='bbox 953 4743 1010 4804; x_wconf 89' lang='lat' dir='ltr'><strong>in</strong></span> <span class='ocrx_word' id='word_1_743' title='bbox 1035 4747 1210 4820; x_wconf 87' lang='lat' dir='ltr'><strong>aquis,</strong></span> <span class='ocrx_word' id='word_1_744' title='bbox 1243 4756 1302 4804; x_wconf 91' lang='lat' dir='ltr'><strong>ut</strong></span> <span class='ocrx_word' id='word_1_745' title='bbox 1321 4748 1501 4804; x_wconf 89' lang='lat' dir='ltr'><strong>omnia</strong></span> <span class='ocrx_word' id='word_1_746' title='bbox 1531 4749 1769 4806; x_wconf 88' lang='lat' dir='ltr'><strong>humano</strong></span> <span class='ocrx_word' id='word_1_747' title='bbox 1791 4747 1912 4804; x_wconf 90' lang='lat' dir='ltr'><strong>usui</strong></span> <span class='ocrx_word' id='word_1_748' title='bbox 1941 4749 2071 4804; x_wconf 88' lang='lat' dir='ltr'><strong>sub-</strong></span> 
     </span>
    </p>
   </div>
   <div class='ocr_carea' id='block_1_95' title="bbox 477 4837 2069 4912">
    <p class='ocr_par' dir='ltr' id='par_1_95' title="bbox 477 4837 2069 4912">
     <span class='ocr_line' id='line_1_95' title="bbox 477 4837 2069 4912; baseline -0.003 -14"><span class='ocrx_word' id='word_1_749' title='bbox 477 4841 784 4899; x_wconf 88' lang='lat' dir='ltr'><strong>trahantur.</strong></span> <span class='ocrx_word' id='word_1_750' title='bbox 831 4837 930 4898; x_wconf 82' lang='lat' dir='ltr'><strong>liic</strong></span> <span class='ocrx_word' id='word_1_751' title='bbox 985 4839 1215 4898; x_wconf 87' lang='lat' dir='ltr'><strong>dicimus</strong></span> <span class='ocrx_word' id='word_1_752' title='bbox 1267 4840 1617 4912; x_wconf 86' lang='lat' dir='ltr'><strong>simpliciter:</strong></span> <span class='ocrx_word' id='word_1_753' title='bbox 1674 4845 1737 4897; x_wconf 90' lang='lat' dir='ltr'><strong>ut</strong></span> <span class='ocrx_word' id='word_1_754' title='bbox 1764 4839 2069 4897; x_wconf 87' lang='lat' dir='ltr'><strong>siceitatem</strong></span> 
     </span>
    </p>
   </div>
   <div class='ocr_carea' id='block_1_96' title="bbox 473 4933 2062 5006">
    <p class='ocr_par' dir='ltr' id='par_1_96' title="bbox 473 4933 2062 5006">
     <span class='ocr_line' id='line_1_96' title="bbox 473 4933 2062 5006; baseline -0.001 -16"><span class='ocrx_word' id='word_1_755' title='bbox 473 4933 712 4994; x_wconf 88' lang='lat' dir='ltr'><strong>ﬂuminis</strong></span> <span class='ocrx_word' id='word_1_756' title='bbox 740 4933 869 5004; x_wconf 79' lang='lat' dir='ltr'><strong>Nili,</strong></span> <span class='ocrx_word' id='word_1_757' title='bbox 905 4944 961 4993; x_wconf 93' lang='lat' dir='ltr'><strong>et</strong></span> <span class='ocrx_word' id='word_1_758' title='bbox 989 4934 1229 4992; x_wconf 88' lang='lat' dir='ltr'><strong>rivorum</strong></span> <span class='ocrx_word' id='word_1_759' title='bbox 1256 4935 1394 5006; x_wconf 92' lang='lat' dir='ltr'><strong>ejus,</strong></span> <span class='ocrx_word' id='word_1_760' title='bbox 1439 4935 1772 4994; x_wconf 85' lang='lat' dir='ltr'><strong>voluerimus</strong></span> <span class='ocrx_word' id='word_1_761' title='bbox 1797 4933 2062 5005; x_wconf 84' lang='lat' dir='ltr'><strong>accipere.</strong></span> 
     </span>
    </p>
   </div>
   <div class='ocr_carea' id='block_1_97' title="bbox 476 5023 2073 5112">
    <p class='ocr_par' dir='ltr' id='par_1_97' title="bbox 476 5023 2073 5112">
     <span class='ocr_line' id='line_1_97' title="bbox 476 5023 2073 5112; baseline 0.003 -30"><span class='ocrx_word' id='word_1_762' title='bbox 476 5026 574 5110; x_wconf 82' lang='lat' dir='ltr'><strong>Sin</strong></span> <span class='ocrx_word' id='word_1_763' title='bbox 598 5034 782 5112; x_wconf 79' lang='lat' dir='ltr'><strong>a_utem</strong></span> <span class='ocrx_word' id='word_1_764' title='bbox 810 5042 906 5100; x_wconf 91' lang='lat' dir='ltr'><strong>per</strong></span> <span class='ocrx_word' id='word_1_765' title='bbox 933 5027 1306 5098; x_wconf 83' lang='lat' dir='ltr'><strong>metaphoram</strong></span> <span class='ocrx_word' id='word_1_766' title='bbox 1331 5025 1388 5081; x_wconf 90' lang='lat' dir='ltr'><strong>in</strong></span> <span class='ocrx_word' id='word_1_767' title='bbox 1411 5023 1574 5082; x_wconf 81' lang='lat' dir='ltr'><strong>ﬂuvio</strong></span> <span class='ocrx_word' id='word_1_768' title='bbox 1597 5039 1847 5097; x_wconf 85' lang='lat' dir='ltr'><strong>regnum,</strong></span> <span class='ocrx_word' id='word_1_769' title='bbox 1877 5025 1932 5082; x_wconf 88' lang='lat' dir='ltr'><strong>in</strong></span> <span class='ocrx_word' id='word_1_770' title='bbox 1955 5028 2073 5088; x_wconf 83' lang='lat' dir='ltr'><strong>rivo</strong></span> 
     </span>
    </p>
   </div>
   <div class='ocr_carea' id='block_1_98' title="bbox 476 5103 2105 5190">
    <p class='ocr_par' dir='ltr' id='par_1_98' title="bbox 476 5103 2105 5190">
     <span class='ocr_line' id='line_1_98' title="bbox 476 5103 2105 5190; baseline 0.001 -17"><span class='ocrx_word' id='word_1_771' title='bbox 476 5103 643 5174; x_wconf 71' lang='lat' dir='ltr'><strong>duces</strong></span> <span class='ocrx_word' id='word_1_772' title='bbox 661 5115 780 5188; x_wconf 85' lang='lat' dir='ltr'><strong>ejus</strong></span> <span class='ocrx_word' id='word_1_773' title='bbox 814 5117 1183 5190; x_wconf 89' lang='lat' dir='ltr'><strong>intelligimus,</strong></span> <span class='ocrx_word' id='word_1_774' title='bbox 1217 5126 1274 5173; x_wconf 91' lang='lat' dir='ltr'><strong>et</strong></span> <span class='ocrx_word' id='word_1_775' title='bbox 1307 5115 1364 5174; x_wconf 88' lang='lat' dir='ltr'><strong>in</strong></span> <span class='ocrx_word' id='word_1_776' title='bbox 1389 5118 1570 5174; x_wconf 89' lang='lat' dir='ltr'><strong>virore</strong></span> <span class='ocrx_word' id='word_1_777' title='bbox 1600 5125 1656 5175; x_wconf 91' lang='lat' dir='ltr'><strong>et</strong></span> <span class='ocrx_word' id='word_1_778' title='bbox 1693 5117 1868 5188; x_wconf 86' lang='lat' dir='ltr'><strong>junco</strong></span> <span class='ocrx_word' id='word_1_779' title='bbox 1889 5126 1946 5173; x_wconf 91' lang='lat' dir='ltr'><strong>et</strong></span> <span class='ocrx_word' id='word_1_780' title='bbox 1977 5130 2105 5189; x_wconf 78' lang='lat' dir='ltr'><strong>pa-°</strong></span> 
     </span>
    </p>
   </div>
   <div class='ocr_carea' id='block_1_99' title="bbox 475 5207 2110 5282">
    <p class='ocr_par' dir='ltr' id='par_1_99' title="bbox 475 5207 2110 5282">
     <span class='ocr_line' id='line_1_99' title="bbox 475 5207 2110 5282; baseline 0.001 -18"><span class='ocrx_word' id='word_1_781' title='bbox 475 5222 611 5280; x_wconf 86' lang='lat' dir='ltr'><strong>pyro</strong></span> <span class='ocrx_word' id='word_1_782' title='bbox 649 5215 846 5265; x_wconf 78' lang='lat' dir='ltr'><strong>cuncta</strong></span> <span class='ocrx_word' id='word_1_783' title='bbox 891 5209 1108 5282; x_wconf 65' lang='lat' dir='ltr'><strong>Egypti</strong></span> <span class='ocrx_word' id='word_1_784' title='bbox 1159 5207 1516 5275; x_wconf 82' lang='lat' dir='ltr'><strong>abundantia,</strong></span> <span class='ocrx_word' id='word_1_785' title='bbox 1561 5217 1623 5264; x_wconf 90' lang='lat' dir='ltr'><strong>ut</strong></span> <span class='ocrx_word' id='word_1_786' title='bbox 1666 5219 1780 5280; x_wconf 27' lang='lat' dir='ltr'><strong>per.</strong></span> <span class='ocrx_word' id='word_1_787' title='bbox 1811 5221 1876 5264; x_wconf 86' lang='lat' dir='ltr'><strong>ea</strong></span> <span class='ocrx_word' id='word_1_788' title='bbox 1910 5221 2110 5281; x_wconf 38' lang='lat' dir='ltr'><strong>Opera.</strong></span> 
     </span>
    </p>
   </div>
   <div class='ocr_carea' id='block_1_100' title="bbox 477 5297 2076 5376">
    <p class='ocr_par' dir='ltr' id='par_1_100' title="bbox 477 5297 2076 5376">
     <span class='ocr_line' id='line_1_100' title="bbox 477 5297 2076 5376; baseline 0.001 -19"><span class='ocrx_word' id='word_1_789' title='bbox 477 5297 700 5374; x_wconf 56' lang='grc' dir='ltr'><strong>Αἴθῃ)ιί</strong></span> <span class='ocrx_word' id='word_1_790' title='bbox 733 5301 1128 5368; x_wconf 87' lang='lat' dir='ltr'><strong>describantur,</strong></span> <span class='ocrx_word' id='word_1_791' title='bbox 1167 5318 1402 5373; x_wconf 89' lang='lat' dir='ltr'><strong>quorum</strong></span> <span class='ocrx_word' id='word_1_792' title='bbox 1444 5301 1713 5376; x_wconf 67' lang='lat' dir='ltr'><strong>Egyptus</strong></span> <span class='ocrx_word' id='word_1_793' title='bbox 1741 5299 2076 5358; x_wconf 82' lang='lat' dir='ltr'><strong>fertilissima</strong></span> 
     </span>
    </p>
   </div>
   <div class='ocr_carea' id='block_1_101' title="bbox 476 5387 2077 5467">
    <p class='ocr_par' dir='ltr' id='par_1_101' title="bbox 476 5387 2077 5467">
     <span class='ocr_line' id='line_1_101' title="bbox 476 5387 2077 5467; baseline 0.001 -18"><span class='ocrx_word' id='word_1_794' title='bbox 476 5402 584 5456; x_wconf 88' lang='lat' dir='ltr'><strong>est.</strong></span> <span class='ocrx_word' id='word_1_795' title='bbox 615 5387 841 5467; x_wconf 76' lang='lat' dir='ltr'><strong>Mystice</strong></span> <span class='ocrx_word' id='word_1_796' title='bbox 868 5402 1048 5449; x_wconf 90' lang='lat' dir='ltr'><strong>autem</strong></span> <span class='ocrx_word' id='word_1_797' title='bbox 1074 5395 1291 5466; x_wconf 85' lang='lat' dir='ltr'><strong>quando</strong></span> <span class='ocrx_word' id='word_1_798' title='bbox 1319 5411 1412 5452; x_wconf 89' lang='lat' dir='ltr'><strong>rex</strong></span> <span class='ocrx_word' id='word_1_799' title='bbox 1445 5392 1604 5451; x_wconf 85' lang='lat' dir='ltr'><strong>fortis</strong></span> <span class='ocrx_word' id='word_1_800' title='bbox 1631 5403 1686 5450; x_wconf 90' lang='lat' dir='ltr'><strong>et</strong></span> <span class='ocrx_word' id='word_1_801' title='bbox 1707 5394 1874 5452; x_wconf 88' lang='lat' dir='ltr'><strong>durus</strong></span> <span class='ocrx_word' id='word_1_802' title='bbox 1898 5393 2077 5451; x_wconf 81' lang='lat' dir='ltr'><strong>domi‘</strong></span> 
     </span>
    </p>
   </div>
   <div class='ocr_carea' id='block_1_102' title="bbox 478 5481 2120 5559">
    <p class='ocr_par' dir='ltr' id='par_1_102' title="bbox 478 5481 2120 5559">
     <span class='ocr_line' id='line_1_102' title="bbox 478 5481 2120 5559; baseline -0.001 -15"><span class='ocrx_word' id='word_1_803' title='bbox 478 5493 642 5544; x_wconf 90' lang='lat' dir='ltr'><strong>natus</strong></span> <span class='ocrx_word' id='word_1_804' title='bbox 675 5484 838 5544; x_wconf 79' lang='lat' dir='ltr'><strong>fuerit</strong></span> <span class='ocrx_word' id='word_1_805' title='bbox 866 5481 1118 5558; x_wconf 64' lang='lat' dir='ltr'><strong>Ailgypm,</strong></span> <span class='ocrx_word' id='word_1_806' title='bbox 1145 5495 1356 5543; x_wconf 87' lang='lat' dir='ltr'><strong>arescet</strong></span> <span class='ocrx_word' id='word_1_807' title='bbox 1381 5483 1561 5544; x_wconf 91' lang='lat' dir='ltr'><strong>omnis</strong></span> <span class='ocrx_word' id='word_1_808' title='bbox 1594 5488 1843 5545; x_wconf 89' lang='lat' dir='ltr'><strong>doctrina</strong></span> <span class='ocrx_word' id='word_1_809' title='bbox 1870 5488 2070 5559; x_wconf 91' lang='lat' dir='ltr'><strong>etpul-</strong></span> <span class='ocrx_word' id='word_1_810' title='bbox 2115 5515 2120 5520; x_wconf 90' lang='lat'><strong>-</strong></span> 
     </span>
    </p>
   </div>
   <div class='ocr_carea' id='block_1_103' title="bbox 477 5571 2068 5654">
    <p class='ocr_par' dir='ltr' id='par_1_103' title="bbox 477 5571 2068 5654">
     <span class='ocr_line' id='line_1_103' title="bbox 477 5571 2068 5654; baseline 0.002 -18"><span class='ocrx_word' id='word_1_811' title='bbox 477 5571 734 5636; x_wconf 83' lang='lat' dir='ltr'><strong>cbritudo</strong></span> <span class='ocrx_word' id='word_1_812' title='bbox 755 5575 1073 5650; x_wconf 73' lang='lat' dir='ltr'><strong>eloquentia:</strong></span> <span class='ocrx_word' id='word_1_813' title='bbox 1095 5577 1393 5648; x_wconf 80' lang='lat' dir='ltr'><strong>saecularis,</strong></span> <span class='ocrx_word' id='word_1_814' title='bbox 1418 5590 1472 5638; x_wconf 87' lang='lat' dir='ltr'><strong>et</strong></span> <span class='ocrx_word' id='word_1_815' title='bbox 1499 5583 1616 5654; x_wconf 87' lang='lat' dir='ltr'><strong>ipse</strong></span> <span class='ocrx_word' id='word_1_816' title='bbox 1636 5581 1756 5638; x_wconf 91' lang='lat' dir='ltr'><strong>fons</strong></span> <span class='ocrx_word' id='word_1_817' title='bbox 1781 5577 2068 5639; x_wconf 89' lang='lat' dir='ltr'><strong>ﬂuviorum</strong></span> 
     </span>
    </p>
   </div>
   <div class='ocr_carea' id='block_1_104' title="bbox 480 5665 2066 5745">
    <p class='ocr_par' dir='ltr' id='par_1_104' title="bbox 480 5665 2066 5745">
     <span class='ocr_line' id='line_1_104' title="bbox 480 5665 2066 5745; baseline 0.003 -17"><span class='ocrx_word' id='word_1_818' title='bbox 480 5671 721 5728; x_wconf 90' lang='lat' dir='ltr'><strong>omnium</strong></span> <span class='ocrx_word' id='word_1_819' title='bbox 773 5665 1038 5739; x_wconf 86' lang='lat' dir='ltr'><strong>diabolus,</strong></span> <span class='ocrx_word' id='word_1_820' title='bbox 1078 5687 1109 5726; x_wconf 90' lang='lat' dir='ltr'><strong>a</strong></span> <span class='ocrx_word' id='word_1_821' title='bbox 1163 5688 1270 5745; x_wconf 92' lang='lat' dir='ltr'><strong>quo</strong></span> <span class='ocrx_word' id='word_1_822' title='bbox 1318 5674 1567 5731; x_wconf 90' lang='lat' dir='ltr'><strong>oriuntur</strong></span> <span class='ocrx_word' id='word_1_823' title='bbox 1603 5676 1783 5733; x_wconf 86' lang='lat' dir='ltr'><strong>omnia</strong></span> <span class='ocrx_word' id='word_1_824' title='bbox 1841 5677 2066 5733; x_wconf 89' lang='lat' dir='ltr'><strong>menda-</strong></span> 
     </span>
    </p>
   </div>
   <div class='ocr_carea' id='block_1_105' title="bbox 485 5759 2062 5832">
    <p class='ocr_par' dir='ltr' id='par_1_105' title="bbox 485 5759 2062 5832">
     <span class='ocr_line' id='line_1_105' title="bbox 485 5759 2062 5832; baseline 0.003 -14"><span class='ocrx_word' id='word_1_825' title='bbox 485 5761 603 5828; x_wconf 89' lang='lat' dir='ltr'><strong>cia,</strong></span> <span class='ocrx_word' id='word_1_826' title='bbox 658 5759 988 5820; x_wconf 76' lang='lat' dir='ltr'><strong>desolabitur</strong></span> <span class='ocrx_word' id='word_1_827' title='bbox 1020 5804 1035 5832; x_wconf 91' lang='lat'><strong>,</strong></span> <span class='ocrx_word' id='word_1_828' title='bbox 1108 5764 1184 5820; x_wconf 86' lang='lat' dir='ltr'><strong>ita</strong></span> <span class='ocrx_word' id='word_1_829' title='bbox 1243 5775 1301 5824; x_wconf 91' lang='lat' dir='ltr'><strong>ut</strong></span> <span class='ocrx_word' id='word_1_830' title='bbox 1347 5767 1599 5825; x_wconf 88' lang='lat' dir='ltr'><strong>deﬁciant</strong></span> <span class='ocrx_word' id='word_1_831' title='bbox 1639 5777 1837 5826; x_wconf 65' lang='lat' dir='ltr'><strong>caetera</strong></span> <span class='ocrx_word' id='word_1_832' title='bbox 1885 5767 2062 5824; x_wconf 87' lang='lat' dir='ltr'><strong>ﬂumi-</strong></span> 
     </span>
    </p>
   </div>
   <div class='ocr_carea' id='block_1_106' title="bbox 2181 4663 3785 4738">
    <p class='ocr_par' dir='ltr' id='par_1_106' title="bbox 2181 4663 3785 4738">
     <span class='ocr_line' id='line_1_106' title="bbox 2181 4663 3785 4738; baseline 0.001 -16"><span class='ocrx_word' id='word_1_833' title='bbox 2181 4673 2336 4736; x_wconf 82' lang='lat' dir='ltr'><strong>gutta</strong></span> <span class='ocrx_word' id='word_1_834' title='bbox 2367 4663 2595 4722; x_wconf 87' lang='lat' dir='ltr'><strong>balsami</strong></span> <span class='ocrx_word' id='word_1_835' title='bbox 2625 4676 2690 4722; x_wconf 90' lang='lat' dir='ltr'><strong>ac</strong></span> <span class='ocrx_word' id='word_1_836' title='bbox 2743 4663 3064 4735; x_wconf 86' lang='lat' dir='ltr'><strong>ferularum,</strong></span> <span class='ocrx_word' id='word_1_837' title='bbox 3115 4666 3200 4722; x_wconf 82' lang='lat' dir='ltr'><strong>vel</strong></span> <span class='ocrx_word' id='word_1_838' title='bbox 3251 4667 3598 4724; x_wconf 85' lang='lat' dir='ltr'><strong>succinorum</strong></span> <span class='ocrx_word' id='word_1_839' title='bbox 3625 4667 3785 4738; x_wconf 83' lang='lat' dir='ltr'><strong>cujus</strong></span> 
     </span>
    </p>
   </div>
   <div class='ocr_carea' id='block_1_107' title="bbox 2181 4755 3784 4830">
    <p class='ocr_par' dir='ltr' id='par_1_107' title="bbox 2181 4755 3784 4830">
     <span class='ocr_line' id='line_1_107' title="bbox 2181 4755 3784 4830; baseline 0.004 -20"><span class='ocrx_word' id='word_1_840' title='bbox 2181 4757 2421 4830; x_wconf 82' lang='lat' dir='ltr'><strong>laeryma</strong></span> <span class='ocrx_word' id='word_1_841' title='bbox 2463 4757 2704 4814; x_wconf 90' lang='lat' dir='ltr'><strong>durescit</strong></span> <span class='ocrx_word' id='word_1_842' title='bbox 2751 4756 2806 4813; x_wconf 92' lang='lat' dir='ltr'><strong>in</strong></span> <span class='ocrx_word' id='word_1_843' title='bbox 2866 4771 3158 4829; x_wconf 88' lang='lat' dir='ltr'><strong>gemmam.</strong></span> <span class='ocrx_word' id='word_1_844' title='bbox 3203 4755 3387 4815; x_wconf 86' lang='lat' dir='ltr'><strong>Prima</strong></span> <span class='ocrx_word' id='word_1_845' title='bbox 3441 4763 3525 4815; x_wconf 88' lang='lat' dir='ltr'><strong>est</strong></span> <span class='ocrx_word' id='word_1_846' title='bbox 3575 4759 3784 4828; x_wconf 84' lang='lat' dir='ltr'><strong>resine,</strong></span> 
     </span>
    </p>
   </div>
   <div class='ocr_carea' id='block_1_108' title="bbox 2181 4847 3782 4921">
    <p class='ocr_par' dir='ltr' id='par_1_108' title="bbox 2181 4847 3782 4921">
     <span class='ocr_line' id='line_1_108' title="bbox 2181 4847 3782 4921; baseline 0.003 -18"><span class='ocrx_word' id='word_1_847' title='bbox 2181 4848 2568 4914; x_wconf 86' lang='lat' dir='ltr'><strong>terebinthina,</strong></span> <span class='ocrx_word' id='word_1_848' title='bbox 2607 4847 2850 4904; x_wconf 88' lang='lat' dir='ltr'><strong>omnium</strong></span> <span class='ocrx_word' id='word_1_849' title='bbox 2897 4849 3262 4921; x_wconf 75' lang='lat' dir='ltr'><strong>praestantior.</strong></span> <span class='ocrx_word' id='word_1_850' title='bbox 3311 4849 3548 4908; x_wconf 78' lang='lat' dir='ltr'><strong>Aﬂ&#39;ertur</strong></span> <span class='ocrx_word' id='word_1_851' title='bbox 3595 4861 3782 4908; x_wconf 77' lang='lat' dir='ltr'><strong>autem</strong></span> 
     </span>
    </p>
   </div>
   <div class='ocr_carea' id='block_1_109' title="bbox 2177 4938 3784 5018">
    <p class='ocr_par' dir='ltr' id='par_1_109' title="bbox 2177 4938 3784 5018">
     <span class='ocr_line' id='line_1_109' title="bbox 2177 4938 3784 5018; baseline 0.002 -24"><span class='ocrx_word' id='word_1_852' title='bbox 2177 4954 2246 4994; x_wconf 83' lang='lat' dir='ltr'><strong>ex</strong></span> <span class='ocrx_word' id='word_1_853' title='bbox 2288 4938 2488 5018; x_wconf 83' lang='lat' dir='ltr'><strong>Arabia</strong></span> <span class='ocrx_word' id='word_1_854' title='bbox 2526 4938 2742 5006; x_wconf 87' lang='lat' dir='ltr'><strong>Petrea,</strong></span> <span class='ocrx_word' id='word_1_855' title='bbox 2773 4948 2939 5012; x_wconf 90' lang='lat' dir='ltr'><strong>atque</strong></span> <span class='ocrx_word' id='word_1_856' title='bbox 2957 4939 3164 5008; x_wconf 73' lang='lat' dir='ltr'><strong>Judzea,</strong></span> <span class='ocrx_word' id='word_1_857' title='bbox 3198 4947 3255 4998; x_wconf 90' lang='lat' dir='ltr'><strong>et</strong></span> <span class='ocrx_word' id='word_1_858' title='bbox 3286 4941 3468 5016; x_wconf 85' lang='lat' dir='ltr'><strong>Syria,</strong></span> <span class='ocrx_word' id='word_1_859' title='bbox 3495 4941 3698 5016; x_wconf 83' lang='lat' dir='ltr'><strong>Cypro,</strong></span> <span class='ocrx_word' id='word_1_860' title='bbox 3727 4951 3784 5000; x_wconf 86' lang='lat' dir='ltr'><strong>et</strong></span> 
     </span>
    </p>
   </div>
   <div class='ocr_carea' id='block_1_110' title="bbox 2176 5031 3778 5106">
    <p class='ocr_par' dir='ltr' id='par_1_110' title="bbox 2176 5031 3778 5106">
     <span class='ocr_line' id='line_1_110' title="bbox 2176 5031 3778 5106; baseline 0.003 -20"><span class='ocrx_word' id='word_1_861' title='bbox 2176 5031 2401 5098; x_wconf 83' lang='lat' dir='ltr'><strong>Africa,</strong></span> <span class='ocrx_word' id='word_1_862' title='bbox 2456 5047 2522 5088; x_wconf 86' lang='lat' dir='ltr'><strong>ex</strong></span> <span class='ocrx_word' id='word_1_863' title='bbox 2592 5031 2784 5090; x_wconf 87' lang='lat' dir='ltr'><strong>insulis</strong></span> <span class='ocrx_word' id='word_1_864' title='bbox 2839 5045 3055 5105; x_wconf 85' lang='lat' dir='ltr'><strong>quoque</strong></span> <span class='ocrx_word' id='word_1_865' title='bbox 3122 5033 3467 5106; x_wconf 82' lang='lat' dir='ltr'><strong>Cycladibus.</strong></span> <span class='ocrx_word' id='word_1_866' title='bbox 3525 5035 3778 5093; x_wconf 84' lang='lat' dir='ltr'><strong>Secunda</strong></span> 
     </span>
    </p>
   </div>
   <div class='ocr_carea' id='block_1_111' title="bbox 2175 5123 3776 5195">
    <p class='ocr_par' dir='ltr' id='par_1_111' title="bbox 2175 5123 3776 5195">
     <span class='ocr_line' id='line_1_111' title="bbox 2175 5123 3776 5195; baseline 0.003 -15"><span class='ocrx_word' id='word_1_867' title='bbox 2175 5131 2261 5180; x_wconf 87' lang='lat' dir='ltr'><strong>est</strong></span> <span class='ocrx_word' id='word_1_868' title='bbox 2281 5123 2590 5192; x_wconf 85' lang='lat' dir='ltr'><strong>ientiscina,</strong></span> <span class='ocrx_word' id='word_1_869' title='bbox 2637 5139 2758 5195; x_wconf 66' lang='lat' dir='ltr'><strong>quae</strong></span> <span class='ocrx_word' id='word_1_870' title='bbox 2804 5125 3021 5182; x_wconf 83' lang='lat' dir='ltr'><strong>mirtrix</strong></span> <span class='ocrx_word' id='word_1_871' title='bbox 3066 5135 3312 5184; x_wconf 64' lang='lat' dir='ltr'><strong>Vocatur.</strong></span> <span class='ocrx_word' id='word_1_872' title='bbox 3363 5125 3490 5184; x_wconf 64' lang='lat' dir='ltr'><strong>ﬂare</strong></span> <span class='ocrx_word' id='word_1_873' title='bbox 3536 5143 3606 5184; x_wconf 84' lang='lat' dir='ltr'><strong>ex</strong></span> <span class='ocrx_word' id='word_1_874' title='bbox 3648 5127 3776 5185; x_wconf 81' lang='lat' dir='ltr'><strong>Cisa</strong></span> 
     </span>
    </p>
   </div>
   <div class='ocr_carea' id='block_1_112' title="bbox 2179 5215 3778 5292">
    <p class='ocr_par' dir='ltr' id='par_1_112' title="bbox 2179 5215 3778 5292">
     <span class='ocr_line' id='line_1_112' title="bbox 2179 5215 3778 5292; baseline 0.003 -20"><span class='ocrx_word' id='word_1_875' title='bbox 2179 5216 2354 5274; x_wconf 89' lang='lat' dir='ltr'><strong>insula</strong></span> <span class='ocrx_word' id='word_1_876' title='bbox 2411 5217 2750 5289; x_wconf 90' lang='lat' dir='ltr'><strong>deportatur.</strong></span> <span class='ocrx_word' id='word_1_877' title='bbox 2798 5215 2984 5274; x_wconf 86' lang='lat' dir='ltr'><strong>Tertia</strong></span> <span class='ocrx_word' id='word_1_878' title='bbox 3028 5219 3244 5291; x_wconf 90' lang='lat' dir='ltr'><strong>pinalis,</strong></span> <span class='ocrx_word' id='word_1_879' title='bbox 3277 5235 3510 5290; x_wconf 85' lang='lat' dir='ltr'><strong>quarum</strong></span> <span class='ocrx_word' id='word_1_880' title='bbox 3554 5220 3661 5276; x_wconf 85' lang='lat' dir='ltr'><strong>alia</strong></span> <span class='ocrx_word' id='word_1_881' title='bbox 3700 5223 3778 5292; x_wconf 76' lang='lat' dir='ltr'><strong>pi-</strong></span> 
     </span>
    </p>
   </div>
   <div class='ocr_carea' id='block_1_113' title="bbox 2178 5305 3778 5381">
    <p class='ocr_par' dir='ltr' id='par_1_113' title="bbox 2178 5305 3778 5381">
     <span class='ocr_line' id='line_1_113' title="bbox 2178 5305 3778 5381; baseline 0.006 -21"><span class='ocrx_word' id='word_1_882' title='bbox 2178 5305 2341 5374; x_wconf 85' lang='lat' dir='ltr'><strong>tines,</strong></span> <span class='ocrx_word' id='word_1_883' title='bbox 2372 5305 2478 5362; x_wconf 88' lang='lat' dir='ltr'><strong>alia</strong></span> <span class='ocrx_word' id='word_1_884' title='bbox 2513 5306 2759 5378; x_wconf 89' lang='lat' dir='ltr'><strong>petitine,</strong></span> <span class='ocrx_word' id='word_1_885' title='bbox 2799 5305 2904 5364; x_wconf 88' lang='lat' dir='ltr'><strong>alia</strong></span> <span class='ocrx_word' id='word_1_886' title='bbox 2945 5307 3174 5381; x_wconf 88' lang='lat' dir='ltr'><strong>liquida,</strong></span> <span class='ocrx_word' id='word_1_887' title='bbox 3225 5309 3328 5366; x_wconf 90' lang='lat' dir='ltr'><strong>alia</strong></span> <span class='ocrx_word' id='word_1_888' title='bbox 3380 5311 3550 5379; x_wconf 88' lang='lat' dir='ltr'><strong>arida,</strong></span> <span class='ocrx_word' id='word_1_889' title='bbox 3573 5321 3631 5367; x_wconf 87' lang='lat' dir='ltr'><strong>et</strong></span> <span class='ocrx_word' id='word_1_890' title='bbox 3653 5313 3778 5369; x_wconf 66' lang='grc' dir='ltr'><strong>εσθ-</strong></span> 
     </span>
    </p>
   </div>
   <div class='ocr_carea' id='block_1_114' title="bbox 2181 5397 3776 5470">
    <p class='ocr_par' dir='ltr' id='par_1_114' title="bbox 2181 5397 3776 5470">
     <span class='ocr_line' id='line_1_114' title="bbox 2181 5397 3776 5470; baseline 0.005 -17"><span class='ocrx_word' id='word_1_891' title='bbox 2181 5406 2375 5454; x_wconf 87' lang='lat' dir='ltr'><strong>runtur</strong></span> <span class='ocrx_word' id='word_1_892' title='bbox 2404 5412 2472 5454; x_wconf 84' lang='lat' dir='ltr'><strong>ex</strong></span> <span class='ocrx_word' id='word_1_893' title='bbox 2492 5403 2638 5454; x_wconf 83' lang='lat' dir='ltr'><strong>terra</strong></span> <span class='ocrx_word' id='word_1_894' title='bbox 2667 5397 3020 5470; x_wconf 86' lang='lat' dir='ltr'><strong>Colophonia.</strong></span> <span class='ocrx_word' id='word_1_895' title='bbox 3055 5399 3208 5458; x_wconf 89' lang='lat' dir='ltr'><strong>Unde</strong></span> <span class='ocrx_word' id='word_1_896' title='bbox 3233 5401 3400 5458; x_wconf 90' lang='lat' dir='ltr'><strong>etiam</strong></span> <span class='ocrx_word' id='word_1_897' title='bbox 3443 5417 3644 5460; x_wconf 84' lang='lat' dir='ltr'><strong>nomen</strong></span> <span class='ocrx_word' id='word_1_898' title='bbox 3672 5403 3776 5461; x_wconf 83' lang='lat' dir='ltr'><strong>Co-</strong></span> 
     </span>
    </p>
   </div>
   <div class='ocr_carea' id='block_1_115' title="bbox 2178 5488 3774 5569">
    <p class='ocr_par' dir='ltr' id='par_1_115' title="bbox 2178 5488 3774 5569">
     <span class='ocr_line' id='line_1_115' title="bbox 2178 5488 3774 5569; baseline 0.006 -26"><span class='ocrx_word' id='word_1_899' title='bbox 2178 5488 2430 5562; x_wconf 89' lang='lat' dir='ltr'><strong>lophouia</strong></span> <span class='ocrx_word' id='word_1_900' title='bbox 2459 5490 2642 5548; x_wconf 88' lang='lat' dir='ltr'><strong>resina</strong></span> <span class='ocrx_word' id='word_1_901' title='bbox 2673 5492 2923 5563; x_wconf 85' lang='lat' dir='ltr'><strong>sumpsit.</strong></span> <span class='ocrx_word' id='word_1_902' title='bbox 2956 5491 3092 5549; x_wconf 86' lang='lat' dir='ltr'><strong>Nam</strong></span> <span class='ocrx_word' id='word_1_903' title='bbox 3121 5492 3301 5550; x_wconf 87' lang='lat' dir='ltr'><strong>resina</strong></span> <span class='ocrx_word' id='word_1_904' title='bbox 3350 5493 3487 5552; x_wconf 87' lang='lat' dir='ltr'><strong>lenis</strong></span> <span class='ocrx_word' id='word_1_905' title='bbox 3533 5503 3619 5552; x_wconf 87' lang='lat' dir='ltr'><strong>est</strong></span> <span class='ocrx_word' id='word_1_906' title='bbox 3645 5507 3774 5569; x_wconf 84' lang='lat' dir='ltr'><strong>apta</strong></span> 
     </span>
    </p>
   </div>
   <div class='ocr_carea' id='block_1_116' title="bbox 2176 5581 3772 5659">
    <p class='ocr_par' dir='ltr' id='par_1_116' title="bbox 2176 5581 3772 5659">
     <span class='ocr_line' id='line_1_116' title="bbox 2176 5581 3772 5659; baseline 0.006 -21"><span class='ocrx_word' id='word_1_907' title='bbox 2176 5583 2514 5654; x_wconf 89' lang='lat' dir='ltr'><strong>corporibus,</strong></span> <span class='ocrx_word' id='word_1_908' title='bbox 2548 5593 2604 5640; x_wconf 92' lang='lat' dir='ltr'><strong>et</strong></span> <span class='ocrx_word' id='word_1_909' title='bbox 2647 5599 2748 5654; x_wconf 87' lang='lat' dir='ltr'><strong>pro</strong></span> <span class='ocrx_word' id='word_1_910' title='bbox 2794 5581 3062 5644; x_wconf 88' lang='lat' dir='ltr'><strong>medicina</strong></span> <span class='ocrx_word' id='word_1_911' title='bbox 3102 5588 3387 5659; x_wconf 89' lang='lat' dir='ltr'><strong>accipitur.</strong></span> <span class='ocrx_word' id='word_1_912' title='bbox 3435 5587 3591 5646; x_wconf 83' lang='lat' dir='ltr'><strong>Unde</strong></span> <span class='ocrx_word' id='word_1_913' title='bbox 3621 5599 3678 5647; x_wconf 92' lang='lat' dir='ltr'><strong>et</strong></span> <span class='ocrx_word' id='word_1_914' title='bbox 3715 5591 3772 5647; x_wconf 91' lang='lat' dir='ltr'><strong>in</strong></span> 
     </span>
    </p>
   </div>
   <div class='ocr_carea' id='block_1_117' title="bbox 2169 5673 3771 5751">
    <p class='ocr_par' dir='ltr' id='par_1_117' title="bbox 2169 5673 3771 5751">
     <span class='ocr_line' id='line_1_117' title="bbox 2169 5673 3771 5751; baseline 0.006 -21"><span class='ocrx_word' id='word_1_915' title='bbox 2169 5673 2407 5751; x_wconf 67' lang='lat' dir='ltr'><strong>Jeremia</strong></span> <span class='ocrx_word' id='word_1_916' title='bbox 2431 5677 2690 5748; x_wconf 91' lang='lat' dir='ltr'><strong>scriptum</strong></span> <span class='ocrx_word' id='word_1_917' title='bbox 2730 5687 2850 5734; x_wconf 87' lang='lat' dir='ltr'><strong>est:</strong></span> <span class='ocrx_word' id='word_1_918' title='bbox 2886 5699 2904 5730; x_wconf 77' lang='grc' dir='ltr'>ι</span> <span class='ocrx_word' id='word_1_919' title='bbox 2953 5678 3206 5751; x_wconf 85' lang='lat' dir='ltr'><strong>Nunquid</strong></span> <span class='ocrx_word' id='word_1_920' title='bbox 3245 5681 3424 5738; x_wconf 89' lang='lat' dir='ltr'><strong>resina</strong></span> <span class='ocrx_word' id='word_1_921' title='bbox 3463 5689 3549 5740; x_wconf 87' lang='lat' dir='ltr'><strong>est</strong></span> <span class='ocrx_word' id='word_1_922' title='bbox 3576 5682 3632 5737; x_wconf 92' lang='lat' dir='ltr'><strong>in</strong></span> <span class='ocrx_word' id='word_1_923' title='bbox 3654 5681 3771 5739; x_wconf 81' lang='lat' dir='ltr'><strong>Ga-</strong></span> 
     </span>
    </p>
   </div>
   <div class='ocr_carea' id='block_1_118' title="bbox 2173 5769 3770 5842">
    <p class='ocr_par' dir='ltr' id='par_1_118' title="bbox 2173 5769 3770 5842">
     <span class='ocr_line' id='line_1_118' title="bbox 2173 5769 3770 5842; baseline 0.003 -16"><span class='ocrx_word' id='word_1_924' title='bbox 2173 5769 2339 5826; x_wconf 82' lang='lat' dir='ltr'><strong>laad?</strong></span> <span class='ocrx_word' id='word_1_925' title='bbox 2366 5778 2458 5824; x_wconf 92' lang='lat' dir='ltr'><strong>aut</strong></span> <span class='ocrx_word' id='word_1_926' title='bbox 2485 5769 2730 5826; x_wconf 89' lang='lat' dir='ltr'><strong>medicus</strong></span> <span class='ocrx_word' id='word_1_927' title='bbox 2750 5785 2860 5827; x_wconf 91' lang='lat' dir='ltr'><strong>non</strong></span> <span class='ocrx_word' id='word_1_928' title='bbox 2888 5781 2970 5828; x_wconf 88' lang='lat' dir='ltr'><strong>est</strong></span> <span class='ocrx_word' id='word_1_929' title='bbox 2999 5771 3117 5828; x_wconf 80' lang='lat' dir='ltr'><strong>ibi?</strong></span> <span class='ocrx_word' id='word_1_930' title='bbox 3149 5772 3328 5842; x_wconf 84' lang='lat' dir='ltr'><strong>Quare</strong></span> <span class='ocrx_word' id='word_1_931' title='bbox 3368 5790 3474 5831; x_wconf 91' lang='lat' dir='ltr'><strong>non</strong></span> <span class='ocrx_word' id='word_1_932' title='bbox 3519 5775 3770 5830; x_wconf 88' lang='lat' dir='ltr'><strong>ascendit</strong></span> 
     </span>
    </p>
   </div>
  </div>
