4044 6326
256 412 389 499 ιιοι

1150 407 1518 467 EXPOSlTlO
1554 406 1781 465 SUPER
1818 404 2188 463 JEREMIAM.
2222 436 2295 449 -—
2332 405 2462 463 LIB.
2500 405 2639 464 XIV.

3396 415 3534 472 “02

250 525 462 582 curatio
488 523 609 581 fili-.e
630 524 811 599 populi
840 524 943 586 mei
970 526 993 579 ?
1024 545 1041 578 ι
1086 522 1202 594 (Jer
1249 534 1391 598 vin.)
1424 522 1574 580 lianc
1607 523 1841 581 resinam
1868 523 1923 583 Α
1948 527 2113 576 nant:
2143 536 2209 577 eo
2261 521 2405 593 quod
2452 523 2678 594 populos
2705 524 3001 593 contineat,
3045 537 3101 583 et
3139 530 3294 600 quasi
3341 531 3396 587 in
3423 539 3536 590 tota

259 618 491 674 habebat
531 627 584 674 et
605 616 795 685 Jacob,
826 634 987 689 quam
1012 616 1261 673 mittebat
1310 614 1418 675 filio
1452 616 1674 688 Ioseph,
1718 633 1844 672 cum

258 708 415 764 mcllc
461 718 515 765 et
545 709 870 777 terebintho,
913 706 1159 777 nucibus,
1204 704 1555 783 thymiamate
1592 716 1647 766 et
1675 716 1846 765 stacte

256 797 409 871 (Gen.
435 799 589 873 mn)
619 818 631 853 :
678 792 959 856 lsmaelitae
981 815 1196 873 quoque
1223 799 1313 873 qui
1348 809 1596 856 emerunt
1622 796 1845 870 Ioseph,

256 894 323 948 de
372 903 516 949 terra
566 892 729 950 Israel
773 895 831 949 in
865 891 1162 969 Egyptuni
1203 894 1562 966 deportabant
1611 893 1844 965 thymia-

257 994 404 1041 mata
440 996 496 1049 et
531 986 768 1041 resinam
815 984 882 1042 de
923 980 1128 1042 Galaad
1164 993 1219 1041 et
1259 994 1487 1042 stacten.
1551 983 1843 1057 (Marinus)

254 1075 456 1133 Resina
510 1077 654 1133 enim
683 1076 908 1147 Galaad,
961 1085 1019 1134 ut
1063 1078 1177 1150 jam
1204 1079 1451 1150 superius
1489 1077 1747 1145 diximus,
1791 1077 1847 1133 in

257 1166 440 1221 multis
469 1167 793 1223 testimoniis
819 1164 1226 1239 Scripturarum
1262 1183 1364 1240 pro
1399 1167 1718 1239 poenitentia
1745 1181 1845 1239 po-

255 1258 419 1322 nitur,
447 1264 608 1330 atque
627 1256 983 1316 medicamine
1012 1274 1151 1315 verae
1173 1259 1541 1316 conversionis
1565 1259 1633 1315 ad
1655 1260 1842 1315 Deum.

264 1349 411 1406 Unde
449 1351 709 1424 propheta
751 1352 1005 1408 hortatur
1048 1350 1341 1425 IEgyptum
1374 1360 1429 1408 et
1468 1350 1715 1408 conﬁnes
1741 1352 1845 1407 sibi

255 1442 582 1512 provincias,
616 1450 859 1517 utagant
902 1445 1281 1516 pccnitentiam
1322 1446 1388 1502 de
1426 1460 1613 1501 errore
1651 1459 1768 1510 suo,
1792 1452 1847 1500 et

256 1539 415 1595 malis
436 1540 729 1610 operibus:
770 1540 893 1612 quia
939 1540 984 1597 si
1021 1541 1126 1598 hoc
1153 1556 1260 1597 non
1312 1540 1548 1598 fecerint
1582 1541 1783 1597 frustra
1814 1556 1847 1597 a

256 1628 361 1685 diis
385 1630 534 1687 falsis
564 1632 922 1687 medicamina
961 1640 1229 1703 quacrent,
1277 1632 1407 1704 quia
1445 1649 1552 1688 non
1579 1631 1847 1703 accipient

255 1720 425 1777 aheis
475 1722 803 1778 sanitatem:
857 1723 952 1778 sed
1000 1722 1371 1779 confusionem
1423 1722 1698 1779 invenient
1722 1738 1847 1795 per-

252 1818 494 1882 pctuam.
528 1810 683 1869 Unde
707 1821 761 1868 et
800 1814 1085 1885 sequitur:

1950 612 2109 671 domo
2155 612 2507 672 fortissimum
2557 616 2646 702 sit;
2709 616 2863 674 Unde
2908 627 2963 675 et
3012 620 3261 679 Christus
3308 624 3537 682 duorum

1946 706 2268 777 populorum
2318 708 2554 779 parietes
2602 709 2905 778 continens,
2954 710 3091 783 lapis
3136 714 3334 772 dicitur
3366 717 3566 791 angu-'

1947 795 2097 855 laris.
2882 836 2891 839 -

2025 906 2042 940 ι
2070 888 2251 957 Quare
2270 890 2599 962 computruit
2618 889 2775 948 fortis
2798 893 2955 950 tuus?
2974 894 3091 952 Non
3113 897 3262 953 stetit
3283 901 3541 971 quoniam

1954 997 1974 1031 ι
2003 977 2268 1038 Dominus
2288 982 2554 1040 subvertit
2577 996 2719 1040 eum.
2744 1005 2763 1038 ι
2797 984 3087 1061 (ΜΑυιιυε.)
3116 988 3336 1047 Fortem
3360 1003 3542 1050 autent

1949 1069 2153 1128 idolum
2175 1071 2393 1145 aliquod
2416 1084 2471 1130 et
2493 1075 2662 1131 Deum
2687 1074 2883 1133 falsum
2910 1077 2964 1134 in
2990 1095 3152 1150 quem
3188 1096 3548 1155 spcraveruut

1951 1160 2213 1237 Egyptii,
2242 1174 2333 1222 aut
2360 1166 2698 1225 Pharaonem
2743 1184 2841 1241 per
2889 1173 3186 1242 potentiam
3217 1178 3366 1249 regni
3408 1195 3547 1233 nun-

1951 1266 2133 1327 cupat,
2160 1260 2253 1329 qui
2276 1269 2421 1316 recte
2446 1275 2627 1317 coram
2669 1262 2913 1319 hostibus
2941 1268 3292 1335 computruit,
3333 1270 3460 1339 quia
3492 1271 3549 1341 irt

1950 1350 2176 1406 victoria
2226 1368 2334 1409 non
2364 1353 2620 1424 perstitit,
2653 1354 2748 1410 sed
2792 1356 2916 1412 tabe
2950 1359 3318 1430 corruptionis
3360 1371 3557 1431 putre<

1951 1432 2129 1496 factus
2181 1444 2412 1509 surduit,
2460 1445 2717 1516 quoniam
2763 1444 2972 1518 justum
3015 1447 3283 1519 judicium
3330 1450 3547 1509 Domini

1950 1531 2099 1587 illum
2122 1535 2400 1591 subvertit.
2622 1590 2627 1595 .

2028 1642 2046 1675 ι
2076 1624 2444 1697 Multiplieavit
2466 1634 2703 1698 ruentes,
2728 1630 3033 1702 cediditque
3055 1634 3138 1690 vir
3155 1634 3223 1691 ad
3240 1635 3551 1707 proximum

1956 1732 1975 1767 ι
2012 1726 2194 1784 suum,
2222 1722 2278 1774 et
2302 1714 2484 1775 dicent
2508 1738 2521 1774 :
2553 1717 2726 1794 Surge
2753 1728 2811 1779 et
2834 1720 3171 1785 revertamur
3195 1729 3264 1785 ad
3290 1730 3550 1801 populum

1957 1818 1979 1859 ι
2018 1812 2072 1866 et
2119 1810 2186 1866 ad
2223 1814 2425 1868 terram
2470 1812 2769 1871 nativitatis
2813 1822 3016 1874 uestrae
3042 1836 3075 1876 a
3104 1819 3245 1879 facie
3269 1823 3430 1895 gladii
3457 1841 3551 1882 co-

332 1921 349 1952 ι
385 1902 687 1959 Audicrunt
714 1913 902 1977 gentes
939 1903 1287 1975 ignominiam
1329 1910 1503 1975 tuam,
1531 1912 1586 1961 et
1610 1902 1847 1964 ululatus

1960 1917 1978 1951 ι
2024 1898 2234 1957 tumbae.
2264 1922 2286 1956 ι
2349 1896 2722 1974 MultipliCavit
2785 1900 3056 1982 Egyptus
3106 1886 3326 1971 ruentes
3355 1954 3373 1981 ,
3423 1916 3555 1986 quia

263 2011 280 2045 ι
311 2002 432 2051 tuus
464 1996 685 2069 replevit
706 2007 908 2053 terram
934 2015 947 2050 :
969 1996 1098 2067 quia
1120 1995 1275 2053 fortis
1295 1998 1517 2071 impegit
1546 2000 1600 2054 in
1628 1994 1845 2068 fortem,

260 2106 278 2139 ι
313 2098 365 2144 et
389 2090 549 2146 ambo
570 2090 775 2161 pariter
793 2090 1164 2148 conciderunt.
1188 2111 1205 2143 ι
1231 2090 1531 2163 ignominia
1549 2093 1693 2148 enim
1719 2102 1848 2150 tunc

258 2182 434 2250 patuit
460 2180 704 2256 Aigypti,
741 2183 957 2253 quando
991 2182 1250 2237 frustrata
1277 2181 1487 2248 solatio,
1514 2183 1658 2254 quod
1688 2199 1718 2238 a
1749 2182 1851 2239 fal-

254 2266 330 2326 sis
359 2268 671 2329 numinibus
706 2274 1013 2344 expetebat,
1055 2287 1236 2328 coram
1278 2272 1523 2328 hostibus
1571 2272 1685 2329 suis
1718 2274 1847 2341 ruit,

253 2368 310 2416 et
336 2370 520 2417 mutua
572 2360 726 2420 clade
759 2378 882 2419 cum
919 2361 1059 2418 forte
1097 2361 1353 2418 concidit.
1386 2360 1477 2418 Sic
1522 2369 1577 2419 et
1606 2363 1850 2420 haeretici

256 2453 346 2522 qui
380 2469 596 2526 semper
626 2455 680 2509 in
714 2454 983 2511 discordia
1014 2462 1161 2520 sunt,
1193 2462 1249 2510 et
1269 2454 1324 2509 in
1349 2454 1501 2509 vario
1522 2467 1711 2509 errore
1732 2468 1851 2509 ver-

256 2548 467 2611 santur,
514 2544 567 2600 in
593 2542 778 2601 multis
801 2546 867 2601 ab
902 2544 1135 2601 invicem
1160 2545 1496 2609 discordant,
1527 2551 1581 2600 et
1606 2544 1855 2600 cominus

257 2642 536 2689 certantes
569 2643 732 2705 atque
781 2634 1105 2691 alterutrum
1155 2648 1213 2690 se
1251 2633 1576 2700 lacerantes,
1628 2649 1736 2689 non
1772 2633 1854 2690 vi-

259 2722 487 2778 ctoriam
525 2725 773 2780 veritatis
801 2726 1053 2796 capiunt:
1097 2726 1192 2782 sed
1214 2739 1401 2782 errore
1428 2723 1625 2795 captivi
1651 2724 1855 2797 pariter

259 2814 316 2871 in
354 2815 565 2874 foveam
599 2816 923 2890 perditionis
954 2817 1173 2873 cadunt.

336 2948 355 2979 ι
390 2925 632 2987 Verbum
663 2927 809 2999 quod
827 2927 1039 2985 locutus
1061 2937 1146 2984 est
1173 2928 1433 2985 Dominus
1458 2928 1526 2984 ad
1563 2926 1857 2986 Jeremiam

265 3038 284 3071 ι
312 3021 641 3091 prephetam
686 3036 849 3090 super
877 3036 944 3077 eo
993 3018 1135 3090 quod
1189 3028 1454 3076 venturus
1494 3028 1641 3076 esset
1670 3019 1857 3076 Nabu-

265 3131 284 3164 ι
321 3112 663 3168 chodonosor
692 3125 785 3166 rex
822 3111 1133 3183 Babylonis,
1161 3120 1219 3166 et
1262 3126 1620 3181 percussurus
1654 3121 1857 3169 terram

265 3223 283 3255 ι
322 3202 582 3275 Egypti:
614 3200 946 3259 Annuntiate
988 3196 1259 3273 .IEgypto,
1299 3210 1357 3259 et
1405 3203 1649 3259 auditum
1694 3201 1857 3257 facite

265 3313 285 3346 ί
321 3295 375 3349 in
423 3293 689 3366 Magdalo,
737 3302 791 3349 et
843 3302 1061 3351 resonet
1107 3293 1162 3348 in
1193 3291 1476 3363 Memphis,
1514 3301 1568 3348 ct
1619 3292 1858 3363 Taphnis

266 3401 287 3435 ι
322 3383 486 3440 dicite
510 3402 523 3436 :
544 3384 639 3440 Sta
660 3390 715 3441 ct
734 3399 978 3455 prchara
1005 3393 1056 3439 te
1080 3398 1095 3438 :
1118 3384 1245 3454 quia
1260 3385 1539 3440 devorabit
1562 3383 1770 3455 gladius
1793 3399 1860 3439 ea

267 3493 287 3526 ι
325 3488 444 3544 qua:
466 3487 567 3543 per
592 3473 875 3528 circuitum
904 3483 1053 3528 tuum
1085 3482 1227 3528 sunt.
1254 3493 1273 3525 ι
1304 3472 1571 3542 Loquitur
1595 3473 1858 3543 propheta

258 3566 485 3622 verbum
511 3572 566 3621 et
589 3580 684 3622 ore
720 3564 932 3621 Domini
958 3567 1025 3620 ad
1067 3564 1381 3637 IEgyptum,
1407 3574 1463 3622 et
1501 3565 1573 3621 ad
1598 3566 1714 3635 ejus
1739 3564 1857 3622 loca

257 3658 555 3730 przecipua,
586 3667 647 3713 ut
683 3672 741 3715 se
789 3668 1093 3727 praeparent
1122 3658 1191 3711 ad
1243 3657 1478 3713 bellum:
1532 3658 1629 3714 sed
1675 3667 1859 3715 tamen

261 3750 437 3808 sciant
485 3750 629 3822 quod
676 3746 1051 3806 Chaldmorum
1092 3747 1302 3820 gladius
1350 3749 1730 3806 devastaturus
1788 3751 1861 3808 sit

261 3854 480 3898 omnem
507 3850 712 3897 terram
754 3839 939 3911 ipsius.
981 3837 1253 3912 (Ηὶενοη.)
1281 3838 1557 3909 Magdalus
1599 3842 1744 3897 enim
1776 3852 1861 3898 est

259 3933 443 4003 locus,
471 3943 531 3991 ut
558 3949 721 4006 supra
749 3934 1067 4002 memoravi,
1108 3934 1174 3989 ad
1197 3946 1357 4004 quem
1401 3932 1494 3989 lilii
1538 3934 1703 3991 Israel
1734 3951 1860 3993 eum

258 4031 498 4087 exissent
518 4029 584 4086 de
605 4027 856 4102 Egypto,
873 4035 1233 4100 pervenerunt
1257 4035 1544 4098 antequam
1563 4029 1861 4086 transirent

261 4134 413 4178 mare
441 4119 703 4178 Rubrum.
729 4120 985 4191 Legimus
1023 4126 1079 4176 et
1118 4119 1174 4175 in
1202 4119 1485 4177 Ezechiele
1518 4137 1532 4176 :
1575 4140 1593 4173 ‹
1636 4121 1702 4176 de
1739 4121 1855 4177 Ma-

262 4214 419 4286 gdan
447 4229 614 4284 usque
636 4212 855 4270 Senem.
888 4233 908 4266 ι
924 4211 1093 4268 Porro
1113 4212 1376 4269 .Ieremias
1398 4212 1633 4280 Judmos,
1659 4214 1752 4285 qui
1776 4228 1860 4270 se-

260 4317 384 4361 cum
418 4303 658 4371 fuerant,
680 4304 1094 4378 Babyloniorum
1123 4305 1381 4376 impetum
1405 4306 1740 4363 declinantes
1758 4347 1772 4372 ,
1802 4308 1859 4364 in

262 4397 365 4452 hac
391 4397 521 4453 urbe
549 4392 771 4469 Aigypti
796 4397 1070 4453 habitasse
1099 4396 1261 4451 refert
1296 4416 1309 4450 :
1338 4397 1557 4453 Thanen
1591 4407 1860 4469 metropo-

257 4489 351 4546 lim
376 4490 481 4546 fuit
496 4486 736 4562 Egypti.
762 4489 828 4545 Et
845 4489 1131 4545 Psalrni'sta
1154 4489 1409 4545 declarat.
1431 4493 1574 4560 quod
1595 4491 1666 4545 ibi
1686 4492 1861 4549 Moses

258 4580 431 4639 multa
452 4580 604 4652 signa
630 4580 822 4636 fecerit
861 4577 1032 4653 (ιιεαι.
1062 4579 1293 4651 Lxxvn),
1317 4588 1437 4651 qnae
1461 4582 1515 4637 in
1550 4582 1737 4640 Exodo
1764 4585 1856 4639 dc-

261 4673 575 4731 scribuntur
600 4690 613 4726 :
649 4689 668 4723 ‹
706 4670 890 4727 Posuit
920 4672 973 4726 in
1004 4670 1298 4743 {Egyptum
1326 4668 1480 4743 signa
1513 4686 1609 4728 sua
1637 4682 1692 4728 et
1725 4690 1853 4744 pro—

259 4764 408 4835 digia
460 4774 557 4817 sua
612 4759 666 4816 in
714 4775 907 4832 campo
952 4760 1220 4817 Thaneos.
1247 4781 1265 4814 ι
1302 4759 1592 4833 Memphim
1641 4776 1858 4835 quoque

260 4855 489 4929 magicis
518 4853 727 4910 artibus
755 4852 990 4909 deditam
1034 4853 1247 4923 pristini
1286 4864 1455 4925 usque
1507 4855 1573 4911 ad
1622 4871 1858 4927 priesens

259 4958 470 5019 tempus
490 4945 719 5018 vestigia
745 4944 948 5000 erroris
987 4944 1301 5001 ostendunt.
1349 4944 1432 5001 Ad
1476 4946 1574 5004 has
1610 4947 1861 5005 civitates

260 5040 427 5095 Isaias
463 5039 521 5095 in
560 5054 725 5095 onere
763 5036 981 5111 Egypti
1029 5038 1104 5094 ita
1148 5037 1386 5109 loquitur
1418 5059 1429 5095 :
1461 5059 1480 5092 ι
1528 5040 1689 5098 Stulti
1726 5040 1857 5098 facti

260 5141 387 5188 sunt
444 5131 718 5204 principes
773 5130 1075 5187 Thaneos:
1139 5141 1520 5188 emarcuerunt
1577 5134 1853 5205 principes

262 5222 615 5294 Mcmpheos:
665 5223 995 5296 decepertmt
1039 5220 1332 5296 Egyptum
1383 5224 1640 5294 angulum
1687 5238 1855 5296 popu-

261 5315 438 5369 lorum
472 5313 589 5384 ejus
626 5314 761 5385 (lsa.
784 5315 951 5387 nx)»
988 5315 1089 5371 Ubi
1116 5314 1357 5370 breviter
1381 5313 1648 5370 indicatur
1668 5306 1851 5386 ’quod,

259 5405 559 5478 Babylonia
588 5407 843 5465 vastitate
883 5408 1064 5463 omnia
1095 5404 1370 5479 Magorum
1408 5408 1650 5473 consilia,
1683 5417 1851 5465 eteo-

262 5515 383 5555 rum
405 5513 526 5570 qua
547 5496 849 5554 futurorum
873 5499 1151 5555 scientiam
1182 5502 1588 5571 promittebant,
1614 5503 1855 5559 stultitia:

263 5598 648 5664 coarguantur,
670 5599 723 5646 et
748 5591 801 5646 in
831 5591 1065 5647 adventu
1090 5592 1293 5649 Christi
1321 5596 1513 5652 cuncta
1544 5595 1854 5667 redigantur

265 5686 319 5742 in
349 5684 501 5741 nihili
530 5701 542 5739 :
586 5698 691 5740 non
728 5682 1124 5740 invenientibus
1150 5686 1432 5742 consilium
1466 5686 1679 5762 {Egypti
1714 5691 1851 5747 vati-

264 5777 365 5833 bus
393 5775 662 5848 quomodo
690 5775 878 5847 dogma
907 5775 1210 5844 opprimant
1240 5775 1624 5835 Clu-istiaimm.
1654 5781 1852 5835 Idioma

266 5881 446 5925 autem
474 5868 876 5939 Scripturarum
915 5876 1015 5923 est.
1067 5878 1123 5921 ut
1152 5869 1401 5938 angulum
1436 5884 1530 5941 pro
1558 5888 1722 5942 regno
1754 5890 1854 5953 po-_

1880 4624 1936 4695 D

1952 1993 2165 2063 populis
2192 1993 2307 2064 ejus
2335 1996 2548 2053 traditis
2598 1998 2652 2054 in
2704 2008 2898 2060 manus
2942 1996 3204 2074 hostium,
3241 2005 3556 2065 ceciderunt

1952 2090 2046 2140 eus
2068 2078 2277 2142 inimici
2299 2093 2685 2159 persequentes
2709 2111 2722 2147 :
2749 2100 2806 2150 et
2829 2094 2972 2151 sicut
3010 2096 3215 2154 hortari
3250 2114 3311 2156 se
3354 2100 3558 2157 debue-

1955 2182 2077 2230 rant
2107 2172 2337 2233 invicem
2366 2180 2598 2239 audaces
2645 2183 2716 2240 ad
2759 2200 3016 2258 pugnam,
3063 2189 3143 2247 sic
3190 2190 3365 2248 timidi
3390 2192 3557 2251 alter-

1955 2273 2136 2329 utrum
2165 2268 2396 2328 incitant
2423 2286 2482 2329 se
2520 2273 2589 2328 ad
2616 2272 2817 2347 fugam.
2842 2264 3158 2335 Columbam
3188 2291 3348 2338 vocat
3373 2282 3554 2341 Nabu-

1955 2357 2315 2427 chodonosor,
2345 2376 2456 2419 non
2484 2363 2554 2420 ob
2574 2364 2811 2435 laudem,
2842 2369 2937 2425 sed
2964 2370 3035 2426 ob
3056 2371 3549 2443 vituperationem:

1958 2465 2065 2505 non
2097 2463 2320 2523 propter
2348 2454 2776 2527 simplicitatem,
2822 2461 2919 2517 sed
2953 2471 3176 2534 propter
3222 2464 3503 2521 stultitiam
3535 2484 3550 2519 :

1958 2540 2085 2612 quia
2119 2560 2244 2600 cum
2291 2546 2466 2603 victor
2516 2549 2730 2607 Domini
2781 2568 3007 2610 munere
3049 2554 3106 2609 in
3149 2555 3380 2614 diversis
3428 2573 3558 2629 gen-

1961 2635 2107 2694 tibus
2146 2640 2486 2709 exstitisset,
2521 2659 2631 2699 non
2658 2643 2732 2699 illi
2767 2645 2860 2715 qui
2903 2646 3006 2703 sibi
3031 2648 3315 2704 victoriam
3345 2651 3557 2721 tribuit,

1960 2731 2053 2786 sed
2081 2730 2236 2790 falsis
2281 2735 2596 2793 numinibus
2638 2732 2849 2795 laudem
2897 2738 3180 2812 impendit.
3216 2741 3326 2800 Nec
3355 2744 3557 2801 mirum

1960 2824 2103 2893 quod
2122 2823 2640 2896 Nabuchodonosor,
2657 2831 2751 2899 qui
2779 2829 2991 2887 Domini
3014 2832 3243 2905 imperio
3265 2836 3559 2904 serviebat,

1962 2915 2248 2972 destruens
2274 2919 2768 2989 pmvaricatricem
2795 2919 3115 2992 Jerusalem,
3146 2940 3361 2982 servum
3400 2942 3561 2984 suum

1962 3013 2018 3059 et
2055 3005 2363 3063 columbam
2418 3018 2598 3077 vocat,
2648 3027 2773 3067 cum
2804 3011 2985 3070 Medos
3028 3029 3164 3085 quos
3213 3016 3282 3071 ad
3336 3018 3561 3073 subver-

1962 3095 2171 3151 sionem
2200 3096 2508 3170 Babyloniae
2535 3100 2736 3158 direxit
2756 3104 3125 3162 sanctiﬁcatos
3165 3114 3342 3176 vocet,
3376 3109 3563 3167 dicens

1962 3199 2061 3255 per
2104 3184 2301 3245 Isaiam
2335 3206 2350 3244 :
2393 3210 2411 3243 ι
2450 3190 2561 3264 Ego
2621 3194 2871 3251 mandavi
2909 3197 3262 3256 sanctiﬁcatis
3318 3201 3473 3268 meis,
3507 3212 3564 3259 et

1965 3280 2151 3357 vocavi
2178 3276 2344 3338 fortes
2392 3272 2542 3340 meos
2588 3286 2641 3340 in
2674 3284 2755 3340 ira
2786 3294 2930 3355 mea,
2954 3289 3287 3347 exsultantes
3313 3292 3367 3348 in
3389 3292 3561 3363 gloria

1964 3384 2085 3424 mea
2113 3362 2249 3442 (Isa.
2286 3372 2428 3446 xui).
2458 3393 2475 3426 ι
2509 3373 2783 3449 [Hier-om]
2809 3376 3070 3436 Columba
3095 3381 3258 3453 igitur
3286 3362 3561 3441 invenitur

1963 3461 2018 3515 in
2050 3461 2206 3518 laude
2225 3466 2421 3534 posita,
2447 3473 2506 3520 ut
2536 3466 2667 3523 illud
2688 3478 2770 3524 est
2798 3478 3126 3541 praeceptum
3152 3474 3206 3529 in
3235 3472 3562 3547 Evangelia:

1969 3574 1986 3604 ι
2024 3552 2211 3609 Estote
2241 3557 2537 3625 prudentes
2562 3558 2705 3614 sicut
2728 3566 3027 3631 serpentes,
3052 3572 3107 3619 et
3128 3564 3401 3637 simplices
3420 3568 3562 3623 sicut

1962 3644 2227 3701 columba:
2268 3638 2484 3718 (Matth.
2518 3648 2597 3721 ι).
2623 3669 2644 3703 ι
2701 3651 2771 3708 Ut
2812 3648 3061 3710 videlicet
3086 3666 3257 3712 srmus
3284 3657 3559 3728 simplices

1964 3732 2121 3807 quasi
2145 3739 2409 3797 columbae
2441 3750 2497 3797 et
2546 3744 2710 3798 astuti
2741 3745 2892 3815 quasi
2934 3755 3228 3817 serpentes,
3285 3748 3559 3808 imitantes

1964 3830 2365 3902 simplicitatem
2412 3833 2808 3903 columbarum,
2844 3844 2901 3894 et
2940 3841 3210 3912 serpentis
3257 3843 3513 3899 astutiam
3540 3864 3558 3900 .·

1964 3939 2032 3979 ne
2064 3924 2186 3982 aliis
2212 3941 2410 3983 nocere
2442 3928 2733 3999 possimus,
2763 3946 2865 3986 nec
2908 3931 2976 3987 ab
3024 3932 3147 3988 aliis
3182 3933 3452 4004 patiamur
3477 3933 3563 3992 in-

1964 4013 2166 4085 sidias;
2197 4018 2293 4075 sed
2315 4018 2656 4091 simplicitate
2684 4031 2737 4077 et
2757 4022 3043 4095 prudentia
3083 4024 3435 4081 cxbibeamus
3463 4027 3563 4083 ho-

1964 4107 2164 4165 minem
2200 4119 2577 4182 temperatum,
2602 4113 2728 4184 quia
2766 4114 3049 4185 prudentia
3085 4116 3288 4186 absque
3312 4118 3560 4175 bonitate

1965 4199 2169 4256 malitia
2209 4210 2312 4269 est,
2350 4196 2404 4257 et
2439 4202 2757 4274 simplicitas
2802 4204 3006 4274 absque
3060 4206 3271 4263 ratione
3324 4207 3557 4264 stultitia

1965 4294 2294 4350 nominatur.
2324 4294 2460 4350 Item
2489 4294 2544 4350 in
2565 4296 2960 4366 vituperatione
2980 4298 3202 4368 ponitur
3229 4299 3476 4357 columba
3500 4301 3557 4357 in

1962 4376 2100 4441 Osee
2129 4385 2219 4441 ubi
2275 4386 2352 4442 ita
2404 4384 2631 4459 legitur:
2660 4405 2680 4438 ι
2718 4384 2917 4444 Factus
2968 4398 3053 4446 est
3097 4390 3352 4461 Ephraim
3401 4392 3560 4463 quasi

1964 4475 2211 4533 columba
2240 4477 2462 4535 seducta
2517 4493 2626 4534 non
2676 4478 2881 4535 habens
2925 4494 3037 4536 cor.
3084 4480 3377 4555 Egyptum
3408 4484 3560 4539 invo-

1964 4573 2142 4640 cabat,
2173 4574 2245 4630 ad
2286 4573 2539 4647 Assyrios
2592 4573 2846 4630 abierunt
2886 4574 3032 4647 (Ose.
3073 4578 3193 4649 vn).
3218 4598 3237 4631 ι
3285 4575 3559 4645 Qumritur

1961 4679 2061 4720 cur
2086 4664 2344 4736 Ephraim
2374 4680 2480 4721 non
2504 4665 2624 4720 aliis
2674 4665 2887 4732 avibus,
2920 4670 3019 4724 sed
3037 4669 3299 4724 columbae
3318 4669 3389 4724 sit
3408 4683 3559 4725 como

1960 4768 2206 4830 paratus.
2235 4757 2381 4813 Aves
2404 4766 2617 4814 aeterm
2664 4758 2841 4828 pullos
2868 4774 2997 4816 suos
3039 4761 3204 4815 etiam
3243 4776 3366 4817 cum
3400 4763 3554 4833 peri-

1962 4849 2084 4905 culo
2110 4848 2231 4905 vita:
2254 4865 2367 4903 suae
2390 4859 2678 4920 protegere
2724 4848 3005 4918 festinant,
3035 4860 3090 4907 et
3119 4866 3241 4907 cum
3272 4852 3340 4908 ad
3368 4854 3554 4911 nidum

1963 4956 2119 4996 suum
2152 4940 2489 5012 accipitrem,
2519 4943 2823 5011 colubrum,
2851 4959 3096 5010 corvum,
3139 4946 3254 5002 sive
3284 4947 3557 5004 cornicem

1963 5030 2223 5091 accedere
2249 5033 2498 5101 viderint,
2522 5035 2628 5091 huc
2652 5035 2888 5107 illucque
2928 5037 3171 5104 volitant,
3198 5046 3251 5093 et
3283 5039 3557 5095 dimittunt

1961 5140 2040 5190 se,
2072 5141 2255 5181 morsu
2284 5135 2340 5181 et
2363 5128 2629 5199 unguibus
2656 5128 2920 5196 lacerant,
2948 5139 3003 5185 et
3034 5130 3274 5186 dolorem
3313 5133 3556 5203 parentis

1962 5217 2186 5292 querula
2212 5233 2344 5274 voce
2369 5228 2677 5275 testantur:
2710 5220 2825 5276 sola
2852 5222 3100 5278 columba
3146 5221 3356 5278 ablatos
3384 5222 3558 5295 pullos

1961 5326 2069 5366 non
2096 5312 2262 5379 dolet,
2293 5327 2400 5368 non
2453 5314 2701 5384 requirit.
2735 5313 2802 5369 Et
2852 5314 2977 5370 huic
3027 5325 3175 5371 recte
3210 5324 3554 5387 comparatur

1904 5445 1923 5455 -
1960 5400 2242 5475 Ephraim,
2292 5406 2435 5477 quod
2464 5415 2737 5462 vastatum
2789 5423 2886 5479 per
2924 5419 3105 5479 partes
3145 5409 3401 5482 pupulum
3447 5425 3557 5467 non

1960 5498 2184 5563 sentiat,
2212 5498 2306 5553 sed
2329 5498 2603 5570 negligens
2637 5499 2708 5553 sit
2731 5499 2888 5554 saluti
2928 5516 3058 5557 suae.

2038 5613 2055 5641 ι
2093 5586 2292 5649 Vocate
2328 5609 2524 5648 nomen
2559 5590 2859 5651 Pharaonis
2899 5598 3043 5668 regis
3070 5596 3285 5670 Jﬁgy‘pti
3307 5640 3321 5664 ,
3351 5595 3539 5653 tumul-

1968 5708 1985 5741 ι
2033 5696 2142 5743 tum
2172 5687 2647 5760 adduxittcmpus.
2680 5689 2811 5744 Vivo
2850 5706 2967 5759 ego,
3012 5690 3183 5761 inquit
3223 5708 3335 5755 rex,
3368 5689 3522 5743 Domi

1967 5800 1986 5833 ι
2023 5800 2123 5837 nus
2144 5782 2477 5836 exercituum
2511 5799 2705 5838 nomen
2738 5783 2871 5854 ejus,
2896 5783 3150 5853 quoniam
3178 5784 3313 5837 sicut
3338 5782 3556 5836 Thabor

1969 5896 1985 5926 ι
2021 5875 2074 5932 in
2116 5874 2403 5944 utentibus,
2445 5888 2498 5931 et
2539 5876 2677 5931 sicut
2726 5876 3006 5932 Carmelus
3037 5878 3087 5930 in
3138 5876 3272 5930 mali
3313 5875 3548 5929 veniet.»
