4044 6326
332 343 474 408 “05

1218 345 1581 405 EXPOSITIO
1620 345 1850 402 SUPER
1886 341 2255 402 iEREMIAM.
2294 375 2361 386 —-
2399 346 2525 402 LIB.
2570 347 2710 404 XIV.

3468 332 3608 406 “eo

313 469 562 534 stat-ores
579 465 991 522 defenderenon
1015 477 1373 536 praesumunt.
1403 466 1550 533 Quos
1577 467 1689 536 ipsa
1711 467 1914 523 veritas
1941 470 1993 531 Α
2020 467 2136 522 Non
2192 468 2364 524 solum
2416 468 2560 522 enim
2609 468 2874 526 historiali
2922 469 3158 543 ngypto
3211 470 3359 540 justo
3405 469 3630 540 judicio"

303 559 387 613 =~in
401 557 692 630 Evangelio
717 557 958 623 denotat,
985 555 1364 629 dicens(.loan.
1383 556 1473 628 x):
1503 577 1520 608 ‹
1550 557 1914 614 Mercenarius

301 652 530 715 1autem,
546 657 618 704 ‘et‘
635 650 727 720 qui
749 663 858 705 non
877 657 959 706 est
975 658 1182 720 pastor,
1204 650 1353 704 videt
1378 649 1562 720 lupum
1585 651 1912 715 venientem,

291 751 381 799 iret
408 742 786 798 dimittit-oves
811 751 867 798 et
894 742 1047 814 fugit.
1088 763 1105 794 ι
1139 741 1361 815 (Gn-eg.)
1389 743 1572 813 Lupus
1603 745 1800 799 etenim
1826 759 1916 799 su-

303 851 425 908 per
437 851 572 892 oves
590 837 759 902 venit,
789 852 912 892 cum
940 835 1164 906 quilibet
1188 835 1422 904 injustus
1448 844 1502 890 et
1528 845 1712 905 raptor
1727 835 1914 896 ﬁdeles

296 927 1045 998 .quosque'atquebumiles
1083 928 1358 998 opprimit.
1416 927 1522 984 Sed
1579 928 1670 997 qui
1729 937 1914 998 pastor

293 1019 446 1076 ﬂesse
477 1020 758 1080 videbatur
785 1027 842 1073 et
878 1035 987 1075 non
1025 1031 1163 1086 erat,
1199 1019 1453 1090 relinquit
1499 1034 1628 1074 oves
1660 1027 1715 1074 et
1755 1018 1908 1091 fugit,

299 1113 449 1183 :quia
482 1112 608 1167 dum
635 1112 740 1167 sibi
776 1113 848 1167 ab
879 1126 945 1168 eo
977 1111 1218 1182 pericula
1252 1112 1462 1178 metuit,
1504 1111 1760 1167 resistere
1795 1111 1912 1180 ejus

323 1203 746 1274 injustititenon
766 1206 1060 1275 praesumit.
1104 1205 1259 1275 Fugit
1280 1215 1468 1260 autem
1515 1221 1624 1260 non
1651 1205 1912 1260 mutando

285 1298 520 1369 100nm,
561 1296 656 1352 sed
691 1295 1059 1354 subtrahendo
1087 1298 1356 1365 solatium.
1398 1299 1578 1369 Fugit,
1621 1299 1746 1368 quia
1773 1299 1912 1369 inju-

284 1354 524 1455 H'tstitiam
563 1387 698 1441 vidit
719 1390 782 1442 et
823 1387 1010 1442 tacuit.
1048 1363 1229 1459 Fugit,
1281 1389 1407 1458 quia
1452 1354 1911 1445 sub'si-lentio'se

321 1475 620 1532 abscondit.
683 1476 1235 1548 Quibusbenevper-
1275 1480 1598 1548 prophetam
1649 1478 1848 1534 dicitur
1893 1495 1906 1532 :

277 1597 287 1604 -
325 1587 351 1619 ι·
373 1567 838 1625 Νοιιιοεοθιιάἰειὶε
861 1586 927 1625 ex-
956 1572 1212 1638 adverso,
1233 1587 1411 1641 neque
1441 1573 1769 1642 opposuistis
1792 1588 1910 1626 mu-

309 1673 440 1714 rum
471 1675 568 1729 pro
594 1661 752 1715 domo
775 1661 962 1726 Israel,
994 1671 1054 1717 ut
1080 1664 1300 1718 staretis
1325 1664 1374 1717 in
1399 1663 1585 1733 proelio
1607 1664 1663 1717 in
1698 1663 1789 1723 die
1805 1663 1908 1718 Do-

305 1750 872 1824 rmini-(Ezeclmtni).
921 1774 942 1806 ι
981 1755 1060 1809 Ex
1099 1756 1324 1810 adverso
1370 1757 1568 1825 quippe
1614 1755 1906 1812 ascendere

2014 560 2115 614 Dei
2158 561 2388 616 vindicta
2434 563 2780 631 supervenit,.
2813 563 2905 618 sed
2952 565 3179 634 Spit-itali
3214 566 3266 620 in
3307 567 3393 622 die
3419 555 3610 636 judicii

2017 659 2406 720 superventura
2434 660 2518 706 est
2545 667 2559 705 ε
2588 667 2750 722 quam
2774 669 2916 708 nunc
2945 669 3099 719 sacra
3113 654 3392 726 Scriptura
3418 657 3471 712 in
3498 664 3611 713 toto
3637 664 3639 668 ’

2017 744 2149 800 orbe
2180 752 2339 798 terrae
2361 729 2687 824 prtenuntiat
2725 743 2984 799 futuram.
3013 745 3166 820 Unde
3193 729 3331 804 bene
3361 765 3463 805 vox
3494 747 3612 817 ejus

2015 836 2111 892 teri
2142 837 2373 902 sonanti
2421 848 2788 906 comparatur,
2834 838 2958 906 quia
2983 839 3108 894 ωινὶε
3144 839 3424 894 metallum
3450 823 3610 896 (κριὸ-

2018 928 2095 982 ris
2133 927 2364 983 metallis
2405 927 2656 996 sonorins
2697 928 2855 982 tinnit
2898 946 2910 982 :
2967 938 3021 984 et
3059 930 3174 985 dies
3205 918 3374 986 futuri
3419 930 3611 1002 judicii

2011 1020 2226 1075 cunctis
2249 1020 2704 1090 correptionibus,
2729 1036 2848 1090 qua:
2875 1030 2999 1075 ante
3037 1021 3273 1087 fuerant,
3306 1021 3500 1077 fortius
3530 1039 3618 1080 re»

2017 1111 2251 1167 sonabit.
2305 1111 2454 1167 Tunc
2503 1113 2646 1167 enim
2702 1130 2718 1160 ι
2760 1113 2901 1166 Deus
2943 1123 3127 1167 noster
3156 1112 3475 1169 manifestus
3525 1129 3618 1168 ve—

2018 1205 2147 1270 niet,
2177 1213 2230 1259 et
2260 1220 2367 1258 non
2398 1203 2616 1259 silebit:
2651 1204 2789 1274 ignis
2831 1204 2883 1257 in
2913 1214 3204 1274 conspectu
3233 1204 3349 1273 ejus
3371 1196 3616 1266 ardebit,

2013 1303 2068 1352 et
2097 1295 2173 1349 in.
2197 1294 2425 1366 circuitu
2469 1295 2584 1364 ejus
2623 1279 2912 1366 tempestas
2940 1294 3152 1352 valida:
3187 1297 3471 1351 advocavit
3500 1310 3616 1352 ca:-

2015 1385 2124 1442 lum
2172 1403 2388 1446 sursum
2419 1406 2441 1460 ε,
2466 1397 2531 1454 (ιιΔ
2560 1397 2762 1462 terram
2802 1388 3110 1444 discernere
3150 1381 3406 1464 populum
3449 1407 3608 1445 suum

2018 1473 2189 1547 (Paul.
2213 1477 2381 1549 trux).
2436 1499 2452 1529 ι
2487 1477 2636 1534 Tunc
2662 1480 2934 1534 exercitus
2960 1473 3208 1536 cocleStes
3237 1471 3609 1551 preperabunt

2005 1576 2076 1638 put
2119 1568 2375 1639 colligant
2415 1570 2595 1624 omnia
2645 1569 2898 1625 scandala
2947 1572 3012 1625 de
3049 1587 3212 1643 regno
3242 1563 3359 1643 ejus
3389 1561 3406 1626 ε’
3435 1555 3605 1628 ρι”ὶῖ-

2002 1673 2119 1729 .gna
2171 1659 2507 1715 infructuosa
2549 1661 2830 1716 securibus
2869 1660 3028 1716 validi
3059 1663 3324 1718 examinis
3372 1649 3598 1719 ett-dant.

1977 1789 1980 1792 ι
2017 1752 2272 1823 Tuncque
2302 1752 2607 1808 succidetur
2631 1755 2800 1810 saltus
2831 1755 3053 1820 inutilis,
3086 1756 3175 1826 qui
3200 1758 3480 1828 supputari
3499 1773 3606 1813 non

295 1849 400 1895 rest
423 1856 440 1894 :—
466 1842 794 1910 quibuslibet
820 1845 1180 1914 potestatibus
1218 1860 1384 1914 prave
1413 1846 1700 1915 agentibus
1742 1843 1984 1908 ratioegB
2013 1855 2192 1917 potest
2231 1864 2243 1900 :
2297 1847 2423 1916 quia
2474 1862 2633 1902 omne
2693 1847 2896 1915 lignum
2954 1863 3058 1902 non
3115 1848 3320 1903 faciens
3369 1848 3608 1904 fructum

279 1933 414 1987 bnis,
441 1932 786 1990 libera-voce
832 1937 1120 1990 contraire.
1170 1936 1237 1990 Et
1283 1936 1338 1990 in
1381 1937 1468 1992 die
1513 1937 1750 2003 Domini,
1806 1952 1904 2007 pro

303 2023 476 2080 ldomo
496 2026 662 2081 Israel
690 2027 744 2081 in
782 2028 1291 2097 prtulio‘stam‘usae
1319 2046 1534 2085 murum
1560 2031 1902 2100 opponimus,

309 2116 360 2170 si
387 2117 574 2173 fideles
603 2120 916 2176 innocentes
953 2130 1140 2176 contra
1170 2133 1551 2193 perversorum
1586 2122 1903 2191 injustitiam

271 2253 275 2258 .
313 2205 381 2261 ex
405 2207 629 2277 justitia:
671 2213 996 2268 auctoritate
1036 2213 1392 2270 vindicamus.
1419 2214 1572 2281 Quod
1603 2215 1727 2284 quia
1757 2229 1901 2269 mer-
1942 2253 1948 2259 ι

266 2339 272 2350 ..
312 2300 563 2354 cenarius
605 2319 709 2357 non
749 2302 897 2368 facit,
931 2321 1054 2359 cum
1093 2306 1400 2361 venientem
1451 2306 1634 2376 lupum
1683 2307 1900 2372 viderit,

299 2389 467 2462 ’ῖυῧίιο
513 2392 625 2448 Sed
650 2395 898 2454 estalius
933 2396 1108 2466 lupus,
1149 2398 1241 2468 qui
1294 2398 1410 2454 sine
1439 2399 1904 2467 cessationequo-

269 2521 293 2535 ..
314 2480 443 2536 tidie
473 2499 578 2538 non
607 2501 856 2555 corpora,
901 2485 993 2540 sed
1026 2495 1235 2542 mentes
1267 2487 1804 2559 dilaniat,‘maiiguus
1826 2487 1904 2542 vi-

312 2572 508 2628 delicet
548 2576 790 2646 Spiritus,
833 2578 924 2646 qui
964 2579 1149 2633 caulas
1180 2578 1415 2636 fidelium
1461 2581 1741 2646 insidians,
1791 2581 1903 2635 eir-

265 2693 292 2712 ιι
312 2666 428 2721 cuit
457 2675 740 2724 et-mortes
777 2670 1086 2725 animarum
1121 2673 1334 2741 qurerit.
1379 2674 1461 2729 De
1487 2689 1594 2742 quo
1623 2673 1748 2743 lupo
1774 2689 1901 2730 mox

295 2759 564 2814 'subditur
589 2778 603 2813 :
638 2782 656 2811 ι
687 2761 756 2816 Et
780 2762 938 2833 lupus
962 2767 1105 2834 rapit
1137 2775 1192 2822 et
1219 2766 1480 2837 dispergit
1499 2783 1650 2821 oves.
1678 2786 1694 2817 ι
1720 2766 1902 2836 Lupus

297 2849 461 2906 .venit
488 2857 544 2905 et
591 2853 962 2911 mercenarius
1004 2854 1183 2927 fugit:
1219 2857 1342 2926 quia
1376 2857 1642 2927 malignus
1681 2857 1905 2927 spiritus

313 2938 440 2994 dum
467 2951 674 2998 mentes
705 2943 944 3002 fidelium
986 2947 1039 3004 in
1071 2951 1367 3006 tentatione
1399 2951 1640 3015 dilaniat,
1666 2959 1720 3005 et
1749 2950 1793 3004 is
1813 2951 1906 3019 qui

309 3029 485 3087 locum
513 3039 746 3104 pastoris
778 3048 940 3106 tenet,
965 3057 1148 3096 curam
1178 3043 1555 3099 sollicitudinis
1583 3060 1689 3099 non
1719 3044 1904 3110 habet,
1959 3075 1961 3078 ‹

312 3117 505 3181 anima:
529 3139 780 3198 pereunt,
818 3125 874 3188 et
903 3134 1018 3204 ipse
1052 3136 1118 3192 de
1161 3135 1392 3192 terrenis
1422 3137 1720 3192 commodis
1759 3137 1906 3191 heta-

2003 1936 2206 1994 honum
2247 1936 2550 2004 excidetur,
2579 1946 2634 1991 et
2663 1938 2717 1992 in
2746 1938 2922 2008 ignem
2964 1938 3208 1993 mittetur
3239 1937 3430 2009 (Mat/2.
3463 1939 3559 2013 vn)
3587 1958 3603 1995 :

2001 2028 2395 2100 multitudoque
2411 2030 2770 2104 perditorum,
2787 2045 2948 2099 super
2971 2030 3318 2094 locustarum,
3337 2031 3428 2100 qui
3452 2031 3604 2085 brevi

2003 2121 2184 2175 volatu
2215 2137 2272 2174 se
2295 2121 2570 2190 jactitant,
2598 2136 2883 2175 numerum
2919 2121 3175 2187 existens,
3223 2119 3603 2175 damnabitur:

2002 2221 2057 2268 et
2087 2213 2311 2282 pusillus
2357 2229 2487 2283 grex
2519 2213 2605 2268 cui
2636 2212 2959 2281 complacuit
2989 2214 3128 2282 patri
3161 2213 3286 2267 dare
3319 2214 3602 2267 IltCl'CtiIltl-

2003 2313 2112 2360 tem
2148 2305 2465 2360 salvabitur.
2519 2303 2777 2374 Tuncque
2827 2303 3032 2374 patebit
3075 2302 3375 2357 confusioni
3425 2304 3604 2358 omnis

2003 2397 2301 2454 carnalium
2345 2396 2620 2467 cogitatio,
2663 2410 2782 2464 quae
2828 2395 3194 2465 voluptatibus
3237 2394 3392 2447 istius
3415 2392 3599 2448 surculi

2005 2489 2360 2553 innitebatur,
2401 2488 2615 2559 quando
2647 2489 2700 2542 in
2733 2495 3054 2556 potestatem
3098 2486 3456 2556 malignorum
3489 2485 3600 2556 spi-

2006 2581 2208 2635 rituum
2235 2580 2496 2634 tradetur.
2521 2578 2757 2648 Necjam
2788 2579 3049 2632 luxuriari
3080 2578 3228 2642 licet,
3254 2576 3467 2648 quando
3498 2591 3603 2649 pro

1963 2673 2248 2742 .peccatis
2276 2673 2388 2727 suis
2412 2672 2590 2742 puniri
2616 2673 2796 2727 debet.
2833 2672 2983 2726 Unde
3011 2682 3065 2725 et
3109 2671 3353 2740 sequitur
3377 2689 3389 2724 :

2011 2765 2013 2767 ’
2087 2781 2104 2813 ι
2134 2761 2373 2817 Confusa
2428 2772 2512 2818 est
2553 2762 2660 2816 lilia
2705 2762 2942 2833 .‘Egypli,
2997 2770 3050 2817 et
3079 2749 3282 2816 tradita
3333 2762 3387 2816 in
3431 2765 3598 2818 manu

2013 2877 2033 2908 ‹
2071 2856 2252 2927 populi
2292 2857 2593 2926 Aquilonis.
2630 2857 2776 2910 Dixit
2804 2856 3062 2910 Dominus
3089 2843 3426 2911 exercitnmn
3457 2855 3600 2912 Deus

2014 2968 2035 3001 ι
2087 2949 2254 3005 Israel
2280 2967 2292 3002 :
2329 2949 2469 3004 Ecce
2488 2965 2588 3021 ego
2613 2950 2845 3002 visitabo
2870 2964 3032 3018 super
3059 2947 3347 3003 tumultum
3367 2948 3602 3003 Alexan-

2017 3059 2035 3092 ι
2088 3041 2240 3108 driae,
2279 3049 2334 3095 et
2359 3057 2522 3111 super
2541 3041 2904 3106 Pharaonem,
2935 3049 2992 3094 et
3010 3056 3172 3110 super
3193 3038 3513 3110 IEgyptum,
3544 3046 3599 3094 et

2013 3152 2030 3184 ι
2070 3148 2233 3201 super
2266 3133 2396 3188 deos
2419 3133 2558 3204 ejus,
2589 3142 2643 3186 et
2665 3147 2826 3201 super
2850 3148 3004 3203 reges
3027 3131 3165 3202 ejus,
3191 3140 3245 3186 et
3270 3147 3432 3201 super
3454 3131 3600 3185 Pha-

314 3223 418 3270 tur.
472 3235 490 3268 ‹
527 3218 709 3289 Lupus
737 3223 878 3292 rapit
919 3233 975 3279 et
1011 3224 1275 3303 dispergit
1307 3242 1459 3292 oves,
1498 3247 1517 3279 ›
1565 3242 1693 3282 cum
1738 3212 1903 3281 alium
1930 3220 1978 3284 C
2014 3246 2033 3278 (
2083 3241 2324 3290 raonem,
2369 3235 2424 3282 et
2450 3241 2611 3296 super
2639 3241 2848 3291 onmes,
2879 3225 2972 3296 qui
3008 3224 3286 3280 confidunt
3326 3223 3382 3278 in
3411 3239 3476 3278 co
3505 3243 3516 3278 :
3548 3231 3604 3278 et

278 3305 381 3376 Jul
407 3306 676 3378 luxuriam
696 3315 988 3383 pertrahit,
1019 3316 1184 3374 alium
1217 3320 1271 3374 in
1298 3317 1582 3374 avaritiam
1616 3317 1897 3374 accendit:

273 3398 476 3472 ,,aIiu1n
511 3402 898 3475 in,.superbiam
917 3409 1104 3480 erigit,
1133 3411 1297 3466 alium
1341 3427 1436 3482 per
1467 3397 1802 3468 iracundiam
1824 3413 1905 3468 di-

263 3489 661 3562 “viditzltuncz
680 3494 884 3554 invidia
927 3498 1201 3566 stimulat,
1244 3500 1392 3568 illum
1433 3501 1486 3556 in
1516 3501 1728 3556 fallacia
1772 3519 1901 3572 sup-

251 3581 532 3659 ,,,platttat.
581 3584 744 3654 Quasi
771 3602 905 3656 ergo.
929 3588 1084 3660 lupus
1107 3608 1324 3664 gregem
1349 3593 1591 3662 dissipat,
1621 3609 1745 3649 cum
1772 3593 1905 3650 ﬁde-

283 3819 286 3828 ,
311 3767 641 3842 conti-aulaeo
678 3773 1046 3836 mercenarius
1069 3755 1216 3830 nullo
1243 3776 1360 3832 zelo
1387 3776 1724 3846 accenditur,
1753 3777 1901 3832 nullo

275 3856 542 3934 Lifervore.‘
571 3860 1370 3942 dilectionisrexcitatur:quia
1411 3867 1540 3935 dum
1587 3868 1698 3925 sola
1751 3877 1903 3924 exte-

245 3949 451 4032 J._rio,ra
498 3955 779 4012 comuwda
801 3957 1052 4026 requirit,
1083 3958 1341 4021 interiora
1378 3961 1556 4031 gregis
1586 3961 1780 4034 damna
1813 3976 1906 4016 ne-
1947 3982 1955 4003 ε

267 4089 280 4120 ξε
306 4040 570 4117 gligenter
595 4047 851 4118 patitur.
870 4048 1022 4108 Unde
1053 4045 1109 4107 et
1136 4067 1266 4128 mox
1299 4051 1641 4124 subjungitur
1670 4071 1681 4106 :
1715 4071 1733 4104 ι
1767 4053 1905 4122 Mer-

306 4226 542 4298 pertinet
577 4229 812 4298 adcum
839 4233 1139 4301 depvibus.
1176 4256 1194 4288 ›
1249 4236 1374 4294 Sola
1417 4253 1546 4308 ergo
1591 4253 1753 4294 causa
1796 4245 1899 4302 est,

271 4367 274 4372 .
308 4322 776 4402 ut'mercenarius,
817 4323 1013 4395 fugiat,
1053 4329 1178 4396 quia
1205 4330 1572 4388 mercenarius
1609 4339 1711 4386 est.
1749 4330 1829 4386 Ac
1853 4330 1900 4385 si

233 4453 268 4485 2,,
307 4423 494 4481 aperte
518 4415 818 4482 diceretur;
837 4419 993 4478 Stare
1018 4424 1071 4478 in
1098 4425 1340 4494 periculo
1363 4427 1542 4482 ovium
1569 4445 1676 4482 non
1699 4436 1898 4499 potest,

297 4505 433 4572 quia
455 4505 518 4582 in
540 4522 610 4574 eo,
635 4510 776 4582 quod
821 4512 1011 4585 ovibus
1047 4525 1266 4584 praeest,
1296 4532 1403 4572 non
1432 4533 1560 4572 oves
1585 4518 1778 4589 diligit,
1804 4519 1897 4576 sed

1996 3339 2032 3372 -ι
2082 3320 2225 3376 dabo
2251 3335 2345 3376 eos
2374 3321 2430 3374 in
2459 3336 2652 3374 manus
2701 3320 3056 3390 qurerentium
3097 3318 3334 3374 animam
3386 3332 3597 3382 eorum,

2013 3428 2032 3463 ι
2077 3419 2130 3467 et
2187 3411 2244 3466 in
2295 3425 2488 3466 manus
2539 3409 3035 3468 Nabuchodonosor
3095 3409 3238 3480 regis
3284 3407 3594 3479 Babylonis,

2011 3522 2030 3556 ι
2075 3505 2208 3560 etin
2235 3520 2428 3558 manus
2456 3517 2737 3559 servorum
2779 3502 2913 3572 ejus.
2963 3523 2980 3553 ι
3033 3502 3288 3558 Visitabit
3333 3501 3594 3556 Dominus

2005 3608 2167 3663 super
2194 3595 2478 3648 tumultum
2508 3594 2866 3660 Alexandriae,
2896 3603 2950 3648 ct
2973 3609 3132 3662 super
3158 3593 3518 3659 Pharaonem,
3543 3601 3597 3646 ct

248 3743 256 3758 τι
308 3672 731 3746 liuinpopulum
772 3679 1038 3740 diabolus.
1062 3698 1170 3758 per
1206 3684 1530 3748 tentationes
1570 3694 1748 3744 necat.
1797 3684 1906 3740 Sed
1949 3713 1955 3742 κ

2007 3700 2168 3754 super
2193 3683 2506 3756 Aigyptum,
2537 3693 2592 3738 et
2628 3700 2790 3754 super
2821 3685 2950 3740 deos
2985 3682 3120 3751 ejus,
3151 3693 3204 3737 et
3233 3699 3396 3753 super
3440 3699 3592 3754 rcges

1985 3777 2142 3847 ejus,
2175 3786 2306 3842 etc.,
2349 3794 2473 3834 cum
2522 3790 2742 3849 propter
2764 3789 2985 3849 peccata
3009 3778 3186 3849 pepuli
3211 3788 3267 3834 et
3291 3779 3594 3849 principum

1965 3915 1969 3922 .
2003 3869 2141 3940 ejus,
2188 3869 2783 3944 traditaest/Egyptus
2809 3913 2821 3935 ,
2871 3888 3004 3946 cum,
3043 3881 3154 3927 tota
3185 3889 3380 3944 pompa
3411 3888 3506 3927 sua
3541 3881 3598 3926 et

2005 3961 2239 4027 cultura,
2261 3962 2310 4016 in
2329 3977 2524 4018 manus
2539 3961 3036 4018 Nabuchodonosor
3061 3967 3228 4034 regis,
3247 3974 3300 4018 et
3320 3963 3595 4018 Clialtiaro-

1957 4093 1961 4106 .
2006 4068 2144 4117 rum,
2179 4052 2270 4122 qui
2296 4053 2634 4122 diripuerunt
2658 4053 2859 4117 omnia,
2885 4062 2938 4108 et
2965 4061 3165 4107 statum
3190 4053 3337 4124 regni
3367 4053 3595 4122 dissipa-

243 4135 560 4212 3cellarius
585 4139 960 4212 autcmfugit,
999 4144 1124 4213 quia
1156 4145 1527 4212 mercenarius
1568 4155 1673 4211 est,
1712 4153 1902 4206 etnon
1947 4185 1958 4191 ι

2004 4153 2220 4200 verunt.
2279 4143 2416 4199 Iluic
2442 4145 2615 4200 simile
2636 4136 2880 4200 estillud
2910 4147 3050 4216 quod
3108 4147 3160 4199 in
3201 4143 3334 4199 Isaia
3368 4145 3597 4216 legitur:

2009 4255 2027 4288 ι
2065 4236 2131 4291 Et
2153 4237 2362 4291 tradam
2384 4235 2681 4308 rEgyptunt
2728 4237 2780 4292 in
2810 4252 3000 4291 manus
3031 4236 3433 4291 dominatorum
3465 4221 3592 4292 cru--

2003 4330 2227 4392 delitnn,
2243 4339 2297 4384 et
2324 4347 2414 4386 rex
2442 4331 2595 4386 fortis
2617 4329 2982 4386 domitmbitur
3005 4345 3217 4396 eorum,
3241 4330 3316 4384 ait
3333 4329 3592 4385 Dominus

2005 4423 2342 4478 exercituum
2375 4421 2508 4494 (Isa.
2535 4419 2671 4492 XIX).
2712 4441 2728 4471 ι
2765 4421 2916 4487 Quod
2958 4429 3140 4477 tamen
3168 4411 3366 4493 duplici
3402 4411 3598 4476 intelli-

2003 4507 2186 4582 gentia
2213 4514 2386 4585 accipi
2407 4521 2606 4584 potest,
2633 4523 2690 4566 ut
2713 4511 3086 4568 Cltaldarorum
3117 4497 3324 4568 scilicet
3349 4523 3592 4582 tempore

308 4593 516 4649 lucrum
565 4606 837 4655 terrenum
878 4605 1090 4673 qumrit.
1136 4608 1280 4670 Dum.
1302 4609 1446 4666 enim
1492 4610 1751 4668 honorem
1783 4597 1898 4669 ani-5-

2003 4609 2218 4676 quando
2249 4626 2280 4663 a
2327 4584 2824 4664 Nabuchodonosor
2840 4608 3108 4681 {Egyptus
3155 4605 3459 4682 expugnata
3490 4605 3592 4672 est,

233 4741 244 4748 _
305 4685 1148 4762 plectitur,ldumtemporalibus
1181 4700 1748 4770 cetnmodislzctatur,
1798 4721 1898 4775 op-
1946 4739 1950 4743 ι

306 4792 505 4850 ponere
536 4785 1121 4854 secontrapericulum
1148 4791 1403 4860 trepidat,
1430 4808 1498 4846 ne
1521 4793 1624 4848 hoc
1649 4796 1793 4865 quod
1818 4798 1898 4851 di-

306 4868 421 4941 ligit
441 4874 674 4939 amittat.
689 4874 988 4958 (Maenas)
1007 4880 1170 4947 Quasi
1194 4883 1343 4939 vituli
1360 4900 1488 4956 ergo
1510 4888 1744 4958 saginati
1766 4889 1898 4946 tales

269 5021 271 5029 ἲ
307 4974 552 5048 pastores
585 4977 731 5035 sunt,
768 4958 864 5040 qui
900 4973 1109 5030 deliciis
1151 4975 1457 5034 carnalibus
1503 4978 1688 5045 dediti,
1721 4981 1900 5051 conti-

239 5097 263 5124 _,
308 5057 503 5113 nentite
540 5059 764 5116 minime
792 5076 1013 5133 cperam
1043 5063 1190 5121 dant.
1233 5066 1378 5135 Quos
1412 5071 1528 5126 dies
1565 5071 1898 5129 interfectio-

2001 4699 2086 4752 vel
2130 4699 2356 4754 Romani
2389 4699 2602 4767 imperii
2650 4699 2865 4768 quando
2923 4699 3158 4754 Antonio
3200 4699 3596 4770 Cleopatraquc

2001 4792 2288 4860 superatis,
2355 4791 2626 4861 Augustus
2674 4787 2857 4846 Czcsar
2913 4791 3210 4863 [Egyptum
3267 4790 3592 4863 sulijugavit.

2001 4886 2325 4956 Babylonios
2348 4886 2514 4942 fuisse
2557 4889 2798 4944 crudeles
2821 4890 2996 4944 omnis
3025 4887 3305 4959 Scriptura
3331 4885 3591 4943 testatur:

2003 4980 2093 5049 qui
2121 4980 2358 5049 parvulis
2383 4996 2490 5038 non
2517 4983 2959 5051 pepercerint,,ct
2987 4983 3101 5038 suis
3142 4997 3238 5038 eos
3259 4983 3457 5054 jaeulis
3481 4983 3594 5036 vul-

1950 5103 1954 5110 τ
2001 5073 2244 5127 nerarint
2269 5091 2281 5128 :
2310 5089 2410 5129 nec
2447 5076 2850 5146 praegnantibus
2888 5075 2998 5130 sint
3029 5075 3256 5132 miserti.
3286 5074 3588 5129 Romanum

278 5149 392 5219 ,nis
433 5161 487 5216 et
535 5162 744 5225 tempus
775 5157 1116 5219 _visitationis
1157 5165 1542 5230 superveniens
1581 5168 1852 5222 consumit
1881 5186 1894 5222 :
1923 5195 1956 5218 ,ι

2001 5175 2183 5221 autem
2233 5183 2456 5238 regnum
2501 5167 2878 5241 fortissimum,
2931 5177 2988 5225 et
3022 5169 3271 5241 Danielis
3308 5170 3592 5239 Scriptura

309 5243 433 5309 quia
463 5260 558 5300 eos
590 5247 852 5315 adventus
885 5253 1105 5322 superni
1139 5251 1339 5323 judicis
1377 5254 1608 5323 futurus,
1641 5274 1740 5328 pro
1773 5262 1900 5328 pec;

235 5375 260 5398 ,δ
310 5335 446 5389 catis
489 5337 602 5392 suis
636 5341 936 5408 puniendos
975 5345 1234 5414 gehennae
1272 5346 1486 5416 ignibus
1525 5349 1708 5405 tradit.

1958 5287 1962 5292 -
2003 5265 2235 5313 testatur
2274 5258 2435 5330 (Dan.
2465 5260 2586 5330 vn),
2633 5275 2910 5330 exponens
2947 5272 3198 5331 quartam
3228 5263 3457 5319 bestiam
3487 5264 3587 5316 lia-

1954 5361 1961 5366 ·
2000 5349 2216 5405 bentem
2265 5353 2452 5406 dentes
2491 5360 2546 5407 et
2586 5368 2794 5422 ungues
2839 5353 3069 5410 ferreos.

386 5445 406 5478 ι
469 5429 586 5491 Vox
633 5429 750 5498 ejus
797 5437 951 5503 quasi
999 5439 1126 5493 teris
1173 5439 1404 5505 sonabit,
1470 5443 1724 5511 quoniam
1773 5459 1895 5500 cum

261 5553 282 5585 γ
316 5536 335 5567 ι
360 5519 614 5585 ⁵ειιίξιοοίιιι
634 5526 1021 5595 properabunt,
1053 5540 1109 5586 et
1129 5546 1249 5588 cum
1274 5533 1553 5588 securibus
1582 5537 1799 5592 venient
1819 5538 1891 5605 ei,

306 5628 333 5662 .t
377 5617 448 5664 ct.
466 5612 622 5680 quasi
668 5611 820 5684 ligna.
844 5619 1110 5677 caedentes
1152 5623 1499 5680 succiderunt
1525 5628 1720 5682 saltum
1753 5631 1890 5700 ejus,

267 5745 272 5762 ,
315 5722 332 5753 ι
378 5703 770 5773 aitDontinns,
797 5709 890 5776 qui
936 5707 1212 5782 supputari
1252 5733 1362 5776 non
1390 5727 1601 5787 potest:
1637 5722 1893 5791 multipli-

257 5845 280 5856 ..
299 5797 478 5858 .tcati
503 5807 628 5860 sunt
649 5815 816 5874 super,
835 5801 1092 5876 locustas,
1129 5815 1317 5867 etnon
1343 5819 1425 5867 est
1449 5813 1528 5868 eis
1555 5831 1832 5873 numerus.
1864 5838 1883 5872 ο

2080 5464 2098 5494 ‹
2152 5444 2217 5498 Et
2257 5453 2381 5514 post
2407 5446 2522 5501 lucc
2546 5447 2882 5501 habitabitur
2918 5448 3058 5503 sicut
3095 5449 3283 5505 diebus
3325 5448 3585 5519 antiquis,
3653 5451 3660 5458 '

2007 5557 2025 5589 ‹
2078 5538 2153 5591 ait
2188 5537 2469 5593 Dominus.
2509 5560 2527 5590 ι
2573 5540 2725 5606 Quod
2751 5541 2877 5594 licet
2908 5541 3156 5596 videatur
3196 5543 3470 5607 intimare,
3502 5557 3587 5598 re-

1999 5647 2163 5701 gnum
2189 5631 2569 5703 A‘Igyptiorum
2593 5649 2698 5688 non
2732 5633 2807 5687 ita
2834 5631 3327 5692 Nabuchodonosor
3356 5652 3479 5706 rege
3501 5651 3587 5690 cs-

1997 5741 2056 5780 se
2097 5726 2454 5790 destructum,
2512 5727 2654 5796 quod
2702 5727 2844 5783 ultra
2883 5731 3196 5800 recuperari
3237 5746 3340 5786 non
3390 5729 3582 5799 possit,

1977 5833 2117 5874 'cum
2154 5827 2340 5889 postea
2402 5819 2472 5876 ibi
2523 5836 2678 5894 reges
2719 5836 2891 5894 usque
2942 5822 3010 5876 ad
3059 5822 3357 5895 Augustum
3403 5822 3555 5878 Caesa
