4044 6326
545 303 686 360 “07
1226 307 1285 364 Β.
1329 309 1580 365 RABA'NI
1619 309 1840 366 MAURI
1877 309 2198 370 ARCHIEP.
2239 313 2852 375 MOGUNT.0PERUM
2892 319 3073 376 PARS
3112 320 3198 376 IlI.
3691 321 3850 384 H08

536 429 654 472 rem
687 415 1047 488 perstiterint,
1097 429 1278 478 tamen
1306 422 1486 479 altiori
1513 438 1674 480 sensu
1703 423 2009 479 Christiana
2035 440 2128 496 po-
2155 427 2208 490 Α
2231 428 2550 502 purgabitur
2601 439 2764 500 atque
2819 429 3159 502 probabitur.
3220 429 3333 485 Nisi
3382 430 3523 486 forte
3559 433 3844 504 dicamus,

534 511 647 560 test
669 502 956 576 designare
988 515 1254 580 tempora,
1285 513 1501 582 quando
1537 513 1633 568 Dei
1659 513 1837 570 cultus
1865 515 1918 570 in
1955 513 2125 587 IEgy-
2234 520 2377 592 quod
2420 522 2699 592 generatio
2746 513 2834 576 illa
2893 524 3114 595 antiqua
3164 531 3288 579 ante
3330 523 3472 580 diem
3504 523 3702 595 iudicii

525 605 627 668 pte
674 596 830 654 istius
867 600 1054 658 mundi
1095 611 1433 666 restauratus
1476 615 1577 672 est,
1627 607 1695 666 ad
1733 623 1894 680 quem
1934 610 2124 682 primi-
2233 611 2380 668 nitus
2415 629 2520 668 non
2564 623 2930 684 consumatur,
2971 616 3099 688 quia
3148 633 3213 672 ex
3247 625 3400 688 parte
3435 620 3654 685 caecitas
3695 596 3839 679 con-

533 695 624 744 tus
652 687 815 746 homo
837 693 1205 752 exercendum
1243 706 1460 756 creatus
1495 706 1614 768 est,
1639 701 1708 756 de
1741 716 1850 775 quo
1875 709 1930 758 et
1957 703 2124 759 Isaias
2231 701 2352 774 tigit
2401 703 2454 758 in
2496 703 2658 760 Israel
2685 700 2708 758 ε’
2759 724 2778 758 ς
2844 687 3004 766 Cumi
3036 716 3217 764 autem
3254 687 3541 780 plenitudo
3585 713 3839 784 gentium

530 779 648 836 ait:
697 797 720 834 ι
769 781 840 842 Et
879 785 1152 860 percutiet
1197 786 1457 846 Dominus
1503 791 1660 866 plaga
1693 791 2008 866 Egyptum,
2067 804 2123 850 et
2229 794 2640 862 subiutraverit,
2683 805 2812 853 tunc
2850 797 3029 855 omnis
3069 798 3233 856 Israel
3266 779 3464 856 salvus
3502 779 3615 857 erit
3655 803 3835 876 (Rom.

525 871 747 928 sanabit
792 889 934 944 eam,
964 885 1022 934 et
1047 889 1390 941 revertentur
1435 882 1504 940 ad
1532 884 1816 942 Dominum
1848 895 1905 942 et
1935 887 2120 960 placa-
2227 885 2328 956 ιι).
2382 904 2400 937 i
2439 883 2730 942 Sciendum
2780 895 2864 944 est
2893 895 3072 948 tamen
3112 904 3304 948 omnes
3343 890 3594 948 homines
3627 871 3834 966 triplici

526 963 676 1020 bitur
718 965 822 1036 eis,
862 975 920 1026 et
943 971 1158 1028 sanabit
1183 987 1278 1030 eos
1321 973 1456 1046 (Isa.
1487 976 1625 1049 xxx).
1661 997 1680 1031 ι
1717 997 1736 1032 t
1771 977 1941 1048 Quem
1973 979 2119 1038 enim
2222 977 2436 1033 ratione
2488 979 2709 1046 tentari,
2757 979 3078 1052 plerumque
3127 980 3198 1038 ob
3245 979 3646 1054 probationem,
3695 963 3834 1042 non-

525 1055 702 1128 diligit
743 1061 1007 1124 Dominus
1053 1067 1280 1139 corripit
1332 1087 1346 1125 :
1397 1071 1627 1144 castigat
1680 1081 1859 1130 autem
1903 1089 2116 1130 omnem
2221 1085 2502 1142 nunquam
2552 1071 2623 1128 ob
2663 1073 3120 1142 emendatio-nem,
3193 1075 3466 1135 interdum
3517 1077 3587 1132 ob
3633 1079 3832 1134 merita

525 1145 694 1204 ﬁlium
741 1165 899 1221 quem
945 1155 1140 1228 recipit
1189 1157 1378 1234 (Hebr.
1405 1163 1526 1233 xu).
1587 1184 1604 1216 ι
1648 1162 1757 1220 Nec
1809 1167 2118 1237 persecutio
2220 1160 2560 1218 delictorum.
2611 1163 2766 1219 Etob
2795 1164 3170 1235 probationem
3210 1166 3465 1236 quidem,
3503 1176 3564 1223 ut
3604 1167 3831 1225 beatum

524 1244 641 1294 lucc
681 1242 752 1298 ad
793 1246 1136 1318 negationem
1194 1251 1530 1310 credentium
1589 1257 1844 1327 poi-tinet,
1907 1259 2001 1316 sed
2047 1259 2114 1318 ad
2217 1250 2519 1320 Abraham,
2565 1263 2625 1310 ut
2661 1252 2781 1320 Job,
2827 1256 3131 1328 multosque
3165 1267 3483 1314 sanctorum
3517 1259 3832 1317 tribulatio-

519 1330 894 1400 probationem
934 1346 990 1394 et
1028 1354 1286 1398 coronam
1311 1383 1326 1408 ,
1376 1349 1433 1400 ut
1484 1345 1836 1404 destruantur
1878 1364 1942 1404 ea
1995 1365 2116 1421 quae
2223 1357 2321 1399 nes
2365 1344 2682 1401 innumeras
2729 1345 2956 1417 legimus
2991 1347 3299 1419 pertulisse.
3353 1349 3436 1408 Ob
3489 1353 3832 1410 emendatio-

517 1415 740 1516 I‘ucrunt
784 1427 1050 1498 reproba,
1091 1438 1147 1486 et
1183 1431 1525 1490 intaurentur
1556 1451 1621 1492 ea
1668 1445 1788 1508 Qua:
1832 1437 1969 1494 ﬁunt
1987 1415 2115 1510 pro-
2221 1449 2351 1491 nem
2391 1451 2542 1502 vero,
2595 1437 2718 1492 cum
2747 1436 2922 1508 justos
2952 1456 3078 1496 suos
3105 1457 3204 1516 pro
3234 1444 3419 1514 parvis
3463 1443 3577 1501 suis
3603 1445 3830 1516 quibus-

515 1505 664 1566 bata.
1685 1505 1701 1508 ”
1987 1505 2008 1510 -
2140 1537 2190 1599 Β
2219 1526 2344 1583 dam
2366 1527 2680 1600 levibusque
2703 1505 2963 1600 peccatis,
2986 1547 3084 1587 seu
3105 1505 3214 1604 pro
3234 1505 3491 1600 elatione,
3526 1505 3829 1608 seu-impu-

665 1600 734 1658 Ει
760 1613 838 1674 tu,
867 1622 1024 1664 serve
1055 1625 1230 1680 meus,
1275 1630 1345 1672 ne
1374 1615 1584 1686 timeas,
1634 1618 1824 1690 Jacob,
1851 1632 2000 1682 etne
2020 1643 2117 1698 pa-
2219 1618 2379 1674 ritate
2419 1619 2778 1676 humiliandos
2821 1622 3048 1678 diversis
3093 1600 3481 1683 tentationibus
3523 1600 3828 1694 tradit,-ut

520 1707 544 1744 ι
599 1708 744 1790 veas,
782 1695 971 1766 Israel,
1001 1703 1126 1772 quia
1171 1721 1297 1762 ecce
1346 1722 1447 1780 ego
1487 1710 1694 1766 salvum
1743 1721 1794 1770 te
1818 1695 2068 1775 faciam—0‘

2217 1725 2434 1765 omnem
2462 1709 2676 1765 sordem
2705 1712 3118 1782 cogitationum,
3151 1723 3206 1770 et
3238 1724 3296 1770 ut
3329 1717 3510 1773 verbis
3541 1719 3828 1790 propheta:

521 1799 542 1832 ι
601 1781 913 1858 longinquo,
965 1797 1020 1846 et
1066 1808 1252 1850 semen
1300 1805 1451 1854 tuum
1491 1800 1559 1856 de
1605 1809 1747 1880 terra
1784 1807 2114 1876 captivitatis
2217 1801 2393 1858 dicam
2419 1800 2554 1874 (Isa,
2581 1799 2640 1874 ι),
2687 1781 2917 1858 scoriam
2947 1819 3110 1874 quam
3137 1805 3192 1860 in
3219 1804 3446 1861 occultis
3696 1824 3826 1880 per-

519 1890 540 1926 ι
593 1881 736 1945 tuae,
761 1887 817 1935 et
847 1892 1148 1942 revertetur
1181 1886 1368 1956 Jacob,
1411 1903 1464 1948 et
1501 1877 1763 1965 quiescet,
1793 1907 1848 1955 et
1885 1915 2110 1974 ρι-οερε-
2213 1892 2349 1948 vidit
2386 1907 2506 1950 esse
2547 1903 2882 1962 concretam,
2935 1901 3242 1968 exeoQuens
3277 1897 3332 1952 in
3365 1900 3622 1969 praesenti
3671 1877 3822 1956 velut

516 1982 538 2017 ,ι
592 1968 821 2036 rabitur,
869 1983 925 2028 et
964 1991 1070 2032 non
1101 1980 1206 2034 erit
1251 1983 1343 2052 qui
1389 1993 1683 2044 exterreat,
1717 1989 1782 2046 Et
1809 1968 2105 2052 ιιιήοιίίί-
2213 1995 2408 2037 aurum
2457 1999 2650 2054 purum
2695 1982 2877 2040 futuro
2905 1987 3242 2042 transmittat
3280 1968 3540 2056 examini,
3588 1989 3730 2046 nihil
3759 1984 3820 2046 in

516 2075 537 2109 ι
595 2074 764 2128 mere,
799 2056 964 2122 serve
992 2083 1167 2136 meus,
1199 2069 1396 2141 Iacob,
1420 2075 1496 2132 ait
1523 2078 1822 2148 Dominus:
1855 2083 1980 2156 quia
2021 2095 2068 2144 te

2210 2073 2293 2128 eis
2344 2073 2586 2130 residere
2628 2075 2970 2146 permittens,
3022 2075 3168 2148 quod
3215 2083 3468 2133 scrutaris
3515 2086 3644 2149 post
3697 2079 3820 2136 hare

517 2165 536 2197 ι
585 2163 706 2204 cum
728 2166 829 2224 ego
857 2170 998 2224 sum,
1032 2159 1157 2229 quia
1186 2177 1502 2221 consumam
1527 2183 1626 2240 ego
1665 2180 1887 2230 cunctas
1916 2184 2068 2246 gente

2201 2163 2392 2237 judicii
2441 2167 2579 2237 ignis
2629 2167 2827 2238 pmnali
2881 2168 3128 2224 cruciatu
3169 2179 3496 2242 purgaturus
3541 2169 3815 2229 inveniat.

517 2259 538 2291 ι
580 2243 648 2299 ad
691 2261 825 2317 quas
875 2249 1009 2321 ejeci
1051 2263 1149 2312 te:
1196 2265 1251 2314 te
1297 2275 1430 2318 vero
1471 2279 1578 2322 non
1621 2243 1958 2335 consumam,
2009 2269 2104 2324 sed
2206 2251 2315 2312 Pro
2371 2257 2566 2314 merito
2623 2267 2801 2314 autem
2852 2267 3221 2328 peccatorum,
3279 2261 3435 2334 plaga
3499 2265 3819 2320 tentationis

445 2339 460 2346 ’
511 2349 533 2383 ι
583 2336 858 2408 castigabo
908 2349 963 2400 te
1011 2344 1067 2400 in
1099 2345 1308 2418 judicio
1335 2391 1352 2418 ,
1407 2368 1585 2426 neque
1632 2357 1783 2426 quasi
1823 2357 2100 2414 innocenti
2204 2349 2457 2418 infertur,
2507 2359 2573 2406 ut
2609 2352 2682 2408 ibi
2725 2353 2913 2426 plagas
2958 2356 3158 2427 popqu
3197 2356 3499 2416 Israelitico
3536 2360 3817 2417 immissu-

511 2441 531 2473 ι
575 2439 792 2490 parcam
835 2432 952 2488 tibi.
1001 2454 1022 2488 ι
1074 2437 1202 2495 Haec
1243 2443 1531 2512 promissio
1571 2461 1680 2503 non
1726 2447 1864 2505 bene
1905 2465 2101 2506 contra-
2203 2456 2327 2497 rum
2366 2457 2424 2498 se
2445 2443 2707 2500 Dominus
2741 2445 3125 2515 comminatur,
3158 2445 3385 2505 dicens:
3427 2467 3446 2502 ι
3483 2451 3691 2508 Dentes
3719 2453 3816 2510 be-

504 2515 584 2615 ξξί
615 2523 821 2578 carnali
871 2527 1015 2596 Plebi
1043 2527 1374 2604 Judmol‘um.
1423 2539 1518 2594 sed
1555 2541 1788 2610 spiritali
1823 2545 2095 2615 populoin
2201 2533 2428 2590 stiarnm
2475 2535 2766 2592 immittam
2811 2538 2866 2594 in
2915 2553 3010 2611 eos
3058 2553 3184 2596 cum
3235 2540 3420 2598 furore
3476 2543 3812 2600 trahentium

501 2603 718 2668 Christo
753 2617 1110 2678 credentium.
1148 2624 1274 2682 Non
1313 2603 1459 2686 enim
1505 2603 1602 2690 eis.
1629 2635 1809 2694 divina
1823 2603 1964 2694 voce
2011 2639 2068 2696 di

2199 2641 2363 2698 super
2401 2635 2625 2696 terram,
2669 2637 2724 2686 et
2751 2628 2954 2687 frustra
2990 2603 3238 2703 percussi
3271 2632 3409 2691 filios
3445 2644 3683 2702 vestros,
3721 2633 3806 2692 di-

498 2707 647 2802 ctum
668 2713 771 2802 est,
812 2713 955 2780 quod
986 2728 1092 2772 non
1123 2715 1592 2790 consumerentur,
1633 2741 1756 2782 cum
1787 2727 1844 2784 in
1870 2737 1984 2786 toto
2007 2747 2068 2786 or

2197 2720 2478 2790 sciplinam
2503 2727 2610 2777 non
2639 2724 2922 2796 recepistis
2957 2725 3138 2798 (Deut.
3173 2728 3372 2800 xxxn).
3425 2748 3444 2778 ι
3491 2729 3552 2785 In
3583 2726 3812 2802 psalmis

498 2788 568 2898 be
604 2793 764 2898 modo
803 2801 1032 2875 dispersi
1071 2806 1212 2892 sint,
1256 2825 1356 2868 nec
1394 2788 1640 2886 regnum,
1691 2833 1793 2876 nec
1837 2821 2091 2896 sacci-do.
2197 2788 2448 2886 quoque:
2499 2836 2516 2868 ‹
2557 2813 2720 2873 Multa
2749 2788 2976 2890 iiagelia‘
2996 2788 3344 2892 peccatorum
3370 2819 3545 2896 (Paul.
3582 2788 3757 2898 sxa).
3781 2844 3804 2880 ι

497 2884 638 2992 tium
678 2887 956 3000 habeant?
1009 2898 1104 2958 sed
1145 2884 1818 3000 Christiana—genskquze
1851 2887 1920 2968 de
1967 2913 2092 2968 uni-
2121 2905 2168 2970 C
2199 2884 2268 2964 Et
2297 2884 2350 2964 in
2393 2908 2686 2982 Evangelio
2717 2929 2729 2965 :
2780 2929 2799 2962 ι
2823 2884 3186 2971 'Ecce-sanus
3235 2884 3410 2972 factus
3445 2931 3524 2983 es,
3549 2915 3667 2988 jam
3691 2884 3808 2975 noli

496 2979 671 3036 versis
706 2988 958 3052 gentibus
987 2991 1275 3065 colligitur,
1323 3007 1380 3054 et
1419 2979 1730 3058 revertetur
1757 3003 1824 3060 de
1864 3004 2090 3076 captivi-
2193 3013 2424 3070 peccare
2449 3016 2516 3057 ne
2543 2979 2780 3058 deterius
2811 3003 2910 3060 tibi
2934 3003 3136 3076 aliquid
3167 3008 3444 3080 contingat
3464 2979 3739 3083 (Ianum).
3776 3030 3799 3068 ι

501 3078 622 3176 tate.
663 3079 886 3146 erroris,
947 3094 1002 3138 et
1040 3084 1283 3156 pristinae
1317 3095 1748 3152 conversationis
1789 3097 1856 3152 ad
1889 3106 2088 3153 terram
2190 3091 2506 3151 Invenimus
2541 3111 2674 3151 sane
2713 3105 2768 3153 et
2801 3107 3052 3168 quartam
3093 3101 3380 3169 rationem,
3429 3119 3536 3176 qua
3582 3104 3655 3159 ob
3681 3120 3802 3160 ma-

495 3160 776 3232 Ecclesiae,
820 3169 908 3226 ubi
953 3175 1200 3244 quiescet
1239 3179 1294 3236 in
1345 3197 1440 3252 spe
1485 3194 1542 3240 et
1587 3187 2000 3256 prosperabitur
2030 3189 2087 3245 in
2194 3183 2554 3241 nifestandam
2599 3160 2938 3247 solummodo
2993 3190 3221 3262 gloriam
3271 3199 3327 3248 et
3363 3160 3527 3264 opera
3581 3191 3802 3252 Domini

495 3271 752 3320 successu
799 3263 1081 3334 virtutum,
1135 3285 1240 3327 nec
1278 3282 1522 3332 exterret
1561 3291 1682 3332 eam
1722 3277 2084 3350 adversarius,
2191 3275 2382 3334 inferri
2429 3279 2752 3350 quibusdam
2791 3281 3000 3354 aliquas
3054 3285 3334 3358 passiones
3385 3285 3800 3358 Scripturarum

495 3351 624 3450 quia
671 3352 922 3412 ﬁduciam
963 3359 1128 3417 habet
1167 3363 1224 3418 in
1257 3365 1370 3424 Deo
1417 3383 1533 3434 suo,
1581 3367 1696 3442 ipsa
1741 3386 1848 3428 non
1891 3357 2112 3430 eonsu-i
2193 3371 2520 3428 auctoritate
2543 3351 2944 3446 cognoscimus,
2969 3351 3268 3432 secundum
3305 3377 3435 3434 illud
3477 3351 3798 3450 Evangelii:

497 3440 666 3540 initur
701 3445 948 3544 hostium
991 3455 1386 3526 persecutione,
1435 3459 1533 3518 sed
1572 3440 1878 3520 servabitur
1916 3475 2080 3538 atque
2196 3481 2216 3516 α
2249 3463 2440 3537 Neque
2482 3465 2572 3529 hic
2606 3440 2852 3539 peccavit
2886 3485 3061 3542 neque
3099 3477 3356 3543 parentes
3399 3471 3556 3544 ejus,
3597 3440 3696 3528 sed
3740 3481 3801 3525 nt

491 3535 550 3586 in
591 3535 806 3592 modum
858 3541 974 3597 auri
1033 3544 1174 3615 quod
1223 3561 1322 3618 per
1369 3549 1548 3624 ignem
1595 3554 1788 3612 transit
1843 3535 2082 3630 perfecte
2188 3535 2806 3631 matiiiestentunopera
2847 3561 2943 3616 Dei
2972 3535 3028 3616 in
3058 3535 3149 3618 ilio
3196 3559 3380 3634 (Joan.
3418 3535 3581 3633 ίχᾞ»

495 3652 3784 3704 —____________________________________

1416 3762 1722 3846 LIBER
1773 3765 2250 3862 QUINTUS
2308 3735 2796 3852 DECIMUS.

567 3998 622 4054 In
672 4001 949 4073 superiore
993 4003 1133 4062 libro
1175 4022 1300 4066 eum
1338 4007 1408 4068 de
1451 4009 1674 4068 interitu
1727 4012 2078 4086 reliquiarum
2184 4031 2307 4088 quae
2335 4013 2499 4088 super
2526 4030 2622 4074 eos
2658 4015 2854 4073 debitae
2891 4024 3136 4072 venturae
3169 4024 3346 4082 erant,
3391 4029 3459 4072 eo
3484 4017 3632 4088 quod
3673 4017 3830 4074 ιω.-

490 4093 776 4170 Israelitici
849 4098 1046 4170 populi:
1095 4099 1342 4160 Jercmiae
1393 4104 1712 4162 vaticinium
1759 4109 2077 4179 exponendo
2191 4118 2319 4166 runt
2347 4109 2534 4165 hostes
2576 4109 2758 4182 populi
2782 4109 2904 4176 Dei,
2936 4109 3074 4166 etin
3105 4107 3249 4166 illius
3287 4111 3620 4168 adversitate
3646 4127 3785 4185 gau-

488 4185 936 4255 transcurrimus,
981 4189 1198 4274 Egypt]
1244 4207 1410 4251 etiam
1462 4197 1815 4253 vastationem
1863 4215 2079 4274 compe-
2187 4199 2406 4256 debant.
2437 4196 2593 4258 Unde
2613 4215 2756 4281 nunc
2783 4199 3085 4259 Palrestinis
3110 4201 3250 4256 sicut
3275 4210 3402 4258 ante
3421 4197 3784 4279 fecitigyp-

495 4287 669 4334 .enter
721 4278 1095 4350 adiunximus,
1131 4293 1193 4340 ut
1222 4300 1346 4340 cum
1389 4302 1608 4354 eorum,
1661 4292 1754 4362 qui
1790 4293 1844 4347 in
1885 4291 2079 4351 baculo
2191 4278 3009 4364 tiiSprtenuntiat'calamitatem
3029 4278 3784 4364 vicinam,etquodammodo

490 4368 813 4436 arundinea,
841 4379 897 4426 et
922 4371 1147 4430 brachio
1169 4389 1372 4432 carneo
1402 4379 1576 4450 magis
1609 4397 1772 4452 quam
1801 4383 1855 4442 in
1896 4384 2078 4442 divino
2186 4387 2406 4444 denotat
2440 4394 2650 4460 tempus
2668 4429 2683 4454 ,
2707 4387 2814 4443 hoc
2840 4396 2926 4443 est
2953 4395 3245 4458 antequam
3279 4387 3492 4444 Pharao
3524 4399 3783 4460 percute-

489 4462 694 4518 auxilio
738 4471 794 4518 et
829 4467 1168 4535 protectione
1217 4478 1498 4541 sperantes
1554 4475 1933 4546 conﬁdebant,
1989 4479 2081 4536 de-
2105 4474 2160 4536 D
2182 4490 2271 4538 ret
2299 4480 2523 4537 Gazam.
2556 4479 2682 4538 Hzec
2705 4497 2836 4554 ergo
2857 4481 3038 4555 plaga,
3070 4497 3190 4554 quae
3217 4482 3284 4538 ab
3319 4481 3560 4554 Assyriis
3585 4497 3781 4555 super-

487 4557 719 4612 structio
762 4571 1182 4618 commemorata
1213 4571 1334 4621 est:
1364 4579 1760 4638 consequenter
1779 4579 1834 4626 ct
1861 4570 2072 4630 illorum
2097 4575 2138 4612 -'
2179 4574 2327 4632 venit
2367 4573 2690 4641 Palaestinis,
2731 4579 2856 4650 ante
2897 4571 3058 4631 Gaza:
3103 4574 3462 4628 vastationem
3499 4571 3639 4628 facta
3669 4581 3774 4628 est.

484 4650 541 4706 in
584 4651 782 4722 quibus
809 4653 1104 4725 sperabant
1151 4656 1416 4716 desolatio
1457 4660 1876 4720 describeretur.
1920 4655 2072 4720 Nunc
2257 4684 2274 4716 ε
2319 4665 2449 4721 Haec
2477 4665 2606 4721 dicit
2645 4663 2946 4720 Dominus:
2977 4664 3118 4722 Ecce
3155 4679 3310 4736 aqum
3339 4663 3675 4719 descendent
3707 4663 3776 4718 ab

483 4757 702 4814 quoque
744 4746 812 4802 ad
857 4761 922 4804 ea
967 4749 1362 4809 consideranda
1404 4770 1526 4826 qua:
1571 4757 1835 4832 propheta
1881 4766 2070 4813 contra
2183 4775 2202 4807 c
2251 4755 2524 4826 aquilone,
2556 4761 2610 4810 et
2629 4763 2791 4812 erunt
2815 4756 2971 4828 quasi
2993 4763 3208 4812 torrens
3247 4754 3539 4822 inundans,
3566 4761 3773 4826 etot»

481 4831 802 4896 Palaestinos
825 4846 990 4912 atque
1018 4839 1285 4902 Moabitae
1307 4853 1364 4902 et
1389 4854 1613 4904 casteras
1635 4835 1824 4920 gentes
1851 4847 2073 4920 protulit
2181 4865 2200 4897 ι
2250 4845 2390 4900 rient
2424 4855 2646 4913 terram,
2680 4856 2734 4903 et
2755 4849 3146 4920 plenitudinem
3176 4845 3313 4916 ejus,
3345 4847 3535 4903 urbem
3581 4854 3640 4902 et
3663 4841 3769 4902 ha-

481 4928 786 4988 veniamus.
2181 4957 2202 4991 t
2245 4927 2511 4996 bitatores
2533 4938 2670 5008 ejus.
2713 4961 2731 4993 ι
2762 4939 3068 4996 Notandum
3097 4947 3304 5006 autem,
3343 4937 3488 5014 quod
3512 4939 3686 4996 Isaias
3709 4940 3766 4995 in

1029 5023 1259 5086 CAPUT
1305 5027 1511 5086 XLVII.
2173 5043 2340 5085 onere
2361 5029 2689 5086 Philistiiiim
2719 5033 2794 5088 ita
2813 5031 3024 5088 locutus
3048 5037 3154 5098 est,
3173 5031 3364 5088 dicrns
3389 5051 3402 5086 :
3424 5049 3440 5082 α
3465 5029 3542 5086 Ne
3563 5030 3770 5088 lateris

2167 5111 2484 5178 Philistbaea
2523 5119 2702 5177 omnis
2732 5129 2812 5186 tu,
2846 5121 3101 5192 quoniam
3145 5131 3477 5179 comminuta
3500 5130 3589 5178 est
3609 5122 3765 5195 virga

2169 5211 2509 5284 percussoris
2531 5209 2608 5267 tui
2631 5231 2642 5266 :
2670 5211 2737 5268 de
2751 5211 2934 5268 radice
2947 5213 3092 5268 enim
3119 5213 3324 5270 colubri
3349 5211 3664 5286 egredietur
3677 5225 3767 5267 re-

2169 5303 2356 5377 gulus,
2399 5315 2455 5360 et
2492 5317 2676 5359 semen
2724 5301 2842 5373 ejus
2869 5303 3166 5362 absorbens
3191 5303 3464 5362 voiucrcm
3489 5347 3504 5372 ,
3545 5311 3604 5360 et
3639 5319 3770 5376 pas-

481 5150 667 5210 Sermo
697 5155 914 5214 Domini
939 5169 1123 5218 contra
1161 5161 1478 5222 Palatinos
1491 5203 1509 5232 ,
1535 5175 1585 5221 et
1625 5166 1695 5224 de
1717 5167 2068 5224 destructione

1175 5271 1378 5313 eorum.

561 5397 583 5432 ε
623 5379 777 5450 Quod
814 5382 1013 5444 factum
1047 5397 1132 5446 est
1159 5391 1382 5448 verbum
1419 5391 1632 5449 Domini
1675 5393 1741 5450 ad
1774 5391 2064 5453 Jercmiam
2167 5405 2364 5454 centur
2396 5395 2742 5468 primogeniti
2780 5409 3101 5469 pauperum,
3148 5405 3204 5454 et
3223 5406 3495 5468 pauperes
3533 5391 3768 5451 ﬁducia-

487 5485 511 5524 ι
551 5472 871 5541 prophetam
900 5489 1090 5538 contra
1121 5482 1457 5553 Palaestinos,
1499 5497 1788 5558 antequam
1813 5499 2063 5560 percute-
2163 5489 2294 5546 liter
2323 5489 2686 5561 requiescent,
2711 5497 2768 5544 et
2795 5485 3018 5546 interire
3046 5489 3238 5545 faciam
3271 5491 3325 5544 in
3350 5489 3494 5544 fame
3512 5488 3763 5542 radicem

485 5578 507 5613 ι
552 5569 635 5616 ret
677 5563 888 5623 Pharao
933 5569 1155 5629 Gazam.
1205 5593 1224 5626 ι
1267 5573 1536 5633 Jeremias
1581 5594 1711 5653 ergo
1761 5581 2058 5652 propheta,
2164 5591 2338 5649 tuam,
2383 5589 2439 5636 et
2488 5579 2745 5651 reliquias
2787 5589 2904 5636 tuas
2947 5580 3271 5636 interﬁciam
3311 5597 3326 5634 :
3376 5579 3528 5636 Ulula
3571 5573 3761 5649 porta.

481 5653 622 5708 sicut
658 5663 710 5710 ct
745 5655 912 5717 Isaias
953 5674 1006 5718 et
1033 5664 1281 5720 Ezechiel
1325 5666 1555 5739 singulis
1581 5667 1911 5738 nationibus,
1943 5685 2061 5742 qnze
2162 5677 2338 5732 clama
2374 5673 2587 5742 civitas,
2632 5681 2905 5744 prostrata
2953 5682 3034 5729 est
3085 5665 3395 5728 Philisthara
3443 5671 3624 5726 omnis
3672 5669 3764 5726 Ah

478 5746 720 5806 conﬁnes
751 5750 966 5810 fuerunt
1017 5764 1174 5814 terra:
1206 5756 1540 5832 Judaeorum,
1579 5764 1824 5836 praedicit
1851 5765 2054 5838 plagas,
2163 5767 2415 5842 aquilone
2453 5767 2598 5823 enim
2630 5766 2809 5822 fumus
2833 5765 3032 5834 veniet,
3081 5774 3135 5822 et
3164 5771 3380 5822 non-est
3417 5764 3508 5837 qui
3533 5763 3767 5839 effugiat
