4044 6326
311 378 449 437 1109

1202 383 1562 444 EXPOSITIO
1602 387 1828 449 SUPER
1866 386 2231 455 JEREMIAH.
2272 424 2341 433 --
2380 392 2508 449 LIB.
2548 391 2663 446 XV.

3422 389 3563 447 1111)

306 506 527 555 carmen
547 493 665 565 ejus
683 495 818 568 (Ira.
841 502 978 569 xw).
1010 517 1028 549 ι
1053 496 1392 557 Philisthmos
1420 509 1623 567 autem,
1648 509 1705 555 ut
1723 516 1887 571 supra
1914 501 1964 563 Δ
1992 503 2046 558 in
2070 504 2267 565 emtum
2296 503 2670 561 ascensionem
2692 516 2888 567 meam,
2927 502 3017 572 qui
3050 516 3182 557 voco
3211 516 3379 573 aquas
3401 501 3569 557 maris

307 583 542 642 diximus
573 586 889 647 Palmstiuos
918 590 1207 661 signiﬁcat,
1238 605 1374 663 quos
1401 592 1733 661 alienigenas
1771 592 1885 647 vul-

305 686 426 749 gata
474 678 664 735 scribit
704 680 891 748 editio,
937 696 1059 741 cum
1088 681 1192 739 hoc
1231 697 1339 743 non
1383 683 1544 739 unius
1570 682 1767 757 gentis,
1792 681 1885 747 sed

306 768 937 833 onmium'externarnm
992 773 1228 844 gentium
1278 772 1597 835 vocabulum
1645 772 1739 829 sit.
1786 770 1884 845 Ne,

309 860 501 933 inquit,
530 861 731 921 laeteris
757 879 790 919 0
813 863 1146 932 Philisthma,
1172 879 1239 923 ne
1269 865 1495 925 insultes
1516 865 1715 937 populo
1743 880 1885 933 meo,

309 951 450 1027 quod
476 955 815 1025 percussoris
845 956 921 1011 tui
952 956 1134 1019 Achaz
1156 956 1305 1028 virga
1332 956 1610 1015 confracta
1630 956 1719 1021 sit,
1746 955 1888 1026 quod

308 1043 553 1113 baculus,
598 1046 691 1119 qui
736 1055 789 1103 te
831 1046 998 1111 ferire
1036 1047 1232 1105 solitus
1255 1056 1394 1117 erat,
1430 1047 1677 1105 videatur
1718 1055 1891 1103 morte

309 1136 597 1206 contritus,
647 1139 790 1211 quod
838 1139 1059 1201 coluber
1104 1139 1445 1205 interfectus,
1483 1155 1584 1215 pro
1613 1138 1717 1195 hoc
1744 1138 1889 1195 enim

312 1226 594 1285 nocentior
634 1229 884 1286 nascitur
902 1230 1186 1287 Ezechias
1232 1230 1470 1302 regulus,
1515 1245 1675 1301 quem
1715 1228 1889 1286 Graeci

311 1327 505 1383 vocant
528 1318 847 1394 βασςὶίσκρν,
890 1321 982 1399 qui
1012 1331 1066 1378 te
1094 1336 1191 1377 suo
1216 1330 1438 1394 aspectu
1480 1320 1791 1387 interﬁciat,
1835 1328 1893 1377 et

309 1408 501 1481 spiritu
548 1409 662 1467 oris
713 1409 945 1471 occidat.
998 1410 1216 1466 Portam
1245 1419 1405 1466 vocat
1429 1425 1529 1483 pro
1565 1410 1672 1474 bis,
1699 1408 1792 1480 qui
1834 1408 1889 1464 in

310 1512 468 1571 porta
495 1510 644 1569 sunt,
678 1510 732 1557 et
777 1502 1049 1559 civitatem
1088 1517 1189 1574 pro
1216 1500 1612 1559 habitatoribus
1630 1499 1886 1565 civitatis,

309 1604 725 1664 sermonemque
770 1591 957 1667 dirigit
1003 1593 1072 1649 ad
1111 1592 1273 1649 urbes
1311 1591 1721 1648 Palaestinorum
1750 1589 1893 1660 quod

309 1676 511 1749 cjulare
556 1679 806 1757 debeant,
831 1690 887 1736 et
921 1679 1105 1753 lugere
1148 1680 1451 1737 venientem
1495 1678 1889 1746 Sennachcrib,

309 1778 363 1824 et
393 1770 650 1829 torrentis
671 1771 831 1827 modo
857 1782 1050 1829 cuncta
1081 1780 1402 1828 vastantem.
1434 1769 1546 1826 Sub
1586 1785 1714 1842 rege
1744 1769 1888 1825 enim

311 1860 542 1918 Ezecbia
585 1862 736 1919 venit
777 1862 1035 1937 Assyrius
1082 1864 1225 1923 inter
1274 1872 1500 1919 caeteras
1551 1860 1797 1917 nationes
1837 1867 1891 1916 et
1918 1853 1966 1915 Β

311 1954 540 2010 vastavit
573 1954 934 2025 Philistbmos,
966 1955 1035 2011 ad
1073 1972 1211 2028 quos
1246 1971 1391 2013 nunc
1426 1952 1693 2013 Jeremias
1715 1951 1891 2024 loqui-

312 2055 400 2103 tur
430 2065 443 2102 :
497 2068 514 2101 ‹
548 2048 690 2106 Ecce
722 2064 875 2121 aquae
910 2049 1206 2107 ascenderit
1240 2050 1307 2106 ab
1335 2048 1608 2121 aquilone,
1634 2056 1692 2103 et
1728 2054 1891 2104 erunt

309 2137 465 2209 quasi
495 2130 708 2194 torrens
742 2138 1033 2207 inundans,
1062 2147 1118 2195 et
1137 2139 1384 2209 cperient
1408 2146 1608 2194 terram
1642 2144 1699 2193 et
1722 2134 1893 2208 pleni-

316 2232 557 2288 tudinem
616 2231 770 2304 ejus,
808 2233 997 2291 urbem
1046 2240 1102 2287 et
1146 2231 1478 2293 habitatores
1530 2227 1691 2284 illius.
1747 2247 1765 2279 ι
1809 2226 1892 2284 Ab

311 2324 563 2394 aquilone
609 2325 754 2382 enim
802 2325 951 2385 venit
992 2324 1286 2397 Assyrius,
1330 2331 1385 2378 et
1421 2322 1487 2378 de
1539 2319 1661 2391 ejus
1696 2319 1894 2377 ardore

280 2408 285 2411 ’
307 2416 659 2487 egrediantur
679 2415 908 2473 Niniven
929 2426 984 2472 et
1011 2416 1257 2475 nationes
1278 2423 1502 2471 caeteras
1521 2410 1888 2485 subjugantes.

308 2507 387 2567 Eo
424 2517 666 2580 tempore
690 2524 799 2579 quo
826 2508 942 2565 haec
969 2509 1326 2575 canebantur,
1357 2506 1540 2565 fumus
1566 2505 1893 2563 ascendebat

307 2599 364 2663 in
386 2602 680 2668 excelsum,
706 2602 762 2657 id
789 2610 894 2669 est,
925 2618 1109 2665 rumor
1132 2603 1185 2665 in
1213 2601 1427 2675 populis
1450 2600 1750 2673 vagabatur
1792 2614 1891 2672 per

307 2691 552 2757 ordinem
601 2703 919 2749 cunctarum
968 2694 1205 2760 urbium,
1245 2692 1530 2750 Phanices
1583 2707 1796 2765 quoque
1837 2699 1894 2749 et

309 2782 622 2841 Palmstinos
667 2800 788 2841 esse
822 2786 1131 2847 vastandos.
1168 2784 1299 2841 Sive
1327 2801 1482 2857 aquae
1527 2782 1892 2855 ascendebant

308 2876 465 2949 quasi
528 2886 746 2943 torrens
800 2876 1111 2943 inundans,
1172 2884 1228 2932 et
1273 2875 1591 2947 operiebant
1640 2883 1839 2930 terram
1873 2913 1890 2939 ,

309 2967 527 3038 quando
561 2967 741 3043 populi
779 2965 1128 3037 Assyriorum
1157 2976 1213 3023 et
1232 2982 1421 3022 eorum
1445 2966 1538 3037 qui
1569 2980 1750 3022 secum
1773 2963 1890 3019 fue-

312 3067 455 3125 rant,
484 3057 685 3135 impetu
718 3059 898 3114 valido
933 3058 1368 3130 conquassabant
1412 3044 1621 3115 terram
1651 3055 1893 3113 Palaesti—

310 3162 501 3211 norum
529 3147 727 3227 :oUnde
748 3158 807 3206 et
834 3150 1104 3223 sequitur.

326 3300 331 3305 ,
387 3258 406 3294 c
450 3240 770 3305 Clamabunt
800 3241 1065 3311 homines,
1094 3250 1148 3297 et
1169 3241 1395 3297 ululabit
1417 3241 1594 3299 omnis
1618 3241 1894 3307 habitator

316 3353 337 3393 ι
384 3343 541 3391 ιρι-ηε
572 3351 601 3389 a
641 3333 869 3406 strepitu
904 3349 1122 3406 pompm
1150 3348 1425 3391 armorum
1474 3342 1529 3390 et
1569 3333 1892 3390 bellatorum

318 3444 337 3477 ι
381 3425 517 3497 ejus,
554 3442 585 3482 a
630 3424 993 3499 commotione
1022 3424 1406 3497 quadrigarum
1447 3425 1585 3495 ejus,
1616 3433 1671 3479 et
1696 3441 1726 3478 a
1759 3424 1895 3479 mul-

316 3534 339 3573 ι
383 3515 609 3573 titudine
656 3523 899 3573 rotarum
949 3514 1111 3571 illius.
1144 3513 1261 3571 Non
1310 3523 1666 3591 respexerunt
1711 3524 1894 3585 patres

322 3625 341 3657 ι
386 3604 524 3660 ﬁlios
548 3603 799 3663 manibus
822 3600 1119 3668 dissolutis,
1153 3619 1252 3675 pro
1284 3604 1519 3660 adventu
1550 3604 1676 3668 diei,
1710 3602 1761 3658 in
1790 3620 1895 3675 quo
1928 3616 1950 3635 '

319 3713 339 3747 ι
384 3693 685 3751 vastabitur
703 3694 879 3749 omnis
897 3692 1249 3759 Pbilisthiim,
1272 3702 1327 3749 et
1349 3693 1701 3764 dissipabitur
1722 3692 1896 3767 Tyrus

318 3805 338 3839 r
381 3794 434 3841 et
486 3785 650 3843 Sidon
701 3800 824 3841 cum
870 3782 1121 3851 omnibus
1170 3782 1391 3857 reliquis
1433 3784 1646 3843 auxiliis
1706 3786 1838 3840 suis.
1871 3806 1890 3838 ›
1929 3784 1939 3815 λ

312 3875 606 3952 (Μλυκυε.)
636 3877 866 3943 Grandis
914 3876 1057 3934 enim
1088 3877 1323 3934 ululatus
1369 3888 1526 3934 terra:
1568 3879 1919 3943 Philistbiim

311 3967 496 4040 fuerit,
525 3971 741 4043 quando
777 3970 1067 4043 unicuique
1102 3986 1249 4028 mors
1290 3970 1630 4039 imminebat,
1670 3987 1771 4029 nec
1802 3970 1894 4031 ulli

311 4060 466 4118 licuit
497 4062 721 4123 alterius
745 4076 934 4117 curam
961 4077 1170 4136 gerere,
1199 4060 1321 4119 cuni
1360 4060 1536 4119 hostis
1564 4063 1618 4119 in
1657 4061 1896 4137 singulo-

310 4168 430 4211 rum
452 4170 585 4212 nece
606 4155 976 4233 grassabatur,
1000 4162 1057 4210 et
1076 4156 1334 4231 strepitus
1360 4171 1634 4213 armorum
1657 4163 1709 4210 et
1733 4152 1896 4210 bella-

310 4254 490 4305 torum
519 4246 635 4318 ejus
665 4257 828 4319 atque
864 4247 1249 4325 quadrigarum
1298 4247 1522 4331 sonitus‘
1552 4261 1738 4303 vocem
1780 4244 1897 4323 plo-

312 4342 545 4397 rantium
592 4349 877 4413 superaret
916 4341 973 4398 in
1016 4342 1247 4409 adventu
1290 4341 1394 4397 diei
1432 4358 1539 4414 quo
1582 4340 1898 4396 vastabatur

310 4434 488 4493 omnis
513 4433 857 4489 Philisthiim.
885 4432 1039 4505 Quod
1062 4442 1242 4489 autem
1262 4432 1423 4488 dicit:
1445 4432 1645 4506 Tyrum
1666 4440 1720 4488 et
1746 4430 1917 4511 Sidon

311 4544 436 4591 nem
464 4528 516 4583 in
544 4527 731 4585 eadem
760 4524 913 4582 clade
933 4522 1221 4598 dissipatas
1248 4537 1263 4577 :
1298 4522 1535 4583 ostendit
1562 4521 1706 4596 ipsas
1732 4520 1894 4580 urbes

312 4618 380 4677 ad
407 4616 816 4672 Palaestinorum
845 4615 1117 4687 pertinere
1148 4612 1481 4672 consortium
1516 4633 1528 4666 :
1560 4612 1686 4669 licet
1720 4612 1894 4686 Tyrus

312 4708 369 4767 in
401 4715 605 4767 sortem
632 4704 891 4765 ceciderit
913 4705 1083 4763 tribus
1108 4703 1475 4781 Nephthalim,
1506 4713 1561 4761 et
1594 4704 1759 4761 Sidon
1782 4714 1894 4761 ter-

313 4796 492 4857 minus
536 4797 965 4861 Chananzeorum
1011 4798 1079 4852 ad
1131 4804 1332 4852 sortem
1381 4796 1677 4869 pertineret
1724 4795 1896 4851 tribus

310 4889 468 4969 Aser,
494 4889 589 4946 sed
618 4904 724 4955 non
750 4903 869 4949 eam
901 4886 1162 4960 possedit,
1193 4885 1322 4965 quia
1343 4887 1530 4945 hostes
1551 4901 1895 4958 nequaquam

314 4978 483 5041 valuit
511 4978 798 5055 expellere.

394 5090 412 5123 ι
458 5066 819 5143 Depopulatus
846 5077 929 5127 est
948 5068 1091 5129 enim
1121 5067 1381 5125 Dominus
1399 5068 1737 5136 Palaestinos,
1772 5067 1899 5129 reli-

318 5161 474 5234 quias
505 5160 693 5217 insulae
722 5160 1094 5234 Cappadociae.
1134 5180 1153 5215 ι
1184 5159 1501 5217 Palmstinos
1522 5161 1590 5216 de
1618 5159 1901 5235 Cappado—

319 5253 403 5310 cia
427 5254 637 5310 venisse
664 5254 830 5312 Amos
872 5255 1131 5326 propheta
1160 5261 1408 5321 testatur,
1436 5253 1662 5309 dicens:
1705 5271 1723 5303 4
1752 5251 1901 5309 Nun-

321 5343 449 5423 quid
471 5360 577 5399 non
600 5353 660 5399 ut
684 5344 804 5401 ﬁliae
824 5344 1138 5416 Ethiopum
1160 5359 1257 5400 vos
1276 5344 1408 5400 estis
1429 5342 1560 5398 mihi
1586 5340 1680 5398 ﬁlii
1706 5340 1896 5419 Israel,

322 5437 402 5497 ait
439 5438 738 5494 Dominus?
770 5440 1010 5513 nunquid
1037 5456 1145 5497 non
1174 5438 1337 5496 lsrael
1363 5437 1656 5494 ascendere
1703 5435 1804 5494 feci
1834 5437 1902 5494 de

324 5536 470 5591 terra
495 5529 710 5602 Egypti
736 5550 749 5585 :
774 5540 830 5588 et
850 5531 1168 5588 Palaestinos
1187 5532 1254 5588 de
1274 5528 1636 5601 Cappadocia,
1660 5537 1714 5585 et
1736 5528 1905 5605 Syros

327 5621 395 5678 de
420 5619 693 5695 Cyrene?»
725 5619 926 5693 (Amos.
960 5622 1062 5692 rx.)
1092 5620 1258 5694 Cujus
1282 5621 1386 5677 loci
1409 5620 1533 5676 talis
1557 5627 1639 5676 est
1660 5636 1851 5675 sensus
1887 5639 1899 5675 :

328 5708 441 5784 Ego
488 5710 748 5767 Dominus
788 5710 930 5765 Deus
971 5712 1310 5783 omnipotens
1354 5727 1513 5783 quem
1564 5712 1726 5766 celari
1772 5711 1903 5766 nihil

328 5808 528 5893 potest,
564 5800 657 5878 qui
683 5808 846 5876 tango
886 5810 1085 5860 terram
1125 5810 1183 5860 et
1210 5801 1536 5871 movebitur,
1567 5803 1659 5877 qui
1698 5790 1904 5864 aediﬁco

1989 602 2045 657 et
2063 594 2279 655 ellundo
2315 608 2408 650 eas
2438 608 2602 665 super
2640 592 2835 648 faciem
2865 601 3041 658 terrze,
3081 591 3233 662 cujus
3262 608 3461 651 nomen
3485 599 3571 653 est

1990 685 2267 751 Dominus,
2294 686 2384 757 qui
2423 693 2638 741 creator
2665 698 2785 739 sum
2826 682 3088 749 omnium,
3120 691 3344 741 cunctas
3382 690 3568 755 gentes

1986 778 2057 834 de
2084 778 2274 835 eodem
2296 776 2427 837 ﬁnxi
2458 775 2593 841 luto,
2635 783 2690 831 et
2712 774 2905 846 aequali
2929 782 3076 835 sorte
3103 773 3377 847 generavi.
3408 772 3570 839 Πεηῇ-

1990 882 2095 939 que
2147 865 2454 937 Ethiopes,
2508 864 2845 933 Palaestinos,
2888 864 3075 939 Syros,
3122 872 3286 934 atque
3330 862 3565 926 iud-“eos.

1991 957 2254 1012 distantes
2306 955 2439 1011 locis
2482 964 2644 1026 atque
2693 955 3009 1028 corporibus
3060 954 3402 1015 mortalitatis
3452 954 3569 1025 lege

1990 1048 2217 1113 sociavi,
2252 1057 2307 1111 et
2346 1062 2448 1121 pro
2477 1048 2704 1107 arbitrio
2735 1062 2855 1103 meo
2892 1062 3078 1109 servos
3103 1062 3255 1104 meos
3285 1047 3389 1102 huc
3416 1044 3568 1099 illuc-

1990 1153 2097 1210 que
2122 1146 2417 1203 commuto,
2435 1144 2490 1193 et
2515 1136 2793 1199 universas
2814 1137 3122 1207 provincias
3148 1135 3441 1201 transfero,
3470 1148 3571 1199 nec

1991 1227 2265 1305 erigimiui
2294 1228 2350 1283 in
2376 1226 2705 1299 superbiam,
2741 1226 2885 1298 quod
2913 1241 3010 1282 vos
3034 1225 3102 1281 de
3118 1224 3351 1297 Αἴθῃ)ιο
3375 1224 3571 1283 eduxe-

1992 1318 2121 1383 rim,
2165 1326 2219 1373 et
2246 1317 2400 1387 quasi
2426 1316 2753 1386 peculiarem
2797 1314 3052 1391 populqu
3084 1329 3263 1369 meum
3300 1313 3570 1369 Pharaoni

1992 1409 2196 1475 servire
2243 1424 2351 1464 non
2378 1422 2570 1479 passus
2596 1422 2713 1465 sum
2753 1425 2766 1463 :
2798 1408 2903 1465 hoc
2928 1408 3070 1461 idem
3111 1404 3213 1463 feci
3241 1414 3297 1459 et
3328 1402 3570 1460 Palaesti—

1991 1501 2099 1567 nis,
2129 1515 2266 1571 quos
2296 1500 2647 1570 Septuaginta
2681 1498 3001 1569 alienigenas
3032 1495 3454 1561 transtulerunt,
3480 1494 3573 1564 qui

1992 1591 2257 1651 Hebraice
2295 1590 2633 1665 appellantur
2659 1598 2857 1655 1mm,
2901 1598 2963 1644 ut
3000 1587 3351 1645 transferrem
3377 1602 3471 1641 eos
3507 1585 3573 1640 de

1991 1683 2333 1759 Cappadocia
2359 1691 2413 1739 et
2456 1682 2509 1737 in
2544 1681 2843 1739 Palaestina:
2876 1680 3185 1753 regionibus
3224 1677 3568 1735 collocarem.

1994 1780 2160 1853 Syros
2184 1795 2423 1850 quoque,
2463 1778 2516 1833 id
2538 1786 2643 1844 est,
2670 1785 2847 1838 ε’)ιῆ
2874 1775 3121 1832 transtuli
3152 1775 3217 1829 de
3244 1772 3476 1845 Cyrene,
3505 1786 3570 1825 ex

1992 1887 2100 1943 quo
2128 1871 2252 1944 quia
2280 1870 2474 1942 mquali
2505 1869 2813 1924 conditione
2831 1876 2957 1925 sunt
2980 1867 3130 1933 facti,
3151 1864 3342 1934 aequali
3367 1860 3574 1933 judicio

1994 1975 2114 2021 mea
2152 1959 2420 2017 sententia
2450 1958 2761 2029 punientur,
2802 1963 2853 2012 et
2901 1955 3083 2013 omnia
3121 1955 3327 2025 absque
3365 1954 3567 2008 discre.

1993 2053 2141 2111 tione
2168 2066 2526 2123 personarum
2546 2051 2714 2120 impia
2748 2065 2913 2121 regna
2941 2050 3275 2107 subvertam.

2068 2163 2088 2203 ς
2126 2142 2286 2199 Venit
2329 2141 2604 2199 calvitium
2644 2157 2805 2213 super
2849 2140 3074 2205 Gazam,
3114 2137 3376 2195 conticuit
3401 2136 3572 2193 Asca,
3618 2167 3631 2177 ο

1997 2252 2018 2287 r
2061 2234 2174 2300 lon,
2220 2240 2273 2289 et
2298 2232 2520 2303 reliquae
2546 2231 2714 2288 valles
2744 2246 2952 2288 earum.
2994 2251 3012 2283 ι
3046 2229 3192 2289 Gaza
3237 2239 3295 2284 et
3340 2227 3574 2283 Ascalon

1991 2326 2265 2397 quondam
2309 2325 2473 2385 urbes
2506 2322 2657 2379 fuere
2692 2321 3013 2386 Palaestinae,
3059 2321 3126 2375 de
3154 2319 3392 2391 quinque
3426 2318 3576 2375 urbi-

1991 2416 2093 2481 bus
2111 2411 2558 2470 Philisthinorum
2580 2410 2885 2483 praecipuis.
2908 2410 3055 2466 Gaza
3080 2410 3225 2479 enim
3242 2415 3362 2464 erat
3382 2407 3578 2471 civitas

1992 2505 2344 2573 Hevacorum,
2382 2505 2435 2560 in
2466 2519 2572 2575 qua
2613 2504 2925 2559 habitavere
2955 2500 3299 2573 Cappadoces
3334 2499 3578 2570 pristinis

1994 2596 2289 2657 cultoribus
2325 2592 2643 2653 interfectis.
2692 2594 2846 2665 Apud
2886 2600 3100 2648 veteres
3145 2598 3264 2647 erat
3311 2591 3575 2657 terminus

1992 2668 2421 2755 Chananasorum
2443 2682 2597 2752 juxta
2627 2681 2938 2757 Egyptum,
2963 2680 3265 2753 ceciditque
3291 2679 3345 2735 in
3377 2687 3579 2747 sortem

1992 2778 2168 2839 tribus
2195 2776 2365 2844 Judm,
2398 2776 2493 2833 sed
2515 2791 2636 2831 eam
2670 2783 2854 2831 tenere
2893 2790 2997 2829 non
3036 2772 3229 2844 putuit,
3280 2774 3406 2843 quia
3437 2771 3617 2846 Ena«,

1994 2867 2162 2933 cbim,
2179 2866 2233 2923 id
2255 2875 2339 2923 est
2358 2867 2602 2939 gigantes
2624 2862 3031 2937 Allophylorum
3052 2862 3344 2919 fortissime
3364 2862 3579 2919 restite-

1995 2969 2143 3017 runt.
2172 2959 2240 3017 Et
2270 2969 2353 3017 est
2378 2975 2549 3031 usque
2586 2959 2744 3015 hodie
2774 2958 2999 3029 insignis
3025 2957 3219 3014 civitas
3250 2955 3576 3021 Palaestina).

1995 3053 2265 3133 Quaeritur
2276 3061 2456 3108 autem
2471 3050 2740 3122 quomodo
2761 3051 2814 3104 in
2834 3048 3062 3121 quodam
3086 3047 3347 3120 prephcta
3372 3046 3582 3103 dicatar
3624 3038 3633 3043 ’

1996 3144 2140 3205 Gaza
2170 3145 2348 3203 futura
2374 3146 2426 3200 in
2448 3141 2713 3203 tumulum
2736 3140 3146 3214 sempiternum.
3174 3136 3328 3209 Quod
3353 3138 3581 3203 solvitur

1999 3238 2071 3295 ita
2117 3257 2129 3292 :
2173 3237 2423 3313 Antiquae
2469 3234 2705 3292 civitatis
2750 3233 2930 3288 locum
2965 3230 3054 3286 vix
3106 3229 3579 3289 fundamentorum

1996 3330 2240 3411 praebere
2266 3329 2497 3401 vestigia
2528 3345 2542 3382 :
2574 3327 2715 3383 hanc
2740 3334 2920 3383 autem
2945 3340 3066 3397 qua:
3091 3338 3235 3389 nunc
3262 3321 3504 3379 cernitur
3527 3320 3580 3377 in

1997 3410 2102 3479 alio
2147 3422 2265 3479 loco
2306 3436 2407 3495 pro
2445 3418 2555 3486 illa,
2588 3433 2707 3489 qua:
2751 3416 2974 3483 corruit,
3015 3412 3357 3479 aediﬁcatam.
3388 3410 3494 3468 Sed
3528 3420 3584 3487 et

1996 3512 2225 3573 Ascalon
2269 3514 2399 3577 urbs
2438 3510 2633 3568 nobilis
2676 3506 2997 3574 Palaestinae,
3038 3524 3157 3579 quae
3195 3515 3251 3563 et
3289 3508 3405 3578 ipsa
3445 3505 3583 3581 anti-

1997 3608 2179 3681 quitus
2214 3621 2318 3661 una
2349 3604 2454 3660 fuit
2489 3604 2556 3660 de
2600 3604 2836 3687 quinque
2880 3602 3111 3677 satrapis
3151 3599 3577 3679 All0pbylorum,

1997 3705 2246 3773 Separata
2266 3697 2483 3767 quidem
2507 3711 2605 3769 per
2630 3704 2831 3752 sortem
2860 3695 3020 3757 tribui
3067 3690 3237 3759 Judae,
3269 3707 3369 3749 nec
3398 3700 3576 3746 tamen

1992 3798 2210 3848 retenta
2255 3790 2323 3851 ab
2362 3803 2463 3856 ea,
2498 3789 2628 3859 quia
2655 3788 2990 3844 habitatores
3038 3783 3155 3858 ejus
3183 3798 3442 3857 superare
3471 3799 3578 3839 non

1997 3882 2190 3956 potuit.
2228 3882 2401 3955 Super
2428 3882 2526 3941 has
2574 3881 2824 3938 civitates
2855 3880 3003 3947 venit
3031 3874 3306 3937 calvitium
3358 3885 3412 3934 et
3451 3875 3583 3932 taci-

2001 3975 2233 4047 turnitas
2278 3976 2550 4053 maxima,
2599 3975 2727 4046 quia
2777 3972 3019 4051 spoliata:
3062 3979 3193 4035 sunt
3228 3970 3485 4051 Operibus
3532 3978 3587 4024 et

1998 4067 2194 4125 robore
2218 4066 2357 4125 virili
2403 4068 2648 4145 privatae.
2691 4064 2922 4139 Ideoque
2958 4065 3195 4127 cessavit
3246 4062 3313 4118 ab
3356 4062 3437 4119 eis
3481 4077 3581 4117 vox

2000 4159 2199 4232 gaudii,
2230 4167 2284 4214 et
2310 4175 2413 4217 vox
2442 4157 2661 4223 laztitiaa,
2685 4158 3164 4229 perseveravitque
3190 4171 3312 4221 cum
3339 4155 3420 4221 eis
3449 4170 3585 4223 mter

1997 4264 2091 4306 ror
2116 4251 2424 4309 continuus.
2457 4249 2515 4306 lu
2548 4250 2751 4307 ultione
2769 4259 2947 4309 autem
2975 4265 3137 4322 quam
3165 4250 3427 4322 propheta
3452 4263 3587 4321 prsc-

2000 4341 2135 4401 dixit
2170 4358 2333 4416 super
2379 4341 2695 4400 Palaestinos
2722 4351 2778 4401 et
2817 4344 2979 4405 urbes
3022 4342 3162 4414 ejus,
3206 4340 3439 4399 futuram
3468 4339 3586 4411 pla-

1998 4450 2121 4515 gam
2185 4433 2493 4507 signiﬁcat,
2552 4450 2693 4509 qua:_
2724 4442 3115 4506 superventura
3183 4441 3268 4490 est
3315 4432 3584 4489 haereticis

2001 4535 2164 4599 atque
2208 4525 2586 4589 schismaticis,
2620 4534 2678 4581 et
2714 4526 2922 4581 cunctis
2967 4523 3214 4585 hostibus
3258 4530 3457 4579 sanctae
3487 4521 3580 4576 Dei

1999 4604 2286 4681 Ecclesiae,
2304 4613 2396 4685 qui
2416 4629 2517 4689 pro
2542 4628 2608 4669 eo
2637 4612 2781 4684 quod
2804 4612 3052 4669 ﬁdelibus
3076 4611 3277 4667 Christi
3308 4610 3583 4689 confesso-

2004 4708 2154 4762 ribus
2196 4712 2637 4776 prmparaverunt
2676 4702 2924 4771 insidias,
2951 4704 3299 4776 ingesserunt
3333 4699 3495 4766 bella,
3531 4702 3587 4753 et

2004 4799 2285 4859 incentorc
2324 4796 2540 4854 diabolo
2586 4797 2759 4857 multa
2797 4796 3097 4861 intulerunt
3142 4793 3580 4867 persecutionum

2003 4904 2223 4971 genera,
2250 4888 2319 4951 ad
2344 4897 2649 4947 extremum
2678 4888 2778 4961 ipsi
2806 4888 3050 4951 hostibus
3087 4887 3372 4943 tradentur
3400 4885 3585 4942 saevis-

2003 4981 2177 5048 simis,
2204 4988 2260 5043 et
2285 4980 2465 5053 potius
2503 4980 2859 5063 subjicientur
2894 4979 3188 5062 perpetuis.
3218 4978 3585 5051 Interpretatu-

1997 5083 2088 5130 tur
2110 5072 2256 5137 enim
2277 5072 2575 5135 Philisthi
2593 5074 2863 5141 cadentes,
2894 5072 3067 5146 Tyrus
3102 5071 3383 5145 angustia,
3414 5070 3583 5129 Sidon

1997 5163 2235 5232 venatio,
2282 5164 2515 5225 Ascalon
2559 5164 2727 5243 ignis,
2768 5162 2913 5225 Gaza
2957 5162 3220 5225 fortitudo
3264 5161 3402 5235 ejus.
3451 5160 3583 5235 Quae

1999 5254 2184 5319 omnia
2205 5257 2345 5321 bene
2369 5256 2697 5315 conveniunt
2725 5255 3046 5319 antichristo
3079 5263 3135 5310 et
3158 5253 3417 5331 membris
3442 5252 3580 5325 ejus,

2001 5348 2094 5423 qui
2110 5362 2208 5425 per
2229 5346 2535 5419 superbiam
2558 5346 2614 5402 in
2652 5345 2981 5418 apostasiam
3005 5344 3226 5413 cadens,
3255 5344 3311 5401 in
3335 5342 3582 5421 angustia

2006 5440 2206 5494 mentis
2253 5439 2531 5495 aestuando
2576 5437 2917 5493 venationem
2966 5445 3183 5503 exercet
3234 5435 3290 5493 in
3335 5433 3580 5501 mundo:

2006 5537 2273 5598 quatenus
2303 5542 2653 5599 quoscunque
2682 5526 2855 5599 possit
2885 5528 2950 5583 de
2992 5516 3235 5589 Ecclesia
3264 5524 3467 5583 Christi
3497 5538 3586 5581 ra-

2003 5622 2120 5692 piat
2140 5630 2194 5676 et
2214 5619 2525 5674 interﬁciat.
2559 5616 2723 5688 Cujus
2768 5612 3028 5675 fortitudo
3056 5617 3198 5691 ignis
3232 5624 3317 5672 est
3345 5612 3586 5678 infamis,

2007 5710 2111 5764 hoc
2137 5716 2239 5771 est,
2276 5705 2716 5776 concupiscentia
2743 5706 2997 5761 carnalis.
3027 5702 3181 5761 Unde
3207 5703 3264 5758 in
3309 5700 3446 5755 libro
3486 5697 3587 5753 Job

2008 5804 2083 5861 ita
2108 5801 2304 5874 legitur
2334 5817 2347 5855 :
2386 5816 2404 5852 ι
2444 5797 2629 5855 Virtus
2651 5797 2767 5875 ejus
2785 5799 2843 5855 in
2874 5795 3071 5854 lumbis
3096 5796 3233 5871 ejus,
3261 5800 3317 5852 et
3347 5796 3589 5869 potestas
