4044 6326
364 342 504 419 1115

1268 341 1634 431 EXPOSITlO
1671 345 1898 406 surae
1932 342 2298 410 JEREMIAM.
2334 383 2409 398 —
2443 349 2570 413 LIB.
2612 354 2728 415 xv.

3469 363 3610 427 HM

355 480 701 553 millium
724 480 1025 552 reprobabo
1060 478 1194 553 (Isa.
1221 497 1351 539 xm
1379 499 1394 549 ;
1424 481 1454 537 1
1481 482 1603 538 Cor.
1645 482 1718 556 1);
1758 504 1777 537 ι
1813 450 1919 554 qua

2040 483 2060 518 ι
2098 464 2438 525 Sacriﬁcium
2462 471 2573 529 Deo
2590 473 2817 544 spiritus
2842 475 3256 545 contribulatus,
3286 494 3385 537 cor
3407 481 3609 539 contri-

356 575 491 647 quia
510 582 786 637 auctorem
812 574 900 631 sui
932 588 1148 633 sensum
1173 574 1360 641 habet,
1397 574 1491 646 qui
1523 588 1592 628 ex
1619 575 1715 631 Dei
1744 575 1934 647 condi-

355 665 510 729 tione
525 672 839 737 generatur,
866 664 1080 723 videtur
1100 663 1317 735 quidem
1332 666 1396 721 de
1416 675 1570 735 patre
1592 665 1765 731 nasci,
1789 665 1935 736 quod

356 760 744 837 interpretatur
771 757 927 819 Hoab
953 797 968 824 ,
998 757 1093 827 sed
1124 758 1251 828 quia
1279 758 1491 819 adulter
1531 766 1617 814 est
1651 767 1706 815 et
1743 759 1935 816 adver-

355 854 539 912 sarius
573 849 912 925 populinei.
943 849 1013 915 de
1043 849 1253 911 incesto
1294 858 1349 905 et
1386 850 1644 921 spelunca
1678 867 1743 907 ac
1774 860 1933 907 nocte

356 956 679 1017 generatur.
719 943 874 1005 Unde
902 942 958 1001 in
1000 952 1158 1000 nocte
1186 943 1351 1013 perit,
1404 943 1460 998 in
1508 959 1698 1003 errore
1723 943 1933 1001 scilicet

354 1036 726 1107 sempiterno:
757 1041 814 1093 et
841 1031 1084 1105 IEgyptii
1115 1033 1172 1091 in
1200 1033 1338 1089 mari
1365 1032 1551 1090 Rubro
1600 1032 1780 1105 vigilia
1816 1050 1933 1089 ma-

354 1129 549 1194 tutina,
576 1142 719 1196 eum
769 1135 1093 1183 nocturnum
1142 1132 1356 1197 tempus
1395 1125 1652 1192 ostendit,
1683 1125 1932 1183 ﬂuctibus

355 1218 539 1277 obruti
566 1227 729 1274 sunt:
770 1226 825 1275 et
844 1215 947 1271 Lot
984 1216 1041 1272 in
1077 1214 1328 1275 Sodomis
1377 1224 1536 1272 nocte
1575 1216 1931 1286 pereuntibus

355 1310 502 1367 venit
528 1308 801 1379 inSegor,
834 1316 889 1363 et
915 1316 1071 1364 ortus
1099 1313 1183 1363 est
1222 1307 1271 1362 ei
1309 1307 1391 1362 sol
1426 1305 1578 1379 (Gen.
1608 1306 1745 1377 xu).
1778 1305 1933 1373 Quod

352 1400 660 1473 intelligens
708 1400 770 1455 Β.
810 1398 1101 1469 Apostolus
1151 1397 1340 1455 scribit
1394 1399 1459 1453 de
1513 1398 1714 1455 sanctis
1771 1407 1931 1467 atque

352 1491 611 1563 perfectis
646 1489 697 1561 (Ι
729 1487 924 1546 Thess.
975 1489 1029 1563 v)
1063 1508 1077 1543 :
1112 1508 1132 1541 ι
1162 1488 1282 1546 Non
1318 1506 1503 1547 sumus
1542 1491 1715 1546 noctis
1758 1503 1931 1560 neque

348 1587 717 1661 tenebrarum,
742 1587 837 1643 sed
865 1602 1051 1645 sumus
1073 1586 1168 1645 lilii
1199 1588 1314 1644 Dei.
1348 1588 1451 1656 Qui
1474 1589 1620 1643 enim
1659 1587 1931 1644 dormiunt

344 1678 868 1745 noctedormiunt,
919 1688 977 1735 et
1030 1679 1123 1749 qui
1180 1678 1520 1737 inebriantur
1574 1688 1734 1734 nocte
1791 1677 1929 1734 ebrii

349 1781 505 1827 sunt.
533 1770 690 1828 rNos
724 1772 1000 1843 enim,qui
1022 1773 1129 1831 diei
1155 1789 1374 1840 sumus,
1401 1773 1685 1845 vigilemus
1711 1791 1724 1827 :
1756 1773 1928 1829 induti

339 1861 575 1919 loricam
606 1864 761 1930 fidei;
785 1872 840 1919 et
860 1865 1162 1921 charitatis.
1205 1865 1274 1919 Et
1297 1865 1427 1935 quia
1458 1872 1671 1921 noctem
1697 1864 1930 1935 relique-

262 1992 263 1995 η
340 1964 547 2022 ιιινθι
571 1955 713 2013 ﬁlius
742 1957 839 2017 Dei
861 1972 981 2014 esse
1011 1956 1127 2026 jam
1155 1967 1418 2028 cmperat,
1456 1958 1695 2029 loquitur
1720 1960 1788 2014 ad
1810 1974 1929 2015 cre-

338 2050 539 2106 dentes
570 2068 585 2105 :
613 2069 631 2103 ι
679 2049 798 2106 Nox
821 2053 1121 2121 praecessit,
1158 2052 1274 2106 dies
1306 2060 1486 2107 autem
1527 2052 1927 2124 appropinqua-

338 2140 445 2197 bita
474 2142 639 2210 Quasi
672 2144 726 2198 in
747 2142 835 2198 die
868 2159 992 2200 eum
1024 2144 1307 2200 honestate
1344 2143 1700 2209 ambulemus,
1732 2158 1841 2199 non
1871 2143 1927 2198 in

334 2233 827 2290 comessationibus
851 2244 909 2291 et
935 2234 1309 2302 ebrietatibus,
1341 2251 1447 2292 non
1480 2236 1535 2290 in
1575 2236 1844 2292 cubilibus
1871 2244 1929 2292 et

334 2322 757 2398 ίιαχιιιέίιικῌῖοιη.
790 2327 934 2399 xm).
967 2348 986 2381 ι
1017 2327 1255 2384 Pereunt
1278 2337 1459 2385 autem
1488 2337 1647 2385 nocte
1679 2329 1928 2385 Moabitae

330 2414 493 2485 inata
539 2415 752 2483 Isaiam,
805 2419 899 2487 qui
919 2418 1088 2473 dicit:
1144 2438 1163 2471 ‹
1192 2469 1197 2473 .
1225 2418 1391 2476 Noote
1440 2428 1651 2476 vastata
1690 2431 1776 2479 est
1826 2421 1924 2488 Ar,

330 2505 501 2562 Moab
518 2507 781 2563 conticuit
808 2508 943 2580 (Ira.
984 2508 1142 2582 xui).
1167 2529 1185 2562 ι
1222 2509 1358 2578 Quia
1399 2520 1559 2567 nocte
1593 2521 1805 2569 vastata
1845 2522 1929 2568 est

330 2606 581 2668 imarusy
619 2599 774 2665 Moab
820 2605 1097 2660 conticuit.
1140 2604 1243 2673 Qui
1286 2606 1572 2662 dialectica
1622 2615 1741 2663 arte
1790 2622 1926 2663 eon-

328 2690 585 2748 x‘structus
600 2702 708 2760 est,
730 2694 786 2748 in
810 2695 999 2750 eadem
1034 2705 1195 2752 nocte
1222 2704 1468 2753 vastatus
1493 2706 1596 2765 est,
1626 2707 1789 2769 atque
1835 2698 1929 2755 de-

343 2776 729 2845 structus‘aeti
758 2793 960 2847 eterna
999 2786 1357 2845 diuturnitate
1388 2788 1675 2847 conticuit.
1723 2789 1928 2846 Notan-

345 2872 473 2930 dum
498 2883 687 2935 autem
870 2876 1020 2934 Nabo
1056 2877 1449 2949 interpretatur
1474 2881 1649 2937 sessio
1674 2880 1761 2939 vel
1796 2896 1926 2952 pro-

324 2962 547 3033 phetia.
597 2965 981 3037 Cariatbiarim
1016 2996 1019 3000 -
1053 2969 1284 3036 civitas,
1329 2970 1416 3026 vel
1467 2972 1596 3028 villa
1641 2972 1922 3033 silvarum.

324 3054 960 3130 :Esbbonchgilationes.
988 3060 1149 3119 Luith
1179 3077 1351 3132 genae.
1384 3063 1639 3125 Oronaim
1677 3065 1924 3123 foramen

2034 572 2149 618 tum
2173 573 2229 620 et
2255 565 2591 622 humiliatum
2622 568 2764 625 Deus
2798 584 2906 626 non
2934 571 3141 639 spernit
3169 571 3341 643 (Psat.
3371 573 3448 647 ιη)
3468 594 3494 628 τ
3594 574 3599 581 ’

2108 675 2128 709 ι
2158 656 2378 729 Fugite,
2418 658 2624 715 salvete
2661 660 2870 716 animas
2904 670 3115 718 vestras
3143 681 3156 718 :
3188 671 3242 719 et
3269 663 3422 722 eritis
3447 664 3608 737 quasi

2032 748 2240 806 murice
2277 749 2331 804 in
2362 750 2608 816 deserto,
2647 769 2666 802 ι
2709 759 2765 807 et
2802 751 3028 824 reliqua.
3068 752 3318 811 Praedicit
3343 757 3609 830 propheta

2032 849 2093 896 ut
2119 840 2421 897 intereunte
2450 841 2604 898 Moab
2629 841 2919 901 Chaldaica
2946 845 3268 916 vastatione,
3300 848 3608 921 quicunque

2033 932 2212 992 Salvus
2249 934 2366 990 ﬁeri
2408 935 2573 1001 velit,
2606 934 2727 991 inde
2767 934 2967 1008 fugiat,
2996 945 3052 994 et
3081 937 3256 994 latitet
3281 937 3335 994 in
3364 938 3606 1007 deserto,

2030 1027 2188 1097 quasi
2225 1027 2431 1083 murice
2466 1048 2478 1082 :
2522 1043 2640 1097 quae
2685 1029 2851 1084 arbor
2895 1038 2980 1087 est
3019 1031 3258 1088 humilis.
3284 1030 3610 1104 Spiritaliter

2033 1126 2212 1175 autem
2251 1120 2557 1191 quicunque
2586 1119 2715 1176 velit
2739 1120 2976 1177 animam
3001 1137 3153 1177 suam
3176 1122 3378 1179 salvam
3407 1123 3606 1192 facere,

2032 1211 2204 1282 fugiat
2228 1221 2499 1268 versutum
2524 1221 2578 1268 et
2608 1214 2905 1284 captiosam
2932 1213 3231 1270 doctrinam
3259 1214 3606 1287 philosopho-

2033 1319 2153 1358 rum
2182 1312 2340 1373 atque
2369 1304 2766 1371 haereticorum,
2794 1304 2886 1360 ubi
2911 1313 3092 1361 certus
3118 1313 3202 1362 est
3230 1306 3481 1363 interitus
3511 1325 3525 1362 :
3551 1316 3612 1366 et

2032 1410 2129 1469 per
2150 1395 2507 1451 humilitatem
2531 1395 2885 1453 confessionis
2907 1406 3031 1467 agat
3057 1398 3432 1469 paenitentiam
3458 1414 3609 1456 erro-

2033 1485 2137 1550 ris,
2170 1485 2225 1539 in
2256 1486 2469 1540 deserto
2508 1484 2770 1541 districta:
2797 1485 3136 1542 abstinentiae
3158 1502 3415 1553 manens,
3446 1495 3610 1558 atque

2032 1574 2086 1629 in
2108 1574 2449 1645 simplicitate
2475 1583 2531 1631 et
2558 1575 2784 1631 veritate
2808 1576 3086 1633 catholica:
3106 1577 3383 1633 doctrinae.
3409 1576 3515 1634 Pro
3542 1591 3609 1634 eo
3697 1574 3703 1581 ’

2030 1668 2173 1724 enim
2200 1670 2342 1739 quod
2366 1668 2602 1725 habuisti
2630 1668 2879 1725 ﬁduciam
2909 1669 2963 1724 in
2990 1670 3379 1727 munitionibus
3403 1670 3529 1737 tuis,
3553 1677 3610 1726 et

2032 1757 2085 1812 in
2114 1759 2385 1814 thesauris
2416 1759 2544 1825 tuis,
2577 1766 2632 1814 ιιι
2658 1773 2871 1829 quoque
2892 1759 3140 1831 capieris,
3174 1768 3229 1816 et
3254 1760 3352 1816 ibit
3375 1759 3611 1816 Chamos

2032 1852 2087 1907 in
2119 1851 2641 1922 transmigrationem
2660 1892 2675 1919 ,
2702 1852 2952 1908 sacerdos
2981 1852 3097 1924 ejus
3117 1895 3131 1918 ,
3160 1860 3215 1908 et
3238 1852 3510 1925 principes
3536 1850 3610 1908 si-

2029 1942 2161 2009 mul,
2185 1953 2239 1998 et
2262 1944 2439 1998 veniet
2462 1943 2644 2014 praedo
2670 1944 2739 1999 ad
2761 1959 2979 2000 omnem
3000 1943 3211 2010 urbem,
3236 1952 3291 1999 et
3312 1945 3439 2000 urbs
3463 1942 3611 1999 nulla

2029 2034 2345 2101 salvabitur,
2378 2044 2432 2090 et
2457 2035 2706 2106 peribunt
2733 2034 2917 2103 valles,
2948 2043 3004 2091 et
3028 2036 3430 2106 dissipabuntur
3455 2051 3607 2092 cam-

2028 2126 2229 2196 pestria
2255 2145 2267 2180 :
2296 2126 2548 2195 quoniam
2573 2127 2708 2183 dixit
2728 2126 2990 2184 Dominus
3021 2145 3034 2182 :
3068 2127 3205 2183 Date
3221 2127 3407 2184 ﬂorem
3428 2127 3608 2196 Moab,

2029 2220 2156 2289 quia
2195 2218 2393 2274 ﬂorens
2430 2219 2735 2290 egredietur
2787 2239 2800 2274 :
2845 2229 2901 2278 et
2935 2218 3185 2278 civitates
3224 2218 3341 2293 eius
3383 2220 3612 2278 desertae

2028 2319 2189 2367 erunt
2216 2320 2270 2367 et
2306 2310 2698 2369 inhabitabiles.
2738 2312 2861 2369 Ideo
2902 2314 3065 2384 igitur
3108 2313 3414 2385 philosophi
3449 2313 3610 2384 hujus

2028 2405 2233 2471 mundi,
2262 2413 2317 2460 et
2342 2406 2598 2471 literetiei,
2621 2406 2713 2476 qui
2738 2405 3014 2461 conﬁdunt
3036 2405 3088 2460 in
3113 2404 3409 2460 dialecticis
3423 2400 3612 2474 dispu-

2032 2495 2323 2551 [rationibus
2345 2497 2436 2553 ubi
2462 2505 2681 2568 sperant
2706 2498 3020 2553 thesaurum
3046 2511 3166 2552 esse
3189 2495 3488 2567 sapientize,
3518 2509 3613 2550 ea-

2027 2588 2242 2658 pientur
2266 2588 2334 2643 ab
2372 2589 2753 2647 ecclesiasticis
2782 2589 3197 2661 pmliatoribus,
3229 2590 3321 2660 qui
3348 2598 3502 2645 scuto
3528 2602 3613 2644 re-

2027 2687 2130 2735 ctm
2166 2679 2289 2736 ﬁdei
2331 2691 2386 2737 et
2421 2682 2587 2738 verbo
2614 2682 2858 2738 veritatis
2885 2689 3193 2754 expugnant
3218 2696 3434 2738 omnem
3459 2696 3612 2737 erro-

2028 2788 2142 2829 rem
2187 2773 2544 2844 perﬁdorum,
2589 2782 2645 2831 et
2688 2774 2925 2831 cultores
2967 2773 3085 2851 ejus
3128 2784 3289 2844 atque
3332 2774 3612 2830 ministros

2028 2863 2084 2918 in
2127 2864 2496 2936 captivitatem
2535 2866 2769 2934 ducunt,
2810 2876 2872 2923 ut
2909 2876 3235 2939 cognoscant
3275 2867 3420 2938 quod
3462 2860 3610 2923 nulla

2028 2955 2180 3022 urbs,
2211 2956 2314 3010 hoc
2343 2965 2445 3022 est,
2476 2958 2753 3013 munimen
2778 2958 3036 3013 doctrinae
3058 2955 3244 3014 eorum
3270 2958 3498 3014 salutem
3518 2964 3611 3015 ve-J

2025 3063 2142 3103 ram
2171 3048 2299 3105 dare
2333 3050 2503 3125 possit
2530 3065 2546 3104 :
2578 3049 2673 3107 sed
2706 3051 2961 3123 peribunt
2990 3050 3164 3123 valles
3191 3068 3204 3105 :
3235 3049 3384 3106 falsae
3422 3050 3614 3122 utique

804 3151 970 3224 igitur
997 3155 1373 3227 οωωίιοςωει
1388 3208 1391 3215 ι
1407 3158 1742 3217 contrarium
1779 3159 1923 3214 veri-
1947 3180 2007 3246 ς,
2026 3140 2429 3246 humiliationes
2450 3151 2505 3246 et
2530 3142 2669 3221 ficta:
2686 3143 2916 3246 virtutes
2933 3159 3123 3246 eorum
3147 3143 3446 3246 :Iquia‘hoc
3465 3143 3612 3246 quod

320 3232 633 3312 rami“
660 3242 1243 3317 αδερηείηερίηιίοηθ
1263 3248 1365 3305 ι)εῇ
1393 3248 1463 3317 ἀρ
1486 3249 1726 3309 humano
1757 3266 1921 3307 sensu
1952 3231 1994 3246 ’⁸⁵
2027 3235 2083 3293 in
2115 3236 2424 3295 inventione
2459 3238 2691 3293 humana
2710 3278 2725 3304 ,
2766 3244 2821 3293 et
2859 3237 2915 3293 in
2942 3237 3184 3293 saeculari
3220 3236 3485 3309 sapientia
3508 3231 3610 3293 ﬂo-

326 3331 647 3397 imeroorisw
666 3335 907 3392 tenebris
945 3338 1208 3406 nascitur,
1224 3372 1229 3383 ρ
1248 3348 1411 3401 nocte
1430 3350 1703 3401 vastatum
1732 3350 1843 3409 est,
1866 3353 1924 3398 et

328 3424 861 3495 argumenta'illius,
883 3442 1004 3497 qua:
1039 3429 1414 3502 intelliguntur
1438 3434 1579 3489 muri
1604 3471 1619 3499 ,
1664 3434 1923 3492 ecclesia-

326 3506 478 3569 Ξιιῑίιιο
502 3514 1057 3575 ωωὸιιθεάεδιτιιοιιι
1087 3527 1234 3586 sunt,
1264 3520 1341 3577 ita
1358 3528 1660 3580 utaeterno
1705 3524 1921 3583 silentio

326 3600 787 3671 contieeseere‘nt,
814 3608 872 3675 in
886 3617 1094 3665 tantum
1114 3618 1175 3671 ut
1193 3611 1450 3669 universa
1462 3627 1651 3671 eorum
1674 3612 1841 3673 factio
1851 3614 1920 3671 ad

318 3694 733 3769 ’plniﬁteutiam,
750 3700 1127 3773 iet-.laerymas
1175 3713 1483 3763 verteretur
1512 3726 1535 3761 zu
1554 3723 1720 3785 super
1745 3709 1916 3776 Nabo,

312 3786 393 3844 *διὰ
410 3786 520 3855 est,
551 3791 896 3862 prophetiam
925 3802 985 3850 et
1021 3795 1343 3864 sessionem,
1391 3797 1447 3857 id
1485 3811 1600 3867 est,
1632 3802 1919 3872 magistros

314 3876 848 3956 leoniniaetsuper
882 3884 1267 3953 Cadathiarirn
1307 3891 1402 3948 ubi
1442 3907 1551 3949 non
1578 3901 1720 3951 sunt
1756 3896 1920 3953 arbo-

316 3970 783 4044 Imsvfruetnosmg
806 3977 903 4033 sed
940 3978 1109 4036 saltus
1132 3979 1386 4039 infertilis
1410 3983 1467 4041 in
1504 3999 1613 4055 quo
1654 3985 1919 4044 habitavit

310 4061 532 4132 .hiestiai,
558 4066 643 4122 de
660 4068 853 4138 quoin
871 4070 1139 4142 vigesimo
1175 4081 1370 4131 octavo
1407 4075 1618 4147 psalmo
1652 4078 1917 4148 scriptum

316 4163 465 4211 este
493 4156 621 4213 «.Et
647 4159 911 4218 reveiavit
943 4164 1215 4223 condensa
1258 4166 1447 4225 saltus.
1484 4186 1505 4220 ι
1537 4168 1656 4225 Erit
1678 4168 1916 4227 ululatus

305 4241 676 4329 .et‘planews,
707 4261 762 4309 et
798 4255 983 4311 omnia
1012 4258 1079 4313 de
1104 4258 1357 4329 capitulis
1376 4275 1565 4317 eorum
1591 4261 1915 4332 eloquentiae

316 4336 653 4398 ornamenta
682 4345 955 4414 tollentur,
1000 4347 1171 4403 itaut
1195 4351 1327 4407 nudi
1367 4361 1620 4413 maneant
1656 4361 1712 4409 et
1735 4352 1915 4409 defor-

308 4444 468 4498 ‘mes,
496 4441 573 4488 «δι’
614 4434 661 4490 si
694 4435 840 4504 iquid
888 4436 1181 4495 viriditatis
1225 4440 1427 4498 habere
1476 4443 1801 4500 videbantur
1853 4443 1911 4500 in

2025 3344 2151 3386 rere
2172 3330 2469 3395 videbatur,
2498 3330 2551 3384 in
2575 3331 2848 3387 desertum
2870 3339 2925 3387 et
2948 3332 3003 3387 in
3022 3331 3367 3388 solitudinem
3393 3330 3607 3405 redige-

2023 3426 2129 3477 tur.
2191 3419 2262 3474 Et
2301 3420 2428 3490 quia
2460 3420 2615 3477 valde
2665 3421 2912 3493 displicet
2946 3422 3057 3479 Deo
3093 3421 3270 3483 omnis
3305 3418 3610 3494 hypocrisis

2023 3519 2080 3577 et
2101 3508 2410 3567 ﬁctiofalsa
2440 3527 2674 3582 sequens
2700 3513 2969 3568 sententia
2997 3514 3249 3569 ostendit.

2100 3621 2119 3653 σ
2152 3601 2490 3671 Maledictus,
2516 3605 2609 3675 qui
2624 3604 2760 3660 facit
2782 3619 2917 3675 opus
2938 3605 3152 3663 Domini
3178 3604 3600 3677 fraudulenter»

2021 3695 2124 3765 Qui
2149 3697 2296 3753 enim
2316 3712 2349 3752 a
2369 3697 2459 3752 via
2486 3697 2826 3765 rectitudinis
2851 3712 2949 3770 per
2968 3712 3207 3755 errorem
3232 3695 3414 3753 deviat
3443 3714 3457 3751 :
3482 3711 3608 3766 pro-

2021 3786 2108 3844 cul
2135 3802 2166 3841 a
2192 3787 2311 3845 luce
2339 3787 2581 3843 veritatis
2605 3787 2813 3847 alienus
2840 3795 3036 3844 exstat.
3073 3786 3227 3845 Unde
3253 3801 3475 3844 necesse
3497 3794 3602 3854 est,

2020 3886 2079 3933 ut
2112 3894 2223 3935 non
2257 3878 2429 3935 solum
2460 3878 2777 3935 intueamur
2816 3882 2957 3950 quod
2994 3879 3203 3953 agimus
3248 3896 3261 3934 :
3313 3878 3410 3935 sed
3437 3878 3602 3937 etiam

2017 3982 2141 4041 cum
2186 3983 2292 4039 qua
2332 3967 2658 4023 discretione
2700 3954 2942 4039 agamus.
2985 3967 3229 4025 Primum
3266 3967 3483 4039 quidem
3532 3979 3605 4024 ne

2017 4058 2158 4115 mala
2199 4059 2624 4131 quodammodo,
2669 4061 3013 4130 postmodum
3051 4076 3183 4117 vero
3226 4075 3295 4116 ne
3334 4062 3475 4116 bona
3519 4060 3603 4116 in-

2018 4159 2175 4207 caute
2213 4148 2496 4206 faciamus.
2524 4149 2705 4221 Atque
2737 4151 2995 4211 nimirum
3037 4151 3178 4207 bona
3214 4151 3442 4208 sollicite
3475 4167 3601 4227 per-

2015 4240 2242 4311 agenda,
2266 4241 2525 4312 propheta
2560 4256 2659 4297 nos
2685 4240 2938 4298 admonet
2965 4242 3152 4299 dicens
3182 4261 3195 4298 :
3233 4261 3252 4295 ι
3285 4242 3599 4299 Maledictus

2013 4330 2206 4398 homo,
2234 4331 2326 4401 qui
2355 4330 2485 4387 facit
2513 4347 2648 4402 opus
2674 4331 2772 4387 Dei
2806 4331 3160 4404 negligenter.
3205 4351 3226 4385 ι
3257 4331 3388 4403 Qua:
3416 4340 3598 4389 tamen

2013 4424 2283 4478 sententia
2319 4422 2460 4494 apud
2499 4433 2741 4480 veterem
2786 4423 3193 4479 translationem
3229 4423 3303 4480 ita
3346 4422 3542 4495 legitur
3578 4441 3594 4479 :

306 4524 525 4590 marha,
546 4530 729 4580 mum
765 4542 797 4581 ι
825 4528 946 4582 vim
974 4529 1375 4599 ecclesiastico,
1418 4541 1477 4589 et
1522 4532 1907 4603 mammam“),
1937 4524 1991 4593 ι)
2022 4529 2041 4563 ‹
2074 4512 2385 4603 Maledictus
2421 4515 2599 4603 omnis
2635 4514 2728 4584 qui
2764 4511 2894 4570 facit
2921 4529 3057 4586 opus
3091 4513 3186 4569 Dei
3231 4513 3598 4587 fraudulenter

306 4616 392 4668 ’et
415 4613 593 4670 debile
606 4616 1010 4686 eomprobetur.
1052 4619 1358 4692 Accingunt
1372 4637 1536 4683 sacco
1555 4624 1906 4693 pmnitentiae,

306 4711 389 4758 ’ίοι
402 4718 571 4775 super
593 4712 739 4761 tecta
756 4722 823 4763 ac
843 4709 1105 4775 domata,
1126 4711 1181 4767 in
1208 4712 1402 4781 quibus
1426 4714 1663 4784 primum
1687 4730 1750 4770 se
1776 4713 1908 4770 sub-'-

302 4797 1051 4867 Ldinesesseerudebantret
1078 4802 1132 4859 in
1156 4803 1353 4874 plateis
1380 4822 1394 4860 :
1427 4805 1554 4875 quia
1582 4821 1689 4862 non
1723 4807 1905 4877 ingre-

300 4887 554 4944 sdiuntur
589 4899 1014 4962 peraangnstam
1067 4894 1231 4960 viam,
1277 4895 1371 4953 sed
1407 4910 1505 4966 per
1546 4896 1739 4967 latam,
1786 4911 1907 4967 quae

501 4981 577 5038 ad
597 4991 854 5051 mortem,
871 4986 979 5041 erit
996 4984 1248 5051 ululatus,
1273 4996 1328 5044 et
1348 5003 1689 5059 nequaquam
1717 5005 1905 5049 ascen-

303 5070 555 5127 tdentoin
582 5073 927 5144 superbiam,
957 5077 1100 5146 quod
1147 5077 1538 5150 interpretatur
1580 5081 1815 5149 Esebon,
1846 5090 1901 5147 et

302 5174 549 5217 .eassum;
564 5167 1175 5239 ascensumsuperbiae;
1203 5179 1260 5227 et
1291 5186 1395 5229 vox
1423 5188 1611 5231 eorum
1650 5174 1900 5231 audietur

300 5254 786 5319 absque,ad..malat
812 5262 1018 5329 opera,‘
1040 5274 1164 5332 quae
1208 5261 1453 5321 fecerunt
1486 5271 1542 5319 et
1584 5265 1897 5321 mandatum

497 5363 906 5434 PutabanttDei,
931 5370 1149 5440 propria
1182 5386 1245 5429 se
1268 5373 1607 5433 confessione
1634 5376 1899 5432 damnan-

300 5454 428 5555 ites:
450 5456 922 5555 Mue-egerint
962 5472 1334 5540 panitentiam
1364 5486 1467 5545 per
1499 5476 1678 5540 Lnitb‘,
1710 5478 1764 5533 id
1791 5486 1895 5544 est,

624 5561 945 5661 autimas,“
978 5573 1053 5649 ad.
1080 5571 1330 5629 altarium
1381 5578 1746 5633 conscendent
1788 5594 1804 5635 :
1844 5588 1903 5637 et

321 5652 768 5767 qu_asi“lrnmr0ris
808 5652 1079 5755 'fora'mi.
1118 5664 1279 5746 atque
1336 5675 1557 5731 introitu
1600 5678 1895 5736 clamorem

297 5750 664 5868 tri
686 5752 941 5863 levabant
954 5750 1026 5869 ῥα
1044 5768 1354 5845 Dominum,
1370 5784 1431 5836 ut
1443 5779 1647 5863 possint
1669 5780 1852 5839 dicere
1877 5800 1890 5838 :

2012 4609 2068 4656 et
2101 4602 2387 4658 desidiose.
2426 4622 2445 4655 ι
2491 4602 2599 4658 Sed
2633 4602 2913 4659 sciendum
2952 4619 3277 4676 magnopere
3314 4613 3426 4669 est,
3467 4604 3592 4674 quia

2012 4691 2215 4747 desidia
2251 4708 2349 4760 per
2388 4701 2657 4764 torporem
2703 4678 2976 4763 nascitur,
3009 4696 3156 4752 fraus
3195 4713 3291 4767 per
3321 4696 3591 4766 privatam

2010 4781 2352 4838 dilectionem
2391 4802 2406 4841 :
2447 4784 2704 4857 illamque
2740 4785 2919 4842 minor
2942 4787 3039 4843 Dei
3066 4802 3220 4843 amor
3245 4796 3537 4860 exaggerat
3568 4806 3584 4845 :

2008 4874 2151 4929 hanc
2188 4884 2368 4930 autem
2405 4875 2545 4931 male
2572 4885 2808 4932 mentem
2850 4870 3134 4950 pessidens
3158 4879 3408 4950 proprius
3436 4895 3591 4938 amor

2008 4974 2177 5020 creat.
2204 4963 2469 5023 Fraudem
2491 4968 2686 5039 quippe
2714 4969 2767 5023 in
2790 4968 2887 5025 Dei
2913 4984 3099 5026 amore
3123 4977 3418 5041 perpetrat,
3441 4971 3589 5042 quis-

2008 5057 2131 5130 quis
2161 5060 2513 5131 semetipsum
2560 5060 2863 5139 inordinate
2898 5061 3155 5134 diligens,
3185 5077 3283 5132 per
3311 5063 3415 5118 hoc
3442 5062 3588 5133 quod

2007 5163 2156 5209 recte
2178 5154 2350 5226 egerit
2367 5154 2435 5209 ad
2450 5154 2900 5211 remunerationis
2920 5155 3246 5211 transitoria:
3267 5155 3407 5211 bona
3433 5154 3586 5212 festi-

2007 5255 2121 5303 nat.
2152 5246 2440 5304 Sciendum
2469 5263 2682 5318 quoque
2711 5258 2826 5317 est,
2857 5249 2998 5319 quod
3027 5248 3199 5304 tribus
3229 5248 3404 5305 modis
3434 5248 3584 5308 fraus

2007 5342 2122 5413 ipsa
2145 5342 2516 5406 committitur,
2546 5343 2671 5412 quia
2695 5358 2795 5413 per
2822 5343 2963 5399 hanc
2989 5342 3358 5414 proculdubio,
3381 5352 3475 5399 aut
3495 5354 3582 5407 ta-

2000 5436 2106 5507 cita
2136 5436 2315 5495 cordis
2351 5436 2571 5499 humani
2600 5436 2773 5508 gratia
2792 5477 2806 5502 ,
2834 5444 2927 5491 aut
2954 5436 3156 5494 favoris
3184 5453 3345 5506 aura,
3374 5447 3468 5493 aut
3491 5449 3580 5496 rel

1997 5525 2249 5596 quaelibet
2285 5522 2526 5583 exterior
2557 5526 2911 5593 desideratur.
2949 5528 3065 5598 Quo
3103 5537 3289 5589 contra
3326 5538 3472 5586 recte
3511 5529 3581 5589 de

1992 5613 2138 5684 justo
2168 5614 2264 5686 per
2290 5604 2607 5687 prophetam
2638 5619 2836 5674 dicitur
2868 5638 2881 5674 :
2919 5641 2937 5672 ι
2974 5620 3193 5698 Excutit
3230 5639 3421 5678 manus
3447 5635 3577 5681 suas

1996 5711 2064 5766 ab
2086 5711 2232 5767 omni
2254 5727 2478 5767 munere
2495 5712 2628 5784 (Isa.
2650 5718 2864 5788 χχχιιι).
2900 5736 2918 5769 ι
2948 5716 3083 5789 Quia
3109 5717 3251 5774 enim
3268 5732 3373 5772 non
3400 5715 3575 5775 solum

1995 5804 2144 5881 fraus
2169 5804 2222 5861 iu
2252 5806 2563 5877 acceptione
2584 5809 2827 5880 pecuniae
2849 5819 2931 5867 est
2957 5829 2969 5867 :
2995 5825 3190 5869 munus
3212 5807 3574 5884 proculdubio

2894 5976 2938 5995 “‘A
2956 5978 2963 5981 λ
2989 5970 3003 5992 ι’
3050 5980 3122 5995 Wr
