  <div class='ocr_page' id='page_1' title='image "/cluster/home/n/w/nwhite01/storage/ocr_20150623/111/hvd.32044009716333/565.png"; bbox 0 0 4044 6326; ppageno 0'>
   <div class='ocr_carea' id='block_1_1' title="bbox 485 346 625 412">
    <p class='ocr_par' dir='ltr' id='par_1_1' title="bbox 485 346 625 412">
     <span class='ocr_line' id='line_1_1' title="bbox 485 346 625 412; baseline -0.007 -9"><span class='ocrx_word' id='word_1_1' title='bbox 485 346 625 412; x_wconf 67' lang='lat' dir='ltr'><strong>lilii</strong></span> 
     </span>
    </p>
   </div>
   <div class='ocr_carea' id='block_1_2' title="bbox 1122 338 3090 404">
    <p class='ocr_par' dir='ltr' id='par_1_2' title="bbox 1122 338 3090 404">
     <span class='ocr_line' id='line_1_2' title="bbox 1122 338 3090 404; baseline -0.004 -4"><span class='ocrx_word' id='word_1_2' title='bbox 1122 345 1184 402; x_wconf 87' lang='grc' dir='ltr'><strong>Β.</strong></span> <span class='ocrx_word' id='word_1_3' title='bbox 1221 345 1471 404; x_wconf 59' lang='lat' dir='ltr'><strong>MBAN</strong></span> <span class='ocrx_word' id='word_1_4' title='bbox 1509 345 1728 404; x_wconf 77' lang='lat' dir='ltr'><strong>MAUBI</strong></span> <span class='ocrx_word' id='word_1_5' title='bbox 1765 343 2082 402; x_wconf 72' lang='lat' dir='ltr'><strong>ARCHIEP.</strong></span> <span class='ocrx_word' id='word_1_6' title='bbox 2122 341 2427 402; x_wconf 63' lang='lat' dir='ltr'><strong>HOGUNT.</strong></span> <span class='ocrx_word' id='word_1_7' title='bbox 2469 339 2753 400; x_wconf 73' lang='lat' dir='ltr'><strong>OPERUM</strong></span> <span class='ocrx_word' id='word_1_8' title='bbox 2792 338 2972 397; x_wconf 79' lang='lat' dir='ltr'><strong>PARS</strong></span> <span class='ocrx_word' id='word_1_9' title='bbox 3007 339 3090 394; x_wconf 90' lang='lat' dir='ltr'><strong>lil.</strong></span> 
     </span>
    </p>
   </div>
   <div class='ocr_carea' id='block_1_3' title="bbox 3595 336 3734 392">
    <p class='ocr_par' dir='ltr' id='par_1_3' title="bbox 3595 336 3734 392">
     <span class='ocr_line' id='line_1_3' title="bbox 3595 336 3734 392; baseline -0.014 0"><span class='ocrx_word' id='word_1_10' title='bbox 3595 336 3734 392; x_wconf 67' lang='lat' dir='ltr'><strong>illi}</strong></span> 
     </span>
    </p>
   </div>
   <div class='ocr_carea' id='block_1_4' title="bbox 483 454 3736 532">
    <p class='ocr_par' dir='ltr' id='par_1_4' title="bbox 483 454 3736 532">
     <span class='ocr_line' id='line_1_4' title="bbox 483 454 3736 532; baseline -0.005 -6"><span class='ocrx_word' id='word_1_11' title='bbox 483 477 654 526; x_wconf 69' lang='lat' dir='ltr'><strong>um</strong></span> <span class='ocrx_word' id='word_1_12' title='bbox 691 478 802 522; x_wconf 76' lang='lat' dir='ltr'><strong>non</strong></span> <span class='ocrx_word' id='word_1_13' title='bbox 837 471 941 524; x_wconf 78' lang='lat' dir='ltr'><strong>est.</strong></span> <span class='ocrx_word' id='word_1_14' title='bbox 983 461 1116 520; x_wconf 60' lang='lat' dir='ltr'><strong>Tm</strong></span> <span class='ocrx_word' id='word_1_15' title='bbox 1153 474 1280 519; x_wconf 81' lang='lat' dir='ltr'><strong>vero</strong></span> <span class='ocrx_word' id='word_1_16' title='bbox 1317 470 1450 518; x_wconf 82' lang='lat' dir='ltr'><strong>sunt</strong></span> <span class='ocrx_word' id='word_1_17' title='bbox 1487 461 1830 531; x_wconf 80' lang='lat' dir='ltr'><strong>nceeptiones</strong></span> <span class='ocrx_word' id='word_1_18' title='bbox 1869 472 2058 514; x_wconf 83' lang='lat' dir='ltr'><strong>mune-</strong></span> <span class='ocrx_word' id='word_1_19' title='bbox 2085 461 2136 522; x_wconf 75' lang='grc' dir='ltr'>Α</span> <span class='ocrx_word' id='word_1_20' title='bbox 2162 457 2338 512; x_wconf 81' lang='lat' dir='ltr'><strong>sidere</strong></span> <span class='ocrx_word' id='word_1_21' title='bbox 2369 473 2473 512; x_wconf 89' lang='lat' dir='ltr'><strong>non</strong></span> <span class='ocrx_word' id='word_1_22' title='bbox 2508 463 2732 527; x_wconf 88' lang='lat' dir='ltr'><strong>possunt</strong></span> <span class='ocrx_word' id='word_1_23' title='bbox 2758 456 2811 527; x_wconf 89' lang='grc' dir='ltr'><strong>(Ι</strong></span> <span class='ocrx_word' id='word_1_24' title='bbox 2837 456 2959 510; x_wconf 81' lang='lat' dir='ltr'><strong>Cor.</strong></span> <span class='ocrx_word' id='word_1_25' title='bbox 2993 454 3068 525; x_wconf 75' lang='grc' dir='ltr'><strong>γ).</strong></span> <span class='ocrx_word' id='word_1_26' title='bbox 3101 475 3120 507; x_wconf 72' lang='grc' dir='ltr'><strong><em>ι</em></strong></span> <span class='ocrx_word' id='word_1_27' title='bbox 3154 455 3220 509; x_wconf 82' lang='lat' dir='ltr'><strong>Et</strong></span> <span class='ocrx_word' id='word_1_28' title='bbox 3245 455 3365 511; x_wconf 90' lang='lat' dir='ltr'><strong>ideo</strong></span> <span class='ocrx_word' id='word_1_29' title='bbox 3394 455 3639 532; x_wconf 80' lang='lat' dir='ltr'><strong>quisquis</strong></span> <span class='ocrx_word' id='word_1_30' title='bbox 3669 457 3736 510; x_wconf 89' lang='lat' dir='ltr'><strong>ab</strong></span> 
     </span>
    </p>
   </div>
   <div class='ocr_carea' id='block_1_5' title="bbox 484 549 2064 624">
    <p class='ocr_par' dir='ltr' id='par_1_5' title="bbox 484 549 2064 624">
     <span class='ocr_line' id='line_1_5' title="bbox 484 549 2064 624; baseline -0.003 -14"><span class='ocrx_word' id='word_1_31' title='bbox 484 554 708 621; x_wconf 88' lang='lat' dir='ltr'><strong>rnm,ad</strong></span> <span class='ocrx_word' id='word_1_32' title='bbox 729 567 866 624; x_wconf 81' lang='lat' dir='ltr'><strong>quas</strong></span> <span class='ocrx_word' id='word_1_33' title='bbox 881 569 954 609; x_wconf 81' lang='lat' dir='ltr'><strong>ex</strong></span> <span class='ocrx_word' id='word_1_34' title='bbox 979 552 1168 610; x_wconf 80' lang='lat' dir='ltr'><strong>fraude</strong></span> <span class='ocrx_word' id='word_1_35' title='bbox 1189 551 1495 607; x_wconf 86' lang='lat' dir='ltr'><strong>festinatur.</strong></span> <span class='ocrx_word' id='word_1_36' title='bbox 1516 549 1706 608; x_wconf 69' lang='lat' dir='ltr'><strong>Munus</strong></span> <span class='ocrx_word' id='word_1_37' title='bbox 1725 563 1960 618; x_wconf 88' lang='lat' dir='ltr'><strong>namque</strong></span> <span class='ocrx_word' id='word_1_38' title='bbox 1981 556 2064 606; x_wconf 85' lang='lat' dir='ltr'><strong>est</strong></span> 
     </span>
    </p>
   </div>
   <div class='ocr_carea' id='block_1_6' title="bbox 485 642 2064 729">
    <p class='ocr_par' dir='ltr' id='par_1_6' title="bbox 485 642 2064 729">
     <span class='ocr_line' id='line_1_6' title="bbox 485 642 2064 729; baseline -0.001 -29"><span class='ocrx_word' id='word_1_39' title='bbox 485 645 719 729; x_wconf 57' lang='lat' dir='ltr'><strong>a-cogde</strong></span> <span class='ocrx_word' id='word_1_40' title='bbox 743 653 958 716; x_wconf 70' lang='lat' dir='ltr'><strong>captata</strong></span> <span class='ocrx_word' id='word_1_41' title='bbox 984 644 1158 716; x_wconf 74' lang='lat' dir='ltr'><strong>gratia</strong></span> <span class='ocrx_word' id='word_1_42' title='bbox 1193 659 1226 701; x_wconf 87' lang='lat' dir='ltr'><strong>a</strong></span> <span class='ocrx_word' id='word_1_43' title='bbox 1255 644 1601 714; x_wconf 65' lang='lat' dir='ltr'><strong>cogitatione.</strong></span> <span class='ocrx_word' id='word_1_44' title='bbox 1628 642 1821 699; x_wconf 73' lang='lat' dir='ltr'><strong>Munus</strong></span> <span class='ocrx_word' id='word_1_45' title='bbox 1859 642 1930 698; x_wconf 90' lang='lat' dir='ltr'><strong>ab</strong></span> <span class='ocrx_word' id='word_1_46' title='bbox 1969 655 2064 698; x_wconf 86' lang='lat' dir='ltr'><strong>ore</strong></span> 
     </span>
    </p>
   </div>
   <div class='ocr_carea' id='block_1_7' title="bbox 485 735 2064 810">
    <p class='ocr_par' dir='ltr' id='par_1_7' title="bbox 485 735 2064 810">
     <span class='ocr_line' id='line_1_7' title="bbox 485 735 2064 810; baseline -0.009 -10"><span class='ocrx_word' id='word_1_47' title='bbox 485 747 598 805; x_wconf 73' lang='lat' dir='ltr'><strong>est.</strong></span> <span class='ocrx_word' id='word_1_48' title='bbox 627 738 805 810; x_wconf 65' lang='lat' dir='ltr'><strong>gloria</strong></span> <span class='ocrx_word' id='word_1_49' title='bbox 845 753 944 810; x_wconf 88' lang='lat' dir='ltr'><strong>per</strong></span> <span class='ocrx_word' id='word_1_50' title='bbox 976 737 1242 798; x_wconf 52' lang='lat' dir='ltr'><strong>“vorem.</strong></span> <span class='ocrx_word' id='word_1_51' title='bbox 1268 735 1460 795; x_wconf 82' lang='lat' dir='ltr'><strong>Munus</strong></span> <span class='ocrx_word' id='word_1_52' title='bbox 1492 748 1560 792; x_wconf 79' lang='lat' dir='ltr'><strong>ex</strong></span> <span class='ocrx_word' id='word_1_53' title='bbox 1590 749 1753 790; x_wconf 87' lang='lat' dir='ltr'><strong>manu</strong></span> <span class='ocrx_word' id='word_1_54' title='bbox 1782 741 1896 800; x_wconf 85' lang='lat' dir='ltr'><strong>est,</strong></span> <span class='ocrx_word' id='word_1_55' title='bbox 1926 747 2064 804; x_wconf 71' lang='lat' dir='ltr'><strong>pra:-</strong></span> 
     </span>
    </p>
   </div>
   <div class='ocr_carea' id='block_1_8' title="bbox 486 823 2064 902">
    <p class='ocr_par' dir='ltr' id='par_1_8' title="bbox 486 823 2064 902">
     <span class='ocr_line' id='line_1_8' title="bbox 486 823 2064 902; baseline -0.006 -14"><span class='ocrx_word' id='word_1_56' title='bbox 486 832 654 896; x_wconf 75' lang='lat' dir='ltr'><strong>tnium</strong></span> <span class='ocrx_word' id='word_1_57' title='bbox 699 845 799 902; x_wconf 82' lang='lat' dir='ltr'><strong>per</strong></span> <span class='ocrx_word' id='word_1_58' title='bbox 847 829 1139 894; x_wconf 68' lang='lat' dir='ltr'><strong>ustionem.</strong></span> <span class='ocrx_word' id='word_1_59' title='bbox 1177 827 1281 884; x_wconf 87' lang='lat' dir='ltr'><strong>Sed</strong></span> <span class='ocrx_word' id='word_1_60' title='bbox 1320 826 1501 896; x_wconf 83' lang='lat' dir='ltr'><strong>justus</strong></span> <span class='ocrx_word' id='word_1_61' title='bbox 1545 826 1776 896; x_wconf 82' lang='lat' dir='ltr'><strong>quisque</strong></span> <span class='ocrx_word' id='word_1_62' title='bbox 1813 824 1884 880; x_wconf 88' lang='lat' dir='ltr'><strong>ab</strong></span> <span class='ocrx_word' id='word_1_63' title='bbox 1917 823 2064 880; x_wconf 84' lang='lat' dir='ltr'><strong>omni</strong></span> 
     </span>
    </p>
   </div>
   <div class='ocr_carea' id='block_1_9' title="bbox 485 917 2062 990">
    <p class='ocr_par' dir='ltr' id='par_1_9' title="bbox 485 917 2062 990">
     <span class='ocr_line' id='line_1_9' title="bbox 485 917 2062 990; baseline -0.006 -10"><span class='ocrx_word' id='word_1_64' title='bbox 485 937 712 984; x_wconf 73' lang='lat' dir='ltr'><strong>munere</strong></span> <span class='ocrx_word' id='word_1_65' title='bbox 737 937 932 978; x_wconf 87' lang='lat' dir='ltr'><strong>manus</strong></span> <span class='ocrx_word' id='word_1_66' title='bbox 957 921 1164 984; x_wconf 69' lang='lat' dir='ltr'><strong>excutit</strong></span> <span class='ocrx_word' id='word_1_67' title='bbox 1181 959 1196 987; x_wconf 91' lang='lat'><strong>,</strong></span> <span class='ocrx_word' id='word_1_68' title='bbox 1227 919 1354 990; x_wconf 96' lang='lat' dir='ltr'><strong>quia</strong></span> <span class='ocrx_word' id='word_1_69' title='bbox 1391 919 1449 976; x_wconf 88' lang='lat' dir='ltr'><strong>in</strong></span> <span class='ocrx_word' id='word_1_70' title='bbox 1495 934 1560 975; x_wconf 89' lang='lat' dir='ltr'><strong>eo</strong></span> <span class='ocrx_word' id='word_1_71' title='bbox 1583 917 1727 989; x_wconf 91' lang='lat' dir='ltr'><strong>quod</strong></span> <span class='ocrx_word' id='word_1_72' title='bbox 1752 925 1898 974; x_wconf 84' lang='lat' dir='ltr'><strong>recte</strong></span> <span class='ocrx_word' id='word_1_73' title='bbox 1929 917 2062 988; x_wconf 86' lang='lat' dir='ltr'><strong>agit,</strong></span> 
     </span>
    </p>
   </div>
   <div class='ocr_carea' id='block_1_10' title="bbox 486 1009 2064 1080">
    <p class='ocr_par' dir='ltr' id='par_1_10' title="bbox 486 1009 2064 1080">
     <span class='ocr_line' id='line_1_10' title="bbox 486 1009 2064 1080; baseline -0.006 -8"><span class='ocrx_word' id='word_1_74' title='bbox 486 1027 587 1072; x_wconf 79' lang='lat' dir='ltr'><strong>nec</strong></span> <span class='ocrx_word' id='word_1_75' title='bbox 623 1015 693 1070; x_wconf 85' lang='lat' dir='ltr'><strong>ab</strong></span> <span class='ocrx_word' id='word_1_76' title='bbox 723 1014 966 1070; x_wconf 78' lang='lat' dir='ltr'><strong>humano</strong></span> <span class='ocrx_word' id='word_1_77' title='bbox 989 1011 1154 1068; x_wconf 84' lang='lat' dir='ltr'><strong>corde</strong></span> <span class='ocrx_word' id='word_1_78' title='bbox 1193 1010 1409 1069; x_wconf 85' lang='lat' dir='ltr'><strong>inanem</strong></span> <span class='ocrx_word' id='word_1_79' title='bbox 1438 1010 1698 1080; x_wconf 88' lang='lat' dir='ltr'><strong>gloriam,</strong></span> <span class='ocrx_word' id='word_1_80' title='bbox 1735 1023 1838 1066; x_wconf 90' lang='lat' dir='ltr'><strong>nec</strong></span> <span class='ocrx_word' id='word_1_81' title='bbox 1871 1009 1940 1064; x_wconf 87' lang='lat' dir='ltr'><strong>ab</strong></span> <span class='ocrx_word' id='word_1_82' title='bbox 1968 1023 2064 1064; x_wconf 87' lang='lat' dir='ltr'><strong>ore</strong></span> 
     </span>
    </p>
   </div>
   <div class='ocr_carea' id='block_1_11' title="bbox 484 1097 2065 1174">
    <p class='ocr_par' dir='ltr' id='par_1_11' title="bbox 484 1097 2065 1174">
     <span class='ocr_line' id='line_1_11' title="bbox 484 1097 2065 1174; baseline -0.004 -14"><span class='ocrx_word' id='word_1_83' title='bbox 484 1105 719 1172; x_wconf 78' lang='lat' dir='ltr'><strong>laudem,</strong></span> <span class='ocrx_word' id='word_1_84' title='bbox 751 1118 853 1162; x_wconf 86' lang='lat' dir='ltr'><strong>nec</strong></span> <span class='ocrx_word' id='word_1_85' title='bbox 887 1119 922 1165; x_wconf 71' lang='grc' dir='ltr'><em>α</em></span> <span class='ocrx_word' id='word_1_86' title='bbox 959 1118 1120 1160; x_wconf 83' lang='lat' dir='ltr'><strong>manu</strong></span> <span class='ocrx_word' id='word_1_87' title='bbox 1156 1101 1395 1174; x_wconf 76' lang='lat' dir='ltr'><strong>recipere</strong></span> <span class='ocrx_word' id='word_1_88' title='bbox 1423 1101 1694 1157; x_wconf 88' lang='lat' dir='ltr'><strong>dationem</strong></span> <span class='ocrx_word' id='word_1_89' title='bbox 1721 1100 1932 1170; x_wconf 65' lang='lat' dir='ltr'><strong>quierit.</strong></span> <span class='ocrx_word' id='word_1_90' title='bbox 1963 1097 2065 1154; x_wconf 85' lang='lat' dir='ltr'><strong>So-</strong></span> 
     </span>
    </p>
   </div>
   <div class='ocr_carea' id='block_1_12' title="bbox 485 1191 2063 1271">
    <p class='ocr_par' dir='ltr' id='par_1_12' title="bbox 485 1191 2063 1271">
     <span class='ocr_line' id='line_1_12' title="bbox 485 1191 2063 1271; baseline -0.003 -20"><span class='ocrx_word' id='word_1_91' title='bbox 485 1197 569 1260; x_wconf 76' lang='lat' dir='ltr'><strong>lus</strong></span> <span class='ocrx_word' id='word_1_92' title='bbox 593 1199 652 1258; x_wconf 79' lang='lat' dir='ltr'><strong>in</strong></span> <span class='ocrx_word' id='word_1_93' title='bbox 681 1197 772 1254; x_wconf 87' lang='lat' dir='ltr'><strong>Dei</strong></span> <span class='ocrx_word' id='word_1_94' title='bbox 799 1211 965 1271; x_wconf 85' lang='lat' dir='ltr'><strong>opere</strong></span> <span class='ocrx_word' id='word_1_95' title='bbox 992 1194 1237 1254; x_wconf 75' lang='lat' dir='ltr'><strong>fraudem</strong></span> <span class='ocrx_word' id='word_1_96' title='bbox 1264 1209 1369 1250; x_wconf 90' lang='lat' dir='ltr'><strong>non</strong></span> <span class='ocrx_word' id='word_1_97' title='bbox 1397 1193 1528 1248; x_wconf 87' lang='lat' dir='ltr'><strong>facit</strong></span> <span class='ocrx_word' id='word_1_98' title='bbox 1553 1210 1568 1249; x_wconf 73' lang='grc' dir='ltr'>ε</span> <span class='ocrx_word' id='word_1_99' title='bbox 1593 1193 1685 1263; x_wconf 90' lang='lat' dir='ltr'><strong>qui</strong></span> <span class='ocrx_word' id='word_1_100' title='bbox 1713 1207 1834 1246; x_wconf 91' lang='lat' dir='ltr'><strong>cum</strong></span> <span class='ocrx_word' id='word_1_101' title='bbox 1861 1191 1928 1246; x_wconf 90' lang='lat' dir='ltr'><strong>ad</strong></span> <span class='ocrx_word' id='word_1_102' title='bbox 1949 1199 2063 1246; x_wconf 86' lang='lat' dir='ltr'><strong>stu-</strong></span> 
     </span>
    </p>
   </div>
   <div class='ocr_carea' id='block_1_13' title="bbox 485 1281 2061 1355">
    <p class='ocr_par' dir='ltr' id='par_1_13' title="bbox 485 1281 2061 1355">
     <span class='ocr_line' id='line_1_13' title="bbox 485 1281 2061 1355; baseline -0.006 -9"><span class='ocrx_word' id='word_1_103' title='bbox 485 1286 572 1346; x_wconf 77' lang='lat' dir='ltr'><strong>dia</strong></span> <span class='ocrx_word' id='word_1_104' title='bbox 619 1287 775 1345; x_wconf 61' lang='lat' dir='ltr'><strong>bona:</strong></span> <span class='ocrx_word' id='word_1_105' title='bbox 813 1285 1045 1342; x_wconf 80' lang='lat' dir='ltr'><strong>actionis</strong></span> <span class='ocrx_word' id='word_1_106' title='bbox 1082 1283 1354 1355; x_wconf 77' lang='lat' dir='ltr'><strong>invigilat,</strong></span> <span class='ocrx_word' id='word_1_107' title='bbox 1391 1296 1497 1340; x_wconf 89' lang='lat' dir='ltr'><strong>nec</strong></span> <span class='ocrx_word' id='word_1_108' title='bbox 1540 1282 1612 1339; x_wconf 86' lang='lat' dir='ltr'><strong>ad</strong></span> <span class='ocrx_word' id='word_1_109' title='bbox 1647 1281 1944 1352; x_wconf 85' lang='lat' dir='ltr'><strong>corporalis</strong></span> <span class='ocrx_word' id='word_1_110' title='bbox 1981 1281 2061 1336; x_wconf 88' lang='lat' dir='ltr'><strong>rei</strong></span> 
     </span>
    </p>
   </div>
   <div class='ocr_carea' id='block_1_14' title="bbox 482 1370 2061 1446">
    <p class='ocr_par' dir='ltr' id='par_1_14' title="bbox 482 1370 2061 1446">
     <span class='ocr_line' id='line_1_14' title="bbox 482 1370 2061 1446; baseline -0.004 -14"><span class='ocrx_word' id='word_1_111' title='bbox 482 1377 728 1446; x_wconf 64' lang='lat' dir='ltr'><strong>praemia,</strong></span> <span class='ocrx_word' id='word_1_112' title='bbox 755 1389 859 1434; x_wconf 87' lang='lat' dir='ltr'><strong>nec</strong></span> <span class='ocrx_word' id='word_1_113' title='bbox 885 1375 952 1432; x_wconf 83' lang='lat' dir='ltr'><strong>ad</strong></span> <span class='ocrx_word' id='word_1_114' title='bbox 977 1374 1153 1432; x_wconf 84' lang='lat' dir='ltr'><strong>laudis</strong></span> <span class='ocrx_word' id='word_1_115' title='bbox 1182 1373 1368 1440; x_wconf 86' lang='lat' dir='ltr'><strong>verba,</strong></span> <span class='ocrx_word' id='word_1_116' title='bbox 1409 1387 1511 1432; x_wconf 83' lang='lat' dir='ltr'><strong>nec</strong></span> <span class='ocrx_word' id='word_1_117' title='bbox 1536 1372 1604 1428; x_wconf 91' lang='lat' dir='ltr'><strong>ad</strong></span> <span class='ocrx_word' id='word_1_118' title='bbox 1631 1373 1850 1429; x_wconf 86' lang='lat' dir='ltr'><strong>humani</strong></span> <span class='ocrx_word' id='word_1_119' title='bbox 1872 1370 2061 1440; x_wconf 76' lang='lat' dir='ltr'><strong>iudicii</strong></span> 
     </span>
    </p>
   </div>
   <div class='ocr_carea' id='block_1_15' title="bbox 481 1462 2062 1541">
    <p class='ocr_par' dir='ltr' id='par_1_15' title="bbox 481 1462 2062 1541">
     <span class='ocr_line' id='line_1_15' title="bbox 481 1462 2062 1541; baseline -0.003 -18"><span class='ocrx_word' id='word_1_120' title='bbox 481 1469 712 1539; x_wconf 72' lang='lat' dir='ltr'><strong>gratiam</strong></span> <span class='ocrx_word' id='word_1_121' title='bbox 737 1467 974 1526; x_wconf 81' lang='lat' dir='ltr'><strong>anhelat.</strong></span> <span class='ocrx_word' id='word_1_122' title='bbox 1012 1468 1130 1538; x_wconf 80' lang='lat' dir='ltr'><strong>Ipsa</strong></span> <span class='ocrx_word' id='word_1_123' title='bbox 1157 1466 1322 1541; x_wconf 82' lang='lat' dir='ltr'><strong>igitur</strong></span> <span class='ocrx_word' id='word_1_124' title='bbox 1358 1465 1498 1528; x_wconf 82' lang='lat' dir='ltr'><strong>bona</strong></span> <span class='ocrx_word' id='word_1_125' title='bbox 1527 1471 1734 1530; x_wconf 86' lang='lat' dir='ltr'><strong>nostra.</strong></span> <span class='ocrx_word' id='word_1_126' title='bbox 1775 1463 1901 1534; x_wconf 85' lang='lat' dir='ltr'><strong>quia</strong></span> <span class='ocrx_word' id='word_1_127' title='bbox 1932 1462 2062 1518; x_wconf 91' lang='lat' dir='ltr'><strong>insi-</strong></span> 
     </span>
    </p>
   </div>
   <div class='ocr_carea' id='block_1_16' title="bbox 480 1551 2084 1630">
    <p class='ocr_par' dir='ltr' id='par_1_16' title="bbox 480 1551 2084 1630">
     <span class='ocr_line' id='line_1_16' title="bbox 480 1551 2084 1630; baseline -0.007 -11"><span class='ocrx_word' id='word_1_128' title='bbox 480 1559 699 1618; x_wconf 66' lang='lat' dir='ltr'><strong>nuantia</strong></span> <span class='ocrx_word' id='word_1_129' title='bbox 734 1559 904 1630; x_wconf 63' lang='lat' dir='ltr'><strong>culpa</strong></span> <span class='ocrx_word' id='word_1_130' title='bbox 924 1559 1158 1616; x_wconf 78' lang='lat' dir='ltr'><strong>evadere</strong></span> <span class='ocrx_word' id='word_1_131' title='bbox 1181 1556 1420 1630; x_wconf 86' lang='lat' dir='ltr'><strong>gladium</strong></span> <span class='ocrx_word' id='word_1_132' title='bbox 1457 1561 1760 1625; x_wconf 85' lang='lat' dir='ltr'><strong>nequeunt,</strong></span> <span class='ocrx_word' id='word_1_133' title='bbox 1785 1553 1892 1608; x_wconf 88' lang='lat' dir='ltr'><strong>nisi</strong></span> <span class='ocrx_word' id='word_1_134' title='bbox 1918 1551 2084 1608; x_wconf 85' lang='lat' dir='ltr'><strong>solli--</strong></span> 
     </span>
    </p>
   </div>
   <div class='ocr_carea' id='block_1_17' title="bbox 478 1641 2062 1722">
    <p class='ocr_par' dir='ltr' id='par_1_17' title="bbox 478 1641 2062 1722">
     <span class='ocr_line' id='line_1_17' title="bbox 478 1641 2062 1722; baseline -0.008 -9"><span class='ocrx_word' id='word_1_135' title='bbox 478 1651 589 1713; x_wconf 78' lang='lat' dir='ltr'><strong>cito</strong></span> <span class='ocrx_word' id='word_1_136' title='bbox 630 1651 874 1722; x_wconf 84' lang='lat' dir='ltr'><strong>quotidie</strong></span> <span class='ocrx_word' id='word_1_137' title='bbox 917 1650 1112 1708; x_wconf 78' lang='lat' dir='ltr'><strong>timore</strong></span> <span class='ocrx_word' id='word_1_138' title='bbox 1151 1648 1503 1713; x_wconf 76' lang='lat' dir='ltr'><strong>muniantur,</strong></span> <span class='ocrx_word' id='word_1_139' title='bbox 1541 1660 1641 1717; x_wconf 90' lang='lat' dir='ltr'><strong>per</strong></span> <span class='ocrx_word' id='word_1_140' title='bbox 1679 1653 1924 1701; x_wconf 88' lang='lat' dir='ltr'><strong>sanctum</strong></span> <span class='ocrx_word' id='word_1_141' title='bbox 1961 1641 2062 1700; x_wconf 85' lang='lat' dir='ltr'><strong>Job</strong></span> 
     </span>
    </p>
   </div>
   <div class='ocr_carea' id='block_1_18' title="bbox 479 1736 2054 1810">
    <p class='ocr_par' dir='ltr' id='par_1_18' title="bbox 479 1736 2054 1810">
     <span class='ocr_line' id='line_1_18' title="bbox 479 1736 2054 1810; baseline -0.006 -8"><span class='ocrx_word' id='word_1_142' title='bbox 479 1753 627 1806; x_wconf 72' lang='lat' dir='ltr'><strong>mute</strong></span> <span class='ocrx_word' id='word_1_143' title='bbox 656 1743 860 1802; x_wconf 84' lang='lat' dir='ltr'><strong>dicitur</strong></span> <span class='ocrx_word' id='word_1_144' title='bbox 897 1760 914 1797; x_wconf 87' lang='lat'><strong>:</strong></span> <span class='ocrx_word' id='word_1_145' title='bbox 959 1762 977 1795; x_wconf 75' lang='grc' dir='ltr'>ι</span> <span class='ocrx_word' id='word_1_146' title='bbox 1029 1742 1272 1800; x_wconf 77' lang='lat' dir='ltr'><strong>Verebar</strong></span> <span class='ocrx_word' id='word_1_147' title='bbox 1312 1739 1497 1797; x_wconf 83' lang='lat' dir='ltr'><strong>omnia</strong></span> <span class='ocrx_word' id='word_1_148' title='bbox 1535 1752 1699 1810; x_wconf 84' lang='lat' dir='ltr'><strong>opera</strong></span> <span class='ocrx_word' id='word_1_149' title='bbox 1749 1753 1870 1796; x_wconf 89' lang='lat' dir='ltr'><strong>mea</strong></span> <span class='ocrx_word' id='word_1_150' title='bbox 1909 1736 2054 1809; x_wconf 79' lang='lat' dir='ltr'><strong>(Job.</strong></span> 
     </span>
    </p>
   </div>
   <div class='ocr_carea' id='block_1_19' title="bbox 2162 547 3739 622">
    <p class='ocr_par' dir='ltr' id='par_1_19' title="bbox 2162 547 3739 622">
     <span class='ocr_line' id='line_1_19' title="bbox 2162 547 3739 622; baseline -0.001 -18"><span class='ocrx_word' id='word_1_151' title='bbox 2162 549 2319 619; x_wconf 86' lang='lat' dir='ltr'><strong>hujus</strong></span> <span class='ocrx_word' id='word_1_152' title='bbox 2346 551 2621 622; x_wconf 79' lang='lat' dir='ltr'><strong>sanguinis</strong></span> <span class='ocrx_word' id='word_1_153' title='bbox 2648 547 2908 604; x_wconf 70' lang='lat' dir='ltr'><strong>effusione</strong></span> <span class='ocrx_word' id='word_1_154' title='bbox 2935 547 3168 618; x_wconf 83' lang='lat' dir='ltr'><strong>gladium</strong></span> <span class='ocrx_word' id='word_1_155' title='bbox 3207 549 3427 619; x_wconf 85' lang='lat' dir='ltr'><strong>spiritus</strong></span> <span class='ocrx_word' id='word_1_156' title='bbox 3444 589 3457 614; x_wconf 91' lang='lat'><strong>,</strong></span> <span class='ocrx_word' id='word_1_157' title='bbox 3487 547 3628 618; x_wconf 92' lang='lat' dir='ltr'><strong>quod</strong></span> <span class='ocrx_word' id='word_1_158' title='bbox 3655 558 3739 603; x_wconf 82' lang='lat' dir='ltr'><strong>est</strong></span> 
     </span>
    </p>
   </div>
   <div class='ocr_carea' id='block_1_20' title="bbox 2161 637 3740 710">
    <p class='ocr_par' dir='ltr' id='par_1_20' title="bbox 2161 637 3740 710">
     <span class='ocr_line' id='line_1_20' title="bbox 2161 637 3740 710; baseline 0.002 -19"><span class='ocrx_word' id='word_1_159' title='bbox 2161 639 2382 696; x_wconf 86' lang='lat' dir='ltr'><strong>verbum</strong></span> <span class='ocrx_word' id='word_1_160' title='bbox 2413 640 2504 694; x_wconf 90' lang='lat' dir='ltr'><strong>Dei</strong></span> <span class='ocrx_word' id='word_1_161' title='bbox 2534 639 2764 698; x_wconf 87' lang='lat' dir='ltr'><strong>voluerit</strong></span> <span class='ocrx_word' id='word_1_162' title='bbox 2798 639 3067 708; x_wconf 89' lang='lat' dir='ltr'><strong>inhibere,</strong></span> <span class='ocrx_word' id='word_1_163' title='bbox 3097 639 3298 710; x_wconf 90' lang='lat' dir='ltr'><strong>absque</strong></span> <span class='ocrx_word' id='word_1_164' title='bbox 3329 639 3492 694; x_wconf 90' lang='lat' dir='ltr'><strong>dubio</strong></span> <span class='ocrx_word' id='word_1_165' title='bbox 3530 637 3623 694; x_wconf 89' lang='lat' dir='ltr'><strong>illa</strong></span> <span class='ocrx_word' id='word_1_166' title='bbox 3648 638 3740 694; x_wconf 86' lang='lat' dir='ltr'><strong>Je-</strong></span> 
     </span>
    </p>
   </div>
   <div class='ocr_carea' id='block_1_21' title="bbox 2161 731 3746 803">
    <p class='ocr_par' dir='ltr' id='par_1_21' title="bbox 2161 731 3746 803">
     <span class='ocr_line' id='line_1_21' title="bbox 2161 731 3746 803; baseline 0.002 -18"><span class='ocrx_word' id='word_1_167' title='bbox 2161 732 2343 788; x_wconf 73' lang='lat' dir='ltr'><strong>remia:</strong></span> <span class='ocrx_word' id='word_1_168' title='bbox 2369 731 2644 803; x_wconf 78' lang='lat' dir='ltr'><strong>propheta:</strong></span> <span class='ocrx_word' id='word_1_169' title='bbox 2669 731 3044 788; x_wconf 84' lang='lat' dir='ltr'><strong>maledictione</strong></span> <span class='ocrx_word' id='word_1_170' title='bbox 3063 731 3328 803; x_wconf 88' lang='lat' dir='ltr'><strong>plectetur</strong></span> <span class='ocrx_word' id='word_1_171' title='bbox 3353 751 3365 786; x_wconf 95' lang='lat'>:</span> <span class='ocrx_word' id='word_1_172' title='bbox 3403 752 3419 784; x_wconf 72' lang='grc' dir='ltr'>α</span> <span class='ocrx_word' id='word_1_173' title='bbox 3457 731 3594 788; x_wconf 84' lang='lat' dir='ltr'><strong>Nam</strong></span> <span class='ocrx_word' id='word_1_174' title='bbox 3625 747 3746 788; x_wconf 85' lang='lat' dir='ltr'><strong>ma-</strong></span> 
     </span>
    </p>
   </div>
   <div class='ocr_carea' id='block_1_22' title="bbox 2161 819 3744 895">
    <p class='ocr_par' dir='ltr' id='par_1_22' title="bbox 2161 819 3744 895">
     <span class='ocr_line' id='line_1_22' title="bbox 2161 819 3744 895; baseline 0.004 -21"><span class='ocrx_word' id='word_1_175' title='bbox 2161 819 2416 886; x_wconf 88' lang='lat' dir='ltr'><strong>ledictus,</strong></span> <span class='ocrx_word' id='word_1_176' title='bbox 2455 821 2659 892; x_wconf 85' lang='lat' dir='ltr'><strong>inquit,</strong></span> <span class='ocrx_word' id='word_1_177' title='bbox 2695 821 2784 892; x_wconf 87' lang='lat' dir='ltr'><strong>qui</strong></span> <span class='ocrx_word' id='word_1_178' title='bbox 2822 822 3070 893; x_wconf 91' lang='lat' dir='ltr'><strong>prohibet</strong></span> <span class='ocrx_word' id='word_1_179' title='bbox 3093 822 3326 895; x_wconf 79' lang='lat' dir='ltr'><strong>gladium</strong></span> <span class='ocrx_word' id='word_1_180' title='bbox 3355 839 3512 880; x_wconf 91' lang='lat' dir='ltr'><strong>suum</strong></span> <span class='ocrx_word' id='word_1_181' title='bbox 3540 841 3572 879; x_wconf 92' lang='lat' dir='ltr'><strong>a</strong></span> <span class='ocrx_word' id='word_1_182' title='bbox 3609 841 3744 880; x_wconf 88' lang='lat' dir='ltr'><strong>san-</strong></span> 
     </span>
    </p>
   </div>
   <div class='ocr_carea' id='block_1_23' title="bbox 2161 909 3742 985">
    <p class='ocr_par' dir='ltr' id='par_1_23' title="bbox 2161 909 3742 985">
     <span class='ocr_line' id='line_1_23' title="bbox 2161 909 3742 985; baseline 0.001 -17"><span class='ocrx_word' id='word_1_183' title='bbox 2161 913 2336 984; x_wconf 89' lang='lat' dir='ltr'><strong>guine.</strong></span> <span class='ocrx_word' id='word_1_184' title='bbox 2377 932 2396 966; x_wconf 72' lang='grc' dir='ltr'><strong>ι</strong></span> <span class='ocrx_word' id='word_1_185' title='bbox 2429 909 2526 968; x_wconf 78' lang='lat' dir='ltr'><strong>ilic</strong></span> <span class='ocrx_word' id='word_1_186' title='bbox 2557 927 2792 984; x_wconf 86' lang='lat' dir='ltr'><strong>namque</strong></span> <span class='ocrx_word' id='word_1_187' title='bbox 2832 921 2917 968; x_wconf 88' lang='lat' dir='ltr'><strong>est</strong></span> <span class='ocrx_word' id='word_1_188' title='bbox 2952 911 3190 985; x_wconf 81' lang='lat' dir='ltr'><strong>gladius,</strong></span> <span class='ocrx_word' id='word_1_189' title='bbox 3219 914 3310 984; x_wconf 88' lang='lat' dir='ltr'><strong>qui</strong></span> <span class='ocrx_word' id='word_1_190' title='bbox 3343 913 3490 970; x_wconf 88' lang='lat' dir='ltr'><strong>illum</strong></span> <span class='ocrx_word' id='word_1_191' title='bbox 3515 915 3742 970; x_wconf 74' lang='lat' dir='ltr'><strong>noxium</strong></span> 
     </span>
    </p>
   </div>
   <div class='ocr_carea' id='block_1_24' title="bbox 2161 1003 3746 1078">
    <p class='ocr_par' dir='ltr' id='par_1_24' title="bbox 2161 1003 3746 1078">
     <span class='ocr_line' id='line_1_24' title="bbox 2161 1003 3746 1078; baseline 0.002 -18"><span class='ocrx_word' id='word_1_192' title='bbox 2161 1003 2476 1075; x_wconf 83' lang='lat' dir='ltr'><strong>sanguinem</strong></span> <span class='ocrx_word' id='word_1_193' title='bbox 2493 1046 2506 1071; x_wconf 94' lang='lat'><strong>,</strong></span> <span class='ocrx_word' id='word_1_194' title='bbox 2545 1019 2653 1076; x_wconf 92' lang='lat' dir='ltr'><strong>quo</strong></span> <span class='ocrx_word' id='word_1_195' title='bbox 2679 1005 2951 1062; x_wconf 89' lang='lat' dir='ltr'><strong>animatur</strong></span> <span class='ocrx_word' id='word_1_196' title='bbox 2977 1005 3204 1061; x_wconf 85' lang='lat' dir='ltr'><strong>materia</strong></span> <span class='ocrx_word' id='word_1_197' title='bbox 3236 1016 3588 1078; x_wconf 85' lang='lat' dir='ltr'><strong>peccatorum</strong></span> <span class='ocrx_word' id='word_1_198' title='bbox 3609 1049 3624 1074; x_wconf 88' lang='lat'><strong>,</strong></span> <span class='ocrx_word' id='word_1_199' title='bbox 3654 1024 3746 1063; x_wconf 82' lang='lat' dir='ltr'><strong>sa-</strong></span> 
     </span>
    </p>
   </div>
   <div class='ocr_carea' id='block_1_25' title="bbox 2159 1095 3742 1170">
    <p class='ocr_par' dir='ltr' id='par_1_25' title="bbox 2159 1095 3742 1170">
     <span class='ocr_line' id='line_1_25' title="bbox 2159 1095 3742 1170; baseline 0.004 -20"><span class='ocrx_word' id='word_1_200' title='bbox 2159 1097 2387 1152; x_wconf 86' lang='lat' dir='ltr'><strong>lubriter</strong></span> <span class='ocrx_word' id='word_1_201' title='bbox 2409 1097 2663 1164; x_wconf 88' lang='lat' dir='ltr'><strong>fundens,</strong></span> <span class='ocrx_word' id='word_1_202' title='bbox 2691 1095 2950 1170; x_wconf 86' lang='lat' dir='ltr'><strong>quidquid</strong></span> <span class='ocrx_word' id='word_1_203' title='bbox 2974 1098 3234 1169; x_wconf 90' lang='lat' dir='ltr'><strong>repererit</strong></span> <span class='ocrx_word' id='word_1_204' title='bbox 3262 1099 3315 1153; x_wconf 90' lang='lat' dir='ltr'><strong>in</strong></span> <span class='ocrx_word' id='word_1_205' title='bbox 3349 1101 3609 1156; x_wconf 86' lang='lat' dir='ltr'><strong>membris</strong></span> <span class='ocrx_word' id='word_1_206' title='bbox 3639 1117 3742 1156; x_wconf 91' lang='lat' dir='ltr'><strong>no-</strong></span> 
     </span>
    </p>
   </div>
   <div class='ocr_carea' id='block_1_26' title="bbox 2161 1189 3746 1256">
    <p class='ocr_par' dir='ltr' id='par_1_26' title="bbox 2161 1189 3746 1256">
     <span class='ocr_line' id='line_1_26' title="bbox 2161 1189 3746 1256; baseline 0.003 -13"><span class='ocrx_word' id='word_1_207' title='bbox 2161 1189 2288 1244; x_wconf 86' lang='lat' dir='ltr'><strong>stris</strong></span> <span class='ocrx_word' id='word_1_208' title='bbox 2318 1189 2907 1253; x_wconf 76' lang='lat' dir='ltr'><strong>carnale.terrenumve</strong></span> <span class='ocrx_word' id='word_1_209' title='bbox 2945 1201 3290 1256; x_wconf 89' lang='lat' dir='ltr'><strong>concretum,</strong></span> <span class='ocrx_word' id='word_1_210' title='bbox 3322 1200 3533 1247; x_wconf 86' lang='lat' dir='ltr'><strong>resecat</strong></span> <span class='ocrx_word' id='word_1_211' title='bbox 3561 1201 3617 1248; x_wconf 91' lang='lat' dir='ltr'><strong>et</strong></span> <span class='ocrx_word' id='word_1_212' title='bbox 3645 1193 3746 1248; x_wconf 84' lang='lat' dir='ltr'><strong>ab-</strong></span> 
     </span>
    </p>
   </div>
   <div class='ocr_carea' id='block_1_27' title="bbox 2161 1281 3746 1355">
    <p class='ocr_par' dir='ltr' id='par_1_27' title="bbox 2161 1281 3746 1355">
     <span class='ocr_line' id='line_1_27' title="bbox 2161 1281 3746 1355; baseline 0.001 -19"><span class='ocrx_word' id='word_1_213' title='bbox 2161 1281 2346 1347; x_wconf 89' lang='lat' dir='ltr'><strong>scidet,</strong></span> <span class='ocrx_word' id='word_1_214' title='bbox 2377 1297 2438 1337; x_wconf 87' lang='lat' dir='ltr'><strong>ac</strong></span> <span class='ocrx_word' id='word_1_215' title='bbox 2465 1281 2820 1337; x_wconf 81' lang='lat' dir='ltr'><strong>mortificatos</strong></span> <span class='ocrx_word' id='word_1_216' title='bbox 2843 1281 3006 1350; x_wconf 87' lang='lat' dir='ltr'><strong>vitiis,</strong></span> <span class='ocrx_word' id='word_1_217' title='bbox 3037 1283 3216 1338; x_wconf 81' lang='lat' dir='ltr'><strong>vivere</strong></span> <span class='ocrx_word' id='word_1_218' title='bbox 3237 1283 3366 1355; x_wconf 82' lang='lat' dir='ltr'><strong>Deo,</strong></span> <span class='ocrx_word' id='word_1_219' title='bbox 3399 1291 3454 1337; x_wconf 91' lang='lat' dir='ltr'><strong>et</strong></span> <span class='ocrx_word' id='word_1_220' title='bbox 3484 1284 3746 1354; x_wconf 67' lang='lat' dir='ltr'><strong>Spiritalia</strong></span> 
     </span>
    </p>
   </div>
   <div class='ocr_carea' id='block_1_28' title="bbox 2160 1372 3740 1444">
    <p class='ocr_par' dir='ltr' id='par_1_28' title="bbox 2160 1372 3740 1444">
     <span class='ocr_line' id='line_1_28' title="bbox 2160 1372 3740 1444; baseline 0 -14"><span class='ocrx_word' id='word_1_221' title='bbox 2160 1373 2261 1430; x_wconf 89' lang='lat' dir='ltr'><strong>bus</strong></span> <span class='ocrx_word' id='word_1_222' title='bbox 2291 1372 2419 1428; x_wconf 80' lang='lat' dir='ltr'><strong>facit</strong></span> <span class='ocrx_word' id='word_1_223' title='bbox 2447 1374 2630 1442; x_wconf 79' lang='lat' dir='ltr'><strong>vigere</strong></span> <span class='ocrx_word' id='word_1_224' title='bbox 2663 1373 2988 1430; x_wconf 87' lang='lat' dir='ltr'><strong>virtutibus:</strong></span> <span class='ocrx_word' id='word_1_225' title='bbox 3013 1383 3068 1430; x_wconf 92' lang='lat' dir='ltr'><strong>et</strong></span> <span class='ocrx_word' id='word_1_226' title='bbox 3093 1375 3168 1430; x_wconf 91' lang='lat' dir='ltr'><strong>ita</strong></span> <span class='ocrx_word' id='word_1_227' title='bbox 3197 1375 3310 1444; x_wconf 90' lang='lat' dir='ltr'><strong>jam</strong></span> <span class='ocrx_word' id='word_1_228' title='bbox 3344 1389 3450 1432; x_wconf 88' lang='lat' dir='ltr'><strong>non</strong></span> <span class='ocrx_word' id='word_1_229' title='bbox 3489 1376 3740 1430; x_wconf 59' lang='lat' dir='ltr'><strong>recordm</strong></span> 
     </span>
    </p>
   </div>
   <div class='ocr_carea' id='block_1_29' title="bbox 2161 1463 3743 1540">
    <p class='ocr_par' dir='ltr' id='par_1_29' title="bbox 2161 1463 3743 1540">
     <span class='ocr_line' id='line_1_29' title="bbox 2161 1463 3743 1540; baseline 0.004 -23"><span class='ocrx_word' id='word_1_230' title='bbox 2161 1463 2308 1518; x_wconf 87' lang='lat' dir='ltr'><strong>tione</strong></span> <span class='ocrx_word' id='word_1_231' title='bbox 2327 1465 2524 1520; x_wconf 88' lang='lat' dir='ltr'><strong>veteris</strong></span> <span class='ocrx_word' id='word_1_232' title='bbox 2547 1465 2764 1520; x_wconf 85' lang='lat' dir='ltr'><strong>admissi</strong></span> <span class='ocrx_word' id='word_1_233' title='bbox 2785 1507 2800 1531; x_wconf 97' lang='lat'><strong>,</strong></span> <span class='ocrx_word' id='word_1_234' title='bbox 2817 1465 2910 1522; x_wconf 90' lang='lat' dir='ltr'><strong>sed</strong></span> <span class='ocrx_word' id='word_1_235' title='bbox 2929 1479 3028 1537; x_wconf 85' lang='lat' dir='ltr'><strong>spe</strong></span> <span class='ocrx_word' id='word_1_236' title='bbox 3047 1464 3500 1540; x_wconf 72' lang='lat' dir='ltr'><strong>futurorumilcre</strong></span> <span class='ocrx_word' id='word_1_237' title='bbox 3521 1467 3743 1538; x_wconf 72' lang='lat' dir='ltr'><strong>incipic’.</strong></span> 
     </span>
    </p>
   </div>
   <div class='ocr_carea' id='block_1_30' title="bbox 2161 1554 3744 1631">
    <p class='ocr_par' dir='ltr' id='par_1_30' title="bbox 2161 1554 3744 1631">
     <span class='ocr_line' id='line_1_30' title="bbox 2161 1554 3744 1631; baseline 0.005 -25"><span class='ocrx_word' id='word_1_238' title='bbox 2161 1554 2507 1624; x_wconf 86' lang='lat' dir='ltr'><strong>gaudiorum,</strong></span> <span class='ocrx_word' id='word_1_239' title='bbox 2547 1570 2649 1612; x_wconf 88' lang='lat' dir='ltr'><strong>nec</strong></span> <span class='ocrx_word' id='word_1_240' title='bbox 2690 1565 2803 1612; x_wconf 89' lang='lat' dir='ltr'><strong>tam</strong></span> <span class='ocrx_word' id='word_1_241' title='bbox 2842 1557 2908 1612; x_wconf 88' lang='lat' dir='ltr'><strong>de</strong></span> <span class='ocrx_word' id='word_1_242' title='bbox 2948 1557 3236 1630; x_wconf 82' lang='lat' dir='ltr'><strong>praeteritis</strong></span> <span class='ocrx_word' id='word_1_243' title='bbox 3269 1557 3455 1626; x_wconf 89' lang='lat' dir='ltr'><strong>malis,</strong></span> <span class='ocrx_word' id='word_1_244' title='bbox 3483 1575 3646 1631; x_wconf 89' lang='lat' dir='ltr'><strong>quam</strong></span> <span class='ocrx_word' id='word_1_245' title='bbox 3675 1559 3744 1614; x_wconf 86' lang='lat' dir='ltr'><strong>de</strong></span> 
     </span>
    </p>
   </div>
   <div class='ocr_carea' id='block_1_31' title="bbox 2160 1645 3745 1720">
    <p class='ocr_par' dir='ltr' id='par_1_31' title="bbox 2160 1645 3745 1720">
     <span class='ocr_line' id='line_1_31' title="bbox 2160 1645 3745 1720; baseline 0.005 -23"><span class='ocrx_word' id='word_1_246' title='bbox 2160 1646 2402 1700; x_wconf 86' lang='lat' dir='ltr'><strong>venturis</strong></span> <span class='ocrx_word' id='word_1_247' title='bbox 2431 1645 2675 1718; x_wconf 88' lang='lat' dir='ltr'><strong>cogitans</strong></span> <span class='ocrx_word' id='word_1_248' title='bbox 2698 1647 2854 1703; x_wconf 82' lang='lat' dir='ltr'><strong>benis</strong></span> <span class='ocrx_word' id='word_1_249' title='bbox 2872 1688 2886 1711; x_wconf 89' lang='lat'><strong>,</strong></span> <span class='ocrx_word' id='word_1_250' title='bbox 2916 1662 3015 1706; x_wconf 91' lang='lat' dir='ltr'><strong>nec</strong></span> <span class='ocrx_word' id='word_1_251' title='bbox 3038 1662 3104 1702; x_wconf 81' lang='lat' dir='ltr'><strong>ex</strong></span> <span class='ocrx_word' id='word_1_252' title='bbox 3135 1657 3478 1720; x_wconf 85' lang='lat' dir='ltr'><strong>peccatorum</strong></span> <span class='ocrx_word' id='word_1_253' title='bbox 3509 1664 3745 1705; x_wconf 74' lang='lat' dir='ltr'><strong>maerore</strong></span> 
     </span>
    </p>
   </div>
   <div class='ocr_carea' id='block_1_32' title="bbox 2161 1735 3746 1812">
    <p class='ocr_par' dir='ltr' id='par_1_32' title="bbox 2161 1735 3746 1812">
     <span class='ocr_line' id='line_1_32' title="bbox 2161 1735 3746 1812; baseline 0.006 -23"><span class='ocrx_word' id='word_1_254' title='bbox 2161 1735 2428 1808; x_wconf 87' lang='lat' dir='ltr'><strong>lacrymas</strong></span> <span class='ocrx_word' id='word_1_255' title='bbox 2448 1778 2463 1802; x_wconf 93' lang='lat'><strong>,</strong></span> <span class='ocrx_word' id='word_1_256' title='bbox 2481 1738 2575 1793; x_wconf 90' lang='lat' dir='ltr'><strong>sed</strong></span> <span class='ocrx_word' id='word_1_257' title='bbox 2603 1753 2670 1794; x_wconf 81' lang='lat' dir='ltr'><strong>ex</strong></span> <span class='ocrx_word' id='word_1_258' title='bbox 2695 1747 2910 1794; x_wconf 65' lang='lat' dir='ltr'><strong>aeternae</strong></span> <span class='ocrx_word' id='word_1_259' title='bbox 2928 1737 3071 1798; x_wconf 89' lang='lat' dir='ltr'><strong>illius</strong></span> <span class='ocrx_word' id='word_1_260' title='bbox 3097 1739 3293 1796; x_wconf 64' lang='lat' dir='ltr'><strong>laetitia:</strong></span> <span class='ocrx_word' id='word_1_261' title='bbox 3319 1739 3601 1798; x_wconf 86' lang='lat' dir='ltr'><strong>alacritate</strong></span> <span class='ocrx_word' id='word_1_262' title='bbox 3623 1747 3746 1812; x_wconf 76' lang='lat' dir='ltr'><strong>pro-</strong></span> 
     </span>
    </p>
   </div>
   <div class='ocr_carea' id='block_1_33' title="bbox 479 1809 3744 1907">
    <p class='ocr_par' dir='ltr' id='par_1_33' title="bbox 479 1809 3744 1907">
     <span class='ocr_line' id='line_1_33' title="bbox 479 1809 3744 1907; baseline -0.001 -17"><span class='ocrx_word' id='word_1_263' title='bbox 479 1835 581 1907; x_wconf 69' lang='grc' dir='ltr'><strong>ιε).</strong></span> <span class='ocrx_word' id='word_1_264' title='bbox 611 1856 635 1888; x_wconf 64' lang='grc' dir='ltr'><em>ι</em></span> <span class='ocrx_word' id='word_1_265' title='bbox 659 1835 739 1890; x_wconf 77' lang='lat' dir='ltr'><strong>Ac</strong></span> <span class='ocrx_word' id='word_1_266' title='bbox 759 1835 806 1890; x_wconf 84' lang='lat' dir='ltr'><strong>si</strong></span> <span class='ocrx_word' id='word_1_267' title='bbox 829 1833 1018 1896; x_wconf 78' lang='lat' dir='ltr'><strong>humili</strong></span> <span class='ocrx_word' id='word_1_268' title='bbox 1037 1829 1376 1895; x_wconf 75' lang='lat' dir='ltr'><strong>confessione</strong></span> <span class='ocrx_word' id='word_1_269' title='bbox 1401 1809 1672 1886; x_wconf 87' lang='lat' dir='ltr'><strong>diceretur</strong></span> <span class='ocrx_word' id='word_1_270' title='bbox 1699 1846 1714 1883; x_wconf 88' lang='lat'><strong>:</strong></span> <span class='ocrx_word' id='word_1_271' title='bbox 1737 1843 1857 1899; x_wconf 67' lang='lat' dir='ltr'><strong>quae</strong></span> <span class='ocrx_word' id='word_1_272' title='bbox 1877 1835 2063 1898; x_wconf 88' lang='lat' dir='ltr'><strong>aperte</strong></span> <span class='ocrx_word' id='word_1_273' title='bbox 2091 1809 2138 1872; x_wconf 76' lang='grc' dir='ltr'><strong>Β</strong></span> <span class='ocrx_word' id='word_1_274' title='bbox 2165 1822 2303 1879; x_wconf 86' lang='lat' dir='ltr'><strong>fudit</strong></span> <span class='ocrx_word' id='word_1_275' title='bbox 2329 1843 2342 1878; x_wconf 92' lang='lat'><strong>:</strong></span> <span class='ocrx_word' id='word_1_276' title='bbox 2374 1833 2534 1896; x_wconf 90' lang='lat' dir='ltr'><strong>atque</strong></span> <span class='ocrx_word' id='word_1_277' title='bbox 2561 1827 2884 1884; x_wconf 88' lang='lat' dir='ltr'><strong>obiiviscens</strong></span> <span class='ocrx_word' id='word_1_278' title='bbox 2911 1843 3000 1894; x_wconf 90' lang='lat' dir='ltr'><strong>ea,</strong></span> <span class='ocrx_word' id='word_1_279' title='bbox 3029 1845 3150 1902; x_wconf 65' lang='lat' dir='ltr'><strong>qua:</strong></span> <span class='ocrx_word' id='word_1_280' title='bbox 3179 1831 3480 1900; x_wconf 87' lang='lat' dir='ltr'><strong>posteriora</strong></span> <span class='ocrx_word' id='word_1_281' title='bbox 3507 1809 3656 1898; x_wconf 74' lang='lat' dir='ltr'><strong>sunt,</strong></span> <span class='ocrx_word' id='word_1_282' title='bbox 3684 1832 3744 1888; x_wconf 90' lang='lat' dir='ltr'><strong>id</strong></span> 
     </span>
    </p>
   </div>
   <div class='ocr_carea' id='block_1_34' title="bbox 477 1921 2061 1998">
    <p class='ocr_par' dir='ltr' id='par_1_34' title="bbox 477 1921 2061 1998">
     <span class='ocr_line' id='line_1_34' title="bbox 477 1921 2061 1998; baseline -0.008 -9"><span class='ocrx_word' id='word_1_283' title='bbox 477 1927 684 1998; x_wconf 60' lang='lat' dir='ltr'><strong>mini</strong></span> <span class='ocrx_word' id='word_1_284' title='bbox 729 1925 918 1992; x_wconf 88' lang='lat' dir='ltr'><strong>video,</strong></span> <span class='ocrx_word' id='word_1_285' title='bbox 963 1925 1060 1980; x_wconf 83' lang='lat' dir='ltr'><strong>sed</strong></span> <span class='ocrx_word' id='word_1_286' title='bbox 1099 1923 1231 1994; x_wconf 89' lang='lat' dir='ltr'><strong>quid</strong></span> <span class='ocrx_word' id='word_1_287' title='bbox 1263 1925 1320 1980; x_wconf 91' lang='lat' dir='ltr'><strong>in</strong></span> <span class='ocrx_word' id='word_1_288' title='bbox 1354 1923 1440 1980; x_wconf 88' lang='lat' dir='ltr'><strong>his</strong></span> <span class='ocrx_word' id='word_1_289' title='bbox 1476 1922 1710 1980; x_wconf 84' lang='lat' dir='ltr'><strong>latenter</strong></span> <span class='ocrx_word' id='word_1_290' title='bbox 1750 1921 2061 1996; x_wconf 87' lang='lat' dir='ltr'><strong>pertulerim</strong></span> 
     </span>
    </p>
   </div>
   <div class='ocr_carea' id='block_1_35' title="bbox 479 2005 2064 2086">
    <p class='ocr_par' dir='ltr' id='par_1_35' title="bbox 479 2005 2064 2086">
     <span class='ocr_line' id='line_1_35' title="bbox 479 2005 2064 2086; baseline -0.003 -10"><span class='ocrx_word' id='word_1_291' title='bbox 479 2015 692 2086; x_wconf 67' lang='lat' dir='ltr'><strong>ignoro.</strong></span> <span class='ocrx_word' id='word_1_292' title='bbox 715 2009 872 2086; x_wconf 66' lang='lat' dir='ltr'><strong>Saepe</strong></span> <span class='ocrx_word' id='word_1_293' title='bbox 889 2005 1094 2074; x_wconf 77' lang='lat' dir='ltr'><strong>eteniin</strong></span> <span class='ocrx_word' id='word_1_294' title='bbox 1123 2015 1262 2072; x_wconf 73' lang='lat' dir='ltr'><strong>bona</strong></span> <span class='ocrx_word' id='word_1_295' title='bbox 1287 2022 1470 2072; x_wconf 83' lang='lat' dir='ltr'><strong>nostra</strong></span> <span class='ocrx_word' id='word_1_296' title='bbox 1495 2015 1850 2072; x_wconf 88' lang='lat' dir='ltr'><strong>latrocinante</strong></span> <span class='ocrx_word' id='word_1_297' title='bbox 1875 2014 2064 2072; x_wconf 85' lang='lat' dir='ltr'><strong>fraude</strong></span> 
     </span>
    </p>
   </div>
   <div class='ocr_carea' id='block_1_36' title="bbox 478 2107 2062 2180">
    <p class='ocr_par' dir='ltr' id='par_1_36' title="bbox 478 2107 2062 2180">
     <span class='ocr_line' id='line_1_36' title="bbox 478 2107 2062 2180; baseline -0.002 -15"><span class='ocrx_word' id='word_1_298' title='bbox 478 2109 774 2180; x_wconf 75' lang='lat' dir='ltr'><strong>depcrwut</strong></span> <span class='ocrx_word' id='word_1_299' title='bbox 809 2127 824 2164; x_wconf 89' lang='lat'><strong>:</strong></span> <span class='ocrx_word' id='word_1_300' title='bbox 855 2109 981 2179; x_wconf 84' lang='lat' dir='ltr'><strong>quia</strong></span> <span class='ocrx_word' id='word_1_301' title='bbox 1004 2108 1172 2165; x_wconf 84' lang='lat' dir='ltr'><strong>rectis</strong></span> <span class='ocrx_word' id='word_1_302' title='bbox 1209 2123 1270 2164; x_wconf 85' lang='lat' dir='ltr'><strong>se</strong></span> <span class='ocrx_word' id='word_1_303' title='bbox 1297 2107 1497 2166; x_wconf 88' lang='lat' dir='ltr'><strong>nostris</strong></span> <span class='ocrx_word' id='word_1_304' title='bbox 1557 2108 1768 2164; x_wconf 86' lang='lat' dir='ltr'><strong>actibus</strong></span> <span class='ocrx_word' id='word_1_305' title='bbox 1807 2107 2062 2179; x_wconf 89' lang='lat' dir='ltr'><strong>concupi-</strong></span> 
     </span>
    </p>
   </div>
   <div class='ocr_carea' id='block_1_37' title="bbox 479 2185 2065 2273">
    <p class='ocr_par' dir='ltr' id='par_1_37' title="bbox 479 2185 2065 2273">
     <span class='ocr_line' id='line_1_37' title="bbox 479 2185 2065 2273; baseline -0.004 -11"><span class='ocrx_word' id='word_1_306' title='bbox 479 2200 704 2262; x_wconf 66' lang='lat' dir='ltr'><strong>scentiae</strong></span> <span class='ocrx_word' id='word_1_307' title='bbox 737 2207 967 2258; x_wconf 70' lang='lat' dir='ltr'><strong>terrena:</strong></span> <span class='ocrx_word' id='word_1_308' title='bbox 1009 2185 1356 2273; x_wconf 82' lang='lat' dir='ltr'><strong>subjungunt.</strong></span> <span class='ocrx_word' id='word_1_309' title='bbox 1401 2198 1556 2271; x_wconf 65' lang='lat' dir='ltr'><strong>Saepe</strong></span> <span class='ocrx_word' id='word_1_310' title='bbox 1576 2199 1780 2256; x_wconf 89' lang='lat' dir='ltr'><strong>desidia</strong></span> <span class='ocrx_word' id='word_1_311' title='bbox 1827 2199 2065 2256; x_wconf 88' lang='lat' dir='ltr'><strong>interve-</strong></span> 
     </span>
    </p>
   </div>
   <div class='ocr_carea' id='block_1_38' title="bbox 477 2292 2066 2366">
    <p class='ocr_par' dir='ltr' id='par_1_38' title="bbox 477 2292 2066 2366">
     <span class='ocr_line' id='line_1_38' title="bbox 477 2292 2066 2366; baseline 0.001 -17"><span class='ocrx_word' id='word_1_312' title='bbox 477 2293 662 2354; x_wconf 74' lang='lat' dir='ltr'><strong>niente</strong></span> <span class='ocrx_word' id='word_1_313' title='bbox 687 2292 966 2361; x_wconf 72' lang='lat' dir='ltr'><strong>deficiunt,</strong></span> <span class='ocrx_word' id='word_1_314' title='bbox 995 2293 1120 2364; x_wconf 86' lang='lat' dir='ltr'><strong>quia</strong></span> <span class='ocrx_word' id='word_1_315' title='bbox 1149 2308 1183 2349; x_wconf 90' lang='lat' dir='ltr'><strong>a</strong></span> <span class='ocrx_word' id='word_1_316' title='bbox 1211 2293 1423 2350; x_wconf 85' lang='lat' dir='ltr'><strong>fervore</strong></span> <span class='ocrx_word' id='word_1_317' title='bbox 1445 2308 1554 2365; x_wconf 93' lang='lat' dir='ltr'><strong>quo</strong></span> <span class='ocrx_word' id='word_1_318' title='bbox 1580 2303 1761 2366; x_wconf 74' lang='lat' dir='ltr'><strong>empta</strong></span> <span class='ocrx_word' id='word_1_319' title='bbox 1794 2303 1944 2362; x_wconf 86' lang='lat' dir='ltr'><strong>sunt,</strong></span> <span class='ocrx_word' id='word_1_320' title='bbox 1970 2294 2066 2350; x_wconf 83' lang='lat' dir='ltr'><strong>fri-</strong></span> 
     </span>
    </p>
   </div>
   <div class='ocr_carea' id='block_1_39' title="bbox 478 2385 2065 2458">
    <p class='ocr_par' dir='ltr' id='par_1_39' title="bbox 478 2385 2065 2458">
     <span class='ocr_line' id='line_1_39' title="bbox 478 2385 2065 2458; baseline -0.001 -14"><span class='ocrx_word' id='word_1_321' title='bbox 478 2392 732 2457; x_wconf 76' lang='lat' dir='ltr'><strong>gescente</strong></span> <span class='ocrx_word' id='word_1_322' title='bbox 769 2399 956 2444; x_wconf 77' lang='lat' dir='ltr'><strong>amore</strong></span> <span class='ocrx_word' id='word_1_323' title='bbox 997 2385 1278 2442; x_wconf 83' lang='lat' dir='ltr'><strong>tabeiiunt.</strong></span> <span class='ocrx_word' id='word_1_324' title='bbox 1321 2385 1456 2456; x_wconf 80' lang='lat' dir='ltr'><strong>Quia</strong></span> <span class='ocrx_word' id='word_1_325' title='bbox 1493 2401 1624 2458; x_wconf 86' lang='lat' dir='ltr'><strong>ergo</strong></span> <span class='ocrx_word' id='word_1_326' title='bbox 1665 2387 1836 2458; x_wconf 67' lang='lat' dir='ltr'><strong>culpa:</strong></span> <span class='ocrx_word' id='word_1_327' title='bbox 1877 2387 2065 2444; x_wconf 88' lang='lat' dir='ltr'><strong>subre-</strong></span> 
     </span>
    </p>
   </div>
   <div class='ocr_carea' id='block_1_40' title="bbox 476 2474 2065 2549">
    <p class='ocr_par' dir='ltr' id='par_1_40' title="bbox 476 2474 2065 2549">
     <span class='ocr_line' id='line_1_40' title="bbox 476 2474 2065 2549; baseline -0.001 -12"><span class='ocrx_word' id='word_1_328' title='bbox 476 2477 609 2548; x_wconf 77' lang='lat' dir='ltr'><strong>ptio.</strong></span> <span class='ocrx_word' id='word_1_329' title='bbox 639 2476 724 2537; x_wconf 74' lang='lat' dir='ltr'><strong>vel</strong></span> <span class='ocrx_word' id='word_1_330' title='bbox 753 2477 809 2532; x_wconf 92' lang='lat' dir='ltr'><strong>in</strong></span> <span class='ocrx_word' id='word_1_331' title='bbox 843 2477 964 2549; x_wconf 86' lang='lat' dir='ltr'><strong>ipso</strong></span> <span class='ocrx_word' id='word_1_332' title='bbox 994 2477 1210 2536; x_wconf 83' lang='lat' dir='ltr'><strong>virtutis</strong></span> <span class='ocrx_word' id='word_1_333' title='bbox 1248 2485 1372 2534; x_wconf 86' lang='lat' dir='ltr'><strong>actu</strong></span> <span class='ocrx_word' id='word_1_334' title='bbox 1409 2474 1498 2538; x_wconf 79' lang='lat' dir='ltr'><strong>vix</strong></span> <span class='ocrx_word' id='word_1_335' title='bbox 1525 2476 1803 2534; x_wconf 88' lang='lat' dir='ltr'><strong>vincitur:</strong></span> <span class='ocrx_word' id='word_1_336' title='bbox 1843 2477 1971 2549; x_wconf 91' lang='lat' dir='ltr'><strong>quid</strong></span> <span class='ocrx_word' id='word_1_337' title='bbox 1997 2479 2065 2535; x_wconf 90' lang='lat' dir='ltr'><strong>ad</strong></span> 
     </span>
    </p>
   </div>
   <div class='ocr_carea' id='block_1_41' title="bbox 475 2569 2063 2642">
    <p class='ocr_par' dir='ltr' id='par_1_41' title="bbox 475 2569 2063 2642">
     <span class='ocr_line' id='line_1_41' title="bbox 475 2569 2063 2642; baseline -0.001 -15"><span class='ocrx_word' id='word_1_338' title='bbox 475 2571 826 2630; x_wconf 71' lang='lat' dir='ltr'><strong>securitatem</strong></span> <span class='ocrx_word' id='word_1_339' title='bbox 865 2577 1142 2642; x_wconf 78' lang='lat' dir='ltr'><strong>superest,</strong></span> <span class='ocrx_word' id='word_1_340' title='bbox 1180 2569 1287 2627; x_wconf 87' lang='lat' dir='ltr'><strong>nisi</strong></span> <span class='ocrx_word' id='word_1_341' title='bbox 1317 2577 1377 2626; x_wconf 93' lang='lat' dir='ltr'><strong>ut</strong></span> <span class='ocrx_word' id='word_1_342' title='bbox 1411 2569 1654 2628; x_wconf 77' lang='lat' dir='ltr'><strong>studiose</strong></span> <span class='ocrx_word' id='word_1_343' title='bbox 1679 2585 1893 2642; x_wconf 86' lang='lat' dir='ltr'><strong>semper</strong></span> <span class='ocrx_word' id='word_1_344' title='bbox 1923 2577 1978 2626; x_wconf 91' lang='lat' dir='ltr'><strong>et</strong></span> <span class='ocrx_word' id='word_1_345' title='bbox 2007 2570 2063 2626; x_wconf 90' lang='lat' dir='ltr'><strong>in</strong></span> 
     </span>
    </p>
   </div>
   <div class='ocr_carea' id='block_1_42' title="bbox 476 2659 1000 2724">
    <p class='ocr_par' dir='ltr' id='par_1_42' title="bbox 476 2659 1000 2724">
     <span class='ocr_line' id='line_1_42' title="bbox 476 2659 1000 2724; baseline -0.002 -8"><span class='ocrx_word' id='word_1_346' title='bbox 476 2659 679 2724; x_wconf 79' lang='lat' dir='ltr'><strong>virtute</strong></span> <span class='ocrx_word' id='word_1_347' title='bbox 705 2659 1000 2717; x_wconf 71' lang='lat' dir='ltr'><strong>timeatur?</strong></span> 
     </span>
    </p>
   </div>
   <div class='ocr_carea' id='block_1_43' title="bbox 547 2749 2064 2826">
    <p class='ocr_par' dir='ltr' id='par_1_43' title="bbox 547 2749 2064 2826">
     <span class='ocr_line' id='line_1_43' title="bbox 547 2749 2064 2826; baseline -0.001 -20"><span class='ocrx_word' id='word_1_348' title='bbox 547 2768 576 2806; x_wconf 66' lang='grc' dir='ltr'><em>ι</em></span> <span class='ocrx_word' id='word_1_349' title='bbox 619 2751 689 2808; x_wconf 84' lang='lat' dir='ltr'><strong>Et</strong></span> <span class='ocrx_word' id='word_1_350' title='bbox 727 2749 1074 2820; x_wconf 83' lang='lat' dir='ltr'><strong>maledictus,</strong></span> <span class='ocrx_word' id='word_1_351' title='bbox 1119 2750 1214 2822; x_wconf 87' lang='lat' dir='ltr'><strong>qui</strong></span> <span class='ocrx_word' id='word_1_352' title='bbox 1259 2753 1510 2824; x_wconf 88' lang='lat' dir='ltr'><strong>prohibet</strong></span> <span class='ocrx_word' id='word_1_353' title='bbox 1551 2751 1788 2826; x_wconf 80' lang='lat' dir='ltr'><strong>gladium</strong></span> <span class='ocrx_word' id='word_1_354' title='bbox 1831 2765 1988 2806; x_wconf 89' lang='lat' dir='ltr'><strong>suum</strong></span> <span class='ocrx_word' id='word_1_355' title='bbox 2031 2763 2064 2804; x_wconf 89' lang='lat' dir='ltr'><strong>a</strong></span> 
     </span>
    </p>
   </div>
   <div class='ocr_carea' id='block_1_44' title="bbox 481 2840 2062 2916">
    <p class='ocr_par' dir='ltr' id='par_1_44' title="bbox 481 2840 2062 2916">
     <span class='ocr_line' id='line_1_44' title="bbox 481 2840 2062 2916; baseline 0 -18"><span class='ocrx_word' id='word_1_356' title='bbox 481 2857 508 2898; x_wconf 76' lang='grc' dir='ltr'>ι</span> <span class='ocrx_word' id='word_1_357' title='bbox 537 2843 852 2914; x_wconf 70' lang='lat' dir='ltr'><strong>sanguine.)</strong></span> <span class='ocrx_word' id='word_1_358' title='bbox 886 2841 1136 2900; x_wconf 85' lang='lat' dir='ltr'><strong>Gladium</strong></span> <span class='ocrx_word' id='word_1_359' title='bbox 1163 2843 1360 2916; x_wconf 86' lang='lat' dir='ltr'><strong>quippe</strong></span> <span class='ocrx_word' id='word_1_360' title='bbox 1389 2859 1421 2900; x_wconf 91' lang='lat' dir='ltr'><strong>a</strong></span> <span class='ocrx_word' id='word_1_361' title='bbox 1450 2843 1710 2916; x_wconf 84' lang='lat' dir='ltr'><strong>sanguine</strong></span> <span class='ocrx_word' id='word_1_362' title='bbox 1745 2840 2062 2913; x_wconf 86' lang='lat' dir='ltr'><strong>prohibere,</strong></span> 
     </span>
    </p>
   </div>
   <div class='ocr_carea' id='block_1_45' title="bbox 473 2933 2063 3007">
    <p class='ocr_par' dir='ltr' id='par_1_45' title="bbox 473 2933 2063 3007">
     <span class='ocr_line' id='line_1_45' title="bbox 473 2933 2063 3007; baseline -0.004 -13"><span class='ocrx_word' id='word_1_363' title='bbox 473 2943 564 2994; x_wconf 80' lang='lat' dir='ltr'><strong>est</strong></span> <span class='ocrx_word' id='word_1_364' title='bbox 582 2935 984 3007; x_wconf 64' lang='lat' dir='ltr'><strong>pradicationis</strong></span> <span class='ocrx_word' id='word_1_365' title='bbox 993 2935 1218 2994; x_wconf 84' lang='lat' dir='ltr'><strong>verbum</strong></span> <span class='ocrx_word' id='word_1_366' title='bbox 1239 2951 1268 2994; x_wconf 86' lang='lat' dir='ltr'><strong>a</strong></span> <span class='ocrx_word' id='word_1_367' title='bbox 1289 2935 1526 2994; x_wconf 81' lang='lat' dir='ltr'><strong>carnalis</strong></span> <span class='ocrx_word' id='word_1_368' title='bbox 1545 2935 1670 2992; x_wconf 73' lang='lat' dir='ltr'><strong>vita:</strong></span> <span class='ocrx_word' id='word_1_369' title='bbox 1690 2933 2063 2992; x_wconf 80' lang='lat' dir='ltr'><strong>interiectione</strong></span> 
     </span>
    </p>
   </div>
   <div class='ocr_carea' id='block_1_46' title="bbox 472 3031 2064 3104">
    <p class='ocr_par' dir='ltr' id='par_1_46' title="bbox 472 3031 2064 3104">
     <span class='ocr_line' id='line_1_46' title="bbox 472 3031 2064 3104; baseline -0.004 -10"><span class='ocrx_word' id='word_1_370' title='bbox 472 3031 738 3094; x_wconf 64' lang='lat' dir='ltr'><strong>retinere.</strong></span> <span class='ocrx_word' id='word_1_371' title='bbox 763 3032 841 3088; x_wconf 86' lang='lat' dir='ltr'><strong>De</strong></span> <span class='ocrx_word' id='word_1_372' title='bbox 859 3047 970 3102; x_wconf 83' lang='lat' dir='ltr'><strong>quo</strong></span> <span class='ocrx_word' id='word_1_373' title='bbox 991 3047 1208 3090; x_wconf 80' lang='lat' dir='ltr'><strong>rursum</strong></span> <span class='ocrx_word' id='word_1_374' title='bbox 1237 3033 1436 3090; x_wconf 87' lang='lat' dir='ltr'><strong>dicitur</strong></span> <span class='ocrx_word' id='word_1_375' title='bbox 1461 3033 1672 3104; x_wconf 86' lang='lat' dir='ltr'><strong>gladio:</strong></span> <span class='ocrx_word' id='word_1_376' title='bbox 1707 3051 1728 3086; x_wconf 77' lang='grc' dir='ltr'>ι</span> <span class='ocrx_word' id='word_1_377' title='bbox 1759 3033 1829 3088; x_wconf 82' lang='grc' dir='ltr'><strong>Ει</strong></span> <span class='ocrx_word' id='word_1_378' title='bbox 1853 3031 2064 3104; x_wconf 82' lang='lat' dir='ltr'><strong>gladius</strong></span> 
     </span>
    </p>
   </div>
   <div class='ocr_carea' id='block_1_47' title="bbox 2165 1917 3747 1992">
    <p class='ocr_par' dir='ltr' id='par_1_47' title="bbox 2165 1917 3747 1992">
     <span class='ocr_line' id='line_1_47' title="bbox 2165 1917 3747 1992; baseline 0.005 -20"><span class='ocrx_word' id='word_1_379' title='bbox 2165 1924 2282 1982; x_wconf 90' lang='lat' dir='ltr'><strong>est,</strong></span> <span class='ocrx_word' id='word_1_380' title='bbox 2309 1917 2545 1972; x_wconf 87' lang='lat' dir='ltr'><strong>carnalia</strong></span> <span class='ocrx_word' id='word_1_381' title='bbox 2595 1919 2756 1984; x_wconf 88' lang='lat' dir='ltr'><strong>vitia,</strong></span> <span class='ocrx_word' id='word_1_382' title='bbox 2800 1919 2868 1975; x_wconf 91' lang='lat' dir='ltr'><strong>ad</strong></span> <span class='ocrx_word' id='word_1_383' title='bbox 2901 1935 2996 1987; x_wconf 88' lang='lat' dir='ltr'><strong>ea,</strong></span> <span class='ocrx_word' id='word_1_384' title='bbox 3027 1937 3146 1992; x_wconf 68' lang='lat' dir='ltr'><strong>qua:</strong></span> <span class='ocrx_word' id='word_1_385' title='bbox 3181 1923 3362 1978; x_wconf 88' lang='lat' dir='ltr'><strong>inaute</strong></span> <span class='ocrx_word' id='word_1_386' title='bbox 3406 1931 3531 1978; x_wconf 91' lang='lat' dir='ltr'><strong>sunt</strong></span> <span class='ocrx_word' id='word_1_387' title='bbox 3557 1931 3747 1980; x_wconf 78' lang='lat' dir='ltr'><strong>exten-</strong></span> 
     </span>
    </p>
   </div>
   <div class='ocr_carea' id='block_1_48' title="bbox 2165 2009 3556 2086">
    <p class='ocr_par' dir='ltr' id='par_1_48' title="bbox 2165 2009 3556 2086">
     <span class='ocr_line' id='line_1_48' title="bbox 2165 2009 3556 2086; baseline 0.007 -23"><span class='ocrx_word' id='word_1_388' title='bbox 2165 2009 2342 2074; x_wconf 88' lang='lat' dir='ltr'><strong>detur,</strong></span> <span class='ocrx_word' id='word_1_389' title='bbox 2373 2011 2478 2066; x_wconf 93' lang='lat' dir='ltr'><strong>hoc</strong></span> <span class='ocrx_word' id='word_1_390' title='bbox 2500 2019 2605 2078; x_wconf 90' lang='lat' dir='ltr'><strong>est,</strong></span> <span class='ocrx_word' id='word_1_391' title='bbox 2631 2011 2895 2084; x_wconf 85' lang='lat' dir='ltr'><strong>spiritalia</strong></span> <span class='ocrx_word' id='word_1_392' title='bbox 2918 2013 3057 2070; x_wconf 90' lang='lat' dir='ltr'><strong>dona</strong></span> <span class='ocrx_word' id='word_1_393' title='bbox 3091 2023 3254 2086; x_wconf 87' lang='lat' dir='ltr'><strong>atque</strong></span> <span class='ocrx_word' id='word_1_394' title='bbox 3281 2013 3556 2084; x_wconf 63' lang='lat' dir='ltr'><strong>virtutes,</strong></span> 
     </span>
    </p>
   </div>
   <div class='ocr_carea' id='block_1_49' title="bbox 2240 2102 3752 2179">
    <p class='ocr_par' dir='ltr' id='par_1_49' title="bbox 2240 2102 3752 2179">
     <span class='ocr_line' id='line_1_49' title="bbox 2240 2102 3752 2179; baseline 0.01 -25"><span class='ocrx_word' id='word_1_395' title='bbox 2240 2123 2259 2154; x_wconf 78' lang='grc' dir='ltr'><strong><em>ι</em></strong></span> <span class='ocrx_word' id='word_1_396' title='bbox 2295 2102 2511 2160; x_wconf 84' lang='lat' dir='ltr'><strong>Fertilis</strong></span> <span class='ocrx_word' id='word_1_397' title='bbox 2545 2104 2648 2160; x_wconf 90' lang='lat' dir='ltr'><strong>fuit</strong></span> <span class='ocrx_word' id='word_1_398' title='bbox 2683 2105 2838 2163; x_wconf 84' lang='lat' dir='ltr'><strong>Moab</strong></span> <span class='ocrx_word' id='word_1_399' title='bbox 2873 2108 2942 2163; x_wconf 90' lang='lat' dir='ltr'><strong>ab</strong></span> <span class='ocrx_word' id='word_1_400' title='bbox 2983 2107 3348 2166; x_wconf 87' lang='lat' dir='ltr'><strong>adolescentia</strong></span> <span class='ocrx_word' id='word_1_401' title='bbox 3388 2127 3518 2179; x_wconf 88' lang='lat' dir='ltr'><strong>sua,</strong></span> <span class='ocrx_word' id='word_1_402' title='bbox 3552 2119 3608 2167; x_wconf 89' lang='lat' dir='ltr'><strong>et</strong></span> <span class='ocrx_word' id='word_1_403' title='bbox 3661 2127 3752 2169; x_wconf 86' lang='lat' dir='ltr'><strong>re-</strong></span> 
     </span>
    </p>
   </div>
   <div class='ocr_carea' id='block_1_50' title="bbox 2171 2193 3750 2264">
    <p class='ocr_par' dir='ltr' id='par_1_50' title="bbox 2171 2193 3750 2264">
     <span class='ocr_line' id='line_1_50' title="bbox 2171 2193 3750 2264; baseline 0.011 -19"><span class='ocrx_word' id='word_1_404' title='bbox 2171 2209 2190 2245; x_wconf 71' lang='lat' dir='ltr'><strong>i</strong></span> <span class='ocrx_word' id='word_1_405' title='bbox 2222 2193 2432 2264; x_wconf 87' lang='lat' dir='ltr'><strong>quievit</strong></span> <span class='ocrx_word' id='word_1_406' title='bbox 2457 2195 2510 2250; x_wconf 92' lang='lat' dir='ltr'><strong>in</strong></span> <span class='ocrx_word' id='word_1_407' title='bbox 2539 2194 2744 2252; x_wconf 88' lang='lat' dir='ltr'><strong>feeibus</strong></span> <span class='ocrx_word' id='word_1_408' title='bbox 2769 2197 2912 2264; x_wconf 86' lang='lat' dir='ltr'><strong>suis,</strong></span> <span class='ocrx_word' id='word_1_409' title='bbox 2953 2213 3052 2254; x_wconf 88' lang='lat' dir='ltr'><strong>nec</strong></span> <span class='ocrx_word' id='word_1_410' title='bbox 3089 2199 3394 2258; x_wconf 88' lang='lat' dir='ltr'><strong>transfusus</strong></span> <span class='ocrx_word' id='word_1_411' title='bbox 3415 2211 3499 2258; x_wconf 89' lang='lat' dir='ltr'><strong>est</strong></span> <span class='ocrx_word' id='word_1_412' title='bbox 3524 2203 3589 2259; x_wconf 92' lang='lat' dir='ltr'><strong>de</strong></span> <span class='ocrx_word' id='word_1_413' title='bbox 3615 2221 3750 2262; x_wconf 86' lang='lat' dir='ltr'><strong>vase</strong></span> 
     </span>
    </p>
   </div>
   <div class='ocr_carea' id='block_1_51' title="bbox 2170 2286 3749 2362">
    <p class='ocr_par' dir='ltr' id='par_1_51' title="bbox 2170 2286 3749 2362">
     <span class='ocr_line' id='line_1_51' title="bbox 2170 2286 3749 2362; baseline 0.009 -24"><span class='ocrx_word' id='word_1_414' title='bbox 2170 2303 2190 2336; x_wconf 72' lang='grc' dir='ltr'><strong>ε</strong></span> <span class='ocrx_word' id='word_1_415' title='bbox 2231 2286 2284 2340; x_wconf 91' lang='lat' dir='ltr'><strong>in</strong></span> <span class='ocrx_word' id='word_1_416' title='bbox 2310 2301 2428 2355; x_wconf 87' lang='lat' dir='ltr'><strong>vas,</strong></span> <span class='ocrx_word' id='word_1_417' title='bbox 2461 2297 2518 2342; x_wconf 90' lang='lat' dir='ltr'><strong>et</strong></span> <span class='ocrx_word' id='word_1_418' title='bbox 2545 2288 2597 2342; x_wconf 92' lang='lat' dir='ltr'><strong>in</strong></span> <span class='ocrx_word' id='word_1_419' title='bbox 2629 2290 3153 2362; x_wconf 86' lang='lat' dir='ltr'><strong>transmigrationem</strong></span> <span class='ocrx_word' id='word_1_420' title='bbox 3183 2309 3291 2350; x_wconf 89' lang='lat' dir='ltr'><strong>non</strong></span> <span class='ocrx_word' id='word_1_421' title='bbox 3334 2295 3466 2351; x_wconf 88' lang='lat' dir='ltr'><strong>abiit</strong></span> <span class='ocrx_word' id='word_1_422' title='bbox 3495 2315 3509 2351; x_wconf 89' lang='lat'>:</span> <span class='ocrx_word' id='word_1_423' title='bbox 3543 2297 3749 2352; x_wconf 85' lang='lat' dir='ltr'><strong>ideirco</strong></span> 
     </span>
    </p>
   </div>
   <div class='ocr_carea' id='block_1_52' title="bbox 2171 2381 3750 2462">
    <p class='ocr_par' dir='ltr' id='par_1_52' title="bbox 2171 2381 3750 2462">
     <span class='ocr_line' id='line_1_52' title="bbox 2171 2381 3750 2462; baseline 0.008 -31"><span class='ocrx_word' id='word_1_424' title='bbox 2171 2395 2192 2430; x_wconf 72' lang='grc' dir='ltr'><em>α</em></span> <span class='ocrx_word' id='word_1_425' title='bbox 2235 2381 2532 2455; x_wconf 84' lang='lat' dir='ltr'><strong>permansit</strong></span> <span class='ocrx_word' id='word_1_426' title='bbox 2560 2390 2748 2452; x_wconf 88' lang='lat' dir='ltr'><strong>gustus</strong></span> <span class='ocrx_word' id='word_1_427' title='bbox 2768 2383 2886 2456; x_wconf 85' lang='lat' dir='ltr'><strong>ejus</strong></span> <span class='ocrx_word' id='word_1_428' title='bbox 2919 2385 2973 2440; x_wconf 90' lang='lat' dir='ltr'><strong>in</strong></span> <span class='ocrx_word' id='word_1_429' title='bbox 2995 2399 3061 2442; x_wconf 86' lang='lat' dir='ltr'><strong>eo</strong></span> <span class='ocrx_word' id='word_1_430' title='bbox 3095 2405 3108 2441; x_wconf 90' lang='lat'><strong>:</strong></span> <span class='ocrx_word' id='word_1_431' title='bbox 3137 2395 3192 2442; x_wconf 88' lang='lat' dir='ltr'><strong>et</strong></span> <span class='ocrx_word' id='word_1_432' title='bbox 3221 2388 3354 2462; x_wconf 78' lang='lat' dir='ltr'><strong>odor</strong></span> <span class='ocrx_word' id='word_1_433' title='bbox 3375 2389 3492 2462; x_wconf 84' lang='lat' dir='ltr'><strong>ejus</strong></span> <span class='ocrx_word' id='word_1_434' title='bbox 3531 2407 3638 2446; x_wconf 89' lang='lat' dir='ltr'><strong>non</strong></span> <span class='ocrx_word' id='word_1_435' title='bbox 3667 2400 3750 2446; x_wconf 86' lang='lat' dir='ltr'><strong>est</strong></span> 
     </span>
    </p>
   </div>
   <div class='ocr_carea' id='block_1_53' title="bbox 2170 2469 3750 2544">
    <p class='ocr_par' dir='ltr' id='par_1_53' title="bbox 2170 2469 3750 2544">
     <span class='ocr_line' id='line_1_53' title="bbox 2170 2469 3750 2544; baseline 0.009 -21"><span class='ocrx_word' id='word_1_436' title='bbox 2170 2485 2193 2522; x_wconf 71' lang='grc' dir='ltr'><strong><em>ι</em></strong></span> <span class='ocrx_word' id='word_1_437' title='bbox 2239 2469 2568 2528; x_wconf 87' lang='lat' dir='ltr'><strong>immutatus.</strong></span> <span class='ocrx_word' id='word_1_438' title='bbox 2591 2471 2885 2544; x_wconf 87' lang='lat' dir='ltr'><strong>Propterea</strong></span> <span class='ocrx_word' id='word_1_439' title='bbox 2926 2491 3053 2534; x_wconf 88' lang='lat' dir='ltr'><strong>ecce</strong></span> <span class='ocrx_word' id='word_1_440' title='bbox 3081 2477 3198 2536; x_wconf 88' lang='lat' dir='ltr'><strong>dies</strong></span> <span class='ocrx_word' id='word_1_441' title='bbox 3221 2481 3446 2536; x_wconf 90' lang='lat' dir='ltr'><strong>veniunt</strong></span> <span class='ocrx_word' id='word_1_442' title='bbox 3487 2481 3620 2538; x_wconf 90' lang='lat' dir='ltr'><strong>dicit</strong></span> <span class='ocrx_word' id='word_1_443' title='bbox 3646 2482 3750 2538; x_wconf 88' lang='lat' dir='ltr'><strong>Do-</strong></span> 
     </span>
    </p>
   </div>
   <div class='ocr_carea' id='block_1_54' title="bbox 2170 2562 3748 2639">
    <p class='ocr_par' dir='ltr' id='par_1_54' title="bbox 2170 2562 3748 2639">
     <span class='ocr_line' id='line_1_54' title="bbox 2170 2562 3748 2639; baseline 0.01 -25"><span class='ocrx_word' id='word_1_444' title='bbox 2170 2579 2191 2614; x_wconf 72' lang='lat' dir='ltr'><strong>r</strong></span> <span class='ocrx_word' id='word_1_445' title='bbox 2231 2562 2442 2628; x_wconf 90' lang='lat' dir='ltr'><strong>minus,</strong></span> <span class='ocrx_word' id='word_1_446' title='bbox 2466 2571 2522 2619; x_wconf 91' lang='lat' dir='ltr'><strong>et</strong></span> <span class='ocrx_word' id='word_1_447' title='bbox 2547 2565 2760 2621; x_wconf 84' lang='lat' dir='ltr'><strong>mittam</strong></span> <span class='ocrx_word' id='word_1_448' title='bbox 2788 2567 2837 2622; x_wconf 91' lang='lat' dir='ltr'><strong>ei</strong></span> <span class='ocrx_word' id='word_1_449' title='bbox 2862 2569 3234 2639; x_wconf 89' lang='lat' dir='ltr'><strong>ordinatores,</strong></span> <span class='ocrx_word' id='word_1_450' title='bbox 3261 2581 3316 2628; x_wconf 91' lang='lat' dir='ltr'><strong>et</strong></span> <span class='ocrx_word' id='word_1_451' title='bbox 3360 2575 3622 2629; x_wconf 83' lang='lat' dir='ltr'><strong>stratores</strong></span> <span class='ocrx_word' id='word_1_452' title='bbox 3669 2574 3748 2628; x_wconf 85' lang='lat' dir='ltr'><strong>Ia-</strong></span> 
     </span>
    </p>
   </div>
   <div class='ocr_carea' id='block_1_55' title="bbox 2168 2654 3748 2736">
    <p class='ocr_par' dir='ltr' id='par_1_55' title="bbox 2168 2654 3748 2736">
     <span class='ocr_line' id='line_1_55' title="bbox 2168 2654 3748 2736; baseline 0.011 -31"><span class='ocrx_word' id='word_1_453' title='bbox 2168 2668 2190 2704; x_wconf 72' lang='grc' dir='ltr'>ι</span> <span class='ocrx_word' id='word_1_454' title='bbox 2231 2654 2604 2726; x_wconf 87' lang='lat' dir='ltr'><strong>guncnlarum,</strong></span> <span class='ocrx_word' id='word_1_455' title='bbox 2629 2666 2685 2713; x_wconf 89' lang='lat' dir='ltr'><strong>et</strong></span> <span class='ocrx_word' id='word_1_456' title='bbox 2709 2666 2956 2716; x_wconf 86' lang='lat' dir='ltr'><strong>sternent</strong></span> <span class='ocrx_word' id='word_1_457' title='bbox 2975 2677 3122 2730; x_wconf 90' lang='lat' dir='ltr'><strong>eum,</strong></span> <span class='ocrx_word' id='word_1_458' title='bbox 3147 2673 3203 2720; x_wconf 90' lang='lat' dir='ltr'><strong>et</strong></span> <span class='ocrx_word' id='word_1_459' title='bbox 3224 2681 3355 2720; x_wconf 85' lang='lat' dir='ltr'><strong>vasa</strong></span> <span class='ocrx_word' id='word_1_460' title='bbox 3394 2665 3511 2736; x_wconf 85' lang='lat' dir='ltr'><strong>ejus</strong></span> <span class='ocrx_word' id='word_1_461' title='bbox 3547 2667 3748 2722; x_wconf 78' lang='lat' dir='ltr'><strong>exhau-</strong></span> 
     </span>
    </p>
   </div>
   <div class='ocr_carea' id='block_1_56' title="bbox 2169 2745 3751 2825">
    <p class='ocr_par' dir='ltr' id='par_1_56' title="bbox 2169 2745 3751 2825">
     <span class='ocr_line' id='line_1_56' title="bbox 2169 2745 3751 2825; baseline 0.011 -28"><span class='ocrx_word' id='word_1_462' title='bbox 2169 2760 2192 2796; x_wconf 74' lang='grc' dir='ltr'>ι</span> <span class='ocrx_word' id='word_1_463' title='bbox 2237 2745 2398 2813; x_wconf 84' lang='lat' dir='ltr'><strong>rient,</strong></span> <span class='ocrx_word' id='word_1_464' title='bbox 2422 2755 2475 2803; x_wconf 86' lang='lat' dir='ltr'><strong>et</strong></span> <span class='ocrx_word' id='word_1_465' title='bbox 2499 2749 2718 2824; x_wconf 86' lang='lat' dir='ltr'><strong>lagenas</strong></span> <span class='ocrx_word' id='word_1_466' title='bbox 2748 2767 2936 2808; x_wconf 88' lang='lat' dir='ltr'><strong>eorum</strong></span> <span class='ocrx_word' id='word_1_467' title='bbox 2985 2753 3258 2825; x_wconf 88' lang='lat' dir='ltr'><strong>collident,</strong></span> <span class='ocrx_word' id='word_1_468' title='bbox 3283 2765 3339 2814; x_wconf 90' lang='lat' dir='ltr'><strong>et</strong></span> <span class='ocrx_word' id='word_1_469' title='bbox 3389 2759 3751 2815; x_wconf 86' lang='lat' dir='ltr'><strong>confundetur</strong></span> 
     </span>
    </p>
   </div>
   <div class='ocr_carea' id='block_1_57' title="bbox 2169 2833 3746 2907">
    <p class='ocr_par' dir='ltr' id='par_1_57' title="bbox 2169 2833 3746 2907">
     <span class='ocr_line' id='line_1_57' title="bbox 2169 2833 3746 2907; baseline 0.011 -20"><span class='ocrx_word' id='word_1_470' title='bbox 2169 2850 2192 2886; x_wconf 73' lang='grc' dir='ltr'>ι</span> <span class='ocrx_word' id='word_1_471' title='bbox 2236 2833 2392 2891; x_wconf 80' lang='lat' dir='ltr'><strong>Moab</strong></span> <span class='ocrx_word' id='word_1_472' title='bbox 2422 2851 2452 2892; x_wconf 86' lang='lat' dir='ltr'><strong>a</strong></span> <span class='ocrx_word' id='word_1_473' title='bbox 2489 2837 2755 2907; x_wconf 88' lang='lat' dir='ltr'><strong>Chamos,</strong></span> <span class='ocrx_word' id='word_1_474' title='bbox 2783 2843 2923 2900; x_wconf 87' lang='lat' dir='ltr'><strong>sicut</strong></span> <span class='ocrx_word' id='word_1_475' title='bbox 2947 2845 3169 2902; x_wconf 87' lang='lat' dir='ltr'><strong>confusa</strong></span> <span class='ocrx_word' id='word_1_476' title='bbox 3189 2855 3274 2904; x_wconf 91' lang='lat' dir='ltr'><strong>est</strong></span> <span class='ocrx_word' id='word_1_477' title='bbox 3301 2848 3492 2905; x_wconf 88' lang='lat' dir='ltr'><strong>domus</strong></span> <span class='ocrx_word' id='word_1_478' title='bbox 3531 2849 3690 2905; x_wconf 88' lang='lat' dir='ltr'><strong>Israel</strong></span> <span class='ocrx_word' id='word_1_479' title='bbox 3715 2867 3746 2904; x_wconf 90' lang='lat' dir='ltr'><strong>a</strong></span> 
     </span>
    </p>
   </div>
   <div class='ocr_carea' id='block_1_58' title="bbox 2171 2929 3749 3012">
    <p class='ocr_par' dir='ltr' id='par_1_58' title="bbox 2171 2929 3749 3012">
     <span class='ocr_line' id='line_1_58' title="bbox 2171 2929 3749 3012; baseline 0.01 -32"><span class='ocrx_word' id='word_1_480' title='bbox 2171 2944 2194 2979; x_wconf 76' lang='grc' dir='ltr'>ι</span> <span class='ocrx_word' id='word_1_481' title='bbox 2233 2929 2420 2984; x_wconf 85' lang='lat' dir='ltr'><strong>Bethel</strong></span> <span class='ocrx_word' id='word_1_482' title='bbox 2455 2955 2467 2986; x_wconf 84' lang='lat'><strong>;</strong></span> <span class='ocrx_word' id='word_1_483' title='bbox 2499 2931 2552 2986; x_wconf 93' lang='lat' dir='ltr'><strong>in</strong></span> <span class='ocrx_word' id='word_1_484' title='bbox 2599 2949 2705 3008; x_wconf 89' lang='lat' dir='ltr'><strong>qua</strong></span> <span class='ocrx_word' id='word_1_485' title='bbox 2753 2936 2990 2994; x_wconf 88' lang='lat' dir='ltr'><strong>habebat</strong></span> <span class='ocrx_word' id='word_1_486' title='bbox 3033 2938 3308 2995; x_wconf 80' lang='lat' dir='ltr'><strong>fiduciam.</strong></span> <span class='ocrx_word' id='word_1_487' title='bbox 3357 2935 3384 2995; x_wconf 79' lang='grc' dir='ltr'><strong>ι’</strong></span> <span class='ocrx_word' id='word_1_488' title='bbox 3415 2939 3749 3012; x_wconf 86' lang='lat' dir='ltr'><strong>Frequenter</strong></span> 
     </span>
    </p>
   </div>
   <div class='ocr_carea' id='block_1_59' title="bbox 2167 3021 3744 3104">
    <p class='ocr_par' dir='ltr' id='par_1_59' title="bbox 2167 3021 3744 3104">
     <span class='ocr_line' id='line_1_59' title="bbox 2167 3021 3744 3104; baseline 0.01 -31"><span class='ocrx_word' id='word_1_489' title='bbox 2167 3033 2348 3076; x_wconf 90' lang='lat' dir='ltr'><strong>rerum</strong></span> <span class='ocrx_word' id='word_1_490' title='bbox 2372 3021 2720 3090; x_wconf 85' lang='lat' dir='ltr'><strong>abundantia,</strong></span> <span class='ocrx_word' id='word_1_491' title='bbox 2743 3029 2810 3083; x_wconf 89' lang='lat' dir='ltr'><strong>ad</strong></span> <span class='ocrx_word' id='word_1_492' title='bbox 2839 3026 3073 3084; x_wconf 87' lang='lat' dir='ltr'><strong>validam</strong></span> <span class='ocrx_word' id='word_1_493' title='bbox 3095 3029 3346 3102; x_wconf 88' lang='lat' dir='ltr'><strong>perducit</strong></span> <span class='ocrx_word' id='word_1_494' title='bbox 3366 3031 3744 3104; x_wconf 81' lang='lat' dir='ltr'><strong>indigentiam:</strong></span> 
     </span>
    </p>
   </div>
   <div class='ocr_carea' id='block_1_60' title="bbox 477 3107 3745 3197">
    <p class='ocr_par' dir='ltr' id='par_1_60' title="bbox 477 3107 3745 3197">
     <span class='ocr_line' id='line_1_60' title="bbox 477 3107 3745 3197; baseline 0.001 -19"><span class='ocrx_word' id='word_1_495' title='bbox 477 3135 634 3186; x_wconf 69' lang='lat' dir='ltr'><strong>nens</strong></span> <span class='ocrx_word' id='word_1_496' title='bbox 673 3107 1019 3180; x_wconf 81' lang='lat' dir='ltr'><strong>manducavit</strong></span> <span class='ocrx_word' id='word_1_497' title='bbox 1050 3138 1265 3183; x_wconf 86' lang='lat' dir='ltr'><strong>carnes.</strong></span> <span class='ocrx_word' id='word_1_498' title='bbox 1313 3143 1337 3180; x_wconf 69' lang='grc' dir='ltr'><strong>ι</strong></span> <span class='ocrx_word' id='word_1_499' title='bbox 1381 3120 1582 3196; x_wconf 73' lang='grc' dir='ltr'><strong>(ϐνεῃ.)</strong></span> <span class='ocrx_word' id='word_1_500' title='bbox 1621 3123 1688 3180; x_wconf 87' lang='lat' dir='ltr'><strong>Hi</strong></span> <span class='ocrx_word' id='word_1_501' title='bbox 1730 3123 1912 3196; x_wconf 89' lang='lat' dir='ltr'><strong>itaque</strong></span> <span class='ocrx_word' id='word_1_502' title='bbox 1940 3139 2064 3180; x_wconf 82' lang='lat' dir='ltr'><strong>cum</strong></span> <span class='ocrx_word' id='word_1_503' title='bbox 2092 3169 2136 3197; x_wconf 59' lang='grc' dir='ltr'>η</span> <span class='ocrx_word' id='word_1_504' title='bbox 2166 3121 2224 3170; x_wconf 91' lang='lat' dir='ltr'><strong>et</strong></span> <span class='ocrx_word' id='word_1_505' title='bbox 2247 3114 2476 3172; x_wconf 89' lang='lat' dir='ltr'><strong>inertem</strong></span> <span class='ocrx_word' id='word_1_506' title='bbox 2520 3121 2870 3176; x_wconf 84' lang='lat' dir='ltr'><strong>securitatem</strong></span> <span class='ocrx_word' id='word_1_507' title='bbox 2904 3121 3070 3177; x_wconf 87' lang='lat' dir='ltr'><strong>nimia</strong></span> <span class='ocrx_word' id='word_1_508' title='bbox 3116 3133 3372 3195; x_wconf 88' lang='lat' dir='ltr'><strong>sequetur</strong></span> <span class='ocrx_word' id='word_1_509' title='bbox 3415 3133 3745 3197; x_wconf 86' lang='lat' dir='ltr'><strong>tempestas:</strong></span> 
     </span>
    </p>
   </div>
   <div class='ocr_carea' id='block_1_61' title="bbox 477 3210 2063 3288">
    <p class='ocr_par' dir='ltr' id='par_1_61' title="bbox 477 3210 2063 3288">
     <span class='ocr_line' id='line_1_61' title="bbox 477 3210 2063 3288; baseline 0.004 -18"><span class='ocrx_word' id='word_1_510' title='bbox 477 3210 622 3284; x_wconf 72' lang='lat' dir='ltr'><strong>apud</strong></span> <span class='ocrx_word' id='word_1_511' title='bbox 656 3227 719 3270; x_wconf 84' lang='lat' dir='ltr'><strong>se</strong></span> <span class='ocrx_word' id='word_1_512' title='bbox 756 3225 1062 3272; x_wconf 73' lang='lat' dir='ltr'><strong>sermonem</strong></span> <span class='ocrx_word' id='word_1_513' title='bbox 1085 3214 1489 3288; x_wconf 60' lang='lat' dir='ltr'><strong>praedicationis</strong></span> <span class='ocrx_word' id='word_1_514' title='bbox 1513 3215 1820 3282; x_wconf 89' lang='lat' dir='ltr'><strong>occultant,</strong></span> <span class='ocrx_word' id='word_1_515' title='bbox 1851 3214 2063 3276; x_wconf 79' lang='lat' dir='ltr'><strong>divinas</strong></span> 
     </span>
    </p>
   </div>
   <div class='ocr_carea' id='block_1_62' title="bbox 475 3305 2062 3378">
    <p class='ocr_par' dir='ltr' id='par_1_62' title="bbox 475 3305 2062 3378">
     <span class='ocr_line' id='line_1_62' title="bbox 475 3305 2062 3378; baseline 0.001 -14"><span class='ocrx_word' id='word_1_516' title='bbox 475 3309 670 3364; x_wconf 79' lang='lat' dir='ltr'><strong>contra</strong></span> <span class='ocrx_word' id='word_1_517' title='bbox 692 3318 758 3360; x_wconf 85' lang='lat' dir='ltr'><strong>se</strong></span> <span class='ocrx_word' id='word_1_518' title='bbox 785 3305 1080 3362; x_wconf 82' lang='lat' dir='ltr'><strong>sententias</strong></span> <span class='ocrx_word' id='word_1_519' title='bbox 1111 3305 1428 3365; x_wconf 87' lang='lat' dir='ltr'><strong>terribiliter</strong></span> <span class='ocrx_word' id='word_1_520' title='bbox 1453 3305 1676 3362; x_wconf 84' lang='lat' dir='ltr'><strong>audiant</strong></span> <span class='ocrx_word' id='word_1_521' title='bbox 1698 3315 1967 3378; x_wconf 88' lang='lat' dir='ltr'><strong>quatenus</strong></span> <span class='ocrx_word' id='word_1_522' title='bbox 1995 3309 2062 3366; x_wconf 88' lang='lat' dir='ltr'><strong>ab</strong></span> 
     </span>
    </p>
   </div>
   <div class='ocr_carea' id='block_1_63' title="bbox 473 3395 2066 3468">
    <p class='ocr_par' dir='ltr' id='par_1_63' title="bbox 473 3395 2066 3468">
     <span class='ocr_line' id='line_1_63' title="bbox 473 3395 2066 3468; baseline 0.004 -19"><span class='ocrx_word' id='word_1_523' title='bbox 473 3407 664 3462; x_wconf 71' lang='lat' dir='ltr'><strong>eorum</strong></span> <span class='ocrx_word' id='word_1_524' title='bbox 708 3395 966 3454; x_wconf 81' lang='lat' dir='ltr'><strong>cordibus</strong></span> <span class='ocrx_word' id='word_1_525' title='bbox 1014 3395 1262 3453; x_wconf 86' lang='lat' dir='ltr'><strong>timorem</strong></span> <span class='ocrx_word' id='word_1_526' title='bbox 1312 3397 1474 3454; x_wconf 85' lang='lat' dir='ltr'><strong>timor</strong></span> <span class='ocrx_word' id='word_1_527' title='bbox 1521 3397 1774 3468; x_wconf 75' lang='lat' dir='ltr'><strong>expellat.</strong></span> <span class='ocrx_word' id='word_1_528' title='bbox 1829 3397 2066 3456; x_wconf 78' lang='lat' dir='ltr'><strong>Audiant</strong></span> 
     </span>
    </p>
   </div>
   <div class='ocr_carea' id='block_1_64' title="bbox 477 3487 2063 3564">
    <p class='ocr_par' dir='ltr' id='par_1_64' title="bbox 477 3487 2063 3564">
     <span class='ocr_line' id='line_1_64' title="bbox 477 3487 2063 3564; baseline 0.003 -20"><span class='ocrx_word' id='word_1_529' title='bbox 477 3487 619 3561; x_wconf 89' lang='lat' dir='ltr'><strong>quod</strong></span> <span class='ocrx_word' id='word_1_530' title='bbox 649 3489 941 3558; x_wconf 83' lang='lat' dir='ltr'><strong>talentum,</strong></span> <span class='ocrx_word' id='word_1_531' title='bbox 965 3491 1060 3562; x_wconf 85' lang='lat' dir='ltr'><strong>qui</strong></span> <span class='ocrx_word' id='word_1_532' title='bbox 1095 3505 1324 3564; x_wconf 87' lang='lat' dir='ltr'><strong>erogare</strong></span> <span class='ocrx_word' id='word_1_533' title='bbox 1364 3491 1574 3560; x_wconf 78' lang='lat' dir='ltr'><strong>noluit,</strong></span> <span class='ocrx_word' id='word_1_534' title='bbox 1612 3509 1736 3550; x_wconf 87' lang='lat' dir='ltr'><strong>cum</strong></span> <span class='ocrx_word' id='word_1_535' title='bbox 1795 3494 2063 3551; x_wconf 83' lang='lat' dir='ltr'><strong>sententia</strong></span> 
     </span>
    </p>
   </div>
   <div class='ocr_carea' id='block_1_65' title="bbox 477 3578 2063 3655">
    <p class='ocr_par' dir='ltr' id='par_1_65' title="bbox 477 3578 2063 3655">
     <span class='ocr_line' id='line_1_65' title="bbox 477 3578 2063 3655; baseline 0.003 -19"><span class='ocrx_word' id='word_1_536' title='bbox 477 3578 842 3646; x_wconf 81' lang='lat' dir='ltr'><strong>damnationis</strong></span> <span class='ocrx_word' id='word_1_537' title='bbox 877 3580 1080 3638; x_wconf 82' lang='lat' dir='ltr'><strong>amisit.</strong></span> <span class='ocrx_word' id='word_1_538' title='bbox 1117 3582 1355 3640; x_wconf 79' lang='lat' dir='ltr'><strong>Audiam</strong></span> <span class='ocrx_word' id='word_1_539' title='bbox 1399 3585 1543 3655; x_wconf 88' lang='lat' dir='ltr'><strong>quod</strong></span> <span class='ocrx_word' id='word_1_540' title='bbox 1586 3583 1784 3644; x_wconf 85' lang='lat' dir='ltr'><strong>Paulus</strong></span> <span class='ocrx_word' id='word_1_541' title='bbox 1826 3600 1892 3643; x_wconf 90' lang='lat' dir='ltr'><strong>eo</strong></span> <span class='ocrx_word' id='word_1_542' title='bbox 1925 3601 1988 3642; x_wconf 88' lang='lat' dir='ltr'><strong>se</strong></span> <span class='ocrx_word' id='word_1_543' title='bbox 2032 3601 2063 3640; x_wconf 87' lang='lat' dir='ltr'><strong>a</strong></span> 
     </span>
    </p>
   </div>
   <div class='ocr_carea' id='block_1_66' title="bbox 476 3670 2065 3750">
    <p class='ocr_par' dir='ltr' id='par_1_66' title="bbox 476 3670 2065 3750">
     <span class='ocr_line' id='line_1_66' title="bbox 476 3670 2065 3750; baseline 0.006 -24"><span class='ocrx_word' id='word_1_544' title='bbox 476 3670 848 3742; x_wconf 70' lang='lat' dir='ltr'><strong>proximorum</strong></span> <span class='ocrx_word' id='word_1_545' title='bbox 878 3674 1138 3750; x_wconf 84' lang='lat' dir='ltr'><strong>sanguine</strong></span> <span class='ocrx_word' id='word_1_546' title='bbox 1163 3676 1421 3732; x_wconf 88' lang='lat' dir='ltr'><strong>mundum</strong></span> <span class='ocrx_word' id='word_1_547' title='bbox 1449 3675 1712 3744; x_wconf 88' lang='lat' dir='ltr'><strong>credidit,</strong></span> <span class='ocrx_word' id='word_1_548' title='bbox 1736 3691 1842 3748; x_wconf 89' lang='lat' dir='ltr'><strong>quo</strong></span> <span class='ocrx_word' id='word_1_549' title='bbox 1868 3676 2065 3736; x_wconf 85' lang='lat' dir='ltr'><strong>ferien-</strong></span> 
     </span>
    </p>
   </div>
   <div class='ocr_carea' id='block_1_67' title="bbox 475 3761 2061 3842">
    <p class='ocr_par' dir='ltr' id='par_1_67' title="bbox 475 3761 2061 3842">
     <span class='ocr_line' id='line_1_67' title="bbox 475 3761 2061 3842; baseline 0.004 -22"><span class='ocrx_word' id='word_1_550' title='bbox 475 3761 564 3828; x_wconf 59' lang='grc' dir='ltr'><strong>ἃς</strong></span> <span class='ocrx_word' id='word_1_551' title='bbox 600 3777 790 3822; x_wconf 85' lang='lat' dir='ltr'><strong>eorum</strong></span> <span class='ocrx_word' id='word_1_552' title='bbox 831 3764 1117 3824; x_wconf 85' lang='lat' dir='ltr'><strong>desideriis</strong></span> <span class='ocrx_word' id='word_1_553' title='bbox 1162 3767 1308 3826; x_wconf 90' lang='lat' dir='ltr'><strong>intus</strong></span> <span class='ocrx_word' id='word_1_554' title='bbox 1356 3783 1464 3824; x_wconf 90' lang='lat' dir='ltr'><strong>non</strong></span> <span class='ocrx_word' id='word_1_555' title='bbox 1509 3770 1785 3842; x_wconf 84' lang='lat' dir='ltr'><strong>pepercit,</strong></span> <span class='ocrx_word' id='word_1_556' title='bbox 1823 3770 2010 3827; x_wconf 89' lang='lat' dir='ltr'><strong>dicens</strong></span> <span class='ocrx_word' id='word_1_557' title='bbox 2048 3789 2061 3826; x_wconf 91' lang='lat'>:</span> 
     </span>
    </p>
   </div>
   <div class='ocr_carea' id='block_1_68' title="bbox 481 3853 2064 3933">
    <p class='ocr_par' dir='ltr' id='par_1_68' title="bbox 481 3853 2064 3933">
     <span class='ocr_line' id='line_1_68' title="bbox 481 3853 2064 3933; baseline 0.004 -21"><span class='ocrx_word' id='word_1_558' title='bbox 481 3869 506 3912; x_wconf 74' lang='grc' dir='ltr'><strong><em>ι</em></strong></span> <span class='ocrx_word' id='word_1_559' title='bbox 541 3853 830 3916; x_wconf 80' lang='lat' dir='ltr'><strong>Contestor</strong></span> <span class='ocrx_word' id='word_1_560' title='bbox 863 3871 959 3915; x_wconf 85' lang='lat' dir='ltr'><strong>vos</strong></span> <span class='ocrx_word' id='word_1_561' title='bbox 997 3857 1258 3916; x_wconf 82' lang='lat' dir='ltr'><strong>hodierna</strong></span> <span class='ocrx_word' id='word_1_562' title='bbox 1299 3859 1417 3926; x_wconf 88' lang='lat' dir='ltr'><strong>die,</strong></span> <span class='ocrx_word' id='word_1_563' title='bbox 1448 3861 1574 3933; x_wconf 86' lang='lat' dir='ltr'><strong>quia</strong></span> <span class='ocrx_word' id='word_1_564' title='bbox 1618 3861 1848 3918; x_wconf 89' lang='lat' dir='ltr'><strong>mundus</strong></span> <span class='ocrx_word' id='word_1_565' title='bbox 1887 3878 2006 3919; x_wconf 78' lang='lat' dir='ltr'><strong>sun.</strong></span> <span class='ocrx_word' id='word_1_566' title='bbox 2033 3879 2064 3918; x_wconf 91' lang='lat' dir='ltr'><strong>a</strong></span> 
     </span>
    </p>
   </div>
   <div class='ocr_carea' id='block_1_69' title="bbox 473 3948 2064 4026">
    <p class='ocr_par' dir='ltr' id='par_1_69' title="bbox 473 3948 2064 4026">
     <span class='ocr_line' id='line_1_69' title="bbox 473 3948 2064 4026; baseline 0 -16"><span class='ocrx_word' id='word_1_567' title='bbox 473 3948 741 4020; x_wconf 60' lang='lat' dir='ltr'><strong>unguine</strong></span> <span class='ocrx_word' id='word_1_568' title='bbox 764 3949 1008 4006; x_wconf 85' lang='lat' dir='ltr'><strong>omnium</strong></span> <span class='ocrx_word' id='word_1_569' title='bbox 1042 3968 1056 4007; x_wconf 88' lang='lat'><strong>:</strong></span> <span class='ocrx_word' id='word_1_570' title='bbox 1085 3967 1196 4008; x_wconf 90' lang='lat' dir='ltr'><strong>non</strong></span> <span class='ocrx_word' id='word_1_571' title='bbox 1233 3951 1378 4008; x_wconf 90' lang='lat' dir='ltr'><strong>enim</strong></span> <span class='ocrx_word' id='word_1_572' title='bbox 1415 3951 1749 4026; x_wconf 81' lang='lat' dir='ltr'><strong>subterfugi,</strong></span> <span class='ocrx_word' id='word_1_573' title='bbox 1775 3955 2064 4026; x_wconf 86' lang='lat' dir='ltr'><strong>quominus</strong></span> 
     </span>
    </p>
   </div>
   <div class='ocr_carea' id='block_1_70' title="bbox 476 4039 2058 4117">
    <p class='ocr_par' dir='ltr' id='par_1_70' title="bbox 476 4039 2058 4117">
     <span class='ocr_line' id='line_1_70' title="bbox 476 4039 2058 4117; baseline 0.004 -22"><span class='ocrx_word' id='word_1_574' title='bbox 476 4039 862 4097; x_wconf 73' lang='lat' dir='ltr'><strong>annuntiarcm</strong></span> <span class='ocrx_word' id='word_1_575' title='bbox 889 4053 1051 4100; x_wconf 87' lang='lat' dir='ltr'><strong>omne</strong></span> <span class='ocrx_word' id='word_1_576' title='bbox 1078 4042 1365 4102; x_wconf 86' lang='lat' dir='ltr'><strong>consilium</strong></span> <span class='ocrx_word' id='word_1_577' title='bbox 1395 4043 1490 4100; x_wconf 89' lang='lat' dir='ltr'><strong>Dei</strong></span> <span class='ocrx_word' id='word_1_578' title='bbox 1517 4045 1672 4101; x_wconf 81' lang='lat' dir='ltr'><strong>vobis</strong></span> <span class='ocrx_word' id='word_1_579' title='bbox 1712 4044 1850 4117; x_wconf 78' lang='lat' dir='ltr'><strong>(Act.</strong></span> <span class='ocrx_word' id='word_1_580' title='bbox 1883 4043 2001 4117; x_wconf 82' lang='lat' dir='ltr'><strong>xx).</strong></span> <span class='ocrx_word' id='word_1_581' title='bbox 2037 4064 2058 4102; x_wconf 83' lang='grc'><strong><em>›</em></strong></span> 
     </span>
    </p>
   </div>
   <div class='ocr_carea' id='block_1_71' title="bbox 481 4125 2067 4206">
    <p class='ocr_par' dir='ltr' id='par_1_71' title="bbox 481 4125 2067 4206">
     <span class='ocr_line' id='line_1_71' title="bbox 481 4125 2067 4206; baseline 0.008 -25"><span class='ocrx_word' id='word_1_582' title='bbox 481 4125 778 4204; x_wconf 60' lang='lat' dir='ltr'><strong>[Maurus]</strong></span> <span class='ocrx_word' id='word_1_583' title='bbox 810 4129 995 4188; x_wconf 89' lang='lat' dir='ltr'><strong>Potest</strong></span> <span class='ocrx_word' id='word_1_584' title='bbox 1019 4141 1076 4190; x_wconf 88' lang='lat' dir='ltr'><strong>et</strong></span> <span class='ocrx_word' id='word_1_585' title='bbox 1115 4135 1404 4206; x_wconf 82' lang='lat' dir='ltr'><strong>unicuique</strong></span> <span class='ocrx_word' id='word_1_586' title='bbox 1437 4135 1556 4192; x_wconf 64' lang='lat' dir='ltr'><strong>hate</strong></span> <span class='ocrx_word' id='word_1_587' title='bbox 1591 4137 1860 4197; x_wconf 86' lang='lat' dir='ltr'><strong>sententia</strong></span> <span class='ocrx_word' id='word_1_588' title='bbox 1900 4137 2067 4196; x_wconf 84' lang='lat' dir='ltr'><strong>maie-</strong></span> 
     </span>
    </p>
   </div>
   <div class='ocr_carea' id='block_1_72' title="bbox 479 4217 2069 4296">
    <p class='ocr_par' dir='ltr' id='par_1_72' title="bbox 479 4217 2069 4296">
     <span class='ocr_line' id='line_1_72' title="bbox 479 4217 2069 4296; baseline 0.005 -16"><span class='ocrx_word' id='word_1_589' title='bbox 479 4217 732 4280; x_wconf 81' lang='lat' dir='ltr'><strong>dictionis</strong></span> <span class='ocrx_word' id='word_1_590' title='bbox 757 4223 1085 4292; x_wconf 61' lang='lat' dir='ltr'><strong>prophetica</strong></span> <span class='ocrx_word' id='word_1_591' title='bbox 1107 4224 1420 4292; x_wconf 86' lang='lat' dir='ltr'><strong>convenire,</strong></span> <span class='ocrx_word' id='word_1_592' title='bbox 1448 4227 1540 4296; x_wconf 89' lang='lat' dir='ltr'><strong>qui</strong></span> <span class='ocrx_word' id='word_1_593' title='bbox 1563 4226 1750 4284; x_wconf 84' lang='lat' dir='ltr'><strong>luxum</strong></span> <span class='ocrx_word' id='word_1_594' title='bbox 1775 4229 1957 4290; x_wconf 62' lang='grc' dir='ltr'><strong>διεωιὶ</strong></span> <span class='ocrx_word' id='word_1_595' title='bbox 1984 4245 2069 4288; x_wconf 88' lang='lat' dir='ltr'><strong>se-</strong></span> 
     </span>
    </p>
   </div>
   <div class='ocr_carea' id='block_1_73' title="bbox 481 4313 2064 4388">
    <p class='ocr_par' dir='ltr' id='par_1_73' title="bbox 481 4313 2064 4388">
     <span class='ocr_line' id='line_1_73' title="bbox 481 4313 2064 4388; baseline 0.006 -21"><span class='ocrx_word' id='word_1_596' title='bbox 481 4313 668 4381; x_wconf 68' lang='lat' dir='ltr'><strong>quitur</strong></span> <span class='ocrx_word' id='word_1_597' title='bbox 685 4353 701 4378; x_wconf 88' lang='lat'><strong>,</strong></span> <span class='ocrx_word' id='word_1_598' title='bbox 729 4321 786 4373; x_wconf 85' lang='lat' dir='ltr'><strong>et</strong></span> <span class='ocrx_word' id='word_1_599' title='bbox 835 4329 1036 4386; x_wconf 82' lang='lat' dir='ltr'><strong>corpus</strong></span> <span class='ocrx_word' id='word_1_600' title='bbox 1061 4331 1216 4372; x_wconf 87' lang='lat' dir='ltr'><strong>suum</strong></span> <span class='ocrx_word' id='word_1_601' title='bbox 1243 4316 1542 4388; x_wconf 87' lang='lat' dir='ltr'><strong>castigare,</strong></span> <span class='ocrx_word' id='word_1_602' title='bbox 1573 4327 1629 4374; x_wconf 89' lang='lat' dir='ltr'><strong>et</strong></span> <span class='ocrx_word' id='word_1_603' title='bbox 1657 4319 1905 4376; x_wconf 81' lang='lat' dir='ltr'><strong>servituti</strong></span> <span class='ocrx_word' id='word_1_604' title='bbox 1935 4319 2064 4376; x_wconf 87' lang='lat' dir='ltr'><strong>sub—</strong></span> 
     </span>
    </p>
   </div>
   <div class='ocr_carea' id='block_1_74' title="bbox 474 4402 2067 4480">
    <p class='ocr_par' dir='ltr' id='par_1_74' title="bbox 474 4402 2067 4480">
     <span class='ocr_line' id='line_1_74' title="bbox 474 4402 2067 4480; baseline 0.005 -20"><span class='ocrx_word' id='word_1_605' title='bbox 474 4402 648 4474; x_wconf 74' lang='lat' dir='ltr'><strong>jicere</strong></span> <span class='ocrx_word' id='word_1_606' title='bbox 675 4405 918 4478; x_wconf 85' lang='lat' dir='ltr'><strong>negligit,</strong></span> <span class='ocrx_word' id='word_1_607' title='bbox 941 4423 1066 4464; x_wconf 88' lang='lat' dir='ltr'><strong>cum</strong></span> <span class='ocrx_word' id='word_1_608' title='bbox 1085 4408 1376 4480; x_wconf 85' lang='lat' dir='ltr'><strong>Apostolus</strong></span> <span class='ocrx_word' id='word_1_609' title='bbox 1399 4409 1683 4468; x_wconf 83' lang='lat' dir='ltr'><strong>manifeste</strong></span> <span class='ocrx_word' id='word_1_610' title='bbox 1701 4411 1849 4468; x_wconf 86' lang='lat' dir='ltr'><strong>dicat</strong></span> <span class='ocrx_word' id='word_1_611' title='bbox 1876 4431 1888 4467; x_wconf 91' lang='lat'><strong>:</strong></span> <span class='ocrx_word' id='word_1_612' title='bbox 1917 4432 1936 4464; x_wconf 82' lang='grc' dir='ltr'>ι</span> <span class='ocrx_word' id='word_1_613' title='bbox 1965 4411 2067 4480; x_wconf 86' lang='lat' dir='ltr'><strong>Qui</strong></span> 
     </span>
    </p>
   </div>
   <div class='ocr_carea' id='block_1_75' title="bbox 2090 3169 2138 3240">
    <p class='ocr_par' dir='ltr' id='par_1_75' title="bbox 2090 3169 2138 3240">
     <span class='ocr_line' id='line_1_75' title="bbox 2090 3169 2138 3240; baseline 0 0"><span class='ocrx_word' id='word_1_614' title='bbox 2090 3169 2138 3240; x_wconf 78' lang='grc'><strong>6</strong></span> 
     </span>
    </p>
   </div>
   <div class='ocr_carea' id='block_1_76' title="bbox 2165 3207 3746 3291">
    <p class='ocr_par' dir='ltr' id='par_1_76' title="bbox 2165 3207 3746 3291">
     <span class='ocr_line' id='line_1_76' title="bbox 2165 3207 3746 3291; baseline 0.008 -29"><span class='ocrx_word' id='word_1_615' title='bbox 2165 3207 2290 3283; x_wconf 88' lang='lat' dir='ltr'><strong>quia</strong></span> <span class='ocrx_word' id='word_1_616' title='bbox 2316 3209 2440 3264; x_wconf 88' lang='lat' dir='ltr'><strong>dum</strong></span> <span class='ocrx_word' id='word_1_617' title='bbox 2477 3213 2750 3270; x_wconf 88' lang='lat' dir='ltr'><strong>concessis</strong></span> <span class='ocrx_word' id='word_1_618' title='bbox 2789 3213 2950 3269; x_wconf 89' lang='lat' dir='ltr'><strong>rebus</strong></span> <span class='ocrx_word' id='word_1_619' title='bbox 2992 3213 3348 3273; x_wconf 88' lang='lat' dir='ltr'><strong>immoderate</strong></span> <span class='ocrx_word' id='word_1_620' title='bbox 3391 3217 3555 3274; x_wconf 87' lang='lat' dir='ltr'><strong>homo</strong></span> <span class='ocrx_word' id='word_1_621' title='bbox 3598 3218 3746 3291; x_wconf 83' lang='lat' dir='ltr'><strong>igua-</strong></span> 
     </span>
    </p>
   </div>
   <div class='ocr_carea' id='block_1_77' title="bbox 2163 3295 3747 3380">
    <p class='ocr_par' dir='ltr' id='par_1_77' title="bbox 2163 3295 3747 3380">
     <span class='ocr_line' id='line_1_77' title="bbox 2163 3295 3747 3380; baseline 0.007 -26"><span class='ocrx_word' id='word_1_622' title='bbox 2163 3313 2264 3354; x_wconf 87' lang='lat' dir='ltr'><strong>vus</strong></span> <span class='ocrx_word' id='word_1_623' title='bbox 2284 3300 2475 3368; x_wconf 90' lang='lat' dir='ltr'><strong>utitur,</strong></span> <span class='ocrx_word' id='word_1_624' title='bbox 2499 3302 2650 3376; x_wconf 82' lang='lat' dir='ltr'><strong>vigor</strong></span> <span class='ocrx_word' id='word_1_625' title='bbox 2676 3305 2843 3360; x_wconf 89' lang='lat' dir='ltr'><strong>animi</strong></span> <span class='ocrx_word' id='word_1_626' title='bbox 2870 3305 2925 3360; x_wconf 93' lang='lat' dir='ltr'><strong>in</strong></span> <span class='ocrx_word' id='word_1_627' title='bbox 2950 3305 3134 3361; x_wconf 78' lang='lat' dir='ltr'><strong>luxum</strong></span> <span class='ocrx_word' id='word_1_628' title='bbox 3168 3307 3474 3376; x_wconf 87' lang='lat' dir='ltr'><strong>resolvitur,</strong></span> <span class='ocrx_word' id='word_1_629' title='bbox 3505 3318 3560 3365; x_wconf 90' lang='lat' dir='ltr'><strong>et</strong></span> <span class='ocrx_word' id='word_1_630' title='bbox 3579 3295 3747 3380; x_wconf 87' lang='lat' dir='ltr'><strong>proti-</strong></span> 
     </span>
    </p>
   </div>
   <div class='ocr_carea' id='block_1_78' title="bbox 2161 3391 3751 3474">
    <p class='ocr_par' dir='ltr' id='par_1_78' title="bbox 2161 3391 3751 3474">
     <span class='ocr_line' id='line_1_78' title="bbox 2161 3391 3751 3474; baseline 0.008 -28"><span class='ocrx_word' id='word_1_631' title='bbox 2161 3405 2266 3448; x_wconf 89' lang='lat' dir='ltr'><strong>nus</strong></span> <span class='ocrx_word' id='word_1_632' title='bbox 2287 3391 2340 3448; x_wconf 91' lang='lat' dir='ltr'><strong>in</strong></span> <span class='ocrx_word' id='word_1_633' title='bbox 2379 3395 2683 3466; x_wconf 87' lang='lat' dir='ltr'><strong>superbiam</strong></span> <span class='ocrx_word' id='word_1_634' title='bbox 2718 3411 2814 3452; x_wconf 91' lang='lat' dir='ltr'><strong>cor</strong></span> <span class='ocrx_word' id='word_1_635' title='bbox 2839 3396 3123 3454; x_wconf 84' lang='lat' dir='ltr'><strong>elevatur:</strong></span> <span class='ocrx_word' id='word_1_636' title='bbox 3152 3407 3208 3456; x_wconf 84' lang='lat' dir='ltr'><strong>et</strong></span> <span class='ocrx_word' id='word_1_637' title='bbox 3253 3401 3419 3458; x_wconf 90' lang='lat' dir='ltr'><strong>Deum</strong></span> <span class='ocrx_word' id='word_1_638' title='bbox 3451 3419 3610 3474; x_wconf 88' lang='lat' dir='ltr'><strong>quem</strong></span> <span class='ocrx_word' id='word_1_639' title='bbox 3653 3399 3751 3474; x_wconf 76' lang='lat' dir='ltr'><strong>per</strong></span> 
     </span>
    </p>
   </div>
   <div class='ocr_carea' id='block_1_79' title="bbox 2164 3479 3753 3568">
    <p class='ocr_par' dir='ltr' id='par_1_79' title="bbox 2164 3479 3753 3568">
     <span class='ocr_line' id='line_1_79' title="bbox 2164 3479 3753 3568; baseline 0.007 -29"><span class='ocrx_word' id='word_1_640' title='bbox 2164 3479 2518 3540; x_wconf 85' lang='lat' dir='ltr'><strong>humilitatem</strong></span> <span class='ocrx_word' id='word_1_641' title='bbox 2557 3485 2760 3543; x_wconf 90' lang='lat' dir='ltr'><strong>habere</strong></span> <span class='ocrx_word' id='word_1_642' title='bbox 2785 3489 2959 3560; x_wconf 81' lang='lat' dir='ltr'><strong>potuit</strong></span> <span class='ocrx_word' id='word_1_643' title='bbox 2984 3492 3308 3564; x_wconf 89' lang='lat' dir='ltr'><strong>propitium,</strong></span> <span class='ocrx_word' id='word_1_644' title='bbox 3340 3487 3477 3549; x_wconf 81' lang='lat' dir='ltr'><strong>facit</strong></span> <span class='ocrx_word' id='word_1_645' title='bbox 3512 3494 3612 3550; x_wconf 82' lang='lat' dir='ltr'><strong>siin</strong></span> <span class='ocrx_word' id='word_1_646' title='bbox 3655 3511 3753 3568; x_wconf 87' lang='lat' dir='ltr'><strong>per</strong></span> 
     </span>
    </p>
   </div>
   <div class='ocr_carea' id='block_1_80' title="bbox 2164 3575 3748 3656">
    <p class='ocr_par' dir='ltr' id='par_1_80' title="bbox 2164 3575 3748 3656">
     <span class='ocr_line' id='line_1_80' title="bbox 2164 3575 3748 3656; baseline 0.007 -27"><span class='ocrx_word' id='word_1_647' title='bbox 2164 3575 2469 3646; x_wconf 88' lang='lat' dir='ltr'><strong>superbiam</strong></span> <span class='ocrx_word' id='word_1_648' title='bbox 2498 3591 2618 3634; x_wconf 86' lang='lat' dir='ltr'><strong>esse</strong></span> <span class='ocrx_word' id='word_1_649' title='bbox 2669 3581 3022 3637; x_wconf 87' lang='lat' dir='ltr'><strong>contrarium.</strong></span> <span class='ocrx_word' id='word_1_650' title='bbox 3069 3582 3224 3639; x_wconf 86' lang='lat' dir='ltr'><strong>Unde</strong></span> <span class='ocrx_word' id='word_1_651' title='bbox 3271 3583 3550 3656; x_wconf 88' lang='lat' dir='ltr'><strong>Scriptura</strong></span> <span class='ocrx_word' id='word_1_652' title='bbox 3579 3581 3748 3642; x_wconf 89' lang='lat' dir='ltr'><strong>dicit:</strong></span> 
     </span>
    </p>
   </div>
   <div class='ocr_carea' id='block_1_81' title="bbox 2172 3665 3751 3748">
    <p class='ocr_par' dir='ltr' id='par_1_81' title="bbox 2172 3665 3751 3748">
     <span class='ocr_line' id='line_1_81' title="bbox 2172 3665 3751 3748; baseline 0.008 -30"><span class='ocrx_word' id='word_1_653' title='bbox 2172 3683 2192 3718; x_wconf 75' lang='grc' dir='ltr'>ι</span> <span class='ocrx_word' id='word_1_654' title='bbox 2233 3665 2377 3722; x_wconf 91' lang='lat' dir='ltr'><strong>Deus</strong></span> <span class='ocrx_word' id='word_1_655' title='bbox 2409 3669 2658 3741; x_wconf 89' lang='lat' dir='ltr'><strong>superbis</strong></span> <span class='ocrx_word' id='word_1_656' title='bbox 2695 3672 2919 3739; x_wconf 85' lang='lat' dir='ltr'><strong>resistit,</strong></span> <span class='ocrx_word' id='word_1_657' title='bbox 2947 3673 3240 3730; x_wconf 81' lang='lat' dir='ltr'><strong>humilibus</strong></span> <span class='ocrx_word' id='word_1_658' title='bbox 3285 3684 3463 3730; x_wconf 91' lang='lat' dir='ltr'><strong>autem</strong></span> <span class='ocrx_word' id='word_1_659' title='bbox 3501 3675 3597 3730; x_wconf 89' lang='lat' dir='ltr'><strong>dat</strong></span> <span class='ocrx_word' id='word_1_660' title='bbox 3624 3691 3751 3748; x_wconf 59' lang='lat' dir='ltr'><strong>gra-</strong></span> 
     </span>
    </p>
   </div>
   <div class='ocr_carea' id='block_1_82' title="bbox 2165 3755 3753 3835">
    <p class='ocr_par' dir='ltr' id='par_1_82' title="bbox 2165 3755 3753 3835">
     <span class='ocr_line' id='line_1_82' title="bbox 2165 3755 3753 3835; baseline 0.006 -23"><span class='ocrx_word' id='word_1_661' title='bbox 2165 3755 2293 3813; x_wconf 89' lang='lat' dir='ltr'><strong>tiam</strong></span> <span class='ocrx_word' id='word_1_662' title='bbox 2350 3759 2492 3832; x_wconf 80' lang='lat' dir='ltr'><strong>(Jac.</strong></span> <span class='ocrx_word' id='word_1_663' title='bbox 2539 3763 2636 3835; x_wconf 86' lang='lat' dir='ltr'><strong>tv).</strong></span> <span class='ocrx_word' id='word_1_664' title='bbox 2692 3783 2712 3817; x_wconf 74' lang='grc' dir='ltr'><strong><em>ι</em></strong></span> <span class='ocrx_word' id='word_1_665' title='bbox 2765 3763 2890 3819; x_wconf 82' lang='lat' dir='ltr'><strong>Ilaec</strong></span> <span class='ocrx_word' id='word_1_666' title='bbox 2939 3772 3118 3820; x_wconf 89' lang='lat' dir='ltr'><strong>autem</strong></span> <span class='ocrx_word' id='word_1_667' title='bbox 3177 3781 3334 3822; x_wconf 88' lang='lat' dir='ltr'><strong>casus</strong></span> <span class='ocrx_word' id='word_1_668' title='bbox 3393 3760 3753 3822; x_wconf 83' lang='lat' dir='ltr'><strong>Moabitarum</strong></span> 
     </span>
    </p>
   </div>
   <div class='ocr_carea' id='block_1_83' title="bbox 2163 3850 3755 3930">
    <p class='ocr_par' dir='ltr' id='par_1_83' title="bbox 2163 3850 3755 3930">
     <span class='ocr_line' id='line_1_83' title="bbox 2163 3850 3755 3930; baseline 0.006 -26"><span class='ocrx_word' id='word_1_669' title='bbox 2163 3850 2604 3909; x_wconf 88' lang='lat' dir='ltr'><strong>manifestissime</strong></span> <span class='ocrx_word' id='word_1_670' title='bbox 2627 3856 2842 3926; x_wconf 84' lang='lat' dir='ltr'><strong>probat,</strong></span> <span class='ocrx_word' id='word_1_671' title='bbox 2867 3855 2958 3928; x_wconf 89' lang='lat' dir='ltr'><strong>qui</strong></span> <span class='ocrx_word' id='word_1_672' title='bbox 3000 3863 3224 3930; x_wconf 86' lang='lat' dir='ltr'><strong>propter</strong></span> <span class='ocrx_word' id='word_1_673' title='bbox 3250 3855 3586 3914; x_wconf 88' lang='lat' dir='ltr'><strong>fertilitatem</strong></span> <span class='ocrx_word' id='word_1_674' title='bbox 3638 3867 3755 3914; x_wconf 88' lang='lat' dir='ltr'><strong>ter-</strong></span> 
     </span>
    </p>
   </div>
   <div class='ocr_carea' id='block_1_84' title="bbox 2164 3948 3758 4023">
    <p class='ocr_par' dir='ltr' id='par_1_84' title="bbox 2164 3948 3758 4023">
     <span class='ocr_line' id='line_1_84' title="bbox 2164 3948 3758 4023; baseline 0.004 -23"><span class='ocrx_word' id='word_1_675' title='bbox 2164 3957 2261 4010; x_wconf 73' lang='lat' dir='ltr'><strong>rze,</strong></span> <span class='ocrx_word' id='word_1_676' title='bbox 2297 3953 2353 4001; x_wconf 92' lang='lat' dir='ltr'><strong>et</strong></span> <span class='ocrx_word' id='word_1_677' title='bbox 2381 3961 2562 4002; x_wconf 88' lang='lat' dir='ltr'><strong>rerum</strong></span> <span class='ocrx_word' id='word_1_678' title='bbox 2589 3948 2797 4020; x_wconf 88' lang='lat' dir='ltr'><strong>copiam</strong></span> <span class='ocrx_word' id='word_1_679' title='bbox 2818 3990 2832 4014; x_wconf 92' lang='lat'><strong>,</strong></span> <span class='ocrx_word' id='word_1_680' title='bbox 2860 3948 3192 4023; x_wconf 88' lang='lat' dir='ltr'><strong>nimiumque</strong></span> <span class='ocrx_word' id='word_1_681' title='bbox 3237 3952 3407 4008; x_wconf 90' lang='lat' dir='ltr'><strong>otium</strong></span> <span class='ocrx_word' id='word_1_682' title='bbox 3429 3993 3444 4017; x_wconf 93' lang='lat'><strong>,</strong></span> <span class='ocrx_word' id='word_1_683' title='bbox 3467 3952 3521 4007; x_wconf 92' lang='lat' dir='ltr'><strong>in</strong></span> <span class='ocrx_word' id='word_1_684' title='bbox 3565 3948 3758 4008; x_wconf 84' lang='lat' dir='ltr'><strong>elatio—</strong></span> 
     </span>
    </p>
   </div>
   <div class='ocr_carea' id='block_1_85' title="bbox 2165 4038 3755 4112">
    <p class='ocr_par' dir='ltr' id='par_1_85' title="bbox 2165 4038 3755 4112">
     <span class='ocr_line' id='line_1_85' title="bbox 2165 4038 3755 4112; baseline 0.008 -22"><span class='ocrx_word' id='word_1_685' title='bbox 2165 4049 2290 4092; x_wconf 89' lang='lat' dir='ltr'><strong>nem</strong></span> <span class='ocrx_word' id='word_1_686' title='bbox 2315 4038 2529 4108; x_wconf 89' lang='lat' dir='ltr'><strong>cccidit,</strong></span> <span class='ocrx_word' id='word_1_687' title='bbox 2555 4047 2612 4096; x_wconf 87' lang='lat' dir='ltr'><strong>et</strong></span> <span class='ocrx_word' id='word_1_688' title='bbox 2637 4041 2893 4112; x_wconf 89' lang='lat' dir='ltr'><strong>populum</strong></span> <span class='ocrx_word' id='word_1_689' title='bbox 2915 4039 3012 4098; x_wconf 87' lang='lat' dir='ltr'><strong>Dei</strong></span> <span class='ocrx_word' id='word_1_690' title='bbox 3036 4044 3136 4100; x_wconf 89' lang='lat' dir='ltr'><strong>sub</strong></span> <span class='ocrx_word' id='word_1_691' title='bbox 3163 4041 3311 4100; x_wconf 86' lang='lat' dir='ltr'><strong>fasce</strong></span> <span class='ocrx_word' id='word_1_692' title='bbox 3339 4043 3755 4102; x_wconf 85' lang='lat' dir='ltr'><strong>tribulationum</strong></span> 
     </span>
    </p>
   </div>
   <div class='ocr_carea' id='block_1_86' title="bbox 2165 4127 3757 4208">
    <p class='ocr_par' dir='ltr' id='par_1_86' title="bbox 2165 4127 3757 4208">
     <span class='ocr_line' id='line_1_86' title="bbox 2165 4127 3757 4208; baseline 0.006 -25"><span class='ocrx_word' id='word_1_693' title='bbox 2165 4127 2484 4196; x_wconf 77' lang='lat' dir='ltr'><strong>sudantem,</strong></span> <span class='ocrx_word' id='word_1_694' title='bbox 2515 4129 2759 4201; x_wconf 80' lang='lat' dir='ltr'><strong>despexit</strong></span> <span class='ocrx_word' id='word_1_695' title='bbox 2784 4139 2946 4202; x_wconf 88' lang='lat' dir='ltr'><strong>atque</strong></span> <span class='ocrx_word' id='word_1_696' title='bbox 2983 4133 3152 4188; x_wconf 90' lang='lat' dir='ltr'><strong>irrisit</strong></span> <span class='ocrx_word' id='word_1_697' title='bbox 3181 4153 3194 4188; x_wconf 89' lang='lat'><strong>:</strong></span> <span class='ocrx_word' id='word_1_698' title='bbox 3223 4135 3349 4206; x_wconf 89' lang='lat' dir='ltr'><strong>quia</strong></span> <span class='ocrx_word' id='word_1_699' title='bbox 3377 4137 3492 4208; x_wconf 89' lang='lat' dir='ltr'><strong>ipse</strong></span> <span class='ocrx_word' id='word_1_700' title='bbox 3533 4136 3757 4192; x_wconf 66' lang='lat' dir='ltr'><strong>calami-</strong></span> 
     </span>
    </p>
   </div>
   <div class='ocr_carea' id='block_1_87' title="bbox 2167 4215 3758 4299">
    <p class='ocr_par' dir='ltr' id='par_1_87' title="bbox 2167 4215 3758 4299">
     <span class='ocr_line' id='line_1_87' title="bbox 2167 4215 3758 4299; baseline 0.009 -25"><span class='ocrx_word' id='word_1_701' title='bbox 2167 4221 2294 4276; x_wconf 88' lang='lat' dir='ltr'><strong>tatis</strong></span> <span class='ocrx_word' id='word_1_702' title='bbox 2322 4235 2535 4292; x_wconf 82' lang='lat' dir='ltr'><strong>expers,</strong></span> <span class='ocrx_word' id='word_1_703' title='bbox 2585 4220 2866 4283; x_wconf 84' lang='lat' dir='ltr'><strong>incolumis</strong></span> <span class='ocrx_word' id='word_1_704' title='bbox 2891 4227 3108 4283; x_wconf 90' lang='lat' dir='ltr'><strong>mansit.</strong></span> <span class='ocrx_word' id='word_1_705' title='bbox 3137 4225 3244 4284; x_wconf 86' lang='lat' dir='ltr'><strong>Sed</strong></span> <span class='ocrx_word' id='word_1_706' title='bbox 3265 4229 3520 4299; x_wconf 90' lang='lat' dir='ltr'><strong>quoniam</strong></span> <span class='ocrx_word' id='word_1_707' title='bbox 3543 4215 3758 4289; x_wconf 85' lang='lat' dir='ltr'><strong>tumore</strong></span> 
     </span>
    </p>
   </div>
   <div class='ocr_carea' id='block_1_88' title="bbox 2165 4315 3755 4390">
    <p class='ocr_par' dir='ltr' id='par_1_88' title="bbox 2165 4315 3755 4390">
     <span class='ocr_line' id='line_1_88' title="bbox 2165 4315 3755 4390; baseline 0.007 -21"><span class='ocrx_word' id='word_1_708' title='bbox 2165 4315 2366 4371; x_wconf 90' lang='lat' dir='ltr'><strong>mentis</strong></span> <span class='ocrx_word' id='word_1_709' title='bbox 2393 4331 2504 4372; x_wconf 72' lang='lat' dir='ltr'><strong>sum</strong></span> <span class='ocrx_word' id='word_1_710' title='bbox 2530 4323 2764 4389; x_wconf 90' lang='lat' dir='ltr'><strong>actuque</strong></span> <span class='ocrx_word' id='word_1_711' title='bbox 2803 4334 3082 4390; x_wconf 88' lang='lat' dir='ltr'><strong>perverso,</strong></span> <span class='ocrx_word' id='word_1_712' title='bbox 3108 4321 3175 4376; x_wconf 91' lang='lat' dir='ltr'><strong>ad</strong></span> <span class='ocrx_word' id='word_1_713' title='bbox 3215 4319 3550 4382; x_wconf 81' lang='lat' dir='ltr'><strong>iracundiam</strong></span> <span class='ocrx_word' id='word_1_714' title='bbox 3579 4323 3755 4380; x_wconf 89' lang='lat' dir='ltr'><strong>Deum</strong></span> 
     </span>
    </p>
   </div>
   <div class='ocr_carea' id='block_1_89' title="bbox 2165 4407 3759 4484">
    <p class='ocr_par' dir='ltr' id='par_1_89' title="bbox 2165 4407 3759 4484">
     <span class='ocr_line' id='line_1_89' title="bbox 2165 4407 3759 4484; baseline 0.007 -23"><span class='ocrx_word' id='word_1_715' title='bbox 2165 4407 2496 4477; x_wconf 85' lang='lat' dir='ltr'><strong>provocavit,</strong></span> <span class='ocrx_word' id='word_1_716' title='bbox 2525 4410 2772 4466; x_wconf 89' lang='lat' dir='ltr'><strong>hostibus</strong></span> <span class='ocrx_word' id='word_1_717' title='bbox 2825 4413 2891 4468; x_wconf 89' lang='lat' dir='ltr'><strong>ad</strong></span> <span class='ocrx_word' id='word_1_718' title='bbox 2947 4413 3306 4484; x_wconf 88' lang='lat' dir='ltr'><strong>diripiendum</strong></span> <span class='ocrx_word' id='word_1_719' title='bbox 3354 4416 3584 4474; x_wconf 88' lang='lat' dir='ltr'><strong>traditus</strong></span> <span class='ocrx_word' id='word_1_720' title='bbox 3624 4429 3710 4474; x_wconf 90' lang='lat' dir='ltr'><strong>est</strong></span> <span class='ocrx_word' id='word_1_721' title='bbox 3743 4438 3759 4472; x_wconf 93' lang='lat'>:</span> 
     </span>
    </p>
   </div>
   <div class='ocr_carea' id='block_1_90' title="bbox 481 4496 3761 4597">
    <p class='ocr_par' dir='ltr' id='par_1_90' title="bbox 481 4496 3761 4597">
     <span class='ocr_line' id='line_1_90' title="bbox 481 4496 3761 4597; baseline 0.005 -52"><span class='ocrx_word' id='word_1_722' title='bbox 481 4503 664 4552; x_wconf 64' lang='lat' dir='ltr'><strong>autem</strong></span> <span class='ocrx_word' id='word_1_723' title='bbox 687 4504 817 4554; x_wconf 61' lang='lat' dir='ltr'><strong>eum</strong></span> <span class='ocrx_word' id='word_1_724' title='bbox 837 4496 1042 4554; x_wconf 80' lang='lat' dir='ltr'><strong>Christi</strong></span> <span class='ocrx_word' id='word_1_725' title='bbox 1060 4539 1076 4564; x_wconf 83' lang='lat'><strong>,</strong></span> <span class='ocrx_word' id='word_1_726' title='bbox 1105 4513 1324 4563; x_wconf 68' lang='lat' dir='ltr'><strong>carnem</strong></span> <span class='ocrx_word' id='word_1_727' title='bbox 1353 4515 1505 4559; x_wconf 64' lang='lat' dir='ltr'><strong>suam</strong></span> <span class='ocrx_word' id='word_1_728' title='bbox 1531 4503 1916 4562; x_wconf 69' lang='lat' dir='ltr'><strong>cruciﬁxemm</strong></span> <span class='ocrx_word' id='word_1_729' title='bbox 1940 4520 2063 4562; x_wconf 81' lang='lat' dir='ltr'><strong>cum</strong></span> <span class='ocrx_word' id='word_1_730' title='bbox 2091 4533 2145 4597; x_wconf 62' lang='grc' dir='ltr'><strong>Β</strong></span> <span class='ocrx_word' id='word_1_731' title='bbox 2169 4498 2260 4569; x_wconf 89' lang='lat' dir='ltr'><strong>qui</strong></span> <span class='ocrx_word' id='word_1_732' title='bbox 2284 4509 2588 4558; x_wconf 88' lang='lat' dir='ltr'><strong>scrutantes</strong></span> <span class='ocrx_word' id='word_1_733' title='bbox 2623 4517 2840 4559; x_wconf 89' lang='lat' dir='ltr'><strong>omnem</strong></span> <span class='ocrx_word' id='word_1_734' title='bbox 2881 4501 3267 4574; x_wconf 88' lang='lat' dir='ltr'><strong>supellectilem</strong></span> <span class='ocrx_word' id='word_1_735' title='bbox 3312 4505 3427 4576; x_wconf 85' lang='lat' dir='ltr'><strong>ejus</strong></span> <span class='ocrx_word' id='word_1_736' title='bbox 3464 4505 3599 4564; x_wconf 87' lang='lat' dir='ltr'><strong>nihil</strong></span> <span class='ocrx_word' id='word_1_737' title='bbox 3625 4506 3761 4597; x_wconf 60' lang='lat' dir='ltr'><strong>illa;-</strong></span> 
     </span>
    </p>
   </div>
   <div class='ocr_carea' id='block_1_91' title="bbox 479 4583 2066 4670">
    <p class='ocr_par' dir='ltr' id='par_1_91' title="bbox 479 4583 2066 4670">
     <span class='ocr_line' id='line_1_91' title="bbox 479 4583 2066 4670; baseline 0.008 -28"><span class='ocrx_word' id='word_1_738' title='bbox 479 4583 631 4642; x_wconf 78' lang='lat' dir='ltr'><strong>vitiis</strong></span> <span class='ocrx_word' id='word_1_739' title='bbox 670 4596 726 4644; x_wconf 88' lang='lat' dir='ltr'><strong>et</strong></span> <span class='ocrx_word' id='word_1_740' title='bbox 759 4587 1215 4670; x_wconf 76' lang='lat' dir='ltr'><strong>concupiscentiis</strong></span> <span class='ocrx_word' id='word_1_741' title='bbox 1249 4589 1406 4662; x_wconf 65' lang='lat' dir='ltr'><strong>(Gal.</strong></span> <span class='ocrx_word' id='word_1_742' title='bbox 1441 4592 1527 4666; x_wconf 86' lang='lat' dir='ltr'><strong>v).</strong></span> <span class='ocrx_word' id='word_1_743' title='bbox 1579 4614 1602 4649; x_wconf 72' lang='grc' dir='ltr'><strong>ο</strong></span> <span class='ocrx_word' id='word_1_744' title='bbox 1651 4595 1728 4650; x_wconf 87' lang='lat' dir='ltr'><strong>De</strong></span> <span class='ocrx_word' id='word_1_745' title='bbox 1773 4596 2066 4668; x_wconf 80' lang='lat' dir='ltr'><strong>semetipso</strong></span> 
     </span>
    </p>
   </div>
   <div class='ocr_carea' id='block_1_92' title="bbox 478 4675 2067 4762">
    <p class='ocr_par' dir='ltr' id='par_1_92' title="bbox 478 4675 2067 4762">
     <span class='ocr_line' id='line_1_92' title="bbox 478 4675 2067 4762; baseline 0.006 -26"><span class='ocrx_word' id='word_1_746' title='bbox 478 4675 559 4736; x_wconf 68' lang='lat' dir='ltr'><strong>ait</strong></span> <span class='ocrx_word' id='word_1_747' title='bbox 586 4694 599 4731; x_wconf 88' lang='lat'><strong>:</strong></span> <span class='ocrx_word' id='word_1_748' title='bbox 638 4695 659 4734; x_wconf 68' lang='grc' dir='ltr'>ι</span> <span class='ocrx_word' id='word_1_749' title='bbox 690 4676 906 4752; x_wconf 84' lang='lat' dir='ltr'><strong>Castigo</strong></span> <span class='ocrx_word' id='word_1_750' title='bbox 931 4695 1130 4752; x_wconf 90' lang='lat' dir='ltr'><strong>corpus</strong></span> <span class='ocrx_word' id='word_1_751' title='bbox 1160 4698 1338 4742; x_wconf 87' lang='lat' dir='ltr'><strong>meum</strong></span> <span class='ocrx_word' id='word_1_752' title='bbox 1363 4692 1424 4740; x_wconf 90' lang='lat' dir='ltr'><strong>et</strong></span> <span class='ocrx_word' id='word_1_753' title='bbox 1444 4686 1695 4744; x_wconf 80' lang='lat' dir='ltr'><strong>servituti</strong></span> <span class='ocrx_word' id='word_1_754' title='bbox 1725 4687 1971 4762; x_wconf 86' lang='lat' dir='ltr'><strong>subjicio,</strong></span> <span class='ocrx_word' id='word_1_755' title='bbox 1999 4705 2067 4746; x_wconf 83' lang='lat' dir='ltr'><strong>ne</strong></span> 
     </span>
    </p>
   </div>
   <div class='ocr_carea' id='block_1_93' title="bbox 475 4765 2068 4849">
    <p class='ocr_par' dir='ltr' id='par_1_93' title="bbox 475 4765 2068 4849">
     <span class='ocr_line' id='line_1_93' title="bbox 475 4765 2068 4849; baseline 0.008 -26"><span class='ocrx_word' id='word_1_756' title='bbox 475 4765 620 4826; x_wconf 81' lang='lat' dir='ltr'><strong>forte</strong></span> <span class='ocrx_word' id='word_1_757' title='bbox 650 4785 773 4828; x_wconf 85' lang='lat' dir='ltr'><strong>cum</strong></span> <span class='ocrx_word' id='word_1_758' title='bbox 801 4769 922 4828; x_wconf 84' lang='lat' dir='ltr'><strong>aliis</strong></span> <span class='ocrx_word' id='word_1_759' title='bbox 949 4771 1389 4844; x_wconf 66' lang='lat' dir='ltr'><strong>praedicaverim,</strong></span> <span class='ocrx_word' id='word_1_760' title='bbox 1421 4776 1535 4848; x_wconf 87' lang='lat' dir='ltr'><strong>ipse</strong></span> <span class='ocrx_word' id='word_1_761' title='bbox 1571 4782 1834 4849; x_wconf 82' lang='lat' dir='ltr'><strong>reprobus</strong></span> <span class='ocrx_word' id='word_1_762' title='bbox 1867 4779 2068 4837; x_wconf 83' lang='lat' dir='ltr'><strong>eiiiciar</strong></span> 
     </span>
    </p>
   </div>
   <div class='ocr_carea' id='block_1_94' title="bbox 477 4857 2064 4942">
    <p class='ocr_par' dir='ltr' id='par_1_94' title="bbox 477 4857 2064 4942">
     <span class='ocr_line' id='line_1_94' title="bbox 477 4857 2064 4942; baseline 0.007 -25"><span class='ocrx_word' id='word_1_763' title='bbox 477 4857 533 4933; x_wconf 73' lang='grc' dir='ltr'><em>υ</em></span> <span class='ocrx_word' id='word_1_764' title='bbox 555 4857 680 4918; x_wconf 79' lang='lat' dir='ltr'><strong>Cor.</strong></span> <span class='ocrx_word' id='word_1_765' title='bbox 711 4862 810 4935; x_wconf 80' lang='lat' dir='ltr'><strong>ix).</strong></span> <span class='ocrx_word' id='word_1_766' title='bbox 849 4881 869 4916; x_wconf 74' lang='grc' dir='ltr'><strong><em>ι</em></strong></span> <span class='ocrx_word' id='word_1_767' title='bbox 901 4863 1040 4920; x_wconf 81' lang='lat' dir='ltr'><strong>Hinc</strong></span> <span class='ocrx_word' id='word_1_768' title='bbox 1065 4871 1124 4924; x_wconf 88' lang='lat' dir='ltr'><strong>et</strong></span> <span class='ocrx_word' id='word_1_769' title='bbox 1153 4865 1349 4936; x_wconf 82' lang='lat' dir='ltr'><strong>ipsein</strong></span> <span class='ocrx_word' id='word_1_770' title='bbox 1375 4867 1668 4942; x_wconf 82' lang='lat' dir='ltr'><strong>Evangelio</strong></span> <span class='ocrx_word' id='word_1_771' title='bbox 1695 4871 1829 4930; x_wconf 88' lang='lat' dir='ltr'><strong>dicit</strong></span> <span class='ocrx_word' id='word_1_772' title='bbox 1861 4889 1874 4920; x_wconf 73' lang='grc' dir='ltr'><strong><em>τ</em></strong></span> <span class='ocrx_word' id='word_1_773' title='bbox 1909 4891 1928 4922; x_wconf 74' lang='grc' dir='ltr'><em>α</em></span> <span class='ocrx_word' id='word_1_774' title='bbox 1965 4871 2064 4939; x_wconf 86' lang='lat' dir='ltr'><strong>Qui</strong></span> 
     </span>
    </p>
   </div>
   <div class='ocr_carea' id='block_1_95' title="bbox 478 4954 2068 5033">
    <p class='ocr_par' dir='ltr' id='par_1_95' title="bbox 478 4954 2068 5033">
     <span class='ocr_line' id='line_1_95' title="bbox 478 4954 2068 5033; baseline 0.004 -21"><span class='ocrx_word' id='word_1_775' title='bbox 478 4954 598 5012; x_wconf 73' lang='lat' dir='ltr'><strong>vult</strong></span> <span class='ocrx_word' id='word_1_776' title='bbox 632 4957 820 5017; x_wconf 82' lang='lat' dir='ltr'><strong>venire</strong></span> <span class='ocrx_word' id='word_1_777' title='bbox 855 4965 980 5028; x_wconf 84' lang='lat' dir='ltr'><strong>post</strong></span> <span class='ocrx_word' id='word_1_778' title='bbox 1011 4973 1134 5025; x_wconf 82' lang='lat' dir='ltr'><strong>me,</strong></span> <span class='ocrx_word' id='word_1_779' title='bbox 1156 4958 1386 5030; x_wconf 70' lang='lat' dir='ltr'><strong>aluisset</strong></span> <span class='ocrx_word' id='word_1_780' title='bbox 1413 4961 1794 5033; x_wconf 85' lang='lat' dir='ltr'><strong>semetipsum,</strong></span> <span class='ocrx_word' id='word_1_781' title='bbox 1825 4969 1880 5018; x_wconf 87' lang='lat' dir='ltr'><strong>et</strong></span> <span class='ocrx_word' id='word_1_782' title='bbox 1917 4961 2068 5018; x_wconf 88' lang='lat' dir='ltr'><strong>tollat</strong></span> 
     </span>
    </p>
   </div>
   <div class='ocr_carea' id='block_1_96' title="bbox 477 5053 2068 5128">
    <p class='ocr_par' dir='ltr' id='par_1_96' title="bbox 477 5053 2068 5128">
     <span class='ocr_line' id='line_1_96' title="bbox 477 5053 2068 5128; baseline 0 -20"><span class='ocrx_word' id='word_1_783' title='bbox 477 5057 703 5108; x_wconf 71' lang='lat' dir='ltr'><strong>crucem</strong></span> <span class='ocrx_word' id='word_1_784' title='bbox 727 5063 882 5110; x_wconf 77' lang='lat' dir='ltr'><strong>suam</strong></span> <span class='ocrx_word' id='word_1_785' title='bbox 913 5058 969 5108; x_wconf 90' lang='lat' dir='ltr'><strong>et</strong></span> <span class='ocrx_word' id='word_1_786' title='bbox 997 5059 1259 5125; x_wconf 79' lang='lat' dir='ltr'><strong>sequatur</strong></span> <span class='ocrx_word' id='word_1_787' title='bbox 1276 5069 1368 5112; x_wconf 89' lang='lat' dir='ltr'><strong>me</strong></span> <span class='ocrx_word' id='word_1_788' title='bbox 1395 5053 1612 5128; x_wconf 72' lang='lat' dir='ltr'><strong>(Matth.</strong></span> <span class='ocrx_word' id='word_1_789' title='bbox 1638 5055 1772 5126; x_wconf 76' lang='lat' dir='ltr'><strong>xw).</strong></span> <span class='ocrx_word' id='word_1_790' title='bbox 1806 5073 1827 5107; x_wconf 66' lang='grc' dir='ltr'><strong><em>ι</em></strong></span> <span class='ocrx_word' id='word_1_791' title='bbox 1854 5054 1922 5112; x_wconf 88' lang='lat' dir='ltr'><strong>Et</strong></span> <span class='ocrx_word' id='word_1_792' title='bbox 1949 5070 2068 5110; x_wconf 85' lang='lat' dir='ltr'><strong>rur-</strong></span> 
     </span>
    </p>
   </div>
   <div class='ocr_carea' id='block_1_97' title="bbox 479 5131 2067 5218">
    <p class='ocr_par' dir='ltr' id='par_1_97' title="bbox 479 5131 2067 5218">
     <span class='ocr_line' id='line_1_97' title="bbox 479 5131 2067 5218; baseline 0.005 -20"><span class='ocrx_word' id='word_1_793' title='bbox 479 5149 601 5198; x_wconf 77' lang='lat' dir='ltr'><strong>sum</strong></span> <span class='ocrx_word' id='word_1_794' title='bbox 635 5157 648 5193; x_wconf 91' lang='lat'><strong>:</strong></span> <span class='ocrx_word' id='word_1_795' title='bbox 683 5157 704 5194; x_wconf 74' lang='grc' dir='ltr'>ι</span> <span class='ocrx_word' id='word_1_796' title='bbox 737 5140 842 5209; x_wconf 83' lang='lat' dir='ltr'><strong>Qui</strong></span> <span class='ocrx_word' id='word_1_797' title='bbox 869 5143 1131 5214; x_wconf 87' lang='lat' dir='ltr'><strong>voluerit,</strong></span> <span class='ocrx_word' id='word_1_798' title='bbox 1161 5131 1365 5218; x_wconf 73' lang='lat' dir='ltr'><strong>inquit,</strong></span> <span class='ocrx_word' id='word_1_799' title='bbox 1403 5147 1643 5206; x_wconf 88' lang='lat' dir='ltr'><strong>animam</strong></span> <span class='ocrx_word' id='word_1_800' title='bbox 1683 5163 1838 5205; x_wconf 88' lang='lat' dir='ltr'><strong>suam</strong></span> <span class='ocrx_word' id='word_1_801' title='bbox 1863 5146 2067 5206; x_wconf 87' lang='lat' dir='ltr'><strong>salvam</strong></span> 
     </span>
    </p>
   </div>
   <div class='ocr_carea' id='block_1_98' title="bbox 481 5229 2068 5311">
    <p class='ocr_par' dir='ltr' id='par_1_98' title="bbox 481 5229 2068 5311">
     <span class='ocr_line' id='line_1_98' title="bbox 481 5229 2068 5311; baseline 0.002 -19"><span class='ocrx_word' id='word_1_802' title='bbox 481 5229 690 5300; x_wconf 63' lang='lat' dir='ltr'><strong>facere,</strong></span> <span class='ocrx_word' id='word_1_803' title='bbox 719 5235 910 5304; x_wconf 83' lang='lat' dir='ltr'><strong>perdet</strong></span> <span class='ocrx_word' id='word_1_804' title='bbox 935 5249 1056 5298; x_wconf 87' lang='lat' dir='ltr'><strong>eam</strong></span> <span class='ocrx_word' id='word_1_805' title='bbox 1089 5253 1105 5296; x_wconf 89' lang='lat'><strong>:</strong></span> <span class='ocrx_word' id='word_1_806' title='bbox 1133 5239 1304 5311; x_wconf 85' lang='lat' dir='ltr'><strong>etqui</strong></span> <span class='ocrx_word' id='word_1_807' title='bbox 1327 5239 1624 5310; x_wconf 88' lang='lat' dir='ltr'><strong>perdiderit</strong></span> <span class='ocrx_word' id='word_1_808' title='bbox 1651 5239 1887 5296; x_wconf 82' lang='lat' dir='ltr'><strong>animam</strong></span> <span class='ocrx_word' id='word_1_809' title='bbox 1917 5255 2068 5296; x_wconf 87' lang='lat' dir='ltr'><strong>suam</strong></span> 
     </span>
    </p>
   </div>
   <div class='ocr_carea' id='block_1_99' title="bbox 481 5319 2068 5394">
    <p class='ocr_par' dir='ltr' id='par_1_99' title="bbox 481 5319 2068 5394">
     <span class='ocr_line' id='line_1_99' title="bbox 481 5319 2068 5394; baseline 0.007 -16"><span class='ocrx_word' id='word_1_810' title='bbox 481 5319 540 5378; x_wconf 84' lang='lat' dir='ltr'><strong>in</strong></span> <span class='ocrx_word' id='word_1_811' title='bbox 563 5322 672 5378; x_wconf 87' lang='lat' dir='ltr'><strong>hoc</strong></span> <span class='ocrx_word' id='word_1_812' title='bbox 695 5325 914 5394; x_wconf 83' lang='lat' dir='ltr'><strong>mundo,</strong></span> <span class='ocrx_word' id='word_1_813' title='bbox 941 5327 996 5385; x_wconf 92' lang='lat' dir='ltr'><strong>in</strong></span> <span class='ocrx_word' id='word_1_814' title='bbox 1023 5331 1190 5390; x_wconf 84' lang='lat' dir='ltr'><strong>vitam</strong></span> <span class='ocrx_word' id='word_1_815' title='bbox 1211 5340 1474 5388; x_wconf 57' lang='lat' dir='ltr'><strong>aeternam</strong></span> <span class='ocrx_word' id='word_1_816' title='bbox 1495 5331 1736 5390; x_wconf 89' lang='lat' dir='ltr'><strong>custodit</strong></span> <span class='ocrx_word' id='word_1_817' title='bbox 1756 5346 1899 5388; x_wconf 88' lang='lat' dir='ltr'><strong>eam.</strong></span> <span class='ocrx_word' id='word_1_818' title='bbox 1938 5352 1958 5385; x_wconf 74' lang='grc' dir='ltr'><strong><em>ι</em></strong></span> <span class='ocrx_word' id='word_1_819' title='bbox 1988 5332 2068 5389; x_wconf 81' lang='lat' dir='ltr'><strong>Ad</strong></span> 
     </span>
    </p>
   </div>
   <div class='ocr_carea' id='block_1_100' title="bbox 483 5410 2073 5497">
    <p class='ocr_par' dir='ltr' id='par_1_100' title="bbox 483 5410 2073 5497">
     <span class='ocr_line' id='line_1_100' title="bbox 483 5410 2073 5497; baseline 0.007 -27"><span class='ocrx_word' id='word_1_820' title='bbox 483 5410 632 5476; x_wconf 75' lang='lat' dir='ltr'><strong>hunc</strong></span> <span class='ocrx_word' id='word_1_821' title='bbox 659 5431 789 5490; x_wconf 87' lang='lat' dir='ltr'><strong>ergo</strong></span> <span class='ocrx_word' id='word_1_822' title='bbox 813 5428 1015 5482; x_wconf 73' lang='lat' dir='ltr'><strong>Statum</strong></span> <span class='ocrx_word' id='word_1_823' title='bbox 1041 5423 1286 5493; x_wconf 83' lang='lat' dir='ltr'><strong>quisquis</strong></span> <span class='ocrx_word' id='word_1_824' title='bbox 1311 5424 1674 5481; x_wconf 86' lang='lat' dir='ltr'><strong>conscendere</strong></span> <span class='ocrx_word' id='word_1_825' title='bbox 1702 5423 1952 5492; x_wconf 86' lang='lat' dir='ltr'><strong>voluerit,</strong></span> <span class='ocrx_word' id='word_1_826' title='bbox 1977 5440 2073 5497; x_wconf 89' lang='lat' dir='ltr'><strong>per</strong></span> 
     </span>
    </p>
   </div>
   <div class='ocr_carea' id='block_1_101' title="bbox 485 5503 2074 5591">
    <p class='ocr_par' dir='ltr' id='par_1_101' title="bbox 485 5503 2074 5591">
     <span class='ocr_line' id='line_1_101' title="bbox 485 5503 2074 5591; baseline 0.006 -27"><span class='ocrx_word' id='word_1_827' title='bbox 485 5503 870 5568; x_wconf 81' lang='lat' dir='ltr'><strong>abstinentiam</strong></span> <span class='ocrx_word' id='word_1_828' title='bbox 908 5521 964 5571; x_wconf 91' lang='lat' dir='ltr'><strong>et</strong></span> <span class='ocrx_word' id='word_1_829' title='bbox 1007 5513 1480 5573; x_wconf 82' lang='lat' dir='ltr'><strong>mortiﬁcationem</strong></span> <span class='ocrx_word' id='word_1_830' title='bbox 1523 5517 1702 5572; x_wconf 88' lang='lat' dir='ltr'><strong>cordis</strong></span> <span class='ocrx_word' id='word_1_831' title='bbox 1741 5524 1799 5572; x_wconf 90' lang='lat' dir='ltr'><strong>et</strong></span> <span class='ocrx_word' id='word_1_832' title='bbox 1833 5518 2074 5591; x_wconf 89' lang='lat' dir='ltr'><strong>corporis</strong></span> 
     </span>
    </p>
   </div>
   <div class='ocr_carea' id='block_1_102' title="bbox 486 5601 2074 5677">
    <p class='ocr_par' dir='ltr' id='par_1_102' title="bbox 486 5601 2074 5677">
     <span class='ocr_line' id='line_1_102' title="bbox 486 5601 2074 5677; baseline 0.007 -24"><span class='ocrx_word' id='word_1_833' title='bbox 486 5601 838 5672; x_wconf 75' lang='lat' dir='ltr'><strong>semetipsum</strong></span> <span class='ocrx_word' id='word_1_834' title='bbox 860 5601 1110 5676; x_wconf 84' lang='lat' dir='ltr'><strong>puriilcet</strong></span> <span class='ocrx_word' id='word_1_835' title='bbox 1125 5622 1138 5659; x_wconf 88' lang='lat'><strong>:</strong></span> <span class='ocrx_word' id='word_1_836' title='bbox 1155 5605 1280 5674; x_wconf 89' lang='lat' dir='ltr'><strong>quia</strong></span> <span class='ocrx_word' id='word_1_837' title='bbox 1305 5607 1447 5662; x_wconf 86' lang='lat' dir='ltr'><strong>sicut</strong></span> <span class='ocrx_word' id='word_1_838' title='bbox 1464 5607 1727 5677; x_wconf 89' lang='lat' dir='ltr'><strong>scriptum</strong></span> <span class='ocrx_word' id='word_1_839' title='bbox 1747 5617 1832 5665; x_wconf 91' lang='lat' dir='ltr'><strong>est</strong></span> <span class='ocrx_word' id='word_1_840' title='bbox 1856 5625 1869 5664; x_wconf 90' lang='lat'><strong>:</strong></span> <span class='ocrx_word' id='word_1_841' title='bbox 1897 5627 1916 5660; x_wconf 75' lang='grc' dir='ltr'>ι</span> <span class='ocrx_word' id='word_1_842' title='bbox 1947 5607 2074 5664; x_wconf 88' lang='lat' dir='ltr'><strong>Sine</strong></span> 
     </span>
    </p>
   </div>
   <div class='ocr_carea' id='block_1_103' title="bbox 483 5692 2073 5772">
    <p class='ocr_par' dir='ltr' id='par_1_103' title="bbox 483 5692 2073 5772">
     <span class='ocr_line' id='line_1_103' title="bbox 483 5692 2073 5772; baseline 0.008 -29"><span class='ocrx_word' id='word_1_843' title='bbox 483 5692 766 5764; x_wconf 68' lang='lat' dir='ltr'><strong>sanguinis</strong></span> <span class='ocrx_word' id='word_1_844' title='bbox 789 5692 1049 5750; x_wconf 67' lang='lat' dir='ltr'><strong>effusione</strong></span> <span class='ocrx_word' id='word_1_845' title='bbox 1078 5709 1182 5750; x_wconf 91' lang='lat' dir='ltr'><strong>non</strong></span> <span class='ocrx_word' id='word_1_846' title='bbox 1221 5693 1281 5753; x_wconf 86' lang='lat' dir='ltr'><strong>ﬁt</strong></span> <span class='ocrx_word' id='word_1_847' title='bbox 1305 5697 1554 5754; x_wconf 88' lang='lat' dir='ltr'><strong>remissio</strong></span> <span class='ocrx_word' id='word_1_848' title='bbox 1587 5697 1744 5770; x_wconf 82' lang='lat' dir='ltr'><strong>(Heb.</strong></span> <span class='ocrx_word' id='word_1_849' title='bbox 1776 5699 1876 5772; x_wconf 77' lang='lat' dir='ltr'><strong>ix).</strong></span> <span class='ocrx_word' id='word_1_850' title='bbox 1915 5721 1932 5752; x_wconf 73' lang='grc' dir='ltr'>ι</span> <span class='ocrx_word' id='word_1_851' title='bbox 1966 5697 2073 5756; x_wconf 81' lang='lat' dir='ltr'><strong>Nec</strong></span> 
     </span>
    </p>
   </div>
   <div class='ocr_carea' id='block_1_104' title="bbox 483 5777 2099 5871">
    <p class='ocr_par' dir='ltr' id='par_1_104' title="bbox 483 5777 2099 5871">
     <span class='ocr_line' id='line_1_104' title="bbox 483 5777 2099 5871; baseline 0.007 -28"><span class='ocrx_word' id='word_1_852' title='bbox 483 5777 764 5852; x_wconf 71' lang='lat' dir='ltr'><strong>immerito</strong></span> <span class='ocrx_word' id='word_1_853' title='bbox 793 5799 808 5842; x_wconf 86' lang='lat'><strong>:</strong></span> <span class='ocrx_word' id='word_1_854' title='bbox 842 5801 862 5838; x_wconf 76' lang='grc' dir='ltr'>ι</span> <span class='ocrx_word' id='word_1_855' title='bbox 895 5782 1036 5848; x_wconf 84' lang='lat' dir='ltr'><strong>Caro</strong></span> <span class='ocrx_word' id='word_1_856' title='bbox 1063 5785 1210 5846; x_wconf 88' lang='lat' dir='ltr'><strong>enim</strong></span> <span class='ocrx_word' id='word_1_857' title='bbox 1236 5795 1292 5846; x_wconf 90' lang='lat' dir='ltr'><strong>et</strong></span> <span class='ocrx_word' id='word_1_858' title='bbox 1318 5789 1540 5866; x_wconf 82' lang='lat' dir='ltr'><strong>sanguis</strong></span> <span class='ocrx_word' id='word_1_859' title='bbox 1573 5803 1800 5869; x_wconf 82' lang='lat' dir='ltr'><strong>regnum</strong></span> <span class='ocrx_word' id='word_1_860' title='bbox 1828 5790 1922 5852; x_wconf 85' lang='lat' dir='ltr'><strong>Dei</strong></span> <span class='ocrx_word' id='word_1_861' title='bbox 1952 5805 2099 5871; x_wconf 41' lang='lat' dir='ltr'><strong>pot:</strong></span> 
     </span>
    </p>
   </div>
   <div class='ocr_carea' id='block_1_105' title="bbox 2171 4588 3765 4658">
    <p class='ocr_par' dir='ltr' id='par_1_105' title="bbox 2171 4588 3765 4658">
     <span class='ocr_line' id='line_1_105' title="bbox 2171 4588 3765 4658; baseline 0.008 -15"><span class='ocrx_word' id='word_1_862' title='bbox 2171 4603 2288 4644; x_wconf 89' lang='lat' dir='ltr'><strong>sum</strong></span> <span class='ocrx_word' id='word_1_863' title='bbox 2313 4589 2612 4646; x_wconf 89' lang='lat' dir='ltr'><strong>omiserunt</strong></span> <span class='ocrx_word' id='word_1_864' title='bbox 2642 4612 2654 4646; x_wconf 91' lang='lat'>:</span> <span class='ocrx_word' id='word_1_865' title='bbox 2693 4609 2793 4650; x_wconf 90' lang='lat' dir='ltr'><strong>nec</strong></span> <span class='ocrx_word' id='word_1_866' title='bbox 2823 4593 3017 4652; x_wconf 87' lang='lat' dir='ltr'><strong>falsum</strong></span> <span class='ocrx_word' id='word_1_867' title='bbox 3057 4614 3255 4654; x_wconf 90' lang='lat' dir='ltr'><strong>numen</strong></span> <span class='ocrx_word' id='word_1_868' title='bbox 3301 4609 3359 4656; x_wconf 91' lang='lat' dir='ltr'><strong>et</strong></span> <span class='ocrx_word' id='word_1_869' title='bbox 3390 4597 3594 4658; x_wconf 83' lang='lat' dir='ltr'><strong>idolum</strong></span> <span class='ocrx_word' id='word_1_870' title='bbox 3619 4588 3765 4657; x_wconf 81' lang='lat' dir='ltr'><strong>Cha-</strong></span> 
     </span>
    </p>
   </div>
   <div class='ocr_carea' id='block_1_106' title="bbox 2169 4679 3764 4762">
    <p class='ocr_par' dir='ltr' id='par_1_106' title="bbox 2169 4679 3764 4762">
     <span class='ocr_line' id='line_1_106' title="bbox 2169 4679 3764 4762; baseline 0.008 -26"><span class='ocrx_word' id='word_1_871' title='bbox 2169 4693 2288 4736; x_wconf 91' lang='lat' dir='ltr'><strong>mos</strong></span> <span class='ocrx_word' id='word_1_872' title='bbox 2313 4679 2406 4736; x_wconf 90' lang='lat' dir='ltr'><strong>Dei</strong></span> <span class='ocrx_word' id='word_1_873' title='bbox 2438 4683 2519 4737; x_wconf 91' lang='lat' dir='ltr'><strong>sui</strong></span> <span class='ocrx_word' id='word_1_874' title='bbox 2551 4683 2692 4754; x_wconf 90' lang='lat' dir='ltr'><strong>quod</strong></span> <span class='ocrx_word' id='word_1_875' title='bbox 2713 4700 2814 4756; x_wconf 91' lang='lat' dir='ltr'><strong>pro</strong></span> <span class='ocrx_word' id='word_1_876' title='bbox 2867 4703 2994 4743; x_wconf 90' lang='lat' dir='ltr'><strong>vero</strong></span> <span class='ocrx_word' id='word_1_877' title='bbox 3019 4689 3242 4745; x_wconf 89' lang='lat' dir='ltr'><strong>numine</strong></span> <span class='ocrx_word' id='word_1_878' title='bbox 3270 4689 3538 4762; x_wconf 87' lang='lat' dir='ltr'><strong>colebant,</strong></span> <span class='ocrx_word' id='word_1_879' title='bbox 3577 4690 3764 4762; x_wconf 90' lang='lat' dir='ltr'><strong>aliquo</strong></span> 
     </span>
    </p>
   </div>
   <div class='ocr_carea' id='block_1_107' title="bbox 2169 4771 3763 4850">
    <p class='ocr_par' dir='ltr' id='par_1_107' title="bbox 2169 4771 3763 4850">
     <span class='ocr_line' id='line_1_107' title="bbox 2169 4771 3763 4850; baseline 0.007 -23"><span class='ocrx_word' id='word_1_880' title='bbox 2169 4772 2332 4828; x_wconf 88' lang='lat' dir='ltr'><strong>modo</strong></span> <span class='ocrx_word' id='word_1_881' title='bbox 2379 4771 2458 4830; x_wconf 89' lang='lat' dir='ltr'><strong>eis</strong></span> <span class='ocrx_word' id='word_1_882' title='bbox 2517 4771 2796 4848; x_wconf 88' lang='lat' dir='ltr'><strong>suffragari</strong></span> <span class='ocrx_word' id='word_1_883' title='bbox 2853 4779 3059 4850; x_wconf 89' lang='lat' dir='ltr'><strong>potuit,</strong></span> <span class='ocrx_word' id='word_1_884' title='bbox 3091 4789 3285 4839; x_wconf 89' lang='lat' dir='ltr'><strong>utnon</strong></span> <span class='ocrx_word' id='word_1_885' title='bbox 3323 4783 3763 4849; x_wconf 86' lang='lat' dir='ltr'><strong>devastarentur,</strong></span> 
     </span>
    </p>
   </div>
   <div class='ocr_carea' id='block_1_108' title="bbox 2170 4865 3762 4942">
    <p class='ocr_par' dir='ltr' id='par_1_108' title="bbox 2170 4865 3762 4942">
     <span class='ocr_line' id='line_1_108' title="bbox 2170 4865 3762 4942; baseline 0.006 -22"><span class='ocrx_word' id='word_1_886' title='bbox 2170 4879 2348 4938; x_wconf 87' lang='lat' dir='ltr'><strong>neque</strong></span> <span class='ocrx_word' id='word_1_887' title='bbox 2398 4865 2726 4924; x_wconf 88' lang='lat' dir='ltr'><strong>ducerentur</strong></span> <span class='ocrx_word' id='word_1_888' title='bbox 2774 4869 2830 4924; x_wconf 92' lang='lat' dir='ltr'><strong>in</strong></span> <span class='ocrx_word' id='word_1_889' title='bbox 2879 4871 3249 4942; x_wconf 86' lang='lat' dir='ltr'><strong>captivitatem</strong></span> <span class='ocrx_word' id='word_1_890' title='bbox 3288 4892 3302 4929; x_wconf 88' lang='lat'><strong>:</strong></span> <span class='ocrx_word' id='word_1_891' title='bbox 3347 4873 3486 4930; x_wconf 89' lang='lat' dir='ltr'><strong>sicut</strong></span> <span class='ocrx_word' id='word_1_892' title='bbox 3514 4883 3569 4930; x_wconf 90' lang='lat' dir='ltr'><strong>et</strong></span> <span class='ocrx_word' id='word_1_893' title='bbox 3591 4873 3762 4930; x_wconf 87' lang='lat' dir='ltr'><strong>lsrael</strong></span> 
     </span>
    </p>
   </div>
   <div class='ocr_carea' id='block_1_109' title="bbox 2171 4961 3763 5048">
    <p class='ocr_par' dir='ltr' id='par_1_109' title="bbox 2171 4961 3763 5048">
     <span class='ocr_line' id='line_1_109' title="bbox 2171 4961 3763 5048; baseline 0.007 -37"><span class='ocrx_word' id='word_1_894' title='bbox 2171 4971 2366 5028; x_wconf 87' lang='lat' dir='ltr'><strong>passus</strong></span> <span class='ocrx_word' id='word_1_895' title='bbox 2395 4969 2478 5014; x_wconf 89' lang='lat' dir='ltr'><strong>est</strong></span> <span class='ocrx_word' id='word_1_896' title='bbox 2501 4969 2724 5034; x_wconf 90' lang='lat' dir='ltr'><strong>propter</strong></span> <span class='ocrx_word' id='word_1_897' title='bbox 2751 4961 2950 5020; x_wconf 88' lang='lat' dir='ltr'><strong>vitulos</strong></span> <span class='ocrx_word' id='word_1_898' title='bbox 2982 4981 3180 5023; x_wconf 87' lang='lat' dir='ltr'><strong>aureos</strong></span> <span class='ocrx_word' id='word_1_899' title='bbox 3208 4981 3344 5036; x_wconf 90' lang='lat' dir='ltr'><strong>quos</strong></span> <span class='ocrx_word' id='word_1_900' title='bbox 3385 4966 3553 5024; x_wconf 89' lang='lat' dir='ltr'><strong>coluit</strong></span> <span class='ocrx_word' id='word_1_901' title='bbox 3582 4968 3639 5022; x_wconf 92' lang='lat' dir='ltr'><strong>in</strong></span> <span class='ocrx_word' id='word_1_902' title='bbox 3663 4967 3763 5048; x_wconf 79' lang='lat' dir='ltr'><strong>Be-</strong></span> 
     </span>
    </p>
   </div>
   <div class='ocr_carea' id='block_1_110' title="bbox 2177 5049 3754 5122">
    <p class='ocr_par' dir='ltr' id='par_1_110' title="bbox 2177 5049 3754 5122">
     <span class='ocr_line' id='line_1_110' title="bbox 2177 5049 3754 5122; baseline 0.01 -16"><span class='ocrx_word' id='word_1_903' title='bbox 2177 5049 2310 5120; x_wconf 89' lang='lat' dir='ltr'><strong>thel,</strong></span> <span class='ocrx_word' id='word_1_904' title='bbox 2338 5053 2392 5107; x_wconf 93' lang='lat' dir='ltr'><strong>in</strong></span> <span class='ocrx_word' id='word_1_905' title='bbox 2418 5054 2500 5110; x_wconf 91' lang='lat' dir='ltr'><strong>eis</strong></span> <span class='ocrx_word' id='word_1_906' title='bbox 2548 5053 2886 5116; x_wconf 85' lang='lat' dir='ltr'><strong>liberationis</strong></span> <span class='ocrx_word' id='word_1_907' title='bbox 2915 5074 3030 5114; x_wconf 71' lang='lat' dir='ltr'><strong>sua:</strong></span> <span class='ocrx_word' id='word_1_908' title='bbox 3055 5059 3265 5118; x_wconf 89' lang='lat' dir='ltr'><strong>habens</strong></span> <span class='ocrx_word' id='word_1_909' title='bbox 3293 5059 3568 5122; x_wconf 83' lang='lat' dir='ltr'><strong>fiduciam.</strong></span> <span class='ocrx_word' id='word_1_910' title='bbox 3597 5059 3754 5122; x_wconf 66' lang='lat' dir='ltr'><strong>Just)</strong></span> 
     </span>
    </p>
   </div>
   <div class='ocr_carea' id='block_1_111' title="bbox 2177 5145 3754 5228">
    <p class='ocr_par' dir='ltr' id='par_1_111' title="bbox 2177 5145 3754 5228">
     <span class='ocr_line' id='line_1_111' title="bbox 2177 5145 3754 5228; baseline 0.006 -29"><span class='ocrx_word' id='word_1_911' title='bbox 2177 5145 2435 5216; x_wconf 80' lang='lat' dir='ltr'><strong>mySticos</strong></span> <span class='ocrx_word' id='word_1_912' title='bbox 2477 5161 2610 5203; x_wconf 87' lang='lat' dir='ltr'><strong>vero</strong></span> <span class='ocrx_word' id='word_1_913' title='bbox 2639 5163 2829 5205; x_wconf 89' lang='lat' dir='ltr'><strong>sensus</strong></span> <span class='ocrx_word' id='word_1_914' title='bbox 2849 5191 2864 5220; x_wconf 93' lang='lat'><strong>,</strong></span> <span class='ocrx_word' id='word_1_915' title='bbox 2891 5149 3200 5228; x_wconf 87' lang='lat' dir='ltr'><strong>quicunque</strong></span> <span class='ocrx_word' id='word_1_916' title='bbox 3227 5151 3282 5210; x_wconf 90' lang='lat' dir='ltr'><strong>in</strong></span> <span class='ocrx_word' id='word_1_917' title='bbox 3312 5152 3551 5208; x_wconf 87' lang='lat' dir='ltr'><strong>humana</strong></span> <span class='ocrx_word' id='word_1_918' title='bbox 3583 5150 3754 5224; x_wconf 66' lang='lat' dir='ltr'><strong>philo</strong></span> 
     </span>
    </p>
   </div>
   <div class='ocr_carea' id='block_1_112' title="bbox 2177 5238 3758 5314">
    <p class='ocr_par' dir='ltr' id='par_1_112' title="bbox 2177 5238 3758 5314">
     <span class='ocr_line' id='line_1_112' title="bbox 2177 5238 3758 5314; baseline 0.004 -21"><span class='ocrx_word' id='word_1_919' title='bbox 2177 5238 2369 5310; x_wconf 84' lang='lat' dir='ltr'><strong>sophia</strong></span> <span class='ocrx_word' id='word_1_920' title='bbox 2391 5239 2684 5306; x_wconf 81' lang='lat' dir='ltr'><strong>confidunt,</strong></span> <span class='ocrx_word' id='word_1_921' title='bbox 2709 5249 2765 5297; x_wconf 92' lang='lat' dir='ltr'><strong>et</strong></span> <span class='ocrx_word' id='word_1_922' title='bbox 2793 5242 2846 5298; x_wconf 90' lang='lat' dir='ltr'><strong>in</strong></span> <span class='ocrx_word' id='word_1_923' title='bbox 2869 5257 2931 5299; x_wconf 89' lang='lat' dir='ltr'><strong>ea</strong></span> <span class='ocrx_word' id='word_1_924' title='bbox 2958 5258 3016 5300; x_wconf 92' lang='lat' dir='ltr'><strong>se</strong></span> <span class='ocrx_word' id='word_1_925' title='bbox 3036 5252 3260 5314; x_wconf 89' lang='lat' dir='ltr'><strong>sperant</strong></span> <span class='ocrx_word' id='word_1_926' title='bbox 3304 5245 3657 5300; x_wconf 85' lang='lat' dir='ltr'><strong>securitatem</strong></span> <span class='ocrx_word' id='word_1_927' title='bbox 3707 5252 3758 5306; x_wconf 77' lang='lat' dir='ltr'><strong>et</strong></span> 
     </span>
    </p>
   </div>
   <div class='ocr_carea' id='block_1_113' title="bbox 2175 5328 3758 5407">
    <p class='ocr_par' dir='ltr' id='par_1_113' title="bbox 2175 5328 3758 5407">
     <span class='ocr_line' id='line_1_113' title="bbox 2175 5328 3758 5407; baseline 0.004 -24"><span class='ocrx_word' id='word_1_928' title='bbox 2175 5328 2340 5384; x_wconf 88' lang='lat' dir='ltr'><strong>vitam</strong></span> <span class='ocrx_word' id='word_1_929' title='bbox 2382 5329 2582 5386; x_wconf 88' lang='lat' dir='ltr'><strong>habere</strong></span> <span class='ocrx_word' id='word_1_930' title='bbox 2606 5347 2765 5402; x_wconf 91' lang='lat' dir='ltr'><strong>posse</strong></span> <span class='ocrx_word' id='word_1_931' title='bbox 2789 5341 3140 5404; x_wconf 85' lang='lat' dir='ltr'><strong>perpetuam,</strong></span> <span class='ocrx_word' id='word_1_932' title='bbox 3187 5333 3598 5407; x_wconf 88' lang='lat' dir='ltr'><strong>despiciuutque</strong></span> <span class='ocrx_word' id='word_1_933' title='bbox 3641 5331 3758 5390; x_wconf 60' lang='lat' dir='ltr'><strong>teli.</strong></span> 
     </span>
    </p>
   </div>
   <div class='ocr_carea' id='block_1_114' title="bbox 2174 5417 3756 5496">
    <p class='ocr_par' dir='ltr' id='par_1_114' title="bbox 2174 5417 3756 5496">
     <span class='ocr_line' id='line_1_114' title="bbox 2174 5417 3756 5496; baseline 0.004 -23"><span class='ocrx_word' id='word_1_934' title='bbox 2174 5417 2382 5490; x_wconf 84' lang='lat' dir='ltr'><strong>giosam</strong></span> <span class='ocrx_word' id='word_1_935' title='bbox 2432 5420 2686 5478; x_wconf 85' lang='lat' dir='ltr'><strong>Ecclesiae</strong></span> <span class='ocrx_word' id='word_1_936' title='bbox 2731 5421 2892 5478; x_wconf 79' lang='lat' dir='ltr'><strong>fidem</strong></span> <span class='ocrx_word' id='word_1_937' title='bbox 2953 5432 3008 5480; x_wconf 88' lang='lat' dir='ltr'><strong>et</strong></span> <span class='ocrx_word' id='word_1_938' title='bbox 3067 5421 3368 5496; x_wconf 89' lang='lat' dir='ltr'><strong>simplicem</strong></span> <span class='ocrx_word' id='word_1_939' title='bbox 3418 5425 3756 5494; x_wconf 87' lang='lat' dir='ltr'><strong>doctrinam,</strong></span> 
     </span>
    </p>
   </div>
   <div class='ocr_carea' id='block_1_115' title="bbox 2175 5511 3770 5589">
    <p class='ocr_par' dir='ltr' id='par_1_115' title="bbox 2175 5511 3770 5589">
     <span class='ocr_line' id='line_1_115' title="bbox 2175 5511 3770 5589; baseline 0.006 -24"><span class='ocrx_word' id='word_1_940' title='bbox 2175 5511 2393 5567; x_wconf 84' lang='lat' dir='ltr'><strong>venient</strong></span> <span class='ocrx_word' id='word_1_941' title='bbox 2423 5511 2528 5569; x_wconf 84' lang='lat' dir='ltr'><strong>illis</strong></span> <span class='ocrx_word' id='word_1_942' title='bbox 2559 5513 2898 5570; x_wconf 87' lang='lat' dir='ltr'><strong>ordinatores</strong></span> <span class='ocrx_word' id='word_1_943' title='bbox 2927 5522 2984 5570; x_wconf 90' lang='lat' dir='ltr'><strong>et</strong></span> <span class='ocrx_word' id='word_1_944' title='bbox 3007 5523 3273 5574; x_wconf 88' lang='lat' dir='ltr'><strong>stratores</strong></span> <span class='ocrx_word' id='word_1_945' title='bbox 3297 5515 3612 5589; x_wconf 80' lang='lat' dir='ltr'><strong>dogmatum</strong></span> <span class='ocrx_word' id='word_1_946' title='bbox 3640 5531 3770 5574; x_wconf 89' lang='lat' dir='ltr'><strong>suo-</strong></span> 
     </span>
    </p>
   </div>
   <div class='ocr_carea' id='block_1_116' title="bbox 2173 5604 3769 5680">
    <p class='ocr_par' dir='ltr' id='par_1_116' title="bbox 2173 5604 3769 5680">
     <span class='ocr_line' id='line_1_116' title="bbox 2173 5604 3769 5680; baseline 0.001 -20"><span class='ocrx_word' id='word_1_947' title='bbox 2173 5617 2318 5672; x_wconf 88' lang='lat' dir='ltr'><strong>rum,</strong></span> <span class='ocrx_word' id='word_1_948' title='bbox 2361 5613 2416 5661; x_wconf 91' lang='lat' dir='ltr'><strong>et</strong></span> <span class='ocrx_word' id='word_1_949' title='bbox 2461 5604 2770 5678; x_wconf 88' lang='lat' dir='ltr'><strong>direptores</strong></span> <span class='ocrx_word' id='word_1_950' title='bbox 2817 5607 3198 5664; x_wconf 88' lang='lat' dir='ltr'><strong>thesaurorum</strong></span> <span class='ocrx_word' id='word_1_951' title='bbox 3249 5623 3386 5680; x_wconf 89' lang='lat' dir='ltr'><strong>quos</strong></span> <span class='ocrx_word' id='word_1_952' title='bbox 3431 5609 3676 5666; x_wconf 85' lang='lat' dir='ltr'><strong>habuere</strong></span> <span class='ocrx_word' id='word_1_953' title='bbox 3711 5607 3769 5663; x_wconf 89' lang='lat' dir='ltr'><strong>in</strong></span> 
     </span>
    </p>
   </div>
   <div class='ocr_carea' id='block_1_117' title="bbox 2175 5693 3768 5770">
    <p class='ocr_par' dir='ltr' id='par_1_117' title="bbox 2175 5693 3768 5770">
     <span class='ocr_line' id='line_1_117' title="bbox 2175 5693 3768 5770; baseline 0.002 -19"><span class='ocrx_word' id='word_1_954' title='bbox 2175 5697 2320 5752; x_wconf 79' lang='lat' dir='ltr'><strong>vasis</strong></span> <span class='ocrx_word' id='word_1_955' title='bbox 2349 5696 2632 5762; x_wconf 85' lang='lat' dir='ltr'><strong>librorum,</strong></span> <span class='ocrx_word' id='word_1_956' title='bbox 2686 5695 2911 5768; x_wconf 86' lang='lat' dir='ltr'><strong>maligni</strong></span> <span class='ocrx_word' id='word_1_957' title='bbox 2953 5693 3209 5754; x_wconf 46' lang='lat' dir='ltr'><strong>ﬁlicet</strong></span> <span class='ocrx_word' id='word_1_958' title='bbox 3249 5699 3518 5770; x_wconf 87' lang='lat' dir='ltr'><strong>spiritus:</strong></span> <span class='ocrx_word' id='word_1_959' title='bbox 3549 5705 3604 5754; x_wconf 90' lang='lat' dir='ltr'><strong>et</strong></span> <span class='ocrx_word' id='word_1_960' title='bbox 3640 5707 3768 5754; x_wconf 91' lang='lat' dir='ltr'><strong>tunc</strong></span> 
     </span>
    </p>
   </div>
   <div class='ocr_carea' id='block_1_118' title="bbox 2175 5787 3764 5873">
    <p class='ocr_par' dir='ltr' id='par_1_118' title="bbox 2175 5787 3764 5873">
     <span class='ocr_line' id='line_1_118' title="bbox 2175 5787 3764 5873; baseline -0.001 -25"><span class='ocrx_word' id='word_1_961' title='bbox 2175 5788 2595 5861; x_wconf 87' lang='lat' dir='ltr'><strong>confundeutur,</strong></span> <span class='ocrx_word' id='word_1_962' title='bbox 2634 5787 2851 5866; x_wconf 87' lang='lat' dir='ltr'><strong>quando</strong></span> <span class='ocrx_word' id='word_1_963' title='bbox 2883 5787 2943 5848; x_wconf 91' lang='lat' dir='ltr'><strong>in</strong></span> <span class='ocrx_word' id='word_1_964' title='bbox 2989 5790 3142 5851; x_wconf 81' lang='lat' dir='ltr'><strong>exitu</strong></span> <span class='ocrx_word' id='word_1_965' title='bbox 3176 5791 3302 5852; x_wconf 66' lang='lat' dir='ltr'><strong>vita</strong></span> <span class='ocrx_word' id='word_1_966' title='bbox 3347 5798 3764 5873; x_wconf 71' lang='lat' dir='ltr'><strong>prosperorum,</strong></span> 
     </span>
    </p>
   </div>
  </div>
