4044 6326
349 358 484 413 “I7

1229 358 1588 418 EXPOSITIO
1630 359 1852 415 SUPER
1892 357 2255 417 IEREMIAM.
2299 392 2368 404 —-
2404 363 2530 418 LIB.
2576 361 2686 417 XV.

3463 371 3595 427 1118

343 470 479 527 nihil
503 469 605 528 sibi
635 469 900 540 profuisse
919 471 1154 528 studium
1175 486 1351 537 suum,
1373 481 1427 527 et
1459 471 1721 528 culturam
1752 471 1915 528 falso-
1943 474 1994 534 Α
2022 472 2124 528 illis
2151 477 2344 530 evenit.
2393 475 2472 529 Ad
2511 476 2652 544 quod
2678 475 2767 530 ille
2807 474 3014 546 fugiens
3057 481 3365 549 respondit:
3407 502 3425 533 ι
3459 483 3596 539 Con—

349 581 467 622 rum
517 565 738 620 deorum
781 579 918 634 quos
962 563 1240 632 multiplici
1293 564 1451 619 laude
1499 564 1864 633 praedicabant
1905 582 1916 616 :

353 675 374 709 ι
416 657 676 725 Quoniam
717 672 908 712 omnes
941 656 1016 712 dii
1056 658 1291 728 gentium
1335 657 1616 721 daemonia,
1662 655 1924 711 Dominus

345 757 526 805 autem
567 748 734 804 ccelos
771 747 896 806 fecit
919 746 1093 818 (Psal.
1119 747 1274 820 xcv);
1311 767 1330 800 ›
1363 756 1420 802 et
1451 746 1718 816 completo
1745 746 1924 801 futuro

347 840 619 908 examine,
641 839 794 897 ibunt
813 854 1004 896 omnes
1029 839 1178 909 impii
1222 854 1345 894 cum
1393 839 1605 894 diabolo
1635 848 1692 892 et
1721 838 1925 908 angelis

347 932 467 1003 ejus
511 933 566 990 in
596 934 773 1003 ignem
801 940 1062 992 aternum
1098 951 1110 986 :
1133 932 1264 1003 justi
1288 942 1468 988 autem
1498 946 1620 986 cum
1667 947 1791 1000 rege
1826 946 1924 985 suo

347 1025 562 1084 Christo
581 1025 647 1080 ad
670 1041 894 1096 regnum
919 1026 1211 1082 ascendant
1229 1041 1522 1094 supernum
1540 1023 1752 1093 (Matth.
1772 1025 1919 1093 xxv).

421 1136 441 1169 ‹
483 1117 761 1184 Quomodo
794 1117 988 1180 dicitis,
1023 1118 1213 1173 Fortes
1242 1133 1461 1181 sumus,
1486 1127 1540 1171 et
1566 1117 1667 1171 viri
1719 1117 1921 1172 robusti

349 1225 371 1258 ι
415 1207 483 1264 ad
505 1207 892 1278 praeliandum?
921 1208 1135 1265 Vastata
1164 1219 1248 1264 est
1293 1207 1447 1264 Moab
1465 1248 1479 1272 ,
1511 1216 1565 1262 et
1586 1208 1833 1262 civitates
1860 1207 1924 1262 il-

352 1318 370 1351 ι
413 1299 519 1356 lius
571 1301 916 1355 succiderunt
943 1309 999 1354 et
1049 1300 1204 1356 electi
1229 1298 1456 1369 juvenes
1487 1299 1606 1368 ejus
1633 1300 1924 1354 descende-

347 1414 370 1444 ι
416 1402 544 1452 runt
571 1393 625 1448 in
651 1393 1001 1458 occisionem,
1031 1395 1106 1448 ait
1141 1409 1233 1449 rex
1267 1413 1278 1448 :
1305 1394 1565 1450 Dominus
1587 1393 1921 1449 exercituum

347 1505 368 1538 ι
411 1485 737 1542 nominetur.
763 1486 936 1556 Prope
967 1493 1048 1540 est
1077 1485 1327 1542 interitus
1357 1485 1513 1540 Moab
1542 1493 1600 1539 ut
1644 1485 1846 1549 veniat,
1869 1491 1924 1539 et

345 1598 368 1631 ί
413 1580 612 1636 malum
673 1579 790 1649 ejus
847 1579 1105 1634 velociter
1165 1587 1412 1634 occurret
1466 1578 1647 1632 nimis.
1718 1597 1735 1630 ι
1799 1575 1921 1632 Haec

343 1680 524 1728 autem
549 1671 823 1735 dicuntur,
845 1677 902 1723 ut
927 1670 1026 1725 sub
1051 1669 1269 1724 nomine
1291 1668 1445 1724 Moab
1473 1667 1697 1722 stultitia
1715 1666 1920 1730 seaculi,

338 1765 398 1822 in
432 1763 626 1820 coelum
677 1778 735 1818 se
761 1762 990 1817 cﬂ'erens
1033 1761 1281 1832 superbia
1331 1768 1664 1816 conteratur.
1695 1757 1918 1814 Frustra

2023 563 2178 619 fusus
2207 574 2290 620 est
2309 565 2482 630 Moab,
2507 566 2762 634 quoniam
2794 567 2965 622 victus
3001 578 3084 624 est
3110 583 3126 622 :
3163 570 3364 626 ululata
3393 583 3446 628 et
3481 575 3597 629 rcla-

2023 664 2191 721 male,
2223 675 2240 706 ι
2267 664 2558 722 ctcaatera;
2583 673 2646 712 ac
2671 658 2716 711 si
2739 658 2945 712 diceret
2972 676 2985 712 :
3014 660 3167 726 Quod
3187 661 3345 717 nobis
3365 666 3598 734 prophe-

2026 745 2163 800 ticus
2207 762 2386 802 sermo
2411 747 2465 802 in
2495 763 2724 816 persona
2751 748 2906 804 Moab
2931 752 3344 819 prtenuntiavit,
3369 761 3599 824 repente

2023 850 2186 905 super
2233 851 2331 890 nos
2375 836 2540 901 venit,
2565 845 2622 892 et
2667 837 2919 894 confusus
2957 847 3043 894 est
3090 839 3288 898 Moab:
3335 842 3424 910 qui
3471 851 3598 898 ante

2025 927 2280 982 victorem
2335 943 2394 983 se
2443 943 2601 997 posse
2655 927 2772 984 fieri
2846 930 3196 998 gloriabatur.
3261 931 3420 989 IUnde
3475 947 3597 988 eum

2025 1018 2228 1074 ululatu
2267 1028 2322 1074 et
2351 1020 2586 1074 clamore
2615 1021 2812 1090 ubique
2841 1023 2941 1076 hoc
2967 1023 3290 1078 annuntiare
3315 1025 3558 1094 praseipit
3583 1045 3594 1080 :

2023 1112 2274 1180 quoniam
2299 1112 2478 1167 clades
2506 1121 2560 1167 et
2579 1113 2809 1167 vastatio
2840 1114 3090 1169 omnibus
3123 1115 3434 1171 civitatibus
3477 1115 3601 1184 ejus

2019 1206 2382 1260 communiter
2399 1204 2635 1260 advenit.
2678 1205 2902 1274 Mystice
2922 1214 3100 1260 autem
3143 1209 3413 1277 sapientes
3444 1209 3600 1264 istius

2025 1297 2206 1350 mundi
2233 1305 2288 1352 et
2315 1297 2576 1362 haeretici,
2602 1313 2740 1368 quos
2776 1298 2829 1351 in
2877 1297 3030 1351 Moab
3074 1313 3302 1367 persona
3351 1301 3599 1370 superius

2025 1387 2331 1456 designatos
2377 1387 2632 1453 diximus,
2676 1387 2720 1442 si
2751 1403 2811 1442 se
2849 1403 2878 1441 a
2911 1387 3136 1442 stultitia
3187 1404 3284 1442 sua
3331 1404 3434 1442 non
3469 1405 3595 1446 oor-

2026 1480 2297 1542 rexcriut,
2327 1486 2381 1533 et
2430 1479 2494 1532 ad
2541 1479 2823 1533 veritatem
2855 1479 2976 1534 ﬁdei
3015 1478 3293 1535 catholica:
3321 1495 3427 1534 non
3473 1495 3601 1536 con-

2027 1569 2303 1631 verterint,
2342 1569 2530 1638 ingens
2553 1569 2658 1624 illis
2685 1571 2838 1624 ruina
2861 1571 3058 1636 veniet,
3081 1580 3138 1626 et
3164 1572 3462 1629 devastatio
3484 1574 3596 1628 unl-

2027 1660 2198 1715 versis
2228 1660 2454 1715 urbibus
2496 1661 2633 1729 ejus,
2670 1661 2771 1716 hoc
2799 1670 2902 1726 est,
2929 1661 3157 1717 diversis
3183 1663 3344 1718 sectis
3371 1663 3601 1733 philoso-

2024 1751 2272 1819 phorum,
2297 1766 2418 1819 qua:
2442 1751 2617 1819 longe,
2641 1752 2756 1806 sive
2778 1767 2963 1823 prope,
2993 1769 3024 1808 a
3051 1755 3280 1809 veritate
3308 1755 3597 1821 distabant,

327 1869 399 1912 se
425 1863 607 1924 sperat
650 1851 862 1916 fortem,
893 1851 984 1921 qui
1020 1852 1072 1906 in
1106 1851 1391 1921 Dominum
1426 1865 1533 1904 non
1558 1849 1778 1905 conﬁdit
1804 1865 1921 1904 om-
1948 1840 1994 1901 Β
2019 1842 2328 1897 lucescente
2351 1842 2638 1913 Evangelia
2661 1843 2860 1899 Christi
2886 1845 3282 1902 subvertentur.
3335 1846 3470 1901 Nam
3507 1850 3601 1904 ad-

339 1945 698 2015 nipotentem.
751 1943 868 2000 Cito
909 1943 1051 1998 enim
1101 1943 1281 1997 veniet
1328 1943 1379 1997 ei
1425 1949 1571 1998 certa
1622 1941 1913 2006 damnatio,

339 2051 500 2104 quem
546 2035 741 2090 summi
770 2034 911 2105 regis
949 2049 1055 2088 non
1101 2032 1340 2094 defendit
1393 2033 1689 2102 prolectio,
1733 2046 1920 2087 omne-

339 2142 445 2196 que
473 2128 637 2182 robur
657 2126 769 2196 ejus
814 2126 1188 2195 dissipabitur,
1216 2126 1308 2195 qui
1338 2125 1390 2179 in
1434 2125 1652 2194 propria
1697 2124 1914 2188 virtute,

340 2233 433 2273 seu
475 2217 699 2273 scientia
748 2217 1025 2278 confidens
1071 2216 1350 2286 gloriatur.
1404 2235 1422 2267 ε
1472 2215 1665 2284 Prope,
1707 2216 1916 2285 inquit,

255 2365 260 2368 _
338 2320 422 2366 est
443 2310 691 2366 interitus
715 2309 867 2364 Moab
896 2319 957 2364 ut
989 2310 1188 2374 veniat,
1217 2318 1272 2364 et
1294 2309 1494 2364 malum
1524 2308 1640 2378 ejus
1663 2309 1921 2364 velociter

339 2401 577 2462 oc'currit
622 2403 802 2459 nimis.
844 2424 862 2456 ι
897 2403 1034 2470 Quia
1077 2419 1186 2458 non
1212 2411 1294 2458 est
1319 2403 1629 2460 diuturnum
1657 2404 1800 2473 quod
1823 2404 1921 2460 ali-

337 2497 556 2568 quando
583 2496 691 2552 erit
719 2497 1002 2554 occiduum
1035 2515 1046 2550 :
1079 2511 1177 2552 nec
1212 2494 1325 2565 jam
1368 2496 1525 2566 longe
1569 2496 1754 2560 distat,
1779 2497 1923 2564 quod

341 2600 491 2646 certo
537 2589 629 2645 fini
673 2591 970 2646 obnoxium
993 2597 1221 2646 constat.
1269 2588 1466 2642 Malum
1501 2604 1631 2657 ergo
1669 2589 1924 2645 velociter

343 2677 417 2732 illi
443 2679 684 2733 occurrit
717 2696 729 2731 :
763 2679 854 2749 qui
889 2694 984 2748 per
1011 2678 1383 2749 paenitentiam
1426 2687 1481 2732 et
1530 2678 1922 2734 correctionem

343 2768 465 2822 vitm
502 2768 631 2822 illud
660 2768 888 2823 evadere
930 2784 1037 2822 non
1081 2777 1364 2838 prwcavet.
1422 2767 1606 2823 Solum
1650 2777 1731 2824 est
1779 2770 1921 2827 enim

337 2857 770 2930 periclitantibus
793 2857 1076 2929 refugium,
1105 2875 1134 2914 a
1161 2874 1290 2915 vero
1317 2858 1584 2914 salvatore
1607 2859 1794 2914 salutis
1812 2875 1924 2914 sua:

343 2963 584 3018 quaerere
616 2948 932 3017 remedium.
958 2951 1034 3004 De
1059 2964 1165 3019 quo
1185 2951 1448 3021 scriptum
1479 2958 1563 3005 est
1589 2968 1601 3003 :
1647 2968 1665 2999 ι
1715 2951 1919 3016 Omnis,

342 3038 433 3108 qui
462 3037 681 3094 confidit
701 3080 716 3104 ,
745 3055 850 3094 non
879 3039 1257 3095 confundetur.

419 3149 436 3185 ς
482 3128 847 3185 Consolamini
895 3147 1017 3186 eum
1048 3117 1271 3195 omnes,
1297 3132 1388 3200 qui
1429 3132 1562 3186 estis
1591 3132 1642 3190 in
1693 3131 1919 3185 circuitu

2018 1938 2126 1992 huc
2153 1937 2436 2006 sequitur:

2094 2045 2112 2076 ‹
2147 2026 2459 2081 Abscissum
2511 2034 2597 2082 est
2631 2041 2795 2082 cornu
2852 2026 3026 2093 Moab,
3051 2037 3108 2084 et
3151 2029 3428 2086 brachium
3475 2034 3600 2104 ejus

2027 2137 2044 2170 ‹
2086 2119 2378 2174 contritum
2413 2127 2520 2184 est,
2546 2119 2623 2173 ait
2665 2118 2942 2174 Dominus.
2987 2119 3257 2176 lnebriate
3283 2137 3428 2189 eum,
3467 2137 3601 2193 quo-

2027 2227 2046 2261 ¢
2093 2209 2238 2264 niam
2291 2216 2480 2264 contra
2527 2209 2817 2265 Dominum
2871 2219 3090 2265 erectus
3135 2221 3220 2268 est
3261 2231 3273 2267 :
3313 2223 3370 2269 et
3422 2215 3602 2273 allidet

2027 2319 2046 2352 ‹
2090 2315 2309 2354 manum
2351 2299 2507 2356 Moab
2561 2301 2616 2357 in
2654 2301 2856 2356 vomitu
2881 2317 3018 2358 suo:
3058 2314 3112 2358 et
3143 2305 3248 2359 erit
3279 2307 3334 2361 in
3361 2308 3598 2366 derisum

2028 2411 2046 2444 ι
2088 2393 2253 2447 etiam
2301 2394 2431 2460 ipse.
2481 2393 2605 2447 Fuit
2651 2394 2796 2448 enim
2841 2395 2896 2448 in
2936 2394 3172 2450 derisum
3224 2397 3320 2452 tibi
3364 2399 3529 2456 Israel
3585 2421 3597 2456 :

2027 2503 2045 2537 ιι
2087 2486 2240 2554 quasi
2275 2485 2416 2539 inter
2443 2484 2590 2539 fures
2616 2486 2910 2554 reperisses
2933 2501 3081 2541 eum.
3121 2486 3349 2558 Propter
3384 2505 3447 2545 ea
3477 2506 3597 2547 ver"-

2028 2595 2048 2627 ι
2093 2576 2157 2631 ba
2214 2592 2343 2644 ergo
2386 2584 2506 2641 tua,
2537 2567 2668 2646 'quae
2715 2576 3001 2632 adversum
3051 2577 3201 2632 illum
3245 2578 3458 2636 locutus
3503 2561 3597 2638 es:

2028 2687 2046 2719 ι
2089 2668 2335 2736 captivus
2381 2667 2614 2722 duceris.
2668 2686 2686 2718 ι
2735 2666 3006 2738 (Ηὶενοη.)
3056 2667 3207 2722 Sicut
3235 2684 3366 2740 ergo
3413 2679 3600 2727 contra

2020 2755 2352 2827 Babylonem
2387 2764 2442 2809 et
2485 2754 2813 2812 PhiliSthiim
2843 2756 3109 2826 propheta
3139 2757 3462 2813 vaticinatus
3493 2769 3600 2826 est,

2020 2849 2164 2918 quod
2209 2857 2591 2918 oppresserunt
2634 2848 2889 2919 pupulum
2932 2847 3238 2904 Judazorum
3268 2891 3282 2915 ,
3337 2851 3410 2906 ita
3459 2867 3602 2908 nunc

2023 2940 2250 2996 vastitas
2271 2941 2582 3009 praedicitur
2613 2939 2984 3005 Moabitarum,
3019 2943 3072 2997 id
3115 2953 3200 2997 est
3245 2941 3479 3011 Arabia),
3531 2947 3600 3004 ab

2020 3031 2257 3102 Assyriis
2313 3040 2367 3086 et
2429 3032 2767 3102 Babyloniis,
2835 3034 2900 3090 ab
2963 3043 3192 3104 utraque
3255 3036 3400 3091 enim
3447 3045 3604 3108 gente

2027 3126 2221 3180 vastati
2253 3134 2376 3180 sunt
2405 3145 2416 3178 :
2448 3134 2504 3180 et
2529 3141 2594 3180 eo
2625 3135 2862 3195 tempore
2889 3142 3001 3197 quo
3041 3128 3408 3186 Sennacherib
3431 3132 3602 3202 capti-

347 3237 365 3269 ‹
407 3216 522 3288 ejus
549 3238 561 3274 :
593 3227 648 3275 et
683 3221 952 3286 universi,
987 3221 1079 3291 qui
1126 3194 1277 3278 scitis
1315 3194 1520 3276 nomen
1549 3220 1686 3290 ejus,
1716 3221 1875 3278 dicite
1908 3239 1919 3274 :
1951 3194 1995 3258 (ἶ
2026 3231 2152 3270 vum
2173 3217 2326 3271 duxit
2353 3216 2532 3281 Israel,
2571 3224 2626 3271 et
2669 3194 2885 3286 quando
2907 3194 3426 3278 Nabuchodonosor

346 3327 368 3364 ι
413 3308 689 3377 Quomodo
737 3310 1011 3366 confracta
1065 3319 1146 3367 est
1194 3313 1346 3383 virga
1392 3310 1578 3378 fortis,
1609 3320 1666 3366 et
1707 3310 1925 3370 baculus

346 3417 369 3455 σ
407 3399 709 3472 gloriosus?
752 3403 1022 3457 Descende
1048 3403 1115 3457 de
1148 3403 1316 3473 gloria
1336 3413 1390 3458 et
1415 3404 1540 3458 sede
1567 3404 1621 3458 in
1651 3403 1742 3457 siti
1769 3403 1924 3459 habi-

347 3508 369 3544 ι
412 3491 542 3546 tatio
571 3491 692 3546 filim
720 3490 911 3557 Dibon,
940 3493 1192 3562 quoniam
1222 3502 1462 3548 vastator
1491 3493 1645 3548 Moab
1674 3496 1926 3549 ascendet

350 3602 368 3634 ι
412 3583 477 3636 ad
503 3593 554 3639 te
576 3623 589 3648 ,
621 3592 674 3638 et
705 3583 988 3654 dissipabit
1033 3585 1360 3640 munitiones
1391 3594 1530 3640 tuas.
1567 3604 1587 3638 ›
1620 3583 1926 3641 Consolatio

345 3675 560 3744 quidem
592 3676 722 3740 haec,
755 3690 861 3743 qua
900 3675 1166 3729 consolari
1209 3675 1364 3730 Moab
1383 3676 1535 3746 jtdict
1582 3676 1687 3739 his,
1731 3677 1822 3746 qui
1872 3677 1925 3731 in

345 3766 569 3820 circuitu
591 3764 707 3835 ejus
733 3776 876 3832 sunt,
910 3766 1120 3821 videtur
1149 3767 1278 3820 mihi
1297 3766 1452 3836 juxta
1475 3768 1700 3821 ironiam
1729 3769 1928 3822 debere

346 3860 591 3932 intelligi,
634 3871 729 3916 aut
784 3861 1220 3928 provocationem
1274 3860 1340 3915 ad
1395 3861 1769 3930 paenitentiam
1811 3880 1826 3914 :
1870 3870 1926 3916 ut

344 3969 441 4024 per
462 3952 884 4010 satisfactionem
909 3969 1216 4026 congruam,
1247 3961 1301 4007 et
1327 3953 1661 4007 aversiouem
1685 3968 1714 4006 a
1739 3967 1928 4023 pecca-

348 4047 444 4111 tis,
474 4055 743 4102 mereatur
781 4044 1079 4100 remedium
1108 4043 1478 4116 oppressionis
1519 4059 1627 4099 sua:
1664 4043 1924 4098 invenire.

343 4138 516 4194 Aliter
544 4139 687 4195 enim
728 4139 996 4210 quomodo
1021 4139 1288 4194 consolari
1317 4140 1514 4209 potuit,
1537 4154 1567 4192 a
1590 4139 1929 4194 subventori-

345 4230 445 4286 bus
472 4231 603 4296 suis,
625 4231 712 4286 cui
741 4230 921 4286 divina
952 4229 1219 4286 sententia
1250 4230 1601 4285 vastationem
1633 4244 1928 4299 superven-

349 4328 526 4377 turam
551 4313 944 4376 comminatur?
989 4319 1140 4376 Sicut
1165 4335 1404 4389 prmscns
1433 4320 1702 4376 sententia
1743 4327 1798 4375 et
1841 4335 1927 4375 sc-

346 4428 518 4483 qucns
544 4428 721 4469 sermo
751 4413 1047 4468 declarant.
1078 4411 1212 4466 Nam
1237 4412 1482 4481 sequitur
1515 4427 1528 4464 ε

422 4525 439 4555 α
483 4505 542 4568 ln
571 4503 652 4558 via
676 4511 758 4558 sta
785 4512 841 4558 et
868 4503 1112 4573 prospice
1142 4503 1403 4558 habitatio
1423 4502 1592 4556 Aroer
1617 4521 1628 4555 :
1655 4503 1925 4572 interroga

354 4613 372 4645 ι
416 4593 726 4664 fugientem,
754 4602 807 4649 et
838 4609 979 4658 eum,
1013 4593 1103 4662 qui
1143 4593 1315 4648 evasit
1343 4611 1355 4644 :
1392 4592 1485 4647 Dic
1507 4633 1520 4658 ,
1545 4592 1670 4660 quid
1704 4593 1928 4647 accidit?

355 4704 370 4736 ι
416 4683 682 4740 Confusus
729 4693 811 4738 est
866 4683 1044 4750 Moab,
1090 4683 1214 4754 quia
1268 4684 1439 4739 victus
1479 4692 1580 4738 est.
1639 4683 1848 4739 Ululate
1875 4693 1929 4737 ct

356 4795 374 4826 ι
421 4775 670 4842 clamate,
701 4776 1014 4830 annuntiate
1061 4777 1114 4832 in
1159 4776 1374 4842 Arnen,
1414 4776 1666 4846 quoniam
1721 4784 1928 4831 vastata

357 4886 374 4919 ι
421 4877 503 4923 est
557 4865 734 4933 Moab,
763 4877 816 4922 et
850 4865 1112 4936 judicium
1167 4868 1314 4923 venit
1355 4867 1423 4921 ad
1471 4876 1671 4921 terram
1717 4882 1930 4936 campe-

354 4980 374 5017 ι
419 4971 616 5029 strem,
667 4968 722 5019 et
762 4976 923 5032 super
967 4960 1122 5027 Elon,
1173 4969 1226 5016 ct
1283 4975 1445 5030 super
1491 4959 1636 5023 Jasa,
1670 4969 1724 5016 et
1768 4975 1931 5031 super

354 5072 375 5108 ι
419 5053 655 5124 Mephat,
682 5062 739 5110 et
761 5069 924 5124 super
949 5053 1145 5120 Dibon,
1175 5063 1231 5108 ct
1275 5070 1435 5124 super
1480 5052 1652 5119 Nabo,
1684 5064 1740 5110 et
1765 5070 1928 5126 super

359 5166 378 5199 ι
423 5148 636 5202 domum
666 5146 1014 5214 Diblathaim,
1048 5157 1102 5202 et
1132 5162 1294 5216 super
1326 5145 1731 5212 Cariathiarim,
1755 5155 1809 5201 et
1837 5163 1928 5202 su-

359 5258 376 5290 1
423 5256 517 5308 per
546 5237 859 5310 Bethgamul
878 5280 892 5303 ,
923 5247 977 5296 et
1006 5253 1167 5310 super
1209 5237 1529 5303 Bcthmaon,
1555 5245 1606 5293 et
1635 5253 1797 5308 super
1827 5237 1929 5293 Ca-

360 5353 377 5384 ι
421 5333 585 5400 rioth,
617 5344 670 5388 et
715 5349 877 5405 super
934 5335 1101 5390 Bosra
1126 5353 1139 5388 :
1169 5343 1224 5391 et
1265 5347 1427 5404 super
1470 5346 1656 5386 omnes
1685 5331 1934 5388 civitates

360 5444 377 5476 ι
420 5433 577 5479 terrae
619 5424 794 5490 Moab,
822 5443 942 5496 qua:
969 5425 1124 5498 longe
1178 5426 1261 5482 vel
1306 5442 1472 5497 prope
1518 5435 1664 5481 sunt.
1700 5446 1717 5477 ι
1757 5427 1813 5480 In
1867 5442 1931 5482 eo

353 5518 496 5590 quod
524 5525 668 5572 stare
686 5516 840 5586 jubet
867 5520 1254 5577 habitationem
1284 5520 1478 5586 Aroer,
1507 5535 1626 5589 qua:
1658 5529 1929 5591 metropo—

355 5606 422 5662 lis
455 5614 536 5662 est
561 5605 938 5673 Moabitarum,
964 5618 1018 5664 et
1041 5609 1705 5680 interrogarefugientem,
1739 5619 1930 5668 etcum

352 5702 446 5777 qui
481 5700 654 5756 evasit
678 5700 742 5754 de
769 5700 952 5771 prazlio
983 5702 1111 5780 quid
1138 5701 1395 5756 acciderit
1439 5721 1449 5755 :
1503 5710 1774 5773 stuporem
1817 5702 1932 5771 ejus

353 5791 556 5860 indicat
607 5799 828 5870 prepter
875 5792 1212 5850 subitanequ
1259 5792 1476 5867 casum,
1525 5795 1614 5870 qui
1663 5795 1932 5869 inSpcratc

2024 3308 2567 3366 vertitllierusalem.
2617 3308 2976 3365 lnsultaverat
3006 3311 3148 3366 enim
3189 3313 3256 3368 ad
3310 3321 3604 3386 utrumque
3668 3328 3670 3330 ·

2023 3401 2232 3458 hostem
2286 3400 2566 3468 Ephraim,
2611 3409 2666 3456 et
2695 3399 2866 3458 Iudae.
2915 3400 3219 3459 Inebriatus
3271 3419 3402 3476 ergo
3447 3404 3608 3462 Moab

2024 3493 2194 3550 calice
2238 3494 2332 3548 ira:
2373 3493 2610 3556 Domini,
2654 3493 2708 3546 in
2754 3493 2958 3548 vomitu
3008 3510 3106 3550 suo
3155 3511 3373 3550 manum
3414 3497 3602 3562 allisit,

2026 3585 2130 3640 hoc
2175 3594 2289 3648 est,
2318 3584 2372 3638 in
2414 3599 2572 3653 pmna
2608 3599 2703 3638 sua
2749 3584 2886 3638 alios
2924 3585 3175 3655 persequi
3223 3588 3486 3652 cessavit,
3527 3588 3602 3642 ir-

2027 3679 2274 3748 risorqne
2329 3677 2579 3741 aliorum,
2608 3679 2771 3733 etiam
2801 3677 2917 3748 ipse
2947 3677 3322 3732 universorum
3351 3679 3604 3736 derisioni

2025 3768 2217 3838 patuit.
2267 3765 2358 3822 Sic
2407 3777 2460 3823 et
2509 3768 2673 3824 stulta
2725 3766 2884 3836 hujus
2925 3766 3109 3822 numdi
3155 3767 3450 3838 sapientia,
3488 3783 3608 3838 qua:

2026 3860 2255 3916 irridere
2299 3858 2437 3914 solet
2481 3857 2842 3914 Christianam
2892 3857 3325 3927 simplicitatem,
3365 3873 3490 3913 cum
3538 3859 3606 3916 ad

2026 3951 2188 4006 ﬁnem
2245 3950 2486 4015 venerit,
2531 3961 2655 4004 tunc
2700 3948 2784 4006 sui
2837 3949 3042 4004 erroris
3095 3947 3378 4002 stultitiam
3433 3963 3608 4018 agno-

2025 4051 2159 4100 scet.
2224 4042 2359 4096 Vere
2407 4041 2553 4096 enim
2605 4038 2865 4108 quidquid
2919 4039 2973 4092 in
3023 4038 3228 4094 saeculo
3295 4039 3606 4108 dogmatum

2027 4147 2404 4203 perversorum
2449 4139 2550 4196 est,
2589 4130 2847 4200 quidquid
2894 4129 2962 4186 ad
3007 4138 3278 4184 terrenam
3325 4130 3606 4185 scientiam

2027 4223 2282 4295 pertinet,
2321 4231 2375 4277 et
2432 4229 2653 4292 putatur
2705 4235 2825 4276 esse
2873 4220 3176 4284 robustum,
3223 4221 3326 4276 hoc
3377 4220 3604 4280 subver-

2028 4315 2181 4380 titur,
2215 4322 2268 4369 et
2294 4314 2462 4369 instar
2509 4311 2739 4367 incendii
2779 4311 2832 4365 in
2875 4310 3087 4368 cineres
3138 4309 3453 4380 favillasque
3499 4310 3609 4370 dis-

2028 4407 2297 4462 solvitur:
2331 4415 2388 4460 ut
2431 4404 2689 4474 probetur
2738 4402 2893 4460 nihili
2951 4403 3095 4472 quod
3144 4403 3434 4473 putabatur
3485 4415 3608 4462 csso

2031 4498 2404 4554 fortissimum.

2106 4612 2123 4643 ι
2170 4590 2476 4660 Relinquite
2499 4589 2766 4654 civitates,
2792 4597 2847 4644 et
2871 4590 3112 4646 habitata
3149 4589 3204 4643 in
3237 4597 3418 4658 petra,
3451 4588 3607 4644 habi-
3651 4632 3653 4634 .

2035 4701 2056 4735 ‹
2100 4691 2301 4738 tatorcs
2325 4679 2496 4744 Moab,
2519 4686 2572 4732 et
2599 4686 2772 4733 estote
2794 4679 2949 4748 quasi
2971 4677 3219 4732 columba
3241 4676 3534 4734 nidificans
3549 4676 3608 4730 in

2037 4792 2056 4827 ι
2101 4788 2312 4827 summo
2343 4787 2436 4825 ore
2465 4768 2764 4824 foraminis.
2810 4787 2828 4820 ι
2862 4765 3152 4839 (Marinus)
3200 4765 3302 4822 Dat
3343 4765 3606 4836 propheta

2031 4863 2314 4920 consilium
2356 4860 2513 4932 hujus
2558 4859 2736 4916 saeculi
2782 4858 3138 4928 sapientibus,
3191 4864 3249 4909 ut
3299 4853 3610 4925 relinquant

2032 4951 2337 5013 habitacula
2365 4965 2609 5006 errorum
2649 4965 2868 5006 suorum
2893 4990 2909 5013 ,
2961 4956 3016 5002 et
3065 4946 3271 5017 fugiant
3298 4943 3364 5000 ad
3399 4952 3609 5016 petram

2036 5049 2311 5106 Christum
2340 5086 2355 5111 ,
2387 5052 2709 5114 sumantque
2738 5042 2790 5096 in
2820 5057 2878 5096 se
2900 5039 3303 5110 simplicitatem
3345 5037 3488 5094 illius
3521 5052 3613 5096 co.-

2038 5142 2254 5206 lumbzc,
2283 5141 2347 5193 de
2383 5152 2486 5207 qua
2518 5136 2570 5190 in
2589 5123 2810 5190 Cantico
2838 5133 3170 5188 canticorum
3198 5130 3457 5200 scriptum
3484 5136 3568 5198 est
3597 5149 3608 5182 :

2044 5256 2063 5289 ι
2111 5236 2304 5305 Surge,
2333 5231 2506 5286 amica
2534 5244 2674 5295 mea,
2705 5226 2945 5298 speciosa
2969 5240 3110 5290 mea,
3135 5232 3191 5280 et
3214 5222 3337 5278 veni
3365 5221 3613 5288 columba

2037 5345 2157 5386 mea
2210 5328 2261 5382 in
2309 5324 2665 5380 foraminibus
2710 5329 2910 5392 petrze,
2959 5319 3013 5373 in
3058 5332 3317 5390 cavernas
3368 5315 3617 5392 maceria:

2040 5417 2217 5491 (Cant.
2249 5416 2308 5487 ιι)
2336 5431 2349 5470 :
2382 5436 2398 5465 )
2436 5412 2815 5481 nidificentque
2846 5410 2900 5464 in
2932 5423 3143 5464 summo
3173 5421 3265 5462 ore
3300 5405 3614 5486 foraminis,

2039 5513 2142 5568 hoc
2172 5519 2276 5575 est,
2312 5509 2363 5562 in
2389 5505 2625 5580 p.*rfccta
2652 5502 2991 5560 confessione
3033 5499 3298 5572 passionis
3338 5507 3394 5556 et
3435 5513 3617 5574 resur-

2041 5602 2296 5660 rectionis
2324 5599 2524 5655 Christi
2553 5639 2566 5662 ,
2598 5612 2719 5650 cum
2751 5595 2905 5650 bonis
2930 5593 3184 5665 operibus
3221 5603 3482 5650 a3ternum
3513 5589 3616 5664 sibi

2038 5700 2343 5767 prmparcut
2385 5686 2748 5743 habitaculum
2775 5728 2789 5751 ,
2837 5686 2925 5741 ubi
2966 5685 3213 5744 laborum
3245 5696 3467 5748 suorum
3499 5692 3618 5756 per-

2038 5799 2260 5867 petuum
2294 5783 2568 5862 accepturi
2596 5780 2703 5838 sint
2732 5780 3034 5866 praemium.
