4044 6326
474 303 615 361 1119

1032 348 1037 353 ,
1108 300 1171 356 Β.
1209 296 1473 357 meam
1499 267 1720 355 unum
1756 290 2091 353 meumr:
2119 288 2429 351 uocum.
2462 286 2750 351 oratum
2780 289 2965 350 rans
2995 290 3084 348 ιιι.

3602 288 3775 347 1120

525 434 570 469 ιι
611 414 930 472 Audit/unus
952 412 1262 485 superbiam
1284 411 1461 478 Moab,
1486 411 1751 481 superbus
1774 416 1857 464 est
1873 407 2049 463 valde.
2077 406 2132 469 Α
2156 412 2454 460 creatorem
2502 413 2678 461 armet
2743 418 2807 460 os
2866 416 3026 460 suum
3051 438 3091 471 ,ι
3114 399 3421 460 detrahens.
3447 405 3770 475 prophetas
3836 448 3843 451 .

474 519 519 566 in
545 508 947 581 Sublimitatem
970 506 1110 577 ejus,
1141 517 1199 563 et
1221 507 1616 576 arrogantiam,
1636 506 1703 560 'ct
1726 503 2057 574 superbiam,

470 610 605 659 «et
637 601 1190 658 altitudinem-cordis
1223 599 1367 654 illius
1399 614 1499 670 ego
1520 598 1655 664 s’cio,
1677 598 1754 652 ait
1780 596 2059 652 Dominus.

469 689 1030 761 anhelantum-ejus,
1060 699 1119 747 et
1149 691 1305 761 quod
1330 705 1437 746 non
1466 688 1871 757 sitjuxtaeam
1886 688 2061 742 virtus

476 801 519 845 ιι
543 780 833 851 εῖυε,..ιιβε
858 779 1043 850 :juxta
1060 780 1227 850 quod
1256 785 1479 848 poterat
1505 787 1699 834 conata
1745 778 1821 833 sit
1858 777 2056 833 facere.

472 869 522 937 gi;
542 873 673 943 ideo
692 871 1043 944 stipenlioab
1067 870 1335 942 evigilaho
1366 866 1622 941 [ejulabo]
1643 907 1657 934 ,
1680 877 1755 923 .et
1800 868 1866 922 ad
1903 867 2059 922 Moab

478 962 1169 1028 1;,nnittersamvelamabo,:
1190 962 1259 1018 ad
1297 962 1445 1016 viros
1478 959 1623 1014 muri
1654 958 1834 1013 ﬁctilis
1855 958 2060 1013 lamen—

476 1070 515 1119 ιι·
544 1057 831 1117 tantce.De
844 1055 1067 1127 planetu
1080 1053 1242 1110 Jaaer
1259 1054 1481 1124 plorabo
1501 1052 1597 1106 tibi
1623 1052 1778 1107 vinea
1790 1050 2055 1106 Sabama.

474 1167 507 1225 ,ς
542 1147 871 1219 Ριῳδεεηθε
904 1155 1010 1207 tuae
1041 1146 1373 1203 transierunt
1397 1159 1570 1209 mare,
1596 1157 1767 1213 usque
1792 1141 1861 1195 ad
1898 1154 2059 1194 mare

474 1241 1107 1312 arinen-pervenerunt
1136 1256 1150 1296 :
1182 1255 1353 1310 super
1369 1253 1605 1310 messem
1632 1244 1831 1301 'tuam,
1859 1242 1913 1289 et
1944 1234 2058 1287 vin-

470 1333 1158 1403 acdemiamAuam-praedo
1180 1331 1394 1403 irruit:
1434 1329 1613 1384 ablata
1642 1337 1726 1383 est
1750 1326 1976 1391 laetitia,
2004 1331 2060 1379 et

454 1426 832 1487 ‘n-exsultatio
848 1423 1224 1489 :deCartnelo,
1240 1422 1303 1478 et
1319 1422 1386 1479 de
1409 1430 1557 1476 terra
1579 1420 1758 1485 Moab,
1785 1428 1841 1474 et
1871 1408 2057 1473 vinum

473 1536 498 1572 ί
536 1518 612 1579 de
639 1516 999 1589 torcularibus
1026 1514 1239 1573 sustuli.
1279 1512 1628 1582 Nequaquam
1676 1510 1912 1567 calcator
1941 1523 2057 1564 uvae

470 1628 519 1675 ,ιε
542 1610 761 1673 solitum
791 1609 1037 1667 calcuma
1060 1606 1327 1663 cantabit.
1368 1625 1389 1656 ι
1423 1603 1560 1659 Huic
1586 1601 1764 1659 simile
1785 1610 1888 1668 est,
1913 1600 2059 1671 quod

471 1702 527 1757 in
554 1701 691 1756 Isaia
719 1700 915 1771 legitur
946 1717 960 1754 :
997 1717 1017 1751 ι
1056 1698 1374 1754 Audivimus
1411 1694 1717 1766 superbiam
1745 1692 1902 1748 Moab
1921 1732 1939 1759 ,
1967 1708 2057 1747 su-

2161 496 2305 566 ejus,’
2331 495 2484 566 quasi
2511 496 2839 551 auctoritate
2868 494 3163 551 testimonii
3188 494 3509 566 evangelici,
3538 495 3603 549 in'
3620 508 3771 566 .quo

2162 587 2409 643 Salvator
2430 588 2505 643 ait
2537 607 2551 643 :
2586 607 2605 640 ‹
2650 588 2855 645 Omnes
2889 587 2980 659 qui
3010 597 3277 645 venerunt
3303 598 3447 644 ante
3470 590 3771 646 matures

2161 679 2380 734 fuerunt
2403 678 2727 736 et'latrones
2754 679 2935 752 (Jodn.
2962 680 3072 753 l-X)‘;
3120 700 3140 735 ι
3160 718 3163 721 λ
3184 690 3247 736 ιιι
3283 670 3503 755 Moysen
3529 692 3770 753 quoque

2159 769 2418 825 famulum
2445 770 2542 826 Dei
2558 770 2803 842 appellet
2832 772 3183 839 homicidam,
3214 780 3272 828 et
3298 769 3429 828 Iesu
3454 771 3571 827 tilio
3594 769 3769 827 ﬂave

2158 860 2619 933 detrahat,-quasi
2654 863 2860 918 homini
2889 860 3265 935 sanguinario,
3294 864 3388 936 qui
3414 871 3768 919 tantum.

2156 952 2362 1009 etitatis
2390 951 2514 1019 fuit,
2546 960 2606 1007 ut
2635 954 2702 1009 ad
2727 954 3013 1024 imperium
3034 954 3445 1024 sermonisejus
3469 954 3555 1010 soi
3590 954 3767 1009 luna;

2158 1058 2267 1113 que
2293 1045 2650 1099 constiterunt
2681 1044 2830 1117 (los.
2860 1046 2961 1119 x),
2998 1055 3053 1103 et
3081 1047 3252 1103 David
3277 1046 3767 1116 decujusseminc

2157 1147 2313 1195 ortus
2337 1149 2423 1195 est
2463 1139 2712 1197 Christus
2742 1142 3070 1197 homicidam
3102 1151 3163 1197 et
3211 1142 3522 1198 adulterum-
3556 1151 3762 1207 tinea,

2158 1249 2265 1289 non
2291 1235 2586 1304 respiciens
2615 1235 2731 1306 ejus
2769 1232 3229 1305 poenitentiam'et
3248 1237 3760 1303 mansuetudinem,

2157 1345 2265 1401 qua
2305 1330 2399 1386 Dei
2428 1330 2716 1386 clementia
2744 1338 3115 1402 comparatur.
3148 1331 3257 1387 Sed
3287 1331 3537 1402 quamvis
3559 1342 3763 1401 super-

2158 1422 2260 1477 bus
2306 1430 2363 1476 et
2409 1436 2687 1493 arrogans-
2706 1423 2796 1489 sit,
2829 1432 2884 1478 et
2932 1422 3761 1488 furibundusexsultetytarnen

2158 1515 2278 1583 plus
2297 1513 2478 1576 audet,
2505 1528 2667 1582 quam
2690 1514 2809 1584 ejus
2830 1515 3033 1584 patitur
3054 1513 3338 1570 fortitudo.
3361 1513 3570 1569 ideirco
3588 1512 3760 1567 Moab

2158 1606 2388 1661 ululabit
2412 1607 2476 1661 ad
2499 1606 2675 1672 Moab,
2705 1607 2759 1662 id
2785 1614 2888 1672 est,
2916 1607 3053 1662 alter
3079 1607 3147 1662 ad
3170 1606 3423 1672 alterum,
3448 1620 3645 1662 omnes
3664 1602 3760 1659 vi:-

2158 1698 2354 1753 delicet
2375 1697 2751 1752 haereticorum
2800 1705 2855 1753 et
2889 1697 3166 1754 saecularis
3205 1697 3486 1768 sapientiae
3510 1695 3761 1751 diversi-

470 1792 672 1861 nerbus
692 1798 789 1849 est,
808 1790 982 1845 valde.
1011 1787 1277 1859 Superbia
1311 1786 1450 1855 ejus,
1480 1794 1535 1842 et
1574 1784 1885 1853 arrogantia
1915 1782 2053 1852 ejus,
2083 1789 2131 1851 B
2160 1797 2301 1844 tates
2328 1800 2516 1845 contra
2545 1804 2602 1843 se
2630 1788 2893 1860 mugient,
2933 1802 3057 1843 cum
3085 1789 3143 1843 in
3166 1806 3171 1811 ·
3195 1787 3482 1843 tormentis
3522 1786 3760 1841 fuerint;

472 1889 531 1941 et.
550 1880 850 1951 indignatio
868 1878 1009 1948 ejus,
1022 1878 1306 1949 plusquam
1318 1875 1583 1932 fortitudo
1598 1876 1715 1947 ejus
1728 1873 1779 1947 (1
1784 1892 1863 1930 sa.
1883 1886 1991 1929 xvi‘
2002 1915 2016 1929 .
2031 1894 2049 1926 ι

472 1973 678 2031 Idcirco
705 1971 934 2029 ululahit
974 1970 1133 2029 Moab
1175 1971 1247 2026 ad
1281 1970 1473 2035 Moab,
1504 1969 1788 2024 universus
1830 1967 2059 2027 ululabit

472 2064 595 2127 sibi,
630 2063 720 2134 qui
746 2062 995 2121 laetantur
1028 2078 1193 2133 super
1220 2074 1405 2117 muros
1441 2060 1584 2116 cocti
1622 2060 1828 2114 lateris.
1861 2058 2060 2128 Loqui-

474 2156 606 2215 mini
649 2156 836 2228 plagas
861 2154 996 2224 ejus.
1024 2156 1272 2212 .Rursum
1308 2156 1375 2211 ad
1406 2155 1752 2226 praesentiam
1798 2154 1958 2219 redit,
2005 2163 2059 2209 ct

472 2248 735 2319 superbiae
776 2256 966 2318 arguet
994 2247 1171 2314 Moab,
1202 2248 1347 2319 quod
1374 2247 1543 2304 multo
1579 2246 1701 2317 plus
1742 2246 1916 2301 elatus
1947 2245 2017 2300 sit
2042 2283 2056 2310 ,

472 2354 634 2411 quam
659 2338 1060 2408 ejusfortitudo
1090 2340 1370 2410 poscebat,
1407 2347 1463 2395 et
1495 2338 1725 2409 propter
1777 2339 1920 2393 hanc
1971 2353 2057 2392 su-

470 2431 714 2501 perbiam
740 2430 1079 2489 ululatussit
1104 2431 1258 2488 Moab
1293 2430 1361 2486 ad
1398 2430 1577 2495 Moab,
1607 2430 1661 2487 id
1689 2437 1801 2496 est,
1830 2428 2059 2500 populus

472 2524 543 2595 ad
568 2523 899 2589 urbem,,vcl
926 2523 1243 2595 metropolis
1265 2523 1333 2579 ad
1357 2512 1723 2594 provinciam,
1769 2529 1824 2576 et
1864 2528 2059 2577 cuncta

472 2614 763 2684 ululatibus
788 2623 933 2674 terra
956 2616 1237 2675 resonabit
1263 2630 1426 2685 super
1469 2629 1656 2670 muros
1684 2613 1824 2668 cocti
1852 2612 2057 2667 lateris.

470 2705 773 2776 Dequibus
808 2714 865 2763 et
900 2705 1163 2771 lci-etuias
1191 2721 1337 2763 nunc
1362 2708 1441 2762 ait
1468 2724 1481 2760 :
1512 2725 1532 2758 ‹
1567 2706 1693 2762 Ideo
1712 2718 1875 2775 super
1904 2702 2059 2758 Moab

469 2795 717 2866 eiulabo.
761 2808 818 2857 et
852 2798 921 2857 ad
960 2798 1120 2856 Moab
1162 2800 1474 2856 universam
1512 2799 1793 2864 clamabo,
1818 2798 1887 2855 ad
1915 2797 2061 2854 viros

469 2890 614 2947 muri
642 2890 1242 2950 ﬁctilislamentantes.
1278 2912 1297 2946 ι
1345 2890 1451 2947 Per
1496 2892 1613 2947 haec
1648 2898 1832 2946 autem
1870 2897 2084 2961 poten-v

470 2982 603 3043 tiam
630 2981 871 3052 pristinae
902 2980 1194 3039 felicitatis
1215 3022 1231 3048 ,
1276 2990 1337 3039 et
1376 2983 1565 3053 plagas
1600 2981 1900 3052 repentinae
1929 2981 2057 3036 sub-

470 3073 737 3139 versionis
763 3075 1019 3131 ostendit.
1066 3075 1232 3131 Moris
1254 3084 1339 3130 est
1365 3074 1791 3144 Seripturarum,
1826 3081 1887 3127 ut
1912 3081 2060 3143 post-

2161 1880 2521 1949 Quamobrem
2568 1880 2686 1946 his,
2725 1879 2818 1949 qui
2862 1893 3047 1933 muros
3095 1877 3333 1943 habent,
3373 1874 3764 1946 nea-quadris

2158 1972 2450 2027 mdiﬁcatos
2480 1970 2770 2042 lapidibus,
2792 1970 2860 2025 de
2885 1970 3099 2041 quibus
3141 1968 3395 2039 templum
3418 1967 3763 2024 aediﬁcatum

2160 2075 2260 2130 est,
2292 2074 2346 2121 et
2372 2066 2426 2120 in
2465 2072 2677 2119 tantum
2698 2064 2903 2135 politis,
2936 2072 2997 2119 ut
3020 2062 3252 2118 malleus
3280 2071 3337 2117 et
3360 2088 3363 2089 ν
3385 2062 3598 2118 securis
3642 2075 3764 2117 non

2159 2160 2231 2217 sit
2282 2161 2465 2215 audita
2509 2160 2564 2214 in
2610 2160 2773 2215 domo
2806 2158 2922 2225 Dei,
2977 2172 3012 2212 o
3046 2172 3144 2213 vos
3173 2156 3429 2213 Ecclesia:
3480 2153 3763 2226 magistri,

2159 2253 2245 2309 vel
2274 2254 2366 2323 qui
2394 2253 2526 2308 estis
2549 2253 2614 2307 de
2643 2251 2801 2307 Moab
2831 2266 3018 2306 errore
3045 2250 3260 2316 salvati,
3290 2249 3612 2305 annuntiatc
3637 2248 3763 2329 pla-

2161 2360 2259 2413 gas
2284 2359 2432 2410 suas,
2459 2344 2656 2414 quibus
2684 2343 3064 2418 haereticorum
3086 2341 3284 2412 jaculis
3311 2341 3582 2397 vulnerati
3604 2349 3757 2396 mut.-

2160 2436 2362 2491 Omnes
2406 2436 2554 2491 enint
2601 2435 2976 2506 cogitationes
3018 2432 3761 2504 eoruni,-quodv‘siguiﬁeat

2161 2529 2395 2595 Escbon,
2427 2543 2533 2583 non
2564 2526 2632 2581 ad
2667 2527 2818 2581 urbis
2864 2525 3159 2581 Dominicze
3206 2514 3600 2580 habitationem
3629 2540 3760 2594 per.

2160 2621 2352 2683 tinent,
2389 2620 2455 2675 de
2483 2634 2590 2690 qua
2617 2618 2876 2689 scriptum
2909 2627 2991 2675 est
3024 2636 3037 2672 :
3071 2638 3088 2668 ι
3112 2616 3387 2672 Fluminis.
3404 2617 3643 2687 impetus
3667 2615 3762 2670 ιδε-

2162 2711 2334 2767 tiﬁcat
2374 2700 2652 2766 civitatem
2699 2709 2795 2764 Dei
2827 2708 2999 2780 (Psal.
3028 2707 3175 2778 xcv).
3224 2728 3243 2761 ι
3290 2706 3397 2763 Sed
3428 2705 3759 2763 suburbana

2162 2815 2307 2871 sunt,
2338 2804 2466 2860 licet
2512 2804 2581 2859 ad
2625 2804 2816 2859 urbem
2854 2803 3070 2859 Domini
3116 2803 3393 2872 pertinere
3436 2802 3757 2868 credantur,

2162 2896 2289 2966 quia
2335 2895 2434 2951 sub
2483 2895 2618 2950 urbe
2656 2903 2781 2953 sunt
2817 2911 2832 2949 :
2865 2895 3084 2967 deserta
3111 2902 3292 2950 tamen
3328 2893 3608 2965 praesidio,
3637 2894 3759 2950 sive

2162 2988 2348 3044 divino
2377 2988 2500 3059 igne
2521 2987 2801 3044 combusta
2823 2997 3006 3054 erunt,
3028 2987 3305 3058 praecipue
3320 2987 3479 3043 vinea
3494 2986 3757 3054 Sabama,

2164 3093 2286 3148 qua:
2311 3078 2699 3148 interpretatur
2725 3075 2977 3134 attollens
3022 3077 3383 3144 altitudinem,
3406 3093 3478 3134 eo
3504 3078 3649 3148 quod
3699 3079 3759 3134 iu

468 3180 633 3235 quam
687 3166 1123 3237 desperationem
1173 3166 1370 3222 mentis
1421 3166 1670 3222 humanae
1707 3165 1831 3221 lazto
1872 3163 2059 3218 nuntio

2162 3160 2334 3228 altum
2365 3188 2426 3228 se
2451 3173 2642 3243 erigat,
2671 3180 2726 3228 et
2755 3173 3023 3242 superbiat
3072 3187 3185 3228 suae
3229 3172 3425 3227 turrim
3466 3185 3639 3242 usque
3684 3169 3760 3227 ad

473 3254 841 3312 sublevaverit
863 3295 879 3323 ,
930 3271 1162 3312 rursum.
1190 3257 1522 3329 negligentes
1545 3263 1601 3310 et
1627 3255 1872 3311 nolentes
1901 3268 2061 3326 agere

468 3349 889 3420 patientiam;
912 3350 1359 3409 «comminatione
1409 3350 1698 3406 deterreat.
1753 3346 1871 3403 Non
1916 3348 2062 3404 enim

470 3437 687 3509 bonitas
713 3439 1061 3497 Deiindurat
1091 3454 1188 3498 cor
1235 3436 1501 3497 nostrum.
1554 3437 1719 3508 Cujus
1769 3438 1848 3495 rei
1892 3453 2062 3493 unum

466 3537 690 3601 tantum
704 3546 975 3602 pellamus
1001 3534 1310 3605 exemplum
1340 3548 1355 3588 :
1387 3533 1446 3588 In
1491 3532 1801 3591 centesimo.
1830 3532 2060 3603 quadra.

466 3621 886 3696 apsimqtiarto
898 3624 1391 3697 psalmolegimus:
1407 3628 1411 3631 “
1425 3644 1445 3676 ι
1475 3623 1671 3680 Suavis
1696 3632 1782 3680 est
1800 3623 2060 3679 Dominus

466 3714 761 3789 universis,
806 3724 862 3773 et
887 3716 1265 3774 miserationes
1314 3716 1435 3787 ejus
1482 3732 1649 3787 super
1678 3716 1861 3774 omnia
1893 3732 2059 3787 opera

467 3801 591 3881 fjus
608 3802 994 3878 (Βοαιηιμι).
1029 3826 1050 3879 ρ
1078 3806 1154 3869 Ει
1192 3806 1637 3878 post,.paululum
1671 3826 1685 3863 :
1721 3826 1742 3860 ‹
1777 3805 2061 3862 Sustentat

464 3895 737 3973 Homines
758 3900 1107 3971 erantsequi
1126 3910 1392 3958 corruunt
1416 3940 1432 3967 ,
1459 3910 1514 3960 et
1541 3902 1721 3974 erigit
1748 3917 1941 3960 omnes
1984 3902 2061 3957 al-

471 3986 627 4061 lisos,
647 3988 799 4063 Oculi
824 3993 1067 4059 omnium
1101 3993 1158 4048 in
1184 4001 1238 4049 te
1260 4003 1502 4065 sperant,
1522 3995 1773 4061 Domine,
1806 4003 1860 4051 et
1886 4002 1942 4049 tu
1962 3995 2061 4051 das

464 4095 667 4153 escam,
686 4082 915 4149 illatum.
933 4085 1258 4156 intempore
1291 4102 1397 4144 suo
1423 4085 1597 4159 (Psal.
1624 4086 1826 4157 θεων).
1852 4107 1870 4139 ι
1898 4087 2059 4143 Cum-

459 4187 585 4249 nne
616 4174 977 4246 inmisisset
1013 4196 1026 4232 :
1064 4196 1083 4229 ι
1114 4176 1363 4237 Custodit
1395 4178 1658 4235 Dominus
1699 4194 1892 4235 omnes
1933 4178 2057 4233 dili-

460 4273 663 4337 gentes
684 4283 773 4335 se,
806 4288 825 4320 ι
864 4284 934 4325 ue
974 4260 1343 4341 negligentem
1366 4269 1591 4325 'faceret
1630 4271 1951 4337 auditorem,
1977 4271 2060 4325 in-

462 4357 596 4421 tulit
628 4376 707 4419 ;ι‹
736 4367 801 4415 et
815 4375 1006 4417 omnes
1033 4371 1349 4430 peccatores
1369 4360 1661 4431 disperdet.
1693 4380 1713 4412 ›
1737 4361 1875 4429 Quia
1898 4362 2060 4432 igitur

380 4494 389 4497 -
464 4446 747 4518 inpriore
778 4438 1105 4509 domate-ad
1153 4451 1528 4520 paenitentiam
1570 4458 1815 4506 errantes
1866 4467 2061 4521 provo—

468 4540 681 4609 nabat,
722 4551 783 4602 et
808 4543 879 4601 ad
906 4542 1178 4603 Christum
1206 4546 1451 4602 converti
1475 4546 1747 4613 monebat,
1775 4555 1835 4601 ut
1857 4545 1912 4601 in
1941 4545 2057 4616 ejus

454 4631 583 4699 ﬁde
598 4641 877 4705 (perpetuo
896 4642 1199 4703 manerent,
1224 4650 1370 4691 nunc
1391 4635 1646 4706 quoniam
1668 4635 2060 4707 iucorrigibiles

452 4738 539 4796 ζβτί
586 4724 979 4796 cupita-imus
1010 4741 1141 4783 esse
1164 4762 1205 4795 ,ι
1228 4735 1286 4783 et
1321 4728 1677 4797 perdurantes
1728 4730 1785 4787 in
1829 4729 2059 4786 stultitia

452 4819 877 4889 .stta,agnoscit,
910 4835 1003 4875 ,ex
1047 4834 1282 4889 persona
1306 4828 1649 4889 sanctorum,
1684 4823 1776 4892 qui
1809 4822 1875 4877 de
1902 4821 2060 4877 Moab

452 4907 671 4983 [salvati
730 4918 858 4966 sunt
890 4949 906 4976 ,
952 4917 1015 4964 et
1063 4911 1435 4980 experimento
1487 4925 1587 4967 suo
1645 4909 1764 4980 ejus
1823 4911 2061 4969 didicere

452 5001 805 5073 ,supcrbiam,
853 5012 1141 5073 propterea
1154 4992 1157 4993 ν
1171 5003 1409 5074 loquitur
1431 5022 1444 5058 :

454 5230 460 5255 ηπ
496 5246 501 5255 ,
551 5216 570 5251 t
614 5199 932 5258 Audiviutus
955 5202 1264 5273 superbiam
1285 5202 1462 5271 Moab,
1486 5204 1754 5275 superbus
1773 5210 1858 5259 est
1881 5201 2058 5272 valde,

460 5289 862 5353 ,mblituitatem
909 5293 1029 5363 ejus
1074 5302 1130 5349 et
1175 5296 1542 5366 arrogantiam
1575 5304 1632 5351 et
1671 5296 1979 5367 superbiam
2007 5304 2064 5353 ct

460 5382 1041 5445 .altitndinem-cordis
1078 5386 1283 5453 'illius,
1333 5408 1350 5441 ι
1402 5395 1506 5445 etc.
1558 5387 1862 5460 (Ηὶενοη.)
1928 5389 2061 5455 Quis

456 5473 1031 5544 t‘nim‘haereticorum
1055 5493 1185 5534 non-
1208 5481 1473 5549 superbus
1521 5488 1624 5545 est,
1656 5480 1751 5550 qui
1798 5479 2060 5535 ecclesia-

472 5563 664 5623 sticam
692 5566 998 5637 despiciens
1033 5569 1461 5640 simplicitatem,
1490 5570 1565 5627 ita
1604 5572 1769 5627 habet
1805 5571 2061 5628 Ecclesiae

468 5654 721 5717 homines
745 5660 902 5730 quasi
924 5661 1085 5721 bruta
1120 5663 1374 5717 animalia
1407 5681 1420 5717 :
1454 5671 1509 5719 et
1537 5664 1593 5720 in
1618 5673 1828 5720 tantum
1869 5679 2061 5735 supcr-

470 5747 920 5826 Minjuriiequc
957 5739 1225 5813 tumorem
1259 5753 1513 5825 erigitur,
1538 5764 1599 5813 ut
1650 5763 1840 5813 contra
1882 5755 2063 5828 ipsum

1144 5892 1184 5903 ,—

2160 3264 2361 3321 ccelum
2386 3272 2666 3320 exstruere
2682 3273 2927 3319 conetur.
2945 3264 3020 3318 De
3040 3263 3143 3318 hac
3162 3263 3318 3318 vinea
3348 3278 3567 3333 quoque
3584 3261 3758 3318 Isaias

2160 3355 2336 3411 dicit:
2381 3374 2399 3407 ‹
2446 3355 2662 3411 Domini
2710 3356 2949 3425 gentium
2996 3354 3318 3411 exciderunt
3364 3352 3574 3426 ﬂagella
3607 3354 3755 3425 ejm,

2159 3461 2332 3516 usque
2355 3446 2425 3501 ad
2453 3444 2614 3501 Jazer
2646 3453 3033 3516 pervenerunt.
3063 3444 3399 3500 Erraverunt
3428 3445 3485 3499 iu
3527 3443 3757 3502 deserto

2156 3540 2480 3612 propagines
2507 3540 2647 3611 ejus,
2676 3538 2876 3596 relicta:
2914 3546 3062 3604 sunt,
3090 3538 3422 3595 transierunt
3449 3552 3623 3605 mare,
3648 3554 3753 3594 suo

2157 3647 2256 3702 per
2282 3633 2385 3688 hoc
2408 3631 2722 3701 plorabOin
2770 3630 2897 3687 ﬂetu
2931 3629 3093 3687 Jazer
3128 3630 3286 3686 vinea
3334 3628 3753 3695 Sabama,ineo

2156 3724 2347 3780 briabo
2377 3734 2430 3781 te
2465 3725 2705 3799 lacryma
2731 3741 2850 3781 mea
2881 3724 3100 3781 Ezebou
3146 3733 3203 3782 et
3246 3724 3458 3791 Eleale,
3487 3723 3752 3793 quoniam

2159 3836 2322 3893 super
2347 3822 2677 3879 vindemiam
2717 3830 2863 3877 tuam
2912 3830 2968 3877 et
2992 3834 3154 3893 super
3178 3834 3415 3876 messem
3459 3829 3609 3874 tuam
3635 3832 3751 3873 vox

2157 3912 2484 3969 calcantium
2515 3914 2691 3977 irruit,
2723 3923 2777 3969 ct
2817 3912 3093 3969 auferetur
3119 3910 3328 3977 laetitia,
3359 3919 3418 3967 et
3456 3909 3759 3967 exsultatio

2154 4006 2580 4074 deCarmelo,et
2606 4008 2659 4062 iu
2693 4008 2864 4062 vineis
2896 4022 3005 4063 non
3032 4005 3329 4062 exsultabit
3352 4018 3527 4074 neque
3546 4002 3756 4074 iubila-

2156 4100 2257 4156 bit.
2289 4098 2485 4155 Vinum
2538 4100 2592 4154 in
2619 4099 2878 4155 torculari
2919 4112 3027 4154 non
3071 4096 3324 4163 enicabit,
3351 4095 3498 4165 quod
3539 4093 3758 4151 calcare

2158 4200 2515 4247 consueverat
2544 4210 2559 4245 :
2589 4206 2780 4248 vocem
2808 4189 3134 4246 calcantium
3162 4188 3364 4244 abstuli
3388 4185 3525 4259 (Iac.
3547 4185 3687 4253 xw).
3728 4206 3750 4241 ι

2161 4282 2481 4340 Suburbana
2511 4282 2746 4349 Esebon,
2783 4283 2852 4339 de
2877 4282 3075 4352 quibus
3118 4296 3287 4352 supra
3320 4277 3594 4349 scriptum
3643 4284 3755 4343 est,

2160 4376 2377 4432 deserta
2402 4383 2543 4439 sunt,
2569 4384 2626 4431 et
2654 4377 2811 4431 vinea
2845 4374 3101 4441 Sabama,
3130 4388 3253 4444 qua:
3274 4369 3631 4441 interpretari
3650 4383 3758 4439 po-

2164 4474 2266 4523 test
2293 4482 2400 4522 non
2430 4465 2603 4522 solum
2634 4466 2900 4522 extollens
2925 4465 3290 4529 altitudinem,
3320 4463 3415 4520 sed
3438 4469 3493 4518 et
3514 4474 3755 4518 convcr-

2163 4560 2243 4614 sio
2271 4557 2470 4628 aliqua,
2497 4559 2623 4628 quia
2649 4558 2865 4614 videtur
2895 4558 2951 4613 in
2980 4557 3202 4629 regione
3220 4555 3514 4613 ,Moabitica
3536 4553 3607 4609 ad
3634 4552 3755 4615 DD.-

2162 4650 2297 4705 mini
2312 4648 2633 4705 servitutem
2659 4648 2839 4718 aliqua
2859 4663 2926 4704 ex
2949 4656 3105 4719 parte
3123 4646 3261 4703 velle
3279 4644 3548 4702 converti.
3579 4640 3759 4712 Ηυὶυδ

2168 4740 2332 4811 igitur
2358 4740 2529 4795 vincte
2576 4739 2810 4795 Sabatna
2858 4739 3074 4794 Domini
3117 4733 3761 4809 gentiumvapesloliyet

2166 4830 2448 4901 apostolici
2483 4830 2588 4884 viri
2610 4828 2819 4901 ﬂagella
2848 4837 2904 4884 et
2930 4830 3256 4901 propagines
3303 4824 3758 4899 penituswabsci—

2162 4920 2377 4989 derunt,
2407 4940 2475 4981 ne
2498 4940 2565 4980 ex
2596 4924 2719 4979 aliis
2747 4923 3047 4980 haeresibus
3073 4923 3193 4980 aliae
3239 4928 3597 4979 nascerentur
3638 4918 3763 4979 ha-

2164 5030 2313 5071 rescs
2341 5025 2397 5071 et
2423 5016 2633 5070 inﬁnita
2655 5017 2955 5071 errantium
2993 5016 3152 5072 ﬁeret
3189 5013 3494 5071 multitudo.
3548 5012 3621 5070 Et
3645 5027 3760 5068 non

2163 5106 2336 5163 solum
2361 5107 2679 5163 exciderunt
2707 5108 3035 5178 propagines
3071 5107 3340 5174 Sabamte,
3370 5105 3466 5162 sed
3488 5118 3664 5175 usque
3684 5103 3760 5159 ad

2159 5198 2323 5255 Jazer
2349 5208 2736 5271 pervenerunt,
2762 5215 2885 5270 qua:
2930 5199 3322 5270 interpretatur
3362 5196 3625 5254 fortitudo
3658 5210 3759 5251 eo-

2163 5307 2305 5357 rum,
2337 5290 2441 5346 hoc
2466 5300 2570 5356 est,
2601 5290 2669 5345 ad
2696 5290 2995 5363 fortissima
3021 5303 3250 5360 qumque
3286 5288 3540 5360 dogmata
3578 5285 3759 5343 hatre-

2164 5382 2393 5438 ticorum
2419 5391 2475 5437 et
2504 5381 2782 5437 dialectica
2828 5389 2948 5436 arte
2977 5388 3309 5446 constructa,
3339 5378 3397 5434 in
3437 5377 3634 5449 quibus
3666 5392 3759 5432 ro-

2161 5472 2265 5531 bur
2279 5475 2362 5531 sui
2385 5475 2710 5534 videbantur
2725 5473 2944 5539 habere,
2963 5482 3019 5530 ct
3040 5474 3094 5530 in
3122 5480 3334 5533 tantum
3357 5485 3543 5529 eorum
3564 5482 3761 5535 mucro

2162 5568 2459 5625 bacchatus
2494 5578 2599 5635 est,
2629 5578 2689 5623 ut
2728 5567 3023 5624 novissime
3047 5575 3297 5631 errarent
3335 5565 3393 5621 in
3430 5561 3757 5627 solitudine,

2160 5671 2221 5719 et
2263 5678 2423 5734 quem
2472 5662 2844 5717 interﬁcerent
2889 5654 3623 5726 nontaberent.~Cumque
3679 5650 3759 5709 illi

2163 5753 2481 5815 exciderent
2509 5750 2722 5825 ﬂagella
2759 5750 2878 5824 ejus
2912 5768 2925 5807 :
2959 5757 3142 5807 tamen
3172 5747 3306 5829 vitio
3346 5745 3550 5815 radicis
3575 5742 3760 5819 pessi-
