4044 6326
345 344 482 400 MM

1237 335 1602 396 EXPOSlTlO
1643 335 1868 394 suam
1898 333 2268 395 IEREMMM.
2308 369 2378 381 —
2413 340 2710 399 LiB;'XV.-'
2759 375 2764 382 ε
2835 349 2858 376 π

3465 346 3608 404 4122

344 471 452 512 mus
473 452 806 525 propagines
821 451 1016 522 aliquae
1048 458 1449 507 remanserunt.
1500 450 1712 504 Domini
1745 457 1926 504 autem
1951 453 2007 514 Α
2033 451 2100 505 ad
2149 461 2420 511 extremos
2446 455 2605 514 ‘ﬁnes
2649 456 2884 513 ululatus
2922 458 3603 531 provincimpersonabat.

343 548 583 618 gentium
613 545 946 600 transierunt
964 558 1140 605 mare.
1167 543 1272 598 hoc
1292 551 1396 604 est,
1422 543 1747 597 tentationes
1768 540 1924 610 hujus

343 639 645 704 sarculirde
673 638 944 708 quibus-in
970 637 1178 707 psalmo
1200 636 1429 705 legimus
1458 653 1470 687 :
1509 655 1525 685 ς
1556 633 1694 690 Veni
1721 634 1773 688 in
1797 649 1926 704 pro-

342 730 569 788 fundum
587 730 841 794 maritaret
861 737 1153 798 tempestas
1165 727 1443 782 absorbuit
1457 724 1662 797 me(Ps.
1679 724 1886 795 vam).
1899 743 1920 777 ι

345 821 498 878 Ειυὶίι
529 819 633 876 alio
663 820 782 876 loco
814 835 829 874 :
872 840 891 871 (
934 818 1395 885 Quidescendunt
1423 832 1570 874 mare
1598 818 1653 888 in
1675 817 1922 879 navibus,

345 914 608 972 facientes
643 929 808 986 opera
837 915 893 969 in
913 914 1080 984 .aquis
1102 914 1313 978 multis,
1339 913 1442 984 ipsi
1471 913 1725 968 viderunt
1763 927 1926 982 opera

347 1008 657 1064 Dominiet
697 1006 968 1064 mirabilia
1007 1005 1126 1076 ejus
1163 1006 1217 1060 in
1257 1004 1541 1076 profundo.
1591 1024 1608 1056 ι
1651 1006 1744 1060 isti
1781 1005 1928 1061 enim

350 1100 683 1167 transierunt
713 1113 886 1164 mare,
908 1107 973 1154 ut
1003 1113 1167 1169 opera
1201 1097 1417 1151 Domini
1444 1097 1499 1152 in
1518 1095 1786 1166 profundo
1811 1105 1928 1152 ten—

347 1191 612 1248 talionum
653 1191 1052 1262 conspicerent,
1079 1191 1212 1245 dum
1249 1190 1549 1245 liberantur
1578 1205 1644 1244 ex
1682 1189 1780 1244 eis.
1822 1188 1928 1242 ita-

347 1298 452 1353 que
484 1297 666 1339 sermo
690 1282 1039 1354 propheticus
1063 1281 1270 1352 plangit
1299 1279 1671 1336 fortitudinem
1705 1279 1925 1334 hrereti—

346 1389 568 1438 corum.
597 1374 650 1430 id
693 1382 795 1440 est,
827 1366 988 1429 Jazer
1030 1382 1086 1429 et
1136 1373 1347 1428 vineam
1396 1371 1627 1428 Sabama
1649 1412 1663 1436 ,
1696 1387 1815 1440 quae
1868 1385 1929 1426 se

344 1467 556 1524 extollit
579 1473 769 1524 contra
793 1465 1084 1522 scientiam;
1100 1463 1195 1518 Dei
1222 1481 1234 1517 :
1265 1482 1285 1514 ι
1312 1470 1370 1519 et
1391 1463 1670 1517 inebriabo
1692 1461 1928 1533 lacryma

345 1573 478 1615 mea.
535 1559 776 1622 Esebon,
833 1577 852 1610 ι
911 1555 1270 1628 cogitationes
1323 1555 1530 1610 scilicet
1583 1569 1772 1609 eorum
1815 1571 1828 1607 :
1874 1560 1930 1607 et

345 1650 558 1716 Eleale,
575 1650 770 1720 quibus
791 1649 859 1704 ad
886 1648 1100 1704 excelsa
1125 1646 1580 1720 conscenderunt.
1613 1645 1720 1701 Cur
1746 1653 1928 1699 autem
1962 1657 1974 1666 ‘

343 1743 506 1801 Jaze-r
532 1742 740 1814 plangit
763 1741 978 1796 vincam
1008 1739 1266 1805 Sabama,
1297 1745 1354 1793 et
1377 1737 1613 1800 inebriat
1635 1737 1846 1792 Esebon
1871 1743 1928 1790 et

2034 541 2186 598 Unde
2230 561 2370 600 nunc
2420 545 2683 603 Jcremias
2738 549 2858 603 ait:
2917 568 2934 599 ι
2975 550 3052 606 De
3079 550 3609 609 clamore-ﬁsci)“

2031 649 2200 704 usque
2232 636 2409 692 Eleale
2431 647 2491 693 et
2511 639 2676 696 Jasan
2721 641 2996 696 dederunt
3028 657 3222 698 vocem
3255 657 3430 700 suam.
3467 661 3495 698 ε
3523 647 3611 702 Βθ

2027 725 2133 781 hoc
2177 735 2233 781 et
2277 728 2486 785 lsaias:
2545 730 2720 802 Super
2765 733 2908 799 hoc,
2934 734 3410 805 inquit,-expediti
3451 735 3611 794 Meab

2031 819 2334 887 ululabunt,
2365 823 2542 877 anima
2571 824 2691 894 ejus
2719 825 2947 883 uiolabit
2975 828 3084 883 sibi
3113 829 3392 900 (lamas).
3425 851 3444 883 ι
3476 833 3609 890 Ver-

2029 911 2159 966 bum
2190 911 2514 969 Ilebraicum
2560 900 2713 980 ’νὴ-ι
2758 933 2856 988 pro
2889 935 2996 990 quo
3028 920 3242 991 Aquila'
3268 925 3528 997 ἐξώμουςέιέ
3554 927 3609 981 id

2029 1010 2132 1067 est,
2161 1004 2460 1072 expeditos,
2481 1013 2537 1060 et
2553 1009 2798 1063 exsertis
2829 1010 3105 1078 humeris,
3124 1011 3496 1084 Symmachus
3511 1031 3610 1072 acl-

2029 1093 2666 1167 cinctosinterpretatus.
2702 1099 2932 1166 Quidam
2954 1110 3147 1172 putant
3172 1119 3292 1160 non
3311 1105 3495 1172 viros,-
3516 1108 3609 1163 sed

2028 1201 2227 1242 nomen
2262 1189 2414 1244 urbis
2457 1191 2700 1264 intelligi,
2733 1208 2853 1263 qum
2879 1190 3041 1251 hdie
3085 1198 3609 1270 appellaturEiu'sa,

2028 1287 2084 1333 et
2125 1289 2209 1335 est
2235 1281 2292 1335 in
2316 1281 2622 1338 Moabitidis
2648 1285 2894 1354 partibus
2921 1286 3065 1342 sita..
3090 1286 3400 1345 Possumus
3431 1299 3612 1349 autem

2029 1381 2084 1425 et
2107 1369 2436 1440 hoc7dicere,
2469 1376 2610 1446 quod
2654 1378 2905 1434 universa
2947 1388 3308 1451 pugnatorum
3353 1381 3613 1442 fortitudo

2029 1464 2316 1531 corruerit,
2351 1476 2407 1520 et
2436 1467 2640 1523 mutuis
2664 1467 2879 1526 ﬂetibus
2921 1471 3098 1527 omnis
3111 1475 3281 1537 '_ter=ra
3308 1485 3608 1532 resonaret.

2032 1557 2126 1614 Sin
2157 1569 2337 1615 autem
2359 1561 2555 1628 Elusae,
2583 1572 2642 1618 ut
2661 1563 2856 1634 Aquila
2886 1566 3076 1634 voluit,
3110 1569 3346 1625 exsertis
3370 1569 3611 1627 humeris

2029 1651 2413 1723 intelligantur,
2449 1654 2539 1709 ille
2565 1655 2722 1712 nobis
2769 1669 2966 1713 sensus
3007 1659 3334 1731 suggeritur,
3359 1661 3615 1732 quod-ad

2030 1742 2390 1814 plangendum
2429 1745 2609 1800 cuncti
2643 1748 2983 1803 nudaverunt
3011 1758 3251 1820 pectora.
3295 1788 3298 1792 ι
3455 1783 3484 1788 -η
3561 1764 3606 1790 ίτι

344 1836 526 1892 Eleale
553 1836 808 1907 lacrymis
844 1835 994 1891 suis?
1021 1841 1080 1889 ut
1105 1834 1316 1889 dum-et
1347 1833 1464 1904 ipse
1502 1832 1700 1902 plorat,
1725 1840 1779 1887 et
1808 1831 1926 1888 illos
1953 1833 2002 1894 Β
2107 1851 2126 1884 ι
2175 1834 2368 1889 Vectes
2393 1849 2580 1890 eorum
2613 1851 2643 1891 a
2676 1836 2844 1909 Segor
2871 1854 3044 1910 usque
3071 1841 3141 1897 ad
3178 1842 3616 1904 Oronaim'vitu;

344 1928 558 2000 plorare
583 1929 795 1984 doceat.
825 1947 844 1981 ι
866 1927 1150 1995 Quoniam,
1178 1926 1378 1997 inquit,
1403 1941 1567 1996 super
1595 1925 1925 1981 vindemiam

346 2034 516 2086 tuam,
545 2025 603 2073 et
643 2032 832 2089 super.
856 2032 1088 2072 messem
1137 2025 1306 2082 tuam,
1339 2031 1443 2071 vox
1485 2015 1810 2072 calcantium
1859 2015 1929 2070 ir-

345 2114 472 2170 ruit.
522 2133 540 2166 ›
596 2113 766 2169 Vinea
799 2111 1209 2178 Moabitarum,
1264 2119 1487 2182 propter
1513 2110 1768 2166 viciniam
1800 2110 1925 2175 loci,

261 2263 268 2271 ,
344 2205 468 2262 talis
490 2212 600 2272 est,
625 2205 801 2276 qualis
838 2212 894 2262 et
920 2205 1080 2260 vinea
1126 2202 1506 2267 Sodomorum,
1540 2202 1606 2257 de
1649 2217 1755 2271 qua
1790 2199 1928 2255 dici-

345 2305 476 2362 tur}:
513 2316 531 2350 ι
577 2297 653 2352 De
680 2297 838 2354 vinea
886 2295 1244 2352 Sodomorum
1290 2294 1448 2349 vinea
1481 2308 1692 2358 eorum,
1722 2300 1777 2346 et
1804 2307 1931 2362 pro—

341 2405 484 2462 pago
523 2403 710 2445 corum
759 2389 830 2444 de
875 2387 1208 2445 Gomorrha.
1249 2407 1284 2440 ›.
1323 2387 1391 2442 Ει
1436 2387 1489 2440 in
1533 2385 1930 2456 septuagesimo

342 2481 807 2553 septimo-psalmo
831 2483 896 2537 de
925 2479 1163 2552 ΕΒΗ)ιο
1191 2480 1407 2536 vineam
1437 2479 1668 2550 legimus
1694 2477 1928 2533 transla-

347 2585 476 2643 tam,
501 2577 844 2645 'quaszeus
877 2575 1115 2646 percutit
1150 2574 1430 2646 grandine.
1477 2573 1681 2628 Messes
1717 2583 1932 2640 quoque

348 2666 649 2722 Moabiticaa
676 2674 998 2722 nascuntur
1046 2666 1102 2720 in
1148 2665 1400 2730 vallibus,
1426 2679 1546 2734 qum
1593 2662 1931 2733 appellantur

346 2759 894 2828 Raphaim,falsaque
915 2759 1186 2814 vindemia
1214 2767 1299 2815 est
1317 2759 1511 2823 vineae,
1537 2757 1606 2812 de
1634 2773 1740 2828 qua
1769 2770 1931 2826 supra

347 2851 581 2912 dicitur:
613 2870 634 2902 ‹
665 2850 880 2905 Domini
904 2850 1144 2922 gentium
1169 2851 1487 2905 exciderunt
1507 2848 1715 2920 ﬂagella
1737 2846 1874 2916 ejus.
1905 2865 1926 2898 ι

343 2941 440 2996 isti
465 2942 938 2998 enim-conterunt
971 2942 1533 3008 uvasamarissimas,
1566 2951 1623 2996 et
1675 2941 1786 2996 suis
1827 2938 1934 2996 cal-

346 3039 475 3095 cant
502 3031 756 3102 pedibus,
779 3048 849 3087 ne
889 3032 1140 3088 draconis
1166 3047 1233 3086 ex
1256 3031 1336 3086 eis
1369 3031 1678 3100 exprimant
1698 3043 1930 3094 venena,

2036 1944 2054 1976 ‹
2089 1925 2194 1979 lam
2221 1936 2653 1983 conteruantem.
2690 1949 2708 1981 ι
2738 1929 2812 1983 De
2837 1945 2942 2000 qua
2969 1931 3135 1988 isa-ias
3169 1951 3181 1985 :
3216 1953 3236 1986 ‹
3274 1935 3614 2007 Veetes'ejus

2030 2032 2200 2086 usque
2228 2017 2296 2072 ad
2335 2018 2507 2091 Segor
2543 2021 2766 2076 vitulam
2803 2033 3211 2082 conternantem
3257 2027 3392 2099 (Ira.
3427 2030 3539 2103 xv).
3588 2037 3610 2085 ι

2031 2111 2106 2165 De
2136 2110 2239 2165 hac
2262 2119 2318 2165 et
2343 2113 2401 2166 in
2451 2113 2606 2169 libris
2634 2113 3003 2181 Quaestionum
3045 2117 3453 2176 iiebraicarum'
3478 2123 3616 2179 dixi;

2029 2219 2184 2269 mus,
2241 2211 2296 2258 et
2341 2220 2486 2260 nunc
2530 2207 2768 2262 breviter
2811 2217 3154 2276 annota-mus,
3187 2213 3332 2280 quod
3379 2211 3508 2283 ipsa
3542 2215 3616 2269 sit

2031 2297 2375 2366 quinta'urbs
2396 2307 2519 2367 post
2546 2299 2834 2354 Sodomam
2861 2308 2918 2355 et
2942 2297 3323 2370 Gomorrham,
3349 2302 3614 2360 Adamam

2031 2396 2085 2443 et
2112 2387 2352 2453 Seboim,
2384 2403 2503 2458 quae
2530 2390 2598 2444 ad
2624 2379 2813 2460 preces
2838 2390 2940 2445 Lot
2959 2405 3128 2462 parva
3142 2397 3363 2449 servata
3391 2405 3495 2462 est,
3515 2407 3615 2467 θρέ

2031 2481 2370 2551 pellaturque
2399 2481 2548 2546 Bala,
2584 2482 2637 2535 id
2663 2491 2767 2548 est,
2801 2484 3056 2553 absorpta
3085 2497 3102 2538 :
3129 2485 3470 2542 tradentibus
3502 2485 3612 2543 lle-

2032 2574 2212 2639 bracis,
2244 2574 2387 2644 quod
2419 2563 2576 2628 tertio
2602 2562 2909 2630 terraeinotu'
2931 2585 3199 2645 prostrata
3229 2578 3336 2644 sit;
3363 2579 3614 2650 ipsa-"est,

2031 2680 2152 2735 quae
2192 2666 2351 2721 hodie
2395 2666 2535 2738 Syro
2563 2681 2812 2722 sermone
2835 2666 3073 2738 {vocatur
3109 2668 3311 2736 Zoora,
3349 2670 3614 2728 Hebraiee

2035 2759 2224 2828 Segor,
2263 2765 2494 2827 utraque
2515 2752 2766 2828 parvula.
2818 2758 3115 2814 Possumus
3151 2760 3373 2815 vitulam
3402 2753 3620 2819 conteri-

2031 2856 2252 2904 nantem
2287 2863 2386 2920 pro
2410 2848 2649 2919 perfecta
2677 2856 2835 2904 aetate
2859 2849 3127 2920 accipere.
3169 2849 3324 2906 Sicut
3348 2851 3493 2906 enim
3519 2850 3616 2907 ut:

2031 2940 2268 2997 cesimus
2305 2955 2479 2997 annus
2498 2942 2553 2996 in
2581 2941 2910 3008 hominibus,
2937 2942 3011 2996 ita
3037 2942 3092 2996 in
3115 2941 3412 3013 pecudibus
3433 2955 3515 2998 'a'c
3536 2941 3618 3012 ju5

2033 3035 2250 3100 mentis,
2278 3035 2468 3090 tertius
2497 3035 2906 3090 robustissimus
2932 3041 3037 3090 est.
3064 3034 3259 3091 Vectes
3282 3047 3497 3106 quoque
3511 3041 3619 3106 pro

343 3133 402 3180 et
425 3139 613 3181 omnes
639 3124 1049 3180 linteriiciantur
1091 3125 1357 3179 bibentes.
1384 3122 1676 3178 Auferetur
1720 3136 1933 3192 quoque
1971 3188 1989 3200 _A
2038 3129 2282 3184 terminis
2320 3139 2386 3182 et-
2411 3129 2605 3184 robore
2653 3128 2911 3200 inte‘liige,
2943 3143 3009 3184 eo
3053 3130 3198 3198 quod-
3232 3128 3414 3200 ‘Segor
3463 3131 3517 3185 in
3557 3129 3621 3184 ﬂ:-

345 3216 534 3273 laet-itia
553 3225 610 3273 et
635 3216 928 3273 exsultatio
956 3216 1354 3279 luereticorum,
1385 3230 1548 3287 quam
1572 3221 1698 3269 ante
1743 3214 1931 3270 audire
1959 3197 2003 3262 Ε
2034 3220 2195 3275 nibus
2222 3220 2580 3275 Moabitarum
2612 3220 2714 3275 sita
2761 3197 2874 3287 sit,
2902 3197 3146 3276 dividens
3185 3219 3262 3274 ab
3297 3197 3386 3275 eis
3418 3228 3620 3276 terram

343 3319 763 3378 consueverunt,
788 3318 1171 3382 utpostquam
1199 3310 1413 3382 egerint
1457 3310 1833 3380 paenitentiam
1871 3309 1933 3364 il-

346 3403 790 3468 iud-mereantur
840 3403 1027 3458 audire
1060 3421 1073 3456 :
1112 3421 1130 3453 (
1175 3403 1328 3458 Beati
1364 3402 1632 3474 lugentes,
1677 3401 1932 3471 quoniam

346 3493 1140 3565 ipsi'consolabuntuﬁMauh.
1174 3494 1252 3563 v).
1297 3514 1317 3546 ι
1357 3493 1620 3563 Quodque
1635 3493 1842 3547 addidit
1867 3493 1934 3546 de

353 3587 636 3652 tim-mmo,-
654 3588 760 3641 hoc
779 3587 1068 3658 significat,
1093 3603 1199 3642 non
1221 3587 1367 3657 quod
1389 3588 1630 3644 hmretici
1660 3602 1792 3641 vere
1803 3587 1935 3642 Car-

349 3678 833 3744 melumhabeant,
858 3678 912 3732 id
932 3687 1032 3742 est,
1059 3678 1320 3748 spiritalis
1341 3678 1769 3734 circumcisionis
1794 3678 1936 3733 noti-

353 3770 506 3837 tiam,
521 3770 615 3826 sed
631 3769 889 3841 quofalso
907 3771 1109 3826 habere
1129 3787 1186 3826 se
1199 3769 1426 3839 iactent.
1447 3770 1693 3840 Cumque
1712 3769 1938 3826 succisae

353 3861 555 3917 iuerint
583 3861 772 3929 vineae,
797 3870 854 3918 et
884 3861 1064 3918 ablata
1087 3862 1298 3917 laetitia
1324 3870 1380 3918 et
1405 3861 1694 3918 exsultatio
1723 3863 1791 3917 de
1817 3860 1937 3917 falsi

347 3953 593 4010 nominis
647 3953 876 4012 scientia
900 3992 919 4020 ,
980 3961 1111 4010 tunc
1165 3953 1343 4009 nullus
1401 3953 1505 4008 erit
1565 3952 1635 4008 de
1664 3980 1666 3983 -
1691 3953 1939 4024 pristinis

353 4047 716 4112 calcatorihus
740 4069 778 4114 ,'
809 4046 902 4118 qui
931 4087 934 4092 -
969 4047 1142 4103 calcet
1177 4063 1347 4114 uvas,
1393 4063 1530 4117 quas
1589 4055 1714 4102 ante
1763 4047 1940 4104 calca-

347 4148 542 4207 ..verat,
579 4148 638 4195 et
669 4153 774 4196 vox
801 4153 1016 4195 eorum
1062 4148 1264 4198 azterno
1318 4142 1656 4196 obmutescet
1703 4141 1936 4208 silentio,

353 4249 458 4290 nec
485 4233 730 4289 celeuma
775 4232 996 4288 solitum
1023 4233 1285 4300 cantabit,
1313 4232 1416 4289 hoc
1446 4243 1550 4299 est,
1581 4249 1802 4289 carmen
1850 4232 1940 4287 lae-

350 4326 490 4382 titite
506 4359 526 4392 ,-
546 4327 674 4397 quia
701 4329 1032 4397 sempiterno
1069 4339 1304 4381 maerore
1343 4341 1404 4380 es
1451 4341 1639 4381 eorum
1682 4325 1940 4396 opprimi-

353 4427 466 4473 tur.
495 4416 751 4474 Celemna
776 4417 921 4474 enim
948 4425 1142 4473 cantus
1169 4423 1253 4471 est
1281 4418 1335 4470 in
1365 4417 1481 4472 lacu
1511 4418 1859 4482 calcantium,
1883 4424 1943 4472 ut

358 4511 582 4583 quidam
606 4509 816 4578 volunt,
842 4511 930 4565 vel
953 4511 1148 4566 melius
1173 4519 1362 4564 cantus
1390 4509 1447 4564 in
1479 4511 1605 4564 navi
1624 4519 1935 4566 nautarum.

357 4602 487 4659 ideo
513 4617 642 4674 ergo
671 4605 787 4659 hoe-
811 4602 930 4659 loco
955 4603 1107 4658 Isaia:
1134 4616 1258 4658 cum
1281 4601 1616 4671 expositione
1639 4618 1735 4657 sua
1756 4604 1940 4672 posui-

351 4695 864 4761 mus'sententiam,
893 4709 1016 4765 quae
1037 4709 1181 4766 pene
1208 4693 1402 4748 similis
1447 4701 1530 4748 est
1573 4693 1700 4748 huic
1748 4710 1942 4750 narra-

349 4785 496 4843 διὶοηί
521 4785 769 4842 Jeremiae
799 4805 814 4841 :
860 4797 885 4806 "
1046 4807 1049 4814 ·

383 4899 386 4902 λ
433 4899 457 4934 -α
503 4882 582 4937 De
597 4881 834 4937 clamore
859 4873 1074 4936 Esebon
1113 4894 1288 4949 usque
1325 4878 1506 4935 Eleale
1532 4887 1588 4934 et
1614 4877 1739 4934 Jesa
1785 4880 1945 4934 dede-

353 4987 490 5034 ‘mnt
514 4985 707 5033 vocem
738 4990 914 5031 suam.
959 4994 980 5027 ι
1023 4974 1237 5029 Esebon
1267 4983 1324 5029 et
1357 4972 1539 5029 Eleale
1567 4973 1786 5028 nomina
1815 4971 1945 5027 civi-

347 5074 538 5129 ‘t‘atum'
586 5071 891 5127 Moabitidze
934 5070 1225 5142 provincim
1275 5079 1431 5136 sunt,
1461 5084 1690 5140 quarum
1735 5067 1949 5123 Esebon

345 5159 493 5223 ’urbs
522 5165 920 5236 fuitquonda'm
950 5163 1092 5218 Seon
1115 5161 1257 5234 regis
1276 5164 1737 5228 Amorrhaaorum,
1757 5163 1822 5216 de
1842 5175 1948 5230 qua

363 5264 488 5328 post
507 5257 780 5328 aliquanta
807 5257 949 5314 idem
982 5255 1245 5311 Jeremias
1289 5251 1461 5310 dicit:
1507 5255 1649 5324 lgnis
1696 5267 1974 5324 egressus.

367 5361 458 5408 est
479 5351 545 5407 de
565 5351 801 5419 Esebon,
817 5359 874 5406 et
897 5350 1114 5406 ﬂamma
1143 5350 1211 5406 de
1234 5350 1412 5406 medio
1427 5348 1589 5404 Seon.
1618 5348 1950 5419 interpreta-

355 5449 459 5499 ‘tur
477 5443 661 5498 autem
680 5443 913 5508 Esehon,
930 5439 989 5498 ut
1013 5443 1267 5508 diximus,
1291 5442 1544 5514 cogitatio
1563 5461 1574 5495 :
1593 5450 1646 5498 et
1671 5443 1790 5498 ideo
1813 5443 1946 5498 allu—

344 5527 506 5591 ‘dens
530 5532 599 5588 ad
621 5532 1127 5596 nomen,'.leremias
1147 5543 1336 5590 contra
1361 5523 1589 5590 'Esebon
1632 5536 1707 5590 ait
1735 5553 1746 5589 :
1785 5557 1801 5586 ι
1845 5536 1948 5592 Co-

345 5627 674 5699 ~gitaverunt
693 5625 852 5690 mala,
883 5639 1054 5695 usque
1081 5627 1203 5683 Jesa
1235 5629 1413 5682 aud-ita
1439 5637 1525 5682 est
1551 5643 1655 5682 vox
1684 5642 1889 5683 eorum.
1925 5647 1943 5680 ι

346 5705 667 5779 Ἥψὲζιῠεα
706 5719 918 5776 Mortuo
952 5721 1091 5777 mari
1123 5721 1390 5790 imminet,
1421 5723 1510 5778 ubi
1551 5732 1636 5780 est
1685 5724 1951 5780 terminus

343 5816 352 5820 ”
373 5805 664 5888 proﬂuens
684 5811 1057 5871 Moabitarum.
1084 5814 1197 5872 Hoc
1218 5825 1345 5887 ergo
1367 5817 1586 5883 indicat,
1611 5817 1752 5887 quod
1779 5830 1953 5887 usque

2033 3309 2386 3366 Ph-ilisthiim.
2433 3333 2435 3336 ·
2501 3339 2504 3344 -

2111 3423 2130 3455 ε
2172 3405 2339 3474 Aquae
2360 3404 2840 3474 quoque'Nemrim
2863 3406 3115 3476 pessima:
3133 3413 3311 3461 erunt.
3341 3411 3389 3459 ιδ·
3405 3419 3408 3422 '
3423 3405 3502 3460 De
3519 3405 3623 3462 hoc

2033 3503 2090 3548 et
2137 3496 2305 3550 lsaias
2338 3513 2351 3548 :
2398 3513 2416 3546 ι
2457 3497 2876 3567 Aqutequoque
2907 3496 3149 3552 Nemi-im
3185 3491 3621 3554 desertae-ﬁrmi

2035 3586 2173 3652 Quia
2199 3588 2346 3640 aruit
2367 3588 2555 3652 herba,
2579 3588 2778 3642 defecit
2801 3601 3042 3658 germen,
3075 3588 3231 3643 virorf
3248 3590 3452 3644 1euntis
3473 3589 3624 3645 inte“-

2036 3679 2150 3744 riit,
2205 3680 2502 3734 secundum
2547 3680 2976 3752 magnitudinem
3025 3680 3254 3751 operis,
3290 3687 3354 3737 et
3386 3681 3626 3739 visitatio

2036 3783 2261 3827 eorum:
2287 3773 2354 3828 ad
2374 3779 2667 3828 torrentem
2694 3772 2919 3828 salicum
2945 3773 3213 3843 deducent
3243 3787 3357 3840 eos,
3378 3787 3397 3826 ι
3418 3781 3472 3830 et
3493 3774 3624 3832 relic

2039 3878 2164 3934 qua.
2196 3863 2330 3935 (Iw.
2355 3864 2472 3935 xv.)
2522 3863 2655 3919 lloc'
2676 3865 2930 3936 oppidum
2975 3869 3328 3935 super‘ma’re
3349 3849 3624 3924 M'o'rtuu'm

2039 3964 2122 4011 est
2136 3957 2294 4011 salsis
2313 3957 2490 4025 aquis,
2503 3965 2556 4011 et
2575 3957 2644 4011 ob
2661 3958 2958 4028 hoeipsum
2982 3958 3277 4014 sterilibus.
3299 3959 3430 4016 Sive
3446 3941 3627 4018 autem

2041 4045 2300 4100 allusitad
2318 4061 2535 4110 nomen,
2551 4047 2666 4102 sive
2682 4048 2828 4117 quod
2844 4057 2967 4103 ante
2979 4062 3088 4103 non
3102 4047 3296 4115 fuerat,
3315 4047 3442 4120 post
3459 4050 3628 4108 va'Sti;

2041 4147 2208 4194 tatem
2237 4139 2451 4204 accidit,
2475 4146 2537 4194 ut
2561 4139 2724 4193 etiam
2760 4154 2912 4208 aqum
2935 4140 2994 4195 in
3017 4141 3630 4200 amaritudinem‘verteL
3713 4159 3722 4168 ‘

2041 4239 2250 4286 rentur.
2284 4229 2398 4286 Non
2431 4239 2491 4284 ut
2529 4231 2750 4300 quidam
2789 4237 2981 4301 putant
3007 4239 3135 4288 vere
3164 4241 3387 4304 propter
3417 4235 3630 4293 steriles

2042 4322 2283 4377 Nemrim
2314 4337 2484 4392 aquas
2509 4321 2687 4376 omnis
2717 4321 2882 4376 herba
2914 4322 3148 4389 exaruit,
3173 4324 3267 4379 sed
3315 4340 3414 4395 per
3459 4335 3631 4380 meta-

2041 4415 2268 4487 phoram
2292 4414 2577 4484 Scriptura
2607 4413 2868 4484 loquitur.
2916 4414 2984 4470 Et
3008 4423 3094 4471 est
3140 4429 3334 4473 sensus
3361 4435 3375 4471 :
3413 4417 3471 4474 in
3502 4433 3634 4473 cun-

2041 4516 2131 4563 cto
2173 4505 2329 4561 Moab
2355 4521 2508 4577 aquae
2535 4504 2772 4561 Nemrim
2818 4516 2979 4562 erant
3027 4507 3188 4564 salsae
3231 4516 3286 4564 et
3331 4519 3552 4575 amans,
3581 4518 3639 4566 et

2043 4597 2316 4669 quomodo
2347 4596 2420 4650 ibi
2449 4595 2596 4650 nulla
2623 4597 2790 4650 herba
2819 4597 3073 4666 pullulat,
3101 4598 3181 4653 sic
3211 4605 3378 4653 totam
3403 4599 3629 4670 provin-

2049 4688 2190 4743 ciam
2238 4685 2474 4740 siccitas‘
2503 4685 2872 4754 consequitur,
2924 4686 2978 4740 id
3027 4695 3131 4751 est,
3164 4701 3196 4740 a
3247 4685 3418 4756 Seger
3447 4701 3639 4760 'usque

2049 4780 2327 4844 Oronaim,
2357 4793 2388 4832 a
2414 4777 2612 4832 ﬂuibns
2635 4791 2809 4845 usque
2849 4776 2918 4830 ad
2959 4777 3116 4832 ﬁnes.
3165 4776 3224 4831 id
3278 4779 3456 4848 ipsum
3487 4792 3640 4837 nunc

2049 4871 2314 4929 Jeremias
2345 4890 2366 4923 ‹
2412 4886 2566 4941 aqua:
2611 4871 2850 4926 Nemrim
2877 4870 3127 4940 pessima:
3175 4879 3334 4926 erunt
3371 4889 3384 4925 :
3440 4879 3641 4929 secuit-

2054 4967 2181 5023 dum
2233 4965 2658 5037 magnitudinem
2697 4964 2879 5035 operis
2917 4971 2982 5020 et
3023 4964 3264 5019 visitatio
3316 4951 3643 5034 eorumf'a'd

2052 5069 2350 5116 torrentem
2397 5060 2620 5115 salicum
2665 5059 2865 5115 ducent
2914 5073 3029 5115 eos.
3074 5077 3094 5110 ›
3136 5058 3243 5115 Pro
3288 5060 3549 5118 salicibus
3563 5062 3642 5118 "in

2054 5155 2284 5211 Hebraeo
2323 5155 2551 5226 legimus
2587 5163 2773 5219 manu
2804 5153 2948 5223 quod
2989 5161 3170 5224 potest
3216 5161 3274 5209 et
3316 5153 3523 5210 Arabes
3552 5156 3642 5211 in-

2055 5249 2220 5319 telligi
2245 5259 2299 5303 et
2329 5249 2432 5320 legi
2462 5248 2670 5315 Orbim,
2701 5248 2758 5302 id
2803 5255 2908 5312 est,
2940 5246 3067 5302 villa
3102 5247 3176 5301 in-
3196 5246 3395 5303 ﬁnibus
3421 5277 3423 5280 -
3445 5247 3642 5304 eorum

2054 5344 2180 5410 sita,
2210 5343 2364 5414 cujus
2393 5357 2425 5396 a
2471 5341 2746 5412 plerisque
2787 5339 2984 5396 accola:
3033 5340 3090 5394 in
3115 5348 3301 5396 monte
3325 5339 3470 5397 Oreb
3499 5341 3646 5398 'Eliae

2053 5436 2352 5507 przebuisse
2373 5433 2926 5489 alimenta'dicuntur.
2975 5431 3129 5498 Quod
3155 5447 3372 5488 nomen
3424 5440 3647 5503 propter

2056 5530 2467 5601 ambiguitatem
2527 5528 2869 5593 transfertur,
2904 5533 2959 5580 et
2987 5526 3040 5580 in
3083 5540 3275 5582 corvos
3305 5534 3469 5596 atque
3499 5527 3646 5582 occi-

2057 5627 2276 5680 dentem
2325 5622 2551 5692 locaque
2585 5619 2946 5690 campestria.
2981 5617 3111 5674 .Est
3155 5628 3336 5673 autem
3372 5630 3590 5672 sensus
3627 5634 3642 5673 :

2057 5717 2215 5773 Juxta
2245 5713 2419 5770 morbi
2450 5711 2874 5784 magnitudinem
2915 5711 3022 5766 erit
3048 5710 3306 5766 visitatio.
3360 5703 3642 5765 Visitatio-

2057 5828 2186 5870 nem
2213 5811 2302 5869 hic
2355 5823 2462 5864 non
2508 5819 2608 5878 pro
2641 5805 2902 5872 remedio,
2933 5803 3031 5860 sed
3083 5817 3182 5874 pro
3227 5801 3388 5873 plaga
3423 5801 3642 5881 -_aceipe.
