4044 6326
450 316 593 379 ιω
644 268 657 275 κ

1087 316 1149 372 Β.
1191 312 1451 373 ΚΔΒΑΝῘ
1481 312 1703 372 MAI!“
1736 307 2061 368 ARCHIEP.
2100 305 2411 366 IIOGUNT.
2451 300 2738 362 OPERUM
2771 302 2951 365 PARS
2987 301 3074 358 Ill.

3576 296 3721 358 ιηι

450 437 607 497 Unde
653 434 711 491 in
754 432 1010 506 psalmo:
1057 450 1079 483 ε
1120 430 1368 489 Vinitabo
1418 431 1475 485 in
1518 429 1670 503 virga
1717 427 2030 498 iniquitates
2054 430 2104 492 Α
2132 425 2335 482 fontem
2355 423 2990 480 dominicorumarietum
3013 412 3718 492 pervenire,sive'fortium,

448 544 635 591 eorum
667 524 840 601 (Ptol.
867 524 1156 597 unum).
1203 543 1224 577 θ
1268 523 1589 582 Torrentem
1610 522 1833 578 salicum
1857 520 2028 592 Babyo

448 619 628 676 ionica
856 615 1102 683 ﬂamina,
1119 613 1188 669 de
1206 615 1406 684 quibus
1425 621 1481 669 et
1501 612 1701 669 David:
1726 629 1745 663 ι
1770 610 1830 665 lu
1852 608 2033 667 salici-

449 714 629 777 busin
651 710 829 773 medio
862 707 983 779 eius
1006 707 1387 778 suspendimus
1410 719 1616 777 organa
1648 711 1835 760 nostra
1855 700 2031 772 (Paul.

451 804 699 875 om“),
726 823 745 856 ι
775 802 902 863 Sive
926 800 1121 857 vallem
1142 799 1377 864 Arabiae,
1402 811 1499 869 per
1522 812 1689 868 quam
1701 795 1944 866 pergitur
1964 794 2034 849 ad

446 896 721 968 Assyrios.
751 884 1067 964 Aeolugitur
1101 889 1364 962 spiritalis
1389 888 1549 946 Moab
1578 902 1741 944 sacco
1767 886 2036 958 pauitan-

456 990 566 1054 tiae,
594 994 651 1049 et
684 1001 847 1056 super
888 992 1033 1041 tecta
1074 997 1141 1039 ac
1189 982 1431 1048 domata,
1458 980 1513 1035 in
1557 979 1754 1050 quibus
1802 977 2035 1049 primum

454 1097 514 1138 se
535 1079 797 1145 Sublimes
834 1091 959 1137 esse
984 1076 1299 1142 credebant,
1326 1082 1382 1131 et
1426 1074 1485 1129 in
1511 1072 1724 1144 plateis,
1753 1073 1881 1143 quia
1926 1083 2035 1126 non

458 1172 839 1247 ingrediuntur
883 1186 981 1241 per
1023 1169 1311 1242 cognatam
1356 1169 1534 1234 viam”,
1563 1168 1665 1222 sed
1704 1180 1803 1237 per
1847 1165 2038 1230 htam,

457 1281 580 1337 quin
603 1264 757 1321 ducit
778 1263 853 1321 ad
870 1270 1127 1327 mortem,
1156 1262 1267 1317 erit
1312 1259 1571 1325 ululatus,
1597 1265 1652 1313 et
1700 1268 2038 1326 nequaquam

456 1353 831 1421 ascende-tiu
874 1350 1323 1423 superbiaunsed
1348 1349 1681 1407 descendent
1728 1349 1789 1402 in
1828 1346 2038 1403 ﬂetum.

458 1449 612 1506 Tunc
668 1445 970 1517 intelligent
1023 1459 1217 1505 nomen
1255 1442 1609 1514 cogitationes
1663 1455 1792 1497 suas
1832 1454 2040 1506 vanas,

458 1533 1018 1615 quodinterpuetamr
1040 1536 1281 1601 Escbon,
1304 1543 1362 1589 et
1384 1548 1572 1593 casum
1624 1544 1911 1590 ascensum
1954 1545 2046 1587 sn-

457 1629 687 1704 perbia,
708 1628 852 1699 quod
880 1625 1062 1685 Eisele
1108 1632 1295 1691 sonat,
1316 1633 1377 1679 ut
1401 1636 1506 1683 vos
1534 1637 1726 1681 eorum
1768 1620 2045 1686 audiatur,

459 1737 630 1793 usque
658 1720 726 1776 ad
761 1718 905 1777 mala
925 1731 1092 1787 opera
1118 1730 1332 1781 eorum,
1369 1730 1493 1785 quae
1512 1713 1791 1778 iecerunt,
1819 1720 1875 1767 et
1896 1726 2044 1767 utan.

2134 516 2263 586 quin
2295 514 2436 569 Elim
2465 521 2755 582 utrumque
2783 511 3070 581 signiﬁcat.

2209 626 2230 660 ι
2272 608 2341 662 Et
2369 606 2611 662 auferam
2636 606 2704 661 de
2750 603 2925 671 Moab,
2961 606 3039 659 ait
3086 606 3372 671 Dominus,
3402 602 3725 661 oﬂerentem

2135 684 2462 764 in'excelsis,
2494 707 2550 754 et
2605 695 3006 753 sacriﬁcantem
3034 697 3141 753 diis
3183 696 3319 766 ejus.
3361 717 3380 750 ι
3421 695 3729 769 (Mannum)

2134 789 2279 845 Bene
2304 802 2439 859 ergo
2459 788 2676 852 dicitur,
2700 786 2844 857 quod
2872 787 3134 843 Dominus
3163 788 3379 844 auferat
3397 787 3733 844 oder-cutem

2137 881 2204 938 de
2232 879 2389 935 Moab
2413 879 2468 934 in
2490 878 2739 944 excelsis,
2769 884 2826 932 et
2848 876 3244 934 sacriﬁcantem
3278 877 3386 934 diis
3423 877 3563 949 ejus,
3592 891 3730 947 quia

2137 987 2260 1028 eum
2307 970 2508 1026 defecit
2546 983 2799 1039 regnum,
2841 968 3079 1024 cessavit
3122 984 3257 1025 ustis
3302 969 3729 1026 sacriﬁciorum.

2138 1063 2362 1134 Mystice
2387 1076 2567 1117 auem
2595 1060 2900 1117 intereunte
2928 1068 3075 1117 secta
3123 1061 3374 1117 humana:
3417 1061 3727 1133 sapientia,

2139 1153 2374 1210 cessavit
2415 1149 2579 1208 simul
2613 1150 2819 1207 clamor
2864 1159 2923 1207 et
2953 1164 3150 1223 pompa
3195 1152 3509 1219 verborum,
3538 1153 3617 1207 ita
3668 1159 3737 1207 ut

2143 1260 2244 1302 nec
2264 1243 2571 1315 philosophi
2595 1243 2756 1299 istius
2782 1243 3004 1309 mundi,
3034 1243 3472 1313 nequehmetiei
3500 1243 3733 1300 deum-

2143 1348 2253 1395 tate
2285 1338 2543 1396 Ecclesiae
2573 1338 2799 1409 egressi,
2830 1338 3037 1407 aliquid
3057 1338 3113 1393 in
3138 1338 3385 1394 doctrina
3427 1350 3526 1393 sua
3573 1338 3736 1393 inve-

2146 1432 2323 1498 niant,
2358 1433 2503 1501 quod
2528 1432 2783 1487 humanae
2811 1430 2941 1487 vita
2989 1429 3228 1501 aliquant
3262 1428 3553 1486 utilitatem
3600 1443 3737 1484 con-

2144 1524 2309 1580 ferat.

2223 1657 2243 1689 ι
2285 1636 2577 1710 Propterea
2607 1650 2705 1694 cor
2729 1650 2909 1694 meum
2937 1634 3007 1693 ad
3055 1633 3232 1704 Moab,
3258 1638 3415 1709 quasi
3444 1637 3572 1694 tibia
3608 1640 3740 1695 atris

2156 1747 2175 1780 ι
2222 1729 2519 1795 resonabit,
2549 1736 2609 1785 et
2648 1740 2746 1785 cor
2773 1743 2953 1785 meum
2980 1726 3057 1783 ad
3079 1728 3225 1785 viros
3263 1730 3409 1786 muri
3434 1729 3615 1786 ﬁctilis
3640 1730 3741 1785 da-

459 1815 669 1881 datum.
696 1811 840 1884 quod
868 1809 1147 1881 putabant-
1197 1806 1295 1862 Dei
1340 1806 1561 1876 Propria
1603 1820 1661 1861 ιθ
1705 1803 2047 1861 confessione
2073 1797 2122 1859 Β
2156 1840 2175 1873 ι
2221 1822 2303 1877 tm
2335 1822 2568 1878 sonitum
2605 1819 2879 1876 tibiarum.
2929 1817 3068 1887 Quia
3095 1820 3215 1893 plus
3244 1822 3393 1889 fecit,
3427 1834 3591 1894 quam
3635 1838 3741 1894 po—

458 1904 800 1975 damnantes.
824 1899 1118 1969 Propterea
1146 1905 1350 1962 vectes,
1378 1897 1432 1951 id
1460 1905 1565 1961 est,
1593 1896 1685 1966 qui
1740 1894 1881 1950 tirmi
1930 1894 2043 1949 lue--

461 1996 573 2052 rint
600 1995 657 2049 in
680 1993 860 2059 Moab,
886 2000 945 2045 et
976 2005 1221 2049 errorem
1248 2005 1411 2047 suum
1448 1988 1832 2053 intellexerint,
1873 1986 2046 2043 ulula-

463 2086 598 2145 buut
625 2095 681 2141 et
706 2098 858 2155 spem
883 2083 1087 2139 habere
1110 2080 1390 2153 prolectus
1410 2080 1691 2151 incipient,
1719 2095 1845 2135 cum
1865 2079 2046 2135 adma

462 2191 657 2234 eorum
679 2174 970 2232 ululaverit
999 2174 1123 2230 sibi.
1174 2172 1329 2231 Unde
1352 2172 1617 2243 propheta
1658 2180 1744 2227 est
1790 2172 2047 2242 patientis

462 2267 683 2339 allecto,
703 2267 943 2339 loquitur
971 2265 1045 2322 ad
1070 2279 1185 2331 eos,
1211 2277 1445 2335 quorum
1476 2262 1657 2319 anima
1685 2262 1911 2321 uiolabit
1944 2262 2050 2319 sibi

461 2358 1233 2420 ctdicituCormcumad
1283 2354 1809 2417 Moabclumabiti
1852 2361 1911 2409 ut
1954 2366 2051 2411 eos

463 2452 533 2510 ad
559 2452 935 2525 pteuitentiam
953 2456 1231 2521 provocet.
1281 2447 1477 2502 Vestes
1524 2453 1707 2501 autem
1754 2458 1965 2509 eorum,
1993 2450 2051 2498 et

462 2543 649 2605 omnia
667 2541 1043 2609 ﬁrmamenta,
1069 2554 1193 2610 qua
1221 2538 1423 2599 habere
1450 2537 1509 2591 in
1561 2534 1859 2591 haeresibtts
1904 2533 2053 2588 vide-

462 2630 697 2703 bantur,
714 2648 746 2688 a
775 2632 965 2707 Segor,
992 2631 1096 2688 hoc
1118 2638 1225 2696 est,
1257 2631 1330 2685 ad
1348 2627 1639 2700 parvulam
1658 2642 1833 2698 usque
1860 2640 2053 2698 μεῖνε-ν

468 2723 642 2789 cient.
693 2721 1009 2785 Ostenditur
1065 2736 1175 2777 non
1246 2721 1470 2785 robusta
1516 2733 1658 2785 esse,
1683 2719 1783 2775 scd
1822 2718 2048 2790 fragilis.

467 2809 599 2889 Maso
633 2824 815 2875 autem
843 2812 1034 2885 Segor,
1057 2814 1296 2879 boccst,
1322 2828 1493 2885 parva
1517 2811 1837 2883 poenitentia
1855 2811 1905 2866 si
1931 2825 2055 2880 per-

465 2907 837 2974 severaverit,
877 2907 1141 2980 perducet
1191 2920 1288 2969 eos
1338 2906 1407 2961 ad
1451 2903 1751 2976 perfectam
1801 2903 2053 2969 salutem,

465 2998 615 3070 quod
647 2999 815 3055 vitula
852 3000 1018 3056 trium
1074 3013 1344 3054 annorum
1392 2996 1681 3069 signiﬁcat,
1709 2997 1869 3069 iuxta
1900 2995 2052 3061 illud,

468 3089 617 3162 quod
665 3090 727 3144 in
778 3087 978 3147 Genesi
1035 3089 1264 3162 legimus
1302 3086 1454 3160 (Gen.
1503 3088 1595 3160 xv)
1628 3108 1642 3143 :
1673 3089 1767 3146 ubi
1811 3088 2057 3159 praecipit

2159 1931 2179 1965 ι
2228 1913 2331 1967 tuit
2366 1931 2379 1965 :
2418 1911 2625 1966 idcirco
2651 1911 2954 1981 perierunt.
3000 1928 3020 1963 ι
3062 1908 3335 1983 Propheta
3359 1912 3602 1984 loquitur
3646 1913 3747 1970 do-

2153 2004 2315 2059 lentis
2361 2002 2576 2069 aﬂ’ectu,
2611 2000 2697 2057 vel
2740 2003 2883 2073 quod
2930 2003 3073 2060 hosti
3100 2006 3375 2061 creditura
3407 2006 3497 2072 sit,
3527 2006 3582 2061 in
3631 2020 3746 2079 quo

2156 2104 2236 2152 tot
2264 2095 2405 2151 mala
2432 2094 2840 2166 superveniunt,
2874 2094 2959 2149 vel
2979 2095 3129 2165 quod
3153 2097 3317 2151 tantis
3338 2094 3746 2154 calamitatibus

2156 2185 2532 2256 opprimendi,
2584 2191 2646 2239 ut
2701 2184 2867 2239 etiam
2910 2184 3144 2241 inimicis
3192 2183 3531 2242 miserabiles
3580 2187 3738 2243 liam.

2158 2276 2315 2332 Unde
2339 2275 2470 2331 dicit
2495 2288 2593 2330 cor
2618 2288 2777 2330 suum
2809 2281 2871 2328 ut
2895 2274 3080 2330 tibiam
3115 2288 3407 2341 resonare,
3435 2276 3565 2347 quia
3591 2275 3748 2348 lugu~

2154 2368 2254 2424 bre
2276 2378 2496 2421 carmen
2527 2379 2692 2436 super
2713 2364 2832 2434 ctus
2851 2364 3185 2435 superbiam,»
3206 2372 3263 2420 et
3286 2374 3467 2421 tamen
3496 2364 3748 2434 fragilem

2157 2464 2215 2512 et
2238 2456 2557 2512 contimium
2582 2454 2845 2525 gemitum
2872 2461 3157 2524 promptus
3181 2448 3252 2510 sit
3277 2464 3345 2509 ει
3371 2455 3540 2511 corde
3588 2457 3723 2510 dare

2157 2562 2227 2602 eo
2249 2547 2394 2616 quod
2419 2546 2488 2601 ab
2513 2545 2761 2601 hostibus
2786 2545 3029 2616 perierit.

2235 2653 2255 2687 σ
2296 2634 2469 2690 Omne
2520 2634 2664 2690 enim
2709 2643 2873 2704 caput
2924 2634 3219 2701 calvitium,
3249 2643 3306 2690 et
3348 2636 3531 2692 curuis
3575 2637 3748 2693 barba

2164 2746 2184 2779 ι
2226 2741 2351 2782 rasa
2384 2726 2511 2781 erit.
2551 2726 2610 2781 ln
2662 2726 2873 2782 cunctis
2917 2726 3167 2782 manibus
3189 2726 3484 2798 colligatio,
3507 2735 3751 2799 auger

2165 2838 2184 2871 ι
2223 2835 2386 2874 omne
2409 2820 2631 2875 denum
2651 2818 2909 2884 cilicium,
2936 2826 2992 2873 et
3012 2831 3177 2889 super
3192 2819 3377 2875 omnia
3400 2827 3543 2876 tecta
3566 2819 3747 2888 Moab,

2167 2928 2187 2963 ε
2234 2919 2289 2967 et
2332 2910 2391 2966 in
2421 2908 2755 2982 plateisejus
2809 2910 2991 2965 cunis
3036 2909 3304 2981 planctus,
3336 2912 3465 2982 quia
3514 2912 3747 2968 contrivi

2167 3019 2189 3054 ι
2232 3001 2389 3057 Moab
2425 2998 2924 3066 sicutvasinutile,
2951 2999 3031 3054 ait
3075 2998 3360 3055 Dominus.
3410 3000 3491 3057 Dc
3531 3014 3645 3071 quo
3694 3009 3753 3057 et

2163 3091 2331 3149 lenias
2365 3110 2379 3146 :
2427 3110 2451 3143 ε
2480 3091 2543 3146 ln
2561 3091 2774 3147 eunetis
2799 3090 3069 3161 capitibus
3093 3091 3212 3161 ejus
3248 3091 3548 3158 calvitium,
3571 3094 3751 3148 omni

467 3180 767 3248 Abraham,
817 3180 880 3236 ul
923 3180 1116 3241 ollerat
1169 3180 1431 3247 vitulum,
1474 3180 1701 3237 arietem
1748 3189 1807 3237 et
1846 3181 2058 3236 hircum
2085 3163 2131 3230 C
2168 3193 2189 3237 α
2232 3184 2403 3242 bu'ha
2426 3182 2667 3239 radetnr.
2696 3182 2755 3237 In
2998 3181 3115 3252 eius
3146 3184 3379 3240 accincti
3420 3193 3748 3252 sinus-eeo,

471 3273 634 3328 trium
685 3287 986 3340 annorum,
1010 3271 1312 3343 perfectum
1370 3271 1577 3328 scilicet
1619 3271 1965 3338 sacriﬁcium,
2000 3279 2064 3327 ut

470 3364 651 3419 haeres
683 3363 781 3418 Dei
802 3379 921 3423 esse
949 3372 1247 3423 mereatur.
1287 3362 1531 3435 Cumque
1552 3365 1764 3437 egerint
1786 3365 2061 3436 peniten-

472 3449 605 3507 tiam
632 3466 731 3523 per
755 3450 913 3508 Luitb
939 3493 954 3521 ,
984 3453 1041 3508 id
1080 3461 1166 3510 est
1188 3466 1449 3525 genarum
1478 3453 1783 3526 laerymas,
1811 3455 1885 3511 ad
1925 3455 2061 3513 alta-

469 3540 610 3599 rium
635 3543 1019 3610 conscendent,
1054 3553 1116 3599 et
1136 3543 1292 3616 quasi
1319 3544 1570 3601 most-oris
1597 3544 1868 3601 ioramine
1894 3553 2069 3617 atque

467 3630 715 3701 introitu,
731 3632 1025 3691 clamorem
1042 3634 1382 3705 contritionis
1398 3634 2057 3704 levabuutadDominum,

470 3716 765 3795 utpossin't
793 3722 1016 3785 dicere:
1050 3743 1069 3775 ι
1118 3722 1458 3789 Sacriﬁcium
1503 3724 1614 3791 Deo
1662 3723 1893 3797 spiritus
1936 3740 2061 3782 com

468 3810 897 3880 tribulatus,cor
927 3818 1223 3870 contritum
1264 3823 1323 3870 et
1370 3814 1719 3873 bumiliatum
1765 3815 1907 3873 Deus
1952 3832 2061 3873 non

466 3903 674 3977 spernit
701 3900 875 3977 (Psal.
904 3904 978 3977 ι).
1028 3924 1046 3959 ι
1089 3903 1205 3962 Hoc
1233 3906 1329 3961 lict
1353 3906 1481 3978 quia
1518 3922 1675 3978 aqua
1719 3905 1985 3973 Ncmrim,
2005 3908 2062 3965 id

466 3996 571 4064 est,
603 3988 852 4053 doctrina
884 3996 1287 4064 haereticorum,
1319 4011 1442 4068 quae
1487 3998 1673 4071 pardis
1718 4007 1773 4054 et
1801 4000 2061 4070 pravam.

466 4089 744 4145 catoribus
768 4097 1131 4162 comparatur,
1169 4091 1384 4151 deserta
1414 4092 1537 4159 erit,
1568 4102 1624 4149 et
1671 4093 1967 4150 deducetur
1991 4093 2062 4153 ad

469 4178 721 4235 nihilum.
747 4178 911 4236 Pardi
937 4172 1065 4236 sunt
1086 4196 1317 4251 quorum
1342 4181 1395 4236 in
1415 4180 1941 4253 Jeremia(.ler.xut)
1967 4198 2061 4238 va-

472 4272 699 4329 rietates
723 4282 778 4329 et
806 4273 1030 4331 macula:
1052 4288 1160 4329 non
1183 4282 1483 4339 mutantur,
1509 4281 1563 4328 et
1580 4280 1842 4345 apostatte
1861 4275 1928 4330 de
1941 4274 2060 4344 qui-

471 4365 572 4418 bus
600 4362 654 4419 in
679 4363 890 4434 psalmo
915 4364 1148 4434 legimus
1179 4381 1193 4418 :
1246 4384 1269 4419 ι
1312 4364 1770 4421 Prmvaricatores
1814 4366 2061 4437 reputavi

468 4467 661 4531 omnes
715 4461 1035 4524 peccatores
1073 4462 1234 4509 terrae
1282 4451 1475 4525 (Psal.
1519 4453 1742 4527 cxvut).
1791 4473 1812 4508 ι
1872 4453 2062 4514 Omnis

2168 3293 2190 3330 ι
2230 3286 2399 3346 super
2421 3271 2777 3343 tectaejuset
2813 3272 3225 3344 inplateieejus
3263 3276 3443 3331 armis
3486 3275 3684 3331 ululat.
3725 3294 3749 3330 ι

2160 3368 2317 3441 Apud
2352 3367 2611 3437 antiquos
2634 3380 2765 3436 ergo
2806 3364 2988 3422 barba:
3011 3365 3319 3437 capitisque
3340 3380 3552 3434 rectm,
3576 3368 3756 3426 luctus

2164 3459 2422 3515 indicium
2458 3458 2580 3515 luit.
2611 3456 2717 3513 Per
2740 3457 2858 3513 haec
2881 3457 3201 3528 magnitudo
3224 3458 3484 3515 mereris
3509 3458 3754 3514 εσσεοῶ

2164 3560 2271 3608 tur.
2302 3551 2423 3609 Non
2440 3558 2605 3607 erant
2630 3550 2859 3620 privatae
2890 3549 3147 3622 laci-ymo:
3179 3568 3190 3605 :
3218 3549 3497 3631 publicum
3521 3550 3755 3617 luctum,

2162 3641 2377 3713 publica
2404 3641 2643 3698 lamenta
2667 3639 3023 3705 resonabant,
3049 3655 3153 3697 nec
3177 3647 3461 3705 mam,
3490 3653 3595 3696 nec
3637 3641 3758 3695 vir-

2162 3732 2333 3804 gines,
2362 3747 2464 3788 nec
2492 3739 2626 3788 acus
2658 3745 2829 3801 parva
2870 3743 3186 3801 puerorum,
3214 3743 3319 3786 nec
3356 3728 3519 3787 fracti
3561 3744 3760 3786 seum

2162 3836 2386 3891 gressus
2425 3821 2753 3879 tenebuntur
2781 3820 3050 3886 domibus,
3074 3819 3343 3890 pudorem
3369 3827 3433 3875 et

2164 3920 2332 3968 tatem
2371 3922 2622 3970 extrema.
2661 3911 2949 3983 captivitas
2995 3910 3245 3977 nesciet,
3276 3929 3296 3963 ε
3341 3911 3467 3981 φύε
3519 3911 3762 3971 contrivi

2165 4003 2323 4060 Moab
2371 4004 2510 4060 sicut
2558 4018 2659 4059 vas
2705 4002 2918 4069 inutile,
2958 4021 2975 4054 ι
3012 4001 3091 4057 ait
3132 4001 3419 4061 Dominus.
3472 4002 3586 4060 Vae
3624 4016 3763 4075 ergo

2164 4093 2353 4151 inutile
2381 4092 2484 4149 fuit
2507 4091 2684 4159 Moab,
2716 4100 2773 4148 et
2815 4091 2999 4149 minus
3040 4099 3227 4162 aptum
3250 4090 3319 4151 ad
3347 4106 3489 4163 opus
3529 4091 3761 4158 bonum,

2165 4183 2285 4240 ideo
2313 4200 2342 4237 a
2374 4182 2607 4239 Domino
2634 4181 2929 4238 contritum
2957 4191 3043 4238 est
3074 4190 3131 4237 et
3151 4182 3328 4238 omnis
3352 4181 3605 4239 doctrina
3634 4183 3766 4253 phi-

2164 4275 2539 4347 losophorum,
2568 4288 2688 4346 quae
2741 4274 2950 4346 fragilis
2983 4283 3068 4331 est
3117 4284 3174 4330 et
3215 4273 3439 4331 falsitati
3480 4273 3762 4342 innitittn,

2164 4376 2459 4441 superante
2483 4368 2715 4424 veritate
2745 4367 3045 4424 uolucriter
3098 4376 3264 4437 atque
3302 4366 3675 4438 dissipabitur,
3700 4374 3765 4424 et

2166 4458 2511 4529 despectione
2534 4466 2703 4528 atque
2724 4457 2945 4530 εει)ὶωί
2974 4466 3185 4513 eterna
3206 4455 3435 4527 patebit.

468 4560 685 4617 quoque
717 4544 885 4603 herba
914 4554 970 4602 et
1017 4561 1265 4623 germen,
1292 4556 1348 4605 et
1400 4548 1663 4622 quidquid
1708 4549 1763 4605 in
1812 4532 2143 4605 sermone}
2245 4568 2265 4602 ι
2305 4549 2587 4618 Quomodo
2631 4548 2779 4605 victa
2821 4556 2910 4604 est
2954 4556 3011 4603 et
3061 4546 3442 4605 ululavertmt?
3481 4547 3763 4618 quomodo

466 4652 655 4695 eorum
687 4637 858 4694 viride
907 4636 1191 4694 videbatur
1235 4637 1473 4704 exaruit,
1498 4646 1555 4694 et
1602 4638 1899 4694 secundum
1949 4654 2062 4694 mae

465 4729 811 4805 gnitudinem
832 4739 1180 4801 peccatorum
1200 4743 1235 4784 a
1259 4729 1370 4785 Deo
1405 4729 1611 4784 visitati
1636 4738 1784 4796 sunt,
1815 4738 1875 4784 ut
1900 4745 2062 4803 quem

364 4892 371 4896 g
470 4837 568 4895 per
593 4821 859 4887 beneﬁcia
883 4838 991 4878 non
1042 4831 1349 4891 senserant,
1374 4837 1471 4895 per
1509 4822 1719 4894 ﬂagella
1768 4837 2065 4896 cognosce-

471 4923 609 4970 rent.
625 4915 867 4986 Denique
890 4916 1160 4973 ducentur
1185 4916 1255 4971 ad
1279 4914 1501 4983 vallem,
1520 4915 1635 4971 sive
1659 4923 1952 4972 torrentem
1975 4930 2063 4972 sa-

470 5005 741 5075 licum,ut
752 5008 937 5065 nullus
954 5009 1009 5064 in
1033 5008 1114 5064 eis
1136 5007 1344 5065 fructus
1366 5017 1620 5067 maneat:
1646 5008 1787 5063 hanc
1807 5007 1953 5062 enim
1981 5022 2066 5064 se-

474 5099 636 5157 minis
669 5100 863 5156 harum
901 5100 1163 5157 arborum
1192 5101 1381 5157 dicunt
1409 5114 1530 5156 esse
1560 5107 1840 5163 naturam,
1881 5106 1942 5153 ut
1969 5099 2060 5168 qui

474 5190 603 5246 illud
628 5190 680 5245 in
700 5190 893 5267 poculo
912 5191 1178 5259 hauserit,
1194 5188 1382 5249 liberis
1405 5201 1609 5248 careat.
1636 5190 1786 5247 Unde
1808 5199 1861 5247 et
1887 5192 2061 5247 sancti

472 5281 569 5353 qui
598 5290 816 5354 propter
838 5294 1089 5355 pecccata
1118 5284 1177 5339 in
1201 5283 1518 5345 confusione
1542 5283 1703 5354 hujus
1734 5281 1919 5337 mundi
1939 5295 2061 5337 esse

474 5381 775 5444 eruperunt,
806 5373 861 5430 in
894 5374 1151 5433 salicibus
1175 5373 1595 5447 Babyloniorum
1628 5373 1911 5429 ﬂuminum
1941 5388 2059 5429 sus-

474 5454 714 5537 pendunt
774 5482 976 5537 organa
1029 5479 1149 5522 sua.
1208 5462 1408 5521 Omnes
1463 5465 1724 5521 terminos
1794 5463 2056 5521 Moabita-

477 5572 596 5612 rum
625 5556 831 5615 clamor
867 5558 1087 5624 circuit,
1112 5555 1200 5612 vel
1227 5558 1636 5627 provocantium
1661 5557 1727 5612 ad
1767 5556 2057 5627 paenitudi-

477 5664 619 5715 nem,
650 5650 733 5707 vel
782 5666 880 5723 pro
905 5662 1090 5704 errore
1115 5647 1469 5719 gementium,
1503 5657 1560 5703 ut
1609 5646 1805 5704 offerre
1851 5647 2058 5719 possint

476 5758 572 5818 per
600 5746 861 5803 ululatum
914 5761 1068 5801 suum
1121 5745 1316 5800 vitulos
1369 5744 1649 5808 lubiot'ttm,
1682 5754 1733 5802 et
1782 5759 1950 5815 usque
1989 5744 2056 5799 ad

2175 4661 2195 4695 ι
2237 4640 2434 4711 deiecit
2460 4641 2737 4697 cervicem
2782 4638 2939 4695 Moab
2984 4648 3040 4695 et
3082 4637 3343 4695 confusus
3385 4638 3503 4695 est?
3529 4638 3763 4709 Elitquc

2174 4753 2192 4785 ι
2235 4733 2390 4789 Moab
2414 4732 2468 4787 in
2499 4732 2764 4798 derisum,
2800 4739 2857 4786 et
2897 4732 2949 4785 in
2972 4730 3276 4800 exemplum
3297 4730 3629 4787 omnibusin
3649 4731 3764 4786 cir-

2174 4845 2194 4882 (
2234 4826 2381 4883 cuitu
2424 4834 2535 4881 tuo.
2586 4844 2603 4874 ι
2650 4824 2802 4880 Victa
2833 4831 2919 4879 est
2967 4824 3116 4892 regio
3157 4820 3337 4888 Moab,
3366 4823 3508 4880 unde
3542 4820 3762 4877 habita-

2169 4926 2315 4973 tores
2338 4914 2454 4985 ejus
2505 4913 2864 4970 ululaverunt.
2929 4911 3136 4984 Deiecit
3178 4911 3445 4968 cervicem
3488 4911 3764 4983 superbia:

2168 5023 2280 5064 sua:
2305 5017 2362 5063 et
2385 5005 2610 5063 confusa
2639 5014 2742 5071 est,
2773 5004 2985 5075 eritque
3014 5002 3173 5060 Moab
3215 5004 3278 5075 in
3308 5003 3549 5060 derisum
3585 5013 3645 5059 et
3698 5003 3763 5059 in

2167 5096 2468 5167 exemplum
2515 5094 2769 5151 omnibus
2808 5094 2865 5149 in
2910 5092 3147 5149 circuitu
3184 5108 3304 5160 suo,
3327 5093 3455 5163 quia
3500 5091 3763 5163 superbia

2166 5192 2283 5263 ejus
2314 5204 2507 5261 magna
2536 5186 2690 5242 valde
2718 5194 2802 5241 est
2829 5183 3059 5255 deiecta.
3092 5183 3184 5241 Sic
3205 5184 3516 5241 etim-mana
3541 5184 3762 5255 sapien-

2168 5283 2243 5339 tia
2263 5289 2525 5352 quantum
2543 5278 2704 5350 erigit
2724 5291 2781 5333 se
2807 5284 2996 5333 contra
3012 5275 3296 5331 Dominum
3311 5272 3455 5330 fastu
3482 5274 3763 5342 elationis,

2169 5383 2377 5430 tantum
2417 5373 2645 5429 veritate
2677 5378 2965 5443 superante
2995 5364 3217 5428 habebit
3266 5384 3453 5425 coram
3501 5368 3765 5426 omnibus

2167 5465 2420 5522 ruborem
2446 5464 2798 5521 conlusionis.

2242 5580 2259 5609 ι
2312 5557 2437 5614 llaec
2460 5559 2590 5613 dicit
2621 5557 2881 5613 Dominus
2924 5575 2937 5611 :
2974 5555 3115 5611 Ecce
3143 5554 3296 5627 quasi
3325 5554 3505 5627 aquila
3531 5555 3759 5622 volavit,

2170 5672 2188 5704 ι
2232 5661 2286 5707 et
2311 5652 2551 5707 extendit
2574 5649 2686 5705 alas
2711 5657 2838 5705 suas
2865 5648 2930 5703 ad
2978 5646 3157 5704 Moab.
3190 5647 3359 5719 Capta
3388 5656 3470 5703 est
3508 5647 3759 5713 Corinth,

2170 5763 2185 5795 ι
2230 5753 2283 5798 et
2330 5741 2653 5797 munitiones
2682 5740 2796 5810 ejus
2824 5756 2918 5811 per
2950 5756 3073 5796 eum
3105 5738 3509 5810 comprehensa:
3536 5747 3683 5795 sunt.
3729 5755 3752 5792 ι
