  <div class='ocr_page' id='page_1' title='image "/cluster/home/n/w/nwhite01/storage/ocr_20150623/111/hvd.32044009716333/570.png"; bbox 0 0 4044 6326; ppageno 0'>
   <div class='ocr_carea' id='block_1_1' title="bbox 277 343 419 414">
    <p class='ocr_par' dir='ltr' id='par_1_1' title="bbox 277 343 419 414">
     <span class='ocr_line' id='line_1_1' title="bbox 277 343 419 414; baseline -0.007 0"><span class='ocrx_word' id='word_1_1' title='bbox 277 343 419 414; x_wconf 74' lang='lat'><strong>“25‘</strong></span> 
     </span>
    </p>
   </div>
   <div class='ocr_carea' id='block_1_2' title="bbox 271 462 1937 544">
    <p class='ocr_par' dir='ltr' id='par_1_2' title="bbox 271 462 1937 544">
     <span class='ocr_line' id='line_1_2' title="bbox 271 462 1937 544; baseline -0.009 -16"><span class='ocrx_word' id='word_1_2' title='bbox 271 473 523 544; x_wconf 78' lang='lat' dir='ltr'><strong>Aquilam</strong></span> <span class='ocrx_word' id='word_1_3' title='bbox 545 469 1044 527; x_wconf 78' lang='lat' dir='ltr'><strong>Nabuchodonosor</strong></span> <span class='ocrx_word' id='word_1_4' title='bbox 1071 466 1325 536; x_wconf 75' lang='lat' dir='ltr'><strong>appellat,</strong></span> <span class='ocrx_word' id='word_1_5' title='bbox 1350 474 1568 535; x_wconf 87' lang='lat' dir='ltr'><strong>propter</strong></span> <span class='ocrx_word' id='word_1_6' title='bbox 1591 462 1859 532; x_wconf 85' lang='lat' dir='ltr'><strong>rapacita—</strong></span> <span class='ocrx_word' id='word_1_7' title='bbox 1883 465 1937 522; x_wconf 86' lang='grc' dir='ltr'><strong>Λ</strong></span> 
     </span>
    </p>
   </div>
   <div class='ocr_carea' id='block_1_3' title="bbox 275 554 1855 632">
    <p class='ocr_par' dir='ltr' id='par_1_3' title="bbox 275 554 1855 632">
     <span class='ocr_line' id='line_1_3' title="bbox 275 554 1855 632; baseline -0.008 -14"><span class='ocrx_word' id='word_1_8' title='bbox 275 558 403 627; x_wconf 89' lang='lat' dir='ltr'><strong>tem,</strong></span> <span class='ocrx_word' id='word_1_9' title='bbox 435 562 695 632; x_wconf 84' lang='lat' dir='ltr'><strong>quoniam</strong></span> <span class='ocrx_word' id='word_1_10' title='bbox 725 560 780 614; x_wconf 91' lang='lat' dir='ltr'><strong>in</strong></span> <span class='ocrx_word' id='word_1_11' title='bbox 829 558 1203 615; x_wconf 86' lang='lat' dir='ltr'><strong>devastatioue</strong></span> <span class='ocrx_word' id='word_1_12' title='bbox 1233 557 1568 611; x_wconf 87' lang='lat' dir='ltr'><strong>diversarum</strong></span> <span class='ocrx_word' id='word_1_13' title='bbox 1616 554 1855 624; x_wconf 88' lang='lat' dir='ltr'><strong>gentium</strong></span> 
     </span>
    </p>
   </div>
   <div class='ocr_carea' id='block_1_4' title="bbox 272 644 1857 720">
    <p class='ocr_par' dir='ltr' id='par_1_4' title="bbox 272 644 1857 720">
     <span class='ocr_line' id='line_1_4' title="bbox 272 644 1857 720; baseline -0.006 -14"><span class='ocrx_word' id='word_1_14' title='bbox 272 654 535 707; x_wconf 74' lang='lat' dir='ltr'><strong>excreuit.</strong></span> <span class='ocrx_word' id='word_1_15' title='bbox 567 653 670 720; x_wconf 85' lang='lat' dir='ltr'><strong>Qui</strong></span> <span class='ocrx_word' id='word_1_16' title='bbox 697 667 819 707; x_wconf 90' lang='lat' dir='ltr'><strong>cum</strong></span> <span class='ocrx_word' id='word_1_17' title='bbox 871 650 985 706; x_wconf 86' lang='lat' dir='ltr'><strong>alas</strong></span> <span class='ocrx_word' id='word_1_18' title='bbox 1009 665 1158 715; x_wconf 87' lang='lat' dir='ltr'><strong>suas,</strong></span> <span class='ocrx_word' id='word_1_19' title='bbox 1184 650 1287 704; x_wconf 86' lang='lat' dir='ltr'><strong>hoc</strong></span> <span class='ocrx_word' id='word_1_20' title='bbox 1310 657 1415 713; x_wconf 90' lang='lat' dir='ltr'><strong>est,</strong></span> <span class='ocrx_word' id='word_1_21' title='bbox 1448 647 1739 701; x_wconf 90' lang='lat' dir='ltr'><strong>transitmn</strong></span> <span class='ocrx_word' id='word_1_22' title='bbox 1788 644 1857 698; x_wconf 86' lang='lat' dir='ltr'><strong>ad</strong></span> 
     </span>
    </p>
   </div>
   <div class='ocr_carea' id='block_1_5' title="bbox 273 740 1854 814">
    <p class='ocr_par' dir='ltr' id='par_1_5' title="bbox 273 740 1854 814">
     <span class='ocr_line' id='line_1_5' title="bbox 273 740 1854 814; baseline -0.005 -14"><span class='ocrx_word' id='word_1_23' title='bbox 273 745 429 800; x_wconf 81' lang='lat' dir='ltr'><strong>Moab</strong></span> <span class='ocrx_word' id='word_1_24' title='bbox 451 747 743 812; x_wconf 86' lang='lat' dir='ltr'><strong>direxerat,</strong></span> <span class='ocrx_word' id='word_1_25' title='bbox 767 753 923 814; x_wconf 87' lang='lat' dir='ltr'><strong>capta</strong></span> <span class='ocrx_word' id='word_1_26' title='bbox 952 752 1038 799; x_wconf 89' lang='lat' dir='ltr'><strong>est</strong></span> <span class='ocrx_word' id='word_1_27' title='bbox 1062 743 1284 797; x_wconf 78' lang='lat' dir='ltr'><strong>Cariotb</strong></span> <span class='ocrx_word' id='word_1_28' title='bbox 1311 741 1439 796; x_wconf 86' lang='lat' dir='ltr'><strong>urbs</strong></span> <span class='ocrx_word' id='word_1_29' title='bbox 1469 740 1854 806; x_wconf 80' lang='lat' dir='ltr'><strong>famosissima,</strong></span> 
     </span>
    </p>
   </div>
   <div class='ocr_carea' id='block_1_6' title="bbox 272 832 1852 906">
    <p class='ocr_par' dir='ltr' id='par_1_6' title="bbox 272 832 1852 906">
     <span class='ocr_line' id='line_1_6' title="bbox 272 832 1852 906; baseline -0.005 -14"><span class='ocrx_word' id='word_1_30' title='bbox 272 846 328 892; x_wconf 90' lang='lat' dir='ltr'><strong>et</strong></span> <span class='ocrx_word' id='word_1_31' title='bbox 376 838 706 892; x_wconf 87' lang='lat' dir='ltr'><strong>munitiones</strong></span> <span class='ocrx_word' id='word_1_32' title='bbox 757 837 872 906; x_wconf 85' lang='lat' dir='ltr'><strong>ejus</strong></span> <span class='ocrx_word' id='word_1_33' title='bbox 924 851 1022 906; x_wconf 85' lang='lat' dir='ltr'><strong>per</strong></span> <span class='ocrx_word' id='word_1_34' title='bbox 1073 849 1197 890; x_wconf 90' lang='lat' dir='ltr'><strong>eum</strong></span> <span class='ocrx_word' id='word_1_35' title='bbox 1241 832 1652 903; x_wconf 58' lang='lat' dir='ltr'><strong>comprehensae</strong></span> <span class='ocrx_word' id='word_1_36' title='bbox 1710 837 1852 886; x_wconf 87' lang='lat' dir='ltr'><strong>sunt.</strong></span> 
     </span>
    </p>
   </div>
   <div class='ocr_carea' id='block_1_7' title="bbox 274 927 807 997">
    <p class='ocr_par' dir='ltr' id='par_1_7' title="bbox 274 927 807 997">
     <span class='ocr_line' id='line_1_7' title="bbox 274 927 807 997; baseline -0.006 -14"><span class='ocrx_word' id='word_1_37' title='bbox 274 927 428 983; x_wconf 78' lang='lat' dir='ltr'><strong>Unde</strong></span> <span class='ocrx_word' id='word_1_38' title='bbox 449 936 503 982; x_wconf 87' lang='lat' dir='ltr'><strong>et</strong></span> <span class='ocrx_word' id='word_1_39' title='bbox 525 928 773 997; x_wconf 89' lang='lat' dir='ltr'><strong>sequitur</strong></span> <span class='ocrx_word' id='word_1_40' title='bbox 796 945 807 980; x_wconf 93' lang='lat'>:</span> 
     </span>
    </p>
   </div>
   <div class='ocr_carea' id='block_1_8' title="bbox 346 1035 1857 1104">
    <p class='ocr_par' dir='ltr' id='par_1_8' title="bbox 346 1035 1857 1104">
     <span class='ocr_line' id='line_1_8' title="bbox 346 1035 1857 1104; baseline 0 -12"><span class='ocrx_word' id='word_1_41' title='bbox 346 1055 366 1091; x_wconf 82' lang='grc'><strong><em>‹</em></strong></span> <span class='ocrx_word' id='word_1_42' title='bbox 409 1037 477 1092; x_wconf 86' lang='lat' dir='ltr'><strong>Et</strong></span> <span class='ocrx_word' id='word_1_43' title='bbox 505 1037 609 1093; x_wconf 89' lang='lat' dir='ltr'><strong>erit</strong></span> <span class='ocrx_word' id='word_1_44' title='bbox 634 1053 730 1093; x_wconf 91' lang='lat' dir='ltr'><strong>cor</strong></span> <span class='ocrx_word' id='word_1_45' title='bbox 772 1037 991 1093; x_wconf 78' lang='lat' dir='ltr'><strong>fortium</strong></span> <span class='ocrx_word' id='word_1_46' title='bbox 1021 1035 1178 1094; x_wconf 84' lang='lat' dir='ltr'><strong>Moab</strong></span> <span class='ocrx_word' id='word_1_47' title='bbox 1229 1038 1282 1092; x_wconf 91' lang='lat' dir='ltr'><strong>in</strong></span> <span class='ocrx_word' id='word_1_48' title='bbox 1314 1037 1401 1093; x_wconf 89' lang='lat' dir='ltr'><strong>die</strong></span> <span class='ocrx_word' id='word_1_49' title='bbox 1447 1037 1559 1104; x_wconf 88' lang='lat' dir='ltr'><strong>illa,</strong></span> <span class='ocrx_word' id='word_1_50' title='bbox 1584 1038 1724 1094; x_wconf 84' lang='lat' dir='ltr'><strong>sicut</strong></span> <span class='ocrx_word' id='word_1_51' title='bbox 1763 1051 1857 1093; x_wconf 90' lang='lat' dir='ltr'><strong>cor</strong></span> 
     </span>
    </p>
   </div>
   <div class='ocr_carea' id='block_1_9' title="bbox 275 1129 1854 1202">
    <p class='ocr_par' dir='ltr' id='par_1_9' title="bbox 275 1129 1854 1202">
     <span class='ocr_line' id='line_1_9' title="bbox 275 1129 1854 1202; baseline -0.003 -14"><span class='ocrx_word' id='word_1_52' title='bbox 275 1144 300 1188; x_wconf 76' lang='lat' dir='ltr'><strong>t</strong></span> <span class='ocrx_word' id='word_1_53' title='bbox 345 1130 584 1186; x_wconf 81' lang='lat' dir='ltr'><strong>mulieris</strong></span> <span class='ocrx_word' id='word_1_54' title='bbox 608 1131 987 1201; x_wconf 82' lang='lat' dir='ltr'><strong>parturientis,</strong></span> <span class='ocrx_word' id='word_1_55' title='bbox 1012 1139 1066 1186; x_wconf 91' lang='lat' dir='ltr'><strong>et</strong></span> <span class='ocrx_word' id='word_1_56' title='bbox 1091 1131 1326 1187; x_wconf 88' lang='lat' dir='ltr'><strong>cessabit</strong></span> <span class='ocrx_word' id='word_1_57' title='bbox 1354 1129 1510 1186; x_wconf 87' lang='lat' dir='ltr'><strong>Moab</strong></span> <span class='ocrx_word' id='word_1_58' title='bbox 1533 1145 1654 1186; x_wconf 88' lang='lat' dir='ltr'><strong>esse</strong></span> <span class='ocrx_word' id='word_1_59' title='bbox 1683 1145 1854 1202; x_wconf 89' lang='lat' dir='ltr'><strong>popu-</strong></span> 
     </span>
    </p>
   </div>
   <div class='ocr_carea' id='block_1_10' title="bbox 279 1220 1859 1294">
    <p class='ocr_par' dir='ltr' id='par_1_10' title="bbox 279 1220 1859 1294">
     <span class='ocr_line' id='line_1_10' title="bbox 279 1220 1859 1294; baseline 0.002 -23"><span class='ocrx_word' id='word_1_60' title='bbox 279 1230 302 1261; x_wconf 75' lang='grc' dir='ltr'>ιι</span> <span class='ocrx_word' id='word_1_61' title='bbox 349 1235 462 1274; x_wconf 82' lang='lat' dir='ltr'><strong>.us:</strong></span> <span class='ocrx_word' id='word_1_62' title='bbox 497 1221 750 1290; x_wconf 89' lang='lat' dir='ltr'><strong>quoniam</strong></span> <span class='ocrx_word' id='word_1_63' title='bbox 785 1229 972 1277; x_wconf 89' lang='lat' dir='ltr'><strong>contra</strong></span> <span class='ocrx_word' id='word_1_64' title='bbox 1003 1223 1290 1280; x_wconf 90' lang='lat' dir='ltr'><strong>Dominum</strong></span> <span class='ocrx_word' id='word_1_65' title='bbox 1333 1220 1591 1294; x_wconf 79' lang='lat' dir='ltr'><strong>gloriatus</strong></span> <span class='ocrx_word' id='word_1_66' title='bbox 1612 1229 1712 1277; x_wconf 92' lang='lat' dir='ltr'><strong>cst.</strong></span> <span class='ocrx_word' id='word_1_67' title='bbox 1763 1220 1859 1275; x_wconf 85' lang='lat' dir='ltr'><strong>Pa-</strong></span> 
     </span>
    </p>
   </div>
   <div class='ocr_carea' id='block_1_11' title="bbox 273 1312 1852 1386">
    <p class='ocr_par' dir='ltr' id='par_1_11' title="bbox 273 1312 1852 1386">
     <span class='ocr_line' id='line_1_11' title="bbox 273 1312 1852 1386; baseline 0.005 -25"><span class='ocrx_word' id='word_1_68' title='bbox 273 1329 288 1361; x_wconf 71' lang='grc' dir='ltr'><strong>’δ</strong></span> <span class='ocrx_word' id='word_1_69' title='bbox 336 1327 432 1365; x_wconf 85' lang='lat' dir='ltr'><strong>vor</strong></span> <span class='ocrx_word' id='word_1_70' title='bbox 459 1321 512 1366; x_wconf 89' lang='lat' dir='ltr'><strong>et</strong></span> <span class='ocrx_word' id='word_1_71' title='bbox 529 1312 681 1369; x_wconf 75' lang='lat' dir='ltr'><strong>fovea</strong></span> <span class='ocrx_word' id='word_1_72' title='bbox 711 1324 764 1368; x_wconf 89' lang='lat' dir='ltr'><strong>et</strong></span> <span class='ocrx_word' id='word_1_73' title='bbox 787 1314 1012 1386; x_wconf 80' lang='lat' dir='ltr'><strong>laqueus</strong></span> <span class='ocrx_word' id='word_1_74' title='bbox 1036 1329 1197 1380; x_wconf 81' lang='lat' dir='ltr'><strong>super</strong></span> <span class='ocrx_word' id='word_1_75' title='bbox 1223 1322 1296 1382; x_wconf 88' lang='lat' dir='ltr'><strong>te,</strong></span> <span class='ocrx_word' id='word_1_76' title='bbox 1324 1331 1357 1369; x_wconf 93' lang='lat' dir='ltr'><strong>o</strong></span> <span class='ocrx_word' id='word_1_77' title='bbox 1379 1314 1651 1370; x_wconf 83' lang='lat' dir='ltr'><strong>habitator</strong></span> <span class='ocrx_word' id='word_1_78' title='bbox 1679 1313 1852 1378; x_wconf 84' lang='lat' dir='ltr'><strong>Moab,</strong></span> 
     </span>
    </p>
   </div>
   <div class='ocr_carea' id='block_1_12' title="bbox 277 1402 1854 1477">
    <p class='ocr_par' dir='ltr' id='par_1_12' title="bbox 277 1402 1854 1477">
     <span class='ocr_line' id='line_1_12' title="bbox 277 1402 1854 1477; baseline 0.005 -27"><span class='ocrx_word' id='word_1_79' title='bbox 277 1421 288 1450; x_wconf 73' lang='grc' dir='ltr'><strong><em>ι</em></strong></span> <span class='ocrx_word' id='word_1_80' title='bbox 336 1403 409 1456; x_wconf 89' lang='lat' dir='ltr'><strong>ait</strong></span> <span class='ocrx_word' id='word_1_81' title='bbox 437 1402 698 1460; x_wconf 88' lang='lat' dir='ltr'><strong>Dominus</strong></span> <span class='ocrx_word' id='word_1_82' title='bbox 725 1425 735 1458; x_wconf 93' lang='lat'>:</span> <span class='ocrx_word' id='word_1_83' title='bbox 762 1405 864 1473; x_wconf 91' lang='lat' dir='ltr'><strong>Qui</strong></span> <span class='ocrx_word' id='word_1_84' title='bbox 897 1406 1093 1477; x_wconf 89' lang='lat' dir='ltr'><strong>fugerit</strong></span> <span class='ocrx_word' id='word_1_85' title='bbox 1116 1421 1144 1460; x_wconf 92' lang='lat' dir='ltr'><strong>a</strong></span> <span class='ocrx_word' id='word_1_86' title='bbox 1175 1406 1310 1462; x_wconf 88' lang='lat' dir='ltr'><strong>facie</strong></span> <span class='ocrx_word' id='word_1_87' title='bbox 1353 1405 1588 1477; x_wconf 75' lang='lat' dir='ltr'><strong>pavoris,</strong></span> <span class='ocrx_word' id='word_1_88' title='bbox 1619 1405 1776 1459; x_wconf 82' lang='lat' dir='ltr'><strong>cadet</strong></span> <span class='ocrx_word' id='word_1_89' title='bbox 1803 1404 1854 1458; x_wconf 92' lang='lat' dir='ltr'><strong>in</strong></span> 
     </span>
    </p>
   </div>
   <div class='ocr_carea' id='block_1_13' title="bbox 275 1493 1858 1567">
    <p class='ocr_par' dir='ltr' id='par_1_13' title="bbox 275 1493 1858 1567">
     <span class='ocr_line' id='line_1_13' title="bbox 275 1493 1858 1567; baseline 0.004 -23"><span class='ocrx_word' id='word_1_90' title='bbox 275 1510 289 1540; x_wconf 72' lang='grc' dir='ltr'>ι</span> <span class='ocrx_word' id='word_1_91' title='bbox 339 1493 549 1550; x_wconf 81' lang='lat' dir='ltr'><strong>foveam</strong></span> <span class='ocrx_word' id='word_1_92' title='bbox 601 1501 654 1550; x_wconf 93' lang='lat' dir='ltr'><strong>et</strong></span> <span class='ocrx_word' id='word_1_93' title='bbox 684 1496 774 1565; x_wconf 90' lang='lat' dir='ltr'><strong>qui</strong></span> <span class='ocrx_word' id='word_1_94' title='bbox 809 1497 1185 1552; x_wconf 83' lang='lat' dir='ltr'><strong>conscenderit</strong></span> <span class='ocrx_word' id='word_1_95' title='bbox 1209 1497 1273 1553; x_wconf 92' lang='lat' dir='ltr'><strong>de</strong></span> <span class='ocrx_word' id='word_1_96' title='bbox 1302 1496 1478 1562; x_wconf 82' lang='lat' dir='ltr'><strong>fovea,</strong></span> <span class='ocrx_word' id='word_1_97' title='bbox 1510 1497 1755 1567; x_wconf 83' lang='lat' dir='ltr'><strong>capietur</strong></span> <span class='ocrx_word' id='word_1_98' title='bbox 1783 1495 1858 1550; x_wconf 86' lang='lat' dir='ltr'><strong>la-</strong></span> 
     </span>
    </p>
   </div>
   <div class='ocr_carea' id='block_1_14' title="bbox 276 1587 1860 1660">
    <p class='ocr_par' dir='ltr' id='par_1_14' title="bbox 276 1587 1860 1660">
     <span class='ocr_line' id='line_1_14' title="bbox 276 1587 1860 1660; baseline 0.004 -24"><span class='ocrx_word' id='word_1_99' title='bbox 276 1605 290 1636; x_wconf 83' lang='lat' dir='ltr'><strong>t</strong></span> <span class='ocrx_word' id='word_1_100' title='bbox 341 1601 499 1655; x_wconf 81' lang='lat' dir='ltr'><strong>queo.</strong></span> <span class='ocrx_word' id='word_1_101' title='bbox 529 1587 806 1644; x_wconf 83' lang='lat' dir='ltr'><strong>Adducam</strong></span> <span class='ocrx_word' id='word_1_102' title='bbox 832 1589 975 1644; x_wconf 85' lang='lat' dir='ltr'><strong>enim</strong></span> <span class='ocrx_word' id='word_1_103' title='bbox 1005 1605 1168 1660; x_wconf 86' lang='lat' dir='ltr'><strong>super</strong></span> <span class='ocrx_word' id='word_1_104' title='bbox 1195 1589 1350 1645; x_wconf 83' lang='lat' dir='ltr'><strong>Moab</strong></span> <span class='ocrx_word' id='word_1_105' title='bbox 1376 1605 1574 1644; x_wconf 90' lang='lat' dir='ltr'><strong>annum</strong></span> <span class='ocrx_word' id='word_1_106' title='bbox 1601 1589 1698 1644; x_wconf 87' lang='lat' dir='ltr'><strong>visi</strong></span> <span class='ocrx_word' id='word_1_107' title='bbox 1710 1588 1860 1644; x_wconf 85' lang='lat' dir='ltr'><strong>tatio-</strong></span> 
     </span>
    </p>
   </div>
   <div class='ocr_carea' id='block_1_15' title="bbox 271 1677 1857 1742">
    <p class='ocr_par' dir='ltr' id='par_1_15' title="bbox 271 1677 1857 1742">
     <span class='ocr_line' id='line_1_15' title="bbox 271 1677 1857 1742; baseline 0.004 -15"><span class='ocrx_word' id='word_1_108' title='bbox 271 1697 293 1727; x_wconf 75' lang='lat' dir='ltr'><strong>v</strong></span> <span class='ocrx_word' id='word_1_109' title='bbox 341 1679 422 1733; x_wconf 86' lang='lat' dir='ltr'><strong>nis</strong></span> <span class='ocrx_word' id='word_1_110' title='bbox 449 1695 658 1742; x_wconf 89' lang='lat' dir='ltr'><strong>eorum,</strong></span> <span class='ocrx_word' id='word_1_111' title='bbox 691 1681 821 1736; x_wconf 84' lang='lat' dir='ltr'><strong>dicit</strong></span> <span class='ocrx_word' id='word_1_112' title='bbox 843 1681 1122 1737; x_wconf 88' lang='lat' dir='ltr'><strong>Dominus.</strong></span> <span class='ocrx_word' id='word_1_113' title='bbox 1159 1701 1175 1732; x_wconf 72' lang='grc' dir='ltr'><strong>ι</strong></span> <span class='ocrx_word' id='word_1_114' title='bbox 1221 1677 1386 1735; x_wconf 81' lang='lat' dir='ltr'><strong>Recte</strong></span> <span class='ocrx_word' id='word_1_115' title='bbox 1409 1695 1504 1735; x_wconf 89' lang='lat' dir='ltr'><strong>cor</strong></span> <span class='ocrx_word' id='word_1_116' title='bbox 1530 1679 1686 1735; x_wconf 81' lang='lat' dir='ltr'><strong>Moab</strong></span> <span class='ocrx_word' id='word_1_117' title='bbox 1707 1681 1857 1736; x_wconf 87' lang='lat' dir='ltr'><strong>cordi</strong></span> 
     </span>
    </p>
   </div>
   <div class='ocr_carea' id='block_1_16' title="bbox 268 1771 1859 1842">
    <p class='ocr_par' dir='ltr' id='par_1_16' title="bbox 268 1771 1859 1842">
     <span class='ocr_line' id='line_1_16' title="bbox 268 1771 1859 1842; baseline 0.003 -21"><span class='ocrx_word' id='word_1_118' title='bbox 268 1779 547 1838; x_wconf 84' lang='lat' dir='ltr'><strong>comparat</strong></span> <span class='ocrx_word' id='word_1_119' title='bbox 576 1771 819 1828; x_wconf 83' lang='lat' dir='ltr'><strong>mulieris</strong></span> <span class='ocrx_word' id='word_1_120' title='bbox 843 1773 1220 1842; x_wconf 86' lang='lat' dir='ltr'><strong>parturientis,</strong></span> <span class='ocrx_word' id='word_1_121' title='bbox 1243 1773 1369 1841; x_wconf 84' lang='lat' dir='ltr'><strong>quia</strong></span> <span class='ocrx_word' id='word_1_122' title='bbox 1393 1773 1458 1827; x_wconf 90' lang='lat' dir='ltr'><strong>de</strong></span> <span class='ocrx_word' id='word_1_123' title='bbox 1487 1787 1680 1841; x_wconf 90' lang='lat' dir='ltr'><strong>magna</strong></span> <span class='ocrx_word' id='word_1_124' title='bbox 1703 1771 1859 1826; x_wconf 82' lang='lat' dir='ltr'><strong>luxu-</strong></span> 
     </span>
    </p>
   </div>
   <div class='ocr_carea' id='block_1_17' title="bbox 269 1862 1858 1936">
    <p class='ocr_par' dir='ltr' id='par_1_17' title="bbox 269 1862 1858 1936">
     <span class='ocr_line' id='line_1_17' title="bbox 269 1862 1858 1936; baseline 0.003 -21"><span class='ocrx_word' id='word_1_125' title='bbox 269 1862 346 1915; x_wconf 89' lang='lat' dir='ltr'><strong>ria</strong></span> <span class='ocrx_word' id='word_1_126' title='bbox 373 1864 438 1916; x_wconf 86' lang='lat' dir='ltr'><strong>ad</strong></span> <span class='ocrx_word' id='word_1_127' title='bbox 491 1879 744 1936; x_wconf 85' lang='lat' dir='ltr'><strong>magnam</strong></span> <span class='ocrx_word' id='word_1_128' title='bbox 795 1866 1043 1936; x_wconf 77' lang='lat' dir='ltr'><strong>pervenit</strong></span> <span class='ocrx_word' id='word_1_129' title='bbox 1089 1864 1386 1930; x_wconf 86' lang='lat' dir='ltr'><strong>tristitiam,</strong></span> <span class='ocrx_word' id='word_1_130' title='bbox 1416 1865 1580 1919; x_wconf 89' lang='lat' dir='ltr'><strong>etiam</strong></span> <span class='ocrx_word' id='word_1_131' title='bbox 1623 1864 1858 1920; x_wconf 89' lang='lat' dir='ltr'><strong>cessavit</strong></span> 
     </span>
    </p>
   </div>
   <div class='ocr_carea' id='block_1_18' title="bbox 268 1956 1857 2028">
    <p class='ocr_par' dir='ltr' id='par_1_18' title="bbox 268 1956 1857 2028">
     <span class='ocr_line' id='line_1_18' title="bbox 268 1956 1857 2028; baseline 0 -19"><span class='ocrx_word' id='word_1_132' title='bbox 268 1971 388 2009; x_wconf 87' lang='lat' dir='ltr'><strong>esse</strong></span> <span class='ocrx_word' id='word_1_133' title='bbox 413 1957 664 2028; x_wconf 79' lang='lat' dir='ltr'><strong>papulas,</strong></span> <span class='ocrx_word' id='word_1_134' title='bbox 693 1957 817 2028; x_wconf 88' lang='lat' dir='ltr'><strong>quia</strong></span> <span class='ocrx_word' id='word_1_135' title='bbox 866 1958 1098 2028; x_wconf 87' lang='lat' dir='ltr'><strong>superbe</strong></span> <span class='ocrx_word' id='word_1_136' title='bbox 1129 1956 1184 2010; x_wconf 91' lang='lat' dir='ltr'><strong>in</strong></span> <span class='ocrx_word' id='word_1_137' title='bbox 1235 1971 1333 2011; x_wconf 88' lang='lat' dir='ltr'><strong>sua</strong></span> <span class='ocrx_word' id='word_1_138' title='bbox 1375 1956 1616 2027; x_wconf 89' lang='lat' dir='ltr'><strong>potentia</strong></span> <span class='ocrx_word' id='word_1_139' title='bbox 1666 1965 1857 2012; x_wconf 90' lang='lat' dir='ltr'><strong>contra</strong></span> 
     </span>
    </p>
   </div>
   <div class='ocr_carea' id='block_1_19' title="bbox 269 2045 1858 2119">
    <p class='ocr_par' dir='ltr' id='par_1_19' title="bbox 269 2045 1858 2119">
     <span class='ocr_line' id='line_1_19' title="bbox 269 2045 1858 2119; baseline 0.001 -19"><span class='ocrx_word' id='word_1_140' title='bbox 269 2045 556 2102; x_wconf 88' lang='lat' dir='ltr'><strong>Dominum</strong></span> <span class='ocrx_word' id='word_1_141' title='bbox 585 2055 666 2104; x_wconf 88' lang='lat' dir='ltr'><strong>est</strong></span> <span class='ocrx_word' id='word_1_142' title='bbox 694 2047 974 2119; x_wconf 82' lang='lat' dir='ltr'><strong>gloriatus.</strong></span> <span class='ocrx_word' id='word_1_143' title='bbox 1010 2047 1166 2103; x_wconf 86' lang='lat' dir='ltr'><strong>Unde</strong></span> <span class='ocrx_word' id='word_1_144' title='bbox 1188 2061 1356 2118; x_wconf 90' lang='lat' dir='ltr'><strong>pavor</strong></span> <span class='ocrx_word' id='word_1_145' title='bbox 1385 2047 1582 2103; x_wconf 89' lang='lat' dir='ltr'><strong>mentis</strong></span> <span class='ocrx_word' id='word_1_146' title='bbox 1622 2057 1676 2103; x_wconf 89' lang='lat' dir='ltr'><strong>et</strong></span> <span class='ocrx_word' id='word_1_147' title='bbox 1703 2047 1858 2103; x_wconf 88' lang='lat' dir='ltr'><strong>fovea</strong></span> 
     </span>
    </p>
   </div>
   <div class='ocr_carea' id='block_1_20' title="bbox 268 2137 1857 2209">
    <p class='ocr_par' dir='ltr' id='par_1_20' title="bbox 268 2137 1857 2209">
     <span class='ocr_line' id='line_1_20' title="bbox 268 2137 1857 2209; baseline 0.001 -18"><span class='ocrx_word' id='word_1_148' title='bbox 268 2137 620 2207; x_wconf 84' lang='lat' dir='ltr'><strong>deeeptionis,</strong></span> <span class='ocrx_word' id='word_1_149' title='bbox 651 2147 705 2193; x_wconf 90' lang='lat' dir='ltr'><strong>et</strong></span> <span class='ocrx_word' id='word_1_150' title='bbox 728 2139 951 2209; x_wconf 80' lang='lat' dir='ltr'><strong>laqueus</strong></span> <span class='ocrx_word' id='word_1_151' title='bbox 996 2138 1328 2209; x_wconf 79' lang='lat' dir='ltr'><strong>captivitatis</strong></span> <span class='ocrx_word' id='word_1_152' title='bbox 1354 2153 1476 2193; x_wconf 89' lang='lat' dir='ltr'><strong>eum</strong></span> <span class='ocrx_word' id='word_1_153' title='bbox 1505 2139 1857 2208; x_wconf 84' lang='lat' dir='ltr'><strong>comprehen-</strong></span> 
     </span>
    </p>
   </div>
   <div class='ocr_carea' id='block_1_21' title="bbox 265 2220 1858 2300">
    <p class='ocr_par' dir='ltr' id='par_1_21' title="bbox 265 2220 1858 2300">
     <span class='ocr_line' id='line_1_21' title="bbox 265 2220 1858 2300; baseline 0.001 -19"><span class='ocrx_word' id='word_1_154' title='bbox 265 2227 364 2282; x_wconf 89' lang='lat' dir='ltr'><strong>dit.</strong></span> <span class='ocrx_word' id='word_1_155' title='bbox 424 2227 622 2299; x_wconf 80' lang='lat' dir='ltr'><strong>Sicque</strong></span> <span class='ocrx_word' id='word_1_156' title='bbox 671 2229 877 2284; x_wconf 86' lang='lat' dir='ltr'><strong>factum</strong></span> <span class='ocrx_word' id='word_1_157' title='bbox 924 2237 1027 2294; x_wconf 89' lang='lat' dir='ltr'><strong>est,</strong></span> <span class='ocrx_word' id='word_1_158' title='bbox 1077 2237 1136 2283; x_wconf 90' lang='lat' dir='ltr'><strong>ut</strong></span> <span class='ocrx_word' id='word_1_159' title='bbox 1187 2245 1311 2283; x_wconf 91' lang='lat' dir='ltr'><strong>cum</strong></span> <span class='ocrx_word' id='word_1_160' title='bbox 1367 2227 1602 2300; x_wconf 74' lang='lat' dir='ltr'><strong>effugere</strong></span> <span class='ocrx_word' id='word_1_161' title='bbox 1640 2220 1858 2299; x_wconf 78' lang='lat' dir='ltr'><strong>pararet</strong></span> 
     </span>
    </p>
   </div>
   <div class='ocr_carea' id='block_1_22' title="bbox 266 2318 1851 2390">
    <p class='ocr_par' dir='ltr' id='par_1_22' title="bbox 266 2318 1851 2390">
     <span class='ocr_line' id='line_1_22' title="bbox 266 2318 1851 2390; baseline 0 -18"><span class='ocrx_word' id='word_1_162' title='bbox 266 2318 334 2372; x_wconf 91' lang='lat' dir='ltr'><strong>ab</strong></span> <span class='ocrx_word' id='word_1_163' title='bbox 359 2320 603 2389; x_wconf 79' lang='lat' dir='ltr'><strong>angustia</strong></span> <span class='ocrx_word' id='word_1_164' title='bbox 634 2319 869 2390; x_wconf 82' lang='lat' dir='ltr'><strong>pavoris,</strong></span> <span class='ocrx_word' id='word_1_165' title='bbox 897 2321 1116 2375; x_wconf 89' lang='lat' dir='ltr'><strong>caderet</strong></span> <span class='ocrx_word' id='word_1_166' title='bbox 1165 2320 1218 2373; x_wconf 92' lang='lat' dir='ltr'><strong>in</strong></span> <span class='ocrx_word' id='word_1_167' title='bbox 1246 2319 1454 2374; x_wconf 83' lang='lat' dir='ltr'><strong>foveam</strong></span> <span class='ocrx_word' id='word_1_168' title='bbox 1501 2318 1851 2384; x_wconf 88' lang='lat' dir='ltr'><strong>obsessionis,</strong></span> 
     </span>
    </p>
   </div>
   <div class='ocr_carea' id='block_1_23' title="bbox 263 2407 1854 2480">
    <p class='ocr_par' dir='ltr' id='par_1_23' title="bbox 263 2407 1854 2480">
     <span class='ocr_line' id='line_1_23' title="bbox 263 2407 1854 2480; baseline -0.004 -10"><span class='ocrx_word' id='word_1_169' title='bbox 263 2415 320 2470; x_wconf 79' lang='lat' dir='ltr'><strong>et</strong></span> <span class='ocrx_word' id='word_1_170' title='bbox 351 2411 475 2467; x_wconf 89' lang='lat' dir='ltr'><strong>inde</strong></span> <span class='ocrx_word' id='word_1_171' title='bbox 504 2411 737 2467; x_wconf 85' lang='lat' dir='ltr'><strong>evadere</strong></span> <span class='ocrx_word' id='word_1_172' title='bbox 765 2420 1000 2477; x_wconf 90' lang='lat' dir='ltr'><strong>tentans,</strong></span> <span class='ocrx_word' id='word_1_173' title='bbox 1035 2417 1322 2480; x_wconf 88' lang='lat' dir='ltr'><strong>caperetur</strong></span> <span class='ocrx_word' id='word_1_174' title='bbox 1373 2411 1442 2464; x_wconf 91' lang='lat' dir='ltr'><strong>ab</strong></span> <span class='ocrx_word' id='word_1_175' title='bbox 1494 2407 1738 2466; x_wconf 84' lang='lat' dir='ltr'><strong>hostibus</strong></span> <span class='ocrx_word' id='word_1_176' title='bbox 1778 2409 1854 2463; x_wconf 90' lang='lat' dir='ltr'><strong>ia-</strong></span> 
     </span>
    </p>
   </div>
   <div class='ocr_carea' id='block_1_24' title="bbox 265 2503 1855 2577">
    <p class='ocr_par' dir='ltr' id='par_1_24' title="bbox 265 2503 1855 2577">
     <span class='ocr_line' id='line_1_24' title="bbox 265 2503 1855 2577; baseline -0.003 -16"><span class='ocrx_word' id='word_1_177' title='bbox 265 2515 405 2575; x_wconf 90' lang='lat' dir='ltr'><strong>queo</strong></span> <span class='ocrx_word' id='word_1_178' title='bbox 430 2507 779 2577; x_wconf 87' lang='lat' dir='ltr'><strong>captivitatis.</strong></span> <span class='ocrx_word' id='word_1_179' title='bbox 816 2506 881 2560; x_wconf 89' lang='lat' dir='ltr'><strong>Et</strong></span> <span class='ocrx_word' id='word_1_180' title='bbox 903 2521 1072 2577; x_wconf 86' lang='lat' dir='ltr'><strong>quare</strong></span> <span class='ocrx_word' id='word_1_181' title='bbox 1099 2505 1202 2560; x_wconf 91' lang='lat' dir='ltr'><strong>hoc</strong></span> <span class='ocrx_word' id='word_1_182' title='bbox 1233 2503 1334 2559; x_wconf 91' lang='lat' dir='ltr'><strong>sibi</strong></span> <span class='ocrx_word' id='word_1_183' title='bbox 1365 2504 1602 2558; x_wconf 88' lang='lat' dir='ltr'><strong>evenerit</strong></span> <span class='ocrx_word' id='word_1_184' title='bbox 1633 2503 1855 2574; x_wconf 91' lang='lat' dir='ltr'><strong>subjun-</strong></span> 
     </span>
    </p>
   </div>
   <div class='ocr_carea' id='block_1_25' title="bbox 265 2595 1854 2668">
    <p class='ocr_par' dir='ltr' id='par_1_25' title="bbox 265 2595 1854 2668">
     <span class='ocr_line' id='line_1_25' title="bbox 265 2595 1854 2668; baseline 0 -18"><span class='ocrx_word' id='word_1_185' title='bbox 265 2597 442 2668; x_wconf 84' lang='lat' dir='ltr'><strong>gendo</strong></span> <span class='ocrx_word' id='word_1_186' title='bbox 471 2596 751 2667; x_wconf 88' lang='lat' dir='ltr'><strong>Scriptura</strong></span> <span class='ocrx_word' id='word_1_187' title='bbox 798 2597 1034 2652; x_wconf 90' lang='lat' dir='ltr'><strong>ostendit</strong></span> <span class='ocrx_word' id='word_1_188' title='bbox 1073 2615 1085 2649; x_wconf 91' lang='lat'><strong>:</strong></span> <span class='ocrx_word' id='word_1_189' title='bbox 1120 2596 1247 2665; x_wconf 87' lang='lat' dir='ltr'><strong>quia</strong></span> <span class='ocrx_word' id='word_1_190' title='bbox 1297 2595 1552 2649; x_wconf 91' lang='lat' dir='ltr'><strong>nimirum</strong></span> <span class='ocrx_word' id='word_1_191' title='bbox 1595 2595 1854 2650; x_wconf 88' lang='lat' dir='ltr'><strong>Dominus</strong></span> 
     </span>
    </p>
   </div>
   <div class='ocr_carea' id='block_1_26' title="bbox 267 2687 1855 2759">
    <p class='ocr_par' dir='ltr' id='par_1_26' title="bbox 267 2687 1855 2759">
     <span class='ocr_line' id='line_1_26' title="bbox 267 2687 1855 2759; baseline 0.001 -18"><span class='ocrx_word' id='word_1_192' title='bbox 267 2688 488 2742; x_wconf 80' lang='lat' dir='ltr'><strong>adduxit</strong></span> <span class='ocrx_word' id='word_1_193' title='bbox 517 2705 669 2759; x_wconf 77' lang='lat' dir='ltr'><strong>super</strong></span> <span class='ocrx_word' id='word_1_194' title='bbox 709 2687 862 2744; x_wconf 81' lang='lat' dir='ltr'><strong>Moab</strong></span> <span class='ocrx_word' id='word_1_195' title='bbox 887 2704 1086 2743; x_wconf 90' lang='lat' dir='ltr'><strong>annum</strong></span> <span class='ocrx_word' id='word_1_196' title='bbox 1137 2688 1467 2743; x_wconf 90' lang='lat' dir='ltr'><strong>visitationis</strong></span> <span class='ocrx_word' id='word_1_197' title='bbox 1513 2701 1721 2755; x_wconf 90' lang='lat' dir='ltr'><strong>eorum,</strong></span> <span class='ocrx_word' id='word_1_198' title='bbox 1751 2689 1855 2744; x_wconf 91' lang='lat' dir='ltr'><strong>hoc</strong></span> 
     </span>
    </p>
   </div>
   <div class='ocr_carea' id='block_1_27' title="bbox 265 2778 1854 2848">
    <p class='ocr_par' dir='ltr' id='par_1_27' title="bbox 265 2778 1854 2848">
     <span class='ocr_line' id='line_1_27' title="bbox 265 2778 1854 2848; baseline 0.002 -15"><span class='ocrx_word' id='word_1_199' title='bbox 265 2778 549 2848; x_wconf 80' lang='lat' dir='ltr'><strong>est,just:e</strong></span> <span class='ocrx_word' id='word_1_200' title='bbox 583 2781 980 2845; x_wconf 86' lang='lat' dir='ltr'><strong>retributionis,</strong></span> <span class='ocrx_word' id='word_1_201' title='bbox 1009 2789 1069 2835; x_wconf 90' lang='lat' dir='ltr'><strong>ut</strong></span> <span class='ocrx_word' id='word_1_202' title='bbox 1111 2782 1327 2834; x_wconf 87' lang='lat' dir='ltr'><strong>tandem</strong></span> <span class='ocrx_word' id='word_1_203' title='bbox 1357 2793 1457 2848; x_wconf 89' lang='lat' dir='ltr'><strong>per</strong></span> <span class='ocrx_word' id='word_1_204' title='bbox 1491 2779 1854 2836; x_wconf 88' lang='lat' dir='ltr'><strong>calamitatem</strong></span> 
     </span>
    </p>
   </div>
   <div class='ocr_carea' id='block_1_28' title="bbox 267 2870 1854 2944">
    <p class='ocr_par' dir='ltr' id='par_1_28' title="bbox 267 2870 1854 2944">
     <span class='ocr_line' id='line_1_28' title="bbox 267 2870 1854 2944; baseline -0.001 -17"><span class='ocrx_word' id='word_1_205' title='bbox 267 2872 551 2940; x_wconf 88' lang='lat' dir='ltr'><strong>sentirent,</strong></span> <span class='ocrx_word' id='word_1_206' title='bbox 583 2871 728 2944; x_wconf 88' lang='lat' dir='ltr'><strong>quod</strong></span> <span class='ocrx_word' id='word_1_207' title='bbox 757 2873 811 2927; x_wconf 92' lang='lat' dir='ltr'><strong>in</strong></span> <span class='ocrx_word' id='word_1_208' title='bbox 848 2871 1207 2942; x_wconf 87' lang='lat' dir='ltr'><strong>prosperitate</strong></span> <span class='ocrx_word' id='word_1_209' title='bbox 1247 2871 1409 2941; x_wconf 90' lang='lat' dir='ltr'><strong>positi</strong></span> <span class='ocrx_word' id='word_1_210' title='bbox 1438 2870 1733 2942; x_wconf 84' lang='lat' dir='ltr'><strong>intelligere</strong></span> <span class='ocrx_word' id='word_1_211' title='bbox 1760 2887 1854 2926; x_wconf 90' lang='lat' dir='ltr'><strong>no-</strong></span> 
     </span>
    </p>
   </div>
   <div class='ocr_carea' id='block_1_29' title="bbox 265 2963 504 3020">
    <p class='ocr_par' dir='ltr' id='par_1_29' title="bbox 265 2963 504 3020">
     <span class='ocr_line' id='line_1_29' title="bbox 265 2963 504 3020; baseline 0.013 -4"><span class='ocrx_word' id='word_1_212' title='bbox 265 2963 504 3020; x_wconf 88' lang='lat' dir='ltr'><strong>luerunt.</strong></span> 
     </span>
    </p>
   </div>
   <div class='ocr_carea' id='block_1_30' title="bbox 288 3052 1848 3126">
    <p class='ocr_par' dir='ltr' id='par_1_30' title="bbox 288 3052 1848 3126">
     <span class='ocr_line' id='line_1_30' title="bbox 288 3052 1848 3126; baseline 0.003 -21"><span class='ocrx_word' id='word_1_213' title='bbox 288 3121 292 3125; x_wconf 22' lang='lat'><strong><em>.</em></strong></span> <span class='ocrx_word' id='word_1_214' title='bbox 341 3072 359 3104; x_wconf 77' lang='grc' dir='ltr'>ι</span> <span class='ocrx_word' id='word_1_215' title='bbox 404 3053 460 3107; x_wconf 92' lang='lat' dir='ltr'><strong>in</strong></span> <span class='ocrx_word' id='word_1_216' title='bbox 490 3053 681 3109; x_wconf 89' lang='lat' dir='ltr'><strong>umbra</strong></span> <span class='ocrx_word' id='word_1_217' title='bbox 708 3052 917 3111; x_wconf 85' lang='lat' dir='ltr'><strong>Esebon</strong></span> <span class='ocrx_word' id='word_1_218' title='bbox 951 3061 1218 3110; x_wconf 89' lang='lat' dir='ltr'><strong>steterunt</strong></span> <span class='ocrx_word' id='word_1_219' title='bbox 1249 3055 1314 3110; x_wconf 91' lang='lat' dir='ltr'><strong>dc</strong></span> <span class='ocrx_word' id='word_1_220' title='bbox 1352 3054 1542 3126; x_wconf 88' lang='lat' dir='ltr'><strong>laqueo</strong></span> <span class='ocrx_word' id='word_1_221' title='bbox 1565 3052 1848 3126; x_wconf 79' lang='lat' dir='ltr'><strong>fugientes,</strong></span> 
     </span>
    </p>
   </div>
   <div class='ocr_carea' id='block_1_31' title="bbox 269 3144 1855 3216">
    <p class='ocr_par' dir='ltr' id='par_1_31' title="bbox 269 3144 1855 3216">
     <span class='ocr_line' id='line_1_31' title="bbox 269 3144 1855 3216; baseline 0.003 -20"><span class='ocrx_word' id='word_1_222' title='bbox 269 3163 289 3196; x_wconf 75' lang='grc' dir='ltr'><strong><em>ι</em></strong></span> <span class='ocrx_word' id='word_1_223' title='bbox 325 3145 449 3214; x_wconf 91' lang='lat' dir='ltr'><strong>quia</strong></span> <span class='ocrx_word' id='word_1_224' title='bbox 481 3144 620 3216; x_wconf 86' lang='lat' dir='ltr'><strong>ignis</strong></span> <span class='ocrx_word' id='word_1_225' title='bbox 666 3161 917 3216; x_wconf 85' lang='lat' dir='ltr'><strong>egressus</strong></span> <span class='ocrx_word' id='word_1_226' title='bbox 947 3156 1032 3201; x_wconf 90' lang='lat' dir='ltr'><strong>est</strong></span> <span class='ocrx_word' id='word_1_227' title='bbox 1084 3147 1151 3201; x_wconf 91' lang='lat' dir='ltr'><strong>de</strong></span> <span class='ocrx_word' id='word_1_228' title='bbox 1188 3147 1420 3211; x_wconf 89' lang='lat' dir='ltr'><strong>Esebon,</strong></span> <span class='ocrx_word' id='word_1_229' title='bbox 1463 3154 1519 3202; x_wconf 88' lang='lat' dir='ltr'><strong>et</strong></span> <span class='ocrx_word' id='word_1_230' title='bbox 1546 3145 1758 3202; x_wconf 88' lang='lat' dir='ltr'><strong>flamma</strong></span> <span class='ocrx_word' id='word_1_231' title='bbox 1789 3148 1855 3201; x_wconf 92' lang='lat' dir='ltr'><strong>de</strong></span> 
     </span>
    </p>
   </div>
   <div class='ocr_carea' id='block_1_32' title="bbox 1164 347 2632 410">
    <p class='ocr_par' dir='ltr' id='par_1_32' title="bbox 1164 347 2632 410">
     <span class='ocr_line' id='line_1_32' title="bbox 1164 347 2632 410; baseline 0.003 -5"><span class='ocrx_word' id='word_1_232' title='bbox 1164 347 1524 407; x_wconf 83' lang='lat' dir='ltr'><strong>EXPOSlTlO</strong></span> <span class='ocrx_word' id='word_1_233' title='bbox 1564 348 1789 407; x_wconf 77' lang='lat' dir='ltr'><strong>SUPER</strong></span> <span class='ocrx_word' id='word_1_234' title='bbox 1825 347 2190 408; x_wconf 79' lang='lat' dir='ltr'><strong>JEREMIAM.</strong></span> <span class='ocrx_word' id='word_1_235' title='bbox 2231 382 2300 395; x_wconf 90' lang='lat'><strong>—-</strong></span> <span class='ocrx_word' id='word_1_236' title='bbox 2340 351 2467 408; x_wconf 87' lang='lat' dir='ltr'><strong>LIB.</strong></span> <span class='ocrx_word' id='word_1_237' title='bbox 2514 350 2632 410; x_wconf 82' lang='lat' dir='ltr'><strong>XV.</strong></span> 
     </span>
    </p>
   </div>
   <div class='ocr_carea' id='block_1_33' title="bbox 3408 347 3546 419">
    <p class='ocr_par' dir='ltr' id='par_1_33' title="bbox 3408 347 3546 419">
     <span class='ocr_line' id='line_1_33' title="bbox 3408 347 3546 419; baseline 0.007 -1"><span class='ocrx_word' id='word_1_238' title='bbox 3408 347 3546 419; x_wconf 72' lang='lat' dir='ltr'><strong>nec</strong></span> 
     </span>
    </p>
   </div>
   <div class='ocr_carea' id='block_1_34' title="bbox 2516 465 2954 527">
    <p class='ocr_par' dir='ltr' id='par_1_34' title="bbox 2516 465 2954 527">
     <span class='ocr_line' id='line_1_34' title="bbox 2516 465 2954 527; baseline 0.009 -4"><span class='ocrx_word' id='word_1_239' title='bbox 2516 465 2742 525; x_wconf 86' lang='lat' dir='ltr'><strong>CAPUT</strong></span> <span class='ocrx_word' id='word_1_240' title='bbox 2772 467 2954 527; x_wconf 76' lang='lat' dir='ltr'><strong>XLIX.</strong></span> 
     </span>
    </p>
   </div>
   <div class='ocr_carea' id='block_1_35' title="bbox 1960 554 3544 628">
    <p class='ocr_par' dir='ltr' id='par_1_35' title="bbox 1960 554 3544 628">
     <span class='ocr_line' id='line_1_35' title="bbox 1960 554 3544 628; baseline 0.012 -19"><span class='ocrx_word' id='word_1_241' title='bbox 1960 554 2141 611; x_wconf 77' lang='lat' dir='ltr'><strong>Sermo</strong></span> <span class='ocrx_word' id='word_1_242' title='bbox 2171 557 2386 614; x_wconf 75' lang='lat' dir='ltr'><strong>Domini</strong></span> <span class='ocrx_word' id='word_1_243' title='bbox 2419 569 2600 614; x_wconf 79' lang='lat' dir='ltr'><strong>contra</strong></span> <span class='ocrx_word' id='word_1_244' title='bbox 2627 562 2873 628; x_wconf 82' lang='lat' dir='ltr'><strong>Ammon,</strong></span> <span class='ocrx_word' id='word_1_245' title='bbox 2897 573 2944 618; x_wconf 79' lang='lat' dir='ltr'><strong>et</strong></span> <span class='ocrx_word' id='word_1_246' title='bbox 2976 575 3160 621; x_wconf 75' lang='lat' dir='ltr'><strong>contra</strong></span> <span class='ocrx_word' id='word_1_247' title='bbox 3210 567 3544 627; x_wconf 73' lang='lat' dir='ltr'><strong>ldumwam.‘</strong></span> 
     </span>
    </p>
   </div>
   <div class='ocr_carea' id='block_1_36' title="bbox 2328 629 3176 699">
    <p class='ocr_par' dir='ltr' id='par_1_36' title="bbox 2328 629 3176 699">
     <span class='ocr_line' id='line_1_36' title="bbox 2328 629 3176 699; baseline 0.009 -15"><span class='ocrx_word' id='word_1_248' title='bbox 2328 642 2510 685; x_wconf 84' lang='lat' dir='ltr'><strong>contra</strong></span> <span class='ocrx_word' id='word_1_249' title='bbox 2541 629 2733 699; x_wconf 75' lang='lat' dir='ltr'><strong>Cedar,</strong></span> <span class='ocrx_word' id='word_1_250' title='bbox 2765 633 2902 688; x_wconf 75' lang='lat' dir='ltr'><strong>Asor</strong></span> <span class='ocrx_word' id='word_1_251' title='bbox 2926 647 2974 690; x_wconf 84' lang='lat' dir='ltr'><strong>et</strong></span> <span class='ocrx_word' id='word_1_252' title='bbox 3002 636 3176 693; x_wconf 66' lang='lat' dir='ltr'><strong>Ellam.</strong></span> 
     </span>
    </p>
   </div>
   <div class='ocr_carea' id='block_1_37' title="bbox 2037 741 3546 827">
    <p class='ocr_par' dir='ltr' id='par_1_37' title="bbox 2037 741 3546 827">
     <span class='ocr_line' id='line_1_37' title="bbox 2037 741 3546 827; baseline 0.013 -34"><span class='ocrx_word' id='word_1_253' title='bbox 2037 762 2056 793; x_wconf 73' lang='grc' dir='ltr'><strong>ε</strong></span> <span class='ocrx_word' id='word_1_254' title='bbox 2099 741 2226 798; x_wconf 67' lang='lat' dir='ltr'><strong>Haec</strong></span> <span class='ocrx_word' id='word_1_255' title='bbox 2253 745 2381 800; x_wconf 90' lang='lat' dir='ltr'><strong>dicit</strong></span> <span class='ocrx_word' id='word_1_256' title='bbox 2418 746 2679 803; x_wconf 86' lang='lat' dir='ltr'><strong>Dominus</strong></span> <span class='ocrx_word' id='word_1_257' title='bbox 2714 749 2780 802; x_wconf 89' lang='lat' dir='ltr'><strong>ad</strong></span> <span class='ocrx_word' id='word_1_258' title='bbox 2819 749 2960 805; x_wconf 90' lang='lat' dir='ltr'><strong>ﬁlios</strong></span> <span class='ocrx_word' id='word_1_259' title='bbox 2990 751 3220 807; x_wconf 82' lang='lat' dir='ltr'><strong>Ammon</strong></span> <span class='ocrx_word' id='word_1_260' title='bbox 3251 769 3264 807; x_wconf 74' lang='grc' dir='ltr'><em>ε</em></span> <span class='ocrx_word' id='word_1_261' title='bbox 3295 753 3546 827; x_wconf 80' lang='lat' dir='ltr'><strong>Nunquid</strong></span> 
     </span>
    </p>
   </div>
   <div class='ocr_carea' id='block_1_38' title="bbox 1968 835 3545 903">
    <p class='ocr_par' dir='ltr' id='par_1_38' title="bbox 1968 835 3545 903">
     <span class='ocr_line' id='line_1_38' title="bbox 1968 835 3545 903; baseline 0.01 -16"><span class='ocrx_word' id='word_1_262' title='bbox 1968 854 1985 887; x_wconf 75' lang='grc' dir='ltr'>ι</span> <span class='ocrx_word' id='word_1_263' title='bbox 2027 835 2118 889; x_wconf 86' lang='lat' dir='ltr'><strong>ﬁlii</strong></span> <span class='ocrx_word' id='word_1_264' title='bbox 2176 851 2284 892; x_wconf 88' lang='lat' dir='ltr'><strong>non</strong></span> <span class='ocrx_word' id='word_1_265' title='bbox 2336 845 2460 892; x_wconf 89' lang='lat' dir='ltr'><strong>sunt</strong></span> <span class='ocrx_word' id='word_1_266' title='bbox 2487 837 2695 894; x_wconf 84' lang='lat' dir='ltr'><strong>lsrael?</strong></span> <span class='ocrx_word' id='word_1_267' title='bbox 2727 848 2818 894; x_wconf 89' lang='lat' dir='ltr'><strong>aut</strong></span> <span class='ocrx_word' id='word_1_268' title='bbox 2848 842 3022 897; x_wconf 67' lang='lat' dir='ltr'><strong>hzeres</strong></span> <span class='ocrx_word' id='word_1_269' title='bbox 3065 859 3172 898; x_wconf 91' lang='lat' dir='ltr'><strong>non</strong></span> <span class='ocrx_word' id='word_1_270' title='bbox 3199 853 3283 900; x_wconf 82' lang='lat' dir='ltr'><strong>est</strong></span> <span class='ocrx_word' id='word_1_271' title='bbox 3305 847 3400 901; x_wconf 86' lang='lat' dir='ltr'><strong>ei?</strong></span> <span class='ocrx_word' id='word_1_272' title='bbox 3434 847 3545 903; x_wconf 81' lang='lat' dir='ltr'><strong>Cur</strong></span> 
     </span>
    </p>
   </div>
   <div class='ocr_carea' id='block_1_39' title="bbox 1969 929 3547 1012">
    <p class='ocr_par' dir='ltr' id='par_1_39' title="bbox 1969 929 3547 1012">
     <span class='ocr_line' id='line_1_39' title="bbox 1969 929 3547 1012; baseline 0.01 -32"><span class='ocrx_word' id='word_1_273' title='bbox 1969 945 1988 980; x_wconf 76' lang='grc' dir='ltr'>σ</span> <span class='ocrx_word' id='word_1_274' title='bbox 2021 929 2184 999; x_wconf 88' lang='lat' dir='ltr'><strong>igitur</strong></span> <span class='ocrx_word' id='word_1_275' title='bbox 2213 931 2528 986; x_wconf 62' lang='lat' dir='ltr'><strong>hiereditate</strong></span> <span class='ocrx_word' id='word_1_276' title='bbox 2567 933 2808 1001; x_wconf 83' lang='lat' dir='ltr'><strong>possedit</strong></span> <span class='ocrx_word' id='word_1_277' title='bbox 2852 933 3103 992; x_wconf 81' lang='lat' dir='ltr'><strong>Melchon</strong></span> <span class='ocrx_word' id='word_1_278' title='bbox 3125 937 3260 1005; x_wconf 83' lang='lat' dir='ltr'><strong>Gad,</strong></span> <span class='ocrx_word' id='word_1_279' title='bbox 3288 948 3344 994; x_wconf 88' lang='lat' dir='ltr'><strong>et</strong></span> <span class='ocrx_word' id='word_1_280' title='bbox 3381 955 3547 1012; x_wconf 84' lang='lat' dir='ltr'><strong>popu-</strong></span> 
     </span>
    </p>
   </div>
   <div class='ocr_carea' id='block_1_40' title="bbox 1970 1019 3550 1090">
    <p class='ocr_par' dir='ltr' id='par_1_40' title="bbox 1970 1019 3550 1090">
     <span class='ocr_line' id='line_1_40' title="bbox 1970 1019 3550 1090; baseline 0.009 -18"><span class='ocrx_word' id='word_1_281' title='bbox 1970 1037 1990 1072; x_wconf 72' lang='lat' dir='ltr'><strong>t</strong></span> <span class='ocrx_word' id='word_1_282' title='bbox 2025 1020 2110 1074; x_wconf 90' lang='lat' dir='ltr'><strong>ius</strong></span> <span class='ocrx_word' id='word_1_283' title='bbox 2137 1019 2254 1088; x_wconf 86' lang='lat' dir='ltr'><strong>ejus</strong></span> <span class='ocrx_word' id='word_1_284' title='bbox 2284 1021 2338 1074; x_wconf 90' lang='lat' dir='ltr'><strong>in</strong></span> <span class='ocrx_word' id='word_1_285' title='bbox 2380 1021 2606 1076; x_wconf 86' lang='lat' dir='ltr'><strong>urbibus</strong></span> <span class='ocrx_word' id='word_1_286' title='bbox 2653 1021 2769 1090; x_wconf 85' lang='lat' dir='ltr'><strong>ejus</strong></span> <span class='ocrx_word' id='word_1_287' title='bbox 2793 1021 3056 1079; x_wconf 78' lang='lat' dir='ltr'><strong>habitavit</strong></span> <span class='ocrx_word' id='word_1_288' title='bbox 3074 1027 3105 1079; x_wconf 64' lang='grc' dir='ltr'><em>ἲ</em></span> <span class='ocrx_word' id='word_1_289' title='bbox 3133 1025 3259 1081; x_wconf 82' lang='lat' dir='ltr'><strong>ideo</strong></span> <span class='ocrx_word' id='word_1_290' title='bbox 3284 1035 3411 1083; x_wconf 84' lang='lat' dir='ltr'><strong>cecc</strong></span> <span class='ocrx_word' id='word_1_291' title='bbox 3431 1031 3550 1087; x_wconf 88' lang='lat' dir='ltr'><strong>dies</strong></span> 
     </span>
    </p>
   </div>
   <div class='ocr_carea' id='block_1_41' title="bbox 1969 1112 3548 1180">
    <p class='ocr_par' dir='ltr' id='par_1_41' title="bbox 1969 1112 3548 1180">
     <span class='ocr_line' id='line_1_41' title="bbox 1969 1112 3548 1180; baseline 0.009 -18"><span class='ocrx_word' id='word_1_292' title='bbox 1969 1127 1989 1162; x_wconf 70' lang='grc' dir='ltr'><strong><em>ε</em></strong></span> <span class='ocrx_word' id='word_1_293' title='bbox 2021 1112 2246 1166; x_wconf 81' lang='lat' dir='ltr'><strong>veniunt</strong></span> <span class='ocrx_word' id='word_1_294' title='bbox 2282 1113 2335 1167; x_wconf 91' lang='lat' dir='ltr'><strong>in</strong></span> <span class='ocrx_word' id='word_1_295' title='bbox 2375 1120 2448 1178; x_wconf 89' lang='lat' dir='ltr'><strong>te,</strong></span> <span class='ocrx_word' id='word_1_296' title='bbox 2493 1113 2623 1168; x_wconf 89' lang='lat' dir='ltr'><strong>dicit</strong></span> <span class='ocrx_word' id='word_1_297' title='bbox 2658 1114 2938 1180; x_wconf 78' lang='lat' dir='ltr'><strong>Dominus,</strong></span> <span class='ocrx_word' id='word_1_298' title='bbox 2972 1123 3026 1169; x_wconf 85' lang='lat' dir='ltr'><strong>et</strong></span> <span class='ocrx_word' id='word_1_299' title='bbox 3062 1116 3304 1172; x_wconf 76' lang='lat' dir='ltr'><strong>auditum</strong></span> <span class='ocrx_word' id='word_1_300' title='bbox 3351 1119 3548 1176; x_wconf 79' lang='lat' dir='ltr'><strong>faciam</strong></span> 
     </span>
    </p>
   </div>
   <div class='ocr_carea' id='block_1_42' title="bbox 1971 1204 3548 1282">
    <p class='ocr_par' dir='ltr' id='par_1_42' title="bbox 1971 1204 3548 1282">
     <span class='ocr_line' id='line_1_42' title="bbox 1971 1204 3548 1282; baseline 0.008 -27"><span class='ocrx_word' id='word_1_301' title='bbox 1971 1221 1989 1255; x_wconf 71' lang='grc' dir='ltr'>ι</span> <span class='ocrx_word' id='word_1_302' title='bbox 2028 1218 2191 1274; x_wconf 87' lang='lat' dir='ltr'><strong>super</strong></span> <span class='ocrx_word' id='word_1_303' title='bbox 2223 1204 2490 1270; x_wconf 79' lang='lat' dir='ltr'><strong>Rabbath,</strong></span> <span class='ocrx_word' id='word_1_304' title='bbox 2525 1205 2758 1259; x_wconf 89' lang='lat' dir='ltr'><strong>ﬁliorum</strong></span> <span class='ocrx_word' id='word_1_305' title='bbox 2783 1205 3014 1262; x_wconf 85' lang='lat' dir='ltr'><strong>Ammon</strong></span> <span class='ocrx_word' id='word_1_306' title='bbox 3051 1209 3324 1265; x_wconf 79' lang='lat' dir='ltr'><strong>fremitum</strong></span> <span class='ocrx_word' id='word_1_307' title='bbox 3353 1213 3548 1282; x_wconf 73' lang='lat' dir='ltr'><strong>praelii,</strong></span> 
     </span>
    </p>
   </div>
   <div class='ocr_carea' id='block_1_43' title="bbox 1969 1299 3550 1378">
    <p class='ocr_par' dir='ltr' id='par_1_43' title="bbox 1969 1299 3550 1378">
     <span class='ocr_line' id='line_1_43' title="bbox 1969 1299 3550 1378; baseline 0.008 -29"><span class='ocrx_word' id='word_1_308' title='bbox 1969 1317 1986 1349; x_wconf 69' lang='grc' dir='ltr'><strong>ε</strong></span> <span class='ocrx_word' id='word_1_309' title='bbox 2022 1307 2074 1353; x_wconf 91' lang='lat' dir='ltr'><strong>et</strong></span> <span class='ocrx_word' id='word_1_310' title='bbox 2103 1299 2208 1352; x_wconf 85' lang='lat' dir='ltr'><strong>erit</strong></span> <span class='ocrx_word' id='word_1_311' title='bbox 2244 1299 2298 1353; x_wconf 87' lang='lat' dir='ltr'><strong>in</strong></span> <span class='ocrx_word' id='word_1_312' title='bbox 2331 1299 2617 1354; x_wconf 86' lang='lat' dir='ltr'><strong>tumultum</strong></span> <span class='ocrx_word' id='word_1_313' title='bbox 2676 1301 2935 1370; x_wconf 85' lang='lat' dir='ltr'><strong>dissipata</strong></span> <span class='ocrx_word' id='word_1_314' title='bbox 2968 1319 2979 1355; x_wconf 96' lang='lat'>:</span> <span class='ocrx_word' id='word_1_315' title='bbox 3015 1301 3246 1373; x_wconf 79' lang='lat' dir='ltr'><strong>ﬁliaeque</strong></span> <span class='ocrx_word' id='word_1_316' title='bbox 3279 1303 3394 1372; x_wconf 63' lang='lat' dir='ltr'><strong>ejus</strong></span> <span class='ocrx_word' id='word_1_317' title='bbox 3428 1308 3550 1378; x_wconf 84' lang='lat' dir='ltr'><strong>igne</strong></span> 
     </span>
    </p>
   </div>
   <div class='ocr_carea' id='block_1_44' title="bbox 1970 1391 3552 1464">
    <p class='ocr_par' dir='ltr' id='par_1_44' title="bbox 1970 1391 3552 1464">
     <span class='ocr_line' id='line_1_44' title="bbox 1970 1391 3552 1464; baseline 0.008 -24"><span class='ocrx_word' id='word_1_318' title='bbox 1970 1407 1988 1440; x_wconf 71' lang='grc' dir='ltr'>ι</span> <span class='ocrx_word' id='word_1_319' title='bbox 2023 1392 2419 1446; x_wconf 87' lang='lat' dir='ltr'><strong>succendentur</strong></span> <span class='ocrx_word' id='word_1_320' title='bbox 2468 1407 2481 1444; x_wconf 88' lang='lat'>:</span> <span class='ocrx_word' id='word_1_321' title='bbox 2527 1398 2582 1446; x_wconf 88' lang='lat' dir='ltr'><strong>et</strong></span> <span class='ocrx_word' id='word_1_322' title='bbox 2635 1391 2933 1462; x_wconf 84' lang='lat' dir='ltr'><strong>possidebit</strong></span> <span class='ocrx_word' id='word_1_323' title='bbox 2987 1391 3153 1448; x_wconf 86' lang='lat' dir='ltr'><strong>israel</strong></span> <span class='ocrx_word' id='word_1_324' title='bbox 3210 1409 3552 1464; x_wconf 85' lang='lat' dir='ltr'><strong>possessores</strong></span> 
     </span>
    </p>
   </div>
   <div class='ocr_carea' id='block_1_45' title="bbox 1969 1482 3553 1557">
    <p class='ocr_par' dir='ltr' id='par_1_45' title="bbox 1969 1482 3553 1557">
     <span class='ocr_line' id='line_1_45' title="bbox 1969 1482 3553 1557; baseline 0.006 -25"><span class='ocrx_word' id='word_1_325' title='bbox 1969 1499 1988 1532; x_wconf 70' lang='grc' dir='ltr'><strong><em>ο</em></strong></span> <span class='ocrx_word' id='word_1_326' title='bbox 2027 1496 2174 1547; x_wconf 85' lang='lat' dir='ltr'><strong>suos,</strong></span> <span class='ocrx_word' id='word_1_327' title='bbox 2208 1482 2337 1537; x_wconf 87' lang='lat' dir='ltr'><strong>dicit</strong></span> <span class='ocrx_word' id='word_1_328' title='bbox 2373 1482 2651 1538; x_wconf 89' lang='lat' dir='ltr'><strong>Dominus.</strong></span> <span class='ocrx_word' id='word_1_329' title='bbox 2689 1503 2708 1535; x_wconf 78' lang='grc' dir='ltr'><strong><em>ι</em></strong></span> <span class='ocrx_word' id='word_1_330' title='bbox 2755 1482 2981 1556; x_wconf 60' lang='lat' dir='ltr'><strong>(Risum)</strong></span> <span class='ocrx_word' id='word_1_331' title='bbox 3031 1485 3160 1539; x_wconf 86' lang='lat' dir='ltr'><strong>Post</strong></span> <span class='ocrx_word' id='word_1_332' title='bbox 3207 1483 3362 1541; x_wconf 87' lang='lat' dir='ltr'><strong>Moab</strong></span> <span class='ocrx_word' id='word_1_333' title='bbox 3391 1486 3553 1557; x_wconf 85' lang='lat' dir='ltr'><strong>igitur</strong></span> 
     </span>
    </p>
   </div>
   <div class='ocr_carea' id='block_1_46' title="bbox 1964 1571 3552 1642">
    <p class='ocr_par' dir='ltr' id='par_1_46' title="bbox 1964 1571 3552 1642">
     <span class='ocr_line' id='line_1_46' title="bbox 1964 1571 3552 1642; baseline 0.006 -19"><span class='ocrx_word' id='word_1_334' title='bbox 1964 1571 2032 1624; x_wconf 86' lang='lat' dir='ltr'><strong>ad</strong></span> <span class='ocrx_word' id='word_1_335' title='bbox 2054 1571 2192 1626; x_wconf 86' lang='lat' dir='ltr'><strong>ﬁlios</strong></span> <span class='ocrx_word' id='word_1_336' title='bbox 2221 1572 2455 1626; x_wconf 76' lang='lat' dir='ltr'><strong>Ammon</strong></span> <span class='ocrx_word' id='word_1_337' title='bbox 2497 1587 2678 1628; x_wconf 85' lang='lat' dir='ltr'><strong>sermo</strong></span> <span class='ocrx_word' id='word_1_338' title='bbox 2733 1572 2950 1631; x_wconf 89' lang='lat' dir='ltr'><strong>divinus</strong></span> <span class='ocrx_word' id='word_1_339' title='bbox 2999 1576 3355 1642; x_wconf 77' lang='lat' dir='ltr'><strong>convertitur,</strong></span> <span class='ocrx_word' id='word_1_340' title='bbox 3387 1585 3443 1631; x_wconf 89' lang='lat' dir='ltr'><strong>et</strong></span> <span class='ocrx_word' id='word_1_341' title='bbox 3473 1578 3552 1632; x_wconf 82' lang='lat' dir='ltr'><strong>in-</strong></span> 
     </span>
    </p>
   </div>
   <div class='ocr_carea' id='block_1_47' title="bbox 1967 1666 3551 1736">
    <p class='ocr_par' dir='ltr' id='par_1_47' title="bbox 1967 1666 3551 1736">
     <span class='ocr_line' id='line_1_47' title="bbox 1967 1666 3551 1736; baseline 0.005 -19"><span class='ocrx_word' id='word_1_342' title='bbox 1967 1673 2154 1735; x_wconf 88' lang='lat' dir='ltr'><strong>crepat</strong></span> <span class='ocrx_word' id='word_1_343' title='bbox 2188 1679 2302 1729; x_wconf 90' lang='lat' dir='ltr'><strong>cos,</strong></span> <span class='ocrx_word' id='word_1_344' title='bbox 2333 1668 2477 1736; x_wconf 90' lang='lat' dir='ltr'><strong>quod</strong></span> <span class='ocrx_word' id='word_1_345' title='bbox 2511 1667 2628 1722; x_wconf 87' lang='lat' dir='ltr'><strong>ausi</strong></span> <span class='ocrx_word' id='word_1_346' title='bbox 2658 1675 2786 1722; x_wconf 88' lang='lat' dir='ltr'><strong>sunt</strong></span> <span class='ocrx_word' id='word_1_347' title='bbox 2841 1676 3042 1723; x_wconf 86' lang='lat' dir='ltr'><strong>terram</strong></span> <span class='ocrx_word' id='word_1_348' title='bbox 3073 1666 3441 1726; x_wconf 88' lang='lat' dir='ltr'><strong>lsraclitarum</strong></span> <span class='ocrx_word' id='word_1_349' title='bbox 3469 1670 3551 1725; x_wconf 90' lang='lat' dir='ltr'><strong>in-</strong></span> 
     </span>
    </p>
   </div>
   <div class='ocr_carea' id='block_1_48' title="bbox 1969 1753 3552 1834">
    <p class='ocr_par' dir='ltr' id='par_1_48' title="bbox 1969 1753 3552 1834">
     <span class='ocr_line' id='line_1_48' title="bbox 1969 1753 3552 1834; baseline 0.006 -25"><span class='ocrx_word' id='word_1_350' title='bbox 1969 1753 2186 1823; x_wconf 84' lang='lat' dir='ltr'><strong>festare,</strong></span> <span class='ocrx_word' id='word_1_351' title='bbox 2214 1766 2267 1814; x_wconf 92' lang='lat' dir='ltr'><strong>et</strong></span> <span class='ocrx_word' id='word_1_352' title='bbox 2296 1759 2670 1814; x_wconf 85' lang='lat' dir='ltr'><strong>haereditatem</strong></span> <span class='ocrx_word' id='word_1_353' title='bbox 2710 1761 2922 1816; x_wconf 91' lang='lat' dir='ltr'><strong>Domini</strong></span> <span class='ocrx_word' id='word_1_354' title='bbox 2973 1761 3226 1818; x_wconf 74' lang='lat' dir='ltr'><strong>invadere</strong></span> <span class='ocrx_word' id='word_1_355' title='bbox 3254 1781 3268 1818; x_wconf 89' lang='lat'><strong>:</strong></span> <span class='ocrx_word' id='word_1_356' title='bbox 3299 1777 3552 1834; x_wconf 76' lang='lat' dir='ltr'><strong>pnennn-</strong></span> 
     </span>
    </p>
   </div>
   <div class='ocr_carea' id='block_1_49' title="bbox 1885 1832 3546 1911">
    <p class='ocr_par' dir='ltr' id='par_1_49' title="bbox 1885 1832 3546 1911">
     <span class='ocr_line' id='line_1_49' title="bbox 1885 1832 3546 1911; baseline 0.005 -11"><span class='ocrx_word' id='word_1_357' title='bbox 1885 1832 1936 1892; x_wconf 85' lang='grc' dir='ltr'><strong>Β</strong></span> <span class='ocrx_word' id='word_1_358' title='bbox 1961 1849 2102 1903; x_wconf 87' lang='lat' dir='ltr'><strong>tians</strong></span> <span class='ocrx_word' id='word_1_359' title='bbox 2145 1850 2223 1904; x_wconf 86' lang='lat' dir='ltr'><strong>eis</strong></span> <span class='ocrx_word' id='word_1_360' title='bbox 2260 1849 2496 1905; x_wconf 88' lang='lat' dir='ltr'><strong>debitam</strong></span> <span class='ocrx_word' id='word_1_361' title='bbox 2528 1851 2788 1907; x_wconf 80' lang='lat' dir='ltr'><strong>ultionem</strong></span> <span class='ocrx_word' id='word_1_362' title='bbox 2818 1851 2944 1908; x_wconf 89' lang='lat' dir='ltr'><strong>inde</strong></span> <span class='ocrx_word' id='word_1_363' title='bbox 2973 1853 3256 1909; x_wconf 80' lang='lat' dir='ltr'><strong>imminere</strong></span> <span class='ocrx_word' id='word_1_364' title='bbox 3300 1832 3355 1909; x_wconf 80' lang='lat' dir='ltr'><strong>et</strong></span> <span class='ocrx_word' id='word_1_365' title='bbox 3380 1855 3546 1911; x_wconf 81' lang='lat' dir='ltr'><strong>lsracl</strong></span> 
     </span>
    </p>
   </div>
   <div class='ocr_carea' id='block_1_50' title="bbox 1959 1949 3017 2015">
    <p class='ocr_par' dir='ltr' id='par_1_50' title="bbox 1959 1949 3017 2015">
     <span class='ocr_line' id='line_1_50' title="bbox 1959 1949 3017 2015; baseline 0.004 -19"><span class='ocrx_word' id='word_1_366' title='bbox 1959 1949 2302 2012; x_wconf 79' lang='lat' dir='ltr'><strong>possessores</strong></span> <span class='ocrx_word' id='word_1_367' title='bbox 2323 1959 2450 1999; x_wconf 79' lang='lat' dir='ltr'><strong>SUOS</strong></span> <span class='ocrx_word' id='word_1_368' title='bbox 2472 1959 2849 2015; x_wconf 85' lang='lat' dir='ltr'><strong>posscssurum</strong></span> <span class='ocrx_word' id='word_1_369' title='bbox 2879 1957 3017 2001; x_wconf 66' lang='lat' dir='ltr'><strong>ESSE.</strong></span> 
     </span>
    </p>
   </div>
   <div class='ocr_carea' id='block_1_51' title="bbox 2036 2034 3548 2107">
    <p class='ocr_par' dir='ltr' id='par_1_51' title="bbox 2036 2034 3548 2107">
     <span class='ocr_line' id='line_1_51' title="bbox 2036 2034 3548 2107; baseline 0.003 -20"><span class='ocrx_word' id='word_1_370' title='bbox 2036 2053 2053 2084; x_wconf 74' lang='grc' dir='ltr'><strong><em>ε</em></strong></span> <span class='ocrx_word' id='word_1_371' title='bbox 2093 2034 2269 2100; x_wconf 85' lang='lat' dir='ltr'><strong>Ulula,</strong></span> <span class='ocrx_word' id='word_1_372' title='bbox 2327 2035 2560 2102; x_wconf 84' lang='lat' dir='ltr'><strong>Escbon,</strong></span> <span class='ocrx_word' id='word_1_373' title='bbox 2616 2038 2870 2107; x_wconf 90' lang='lat' dir='ltr'><strong>quoniam</strong></span> <span class='ocrx_word' id='word_1_374' title='bbox 2906 2047 3116 2093; x_wconf 71' lang='lat' dir='ltr'><strong>Vastata</strong></span> <span class='ocrx_word' id='word_1_375' title='bbox 3150 2045 3234 2094; x_wconf 89' lang='lat' dir='ltr'><strong>est</strong></span> <span class='ocrx_word' id='word_1_376' title='bbox 3262 2036 3399 2092; x_wconf 79' lang='lat' dir='ltr'><strong>llai:</strong></span> <span class='ocrx_word' id='word_1_377' title='bbox 3435 2036 3548 2092; x_wconf 82' lang='lat' dir='ltr'><strong>cia-</strong></span> 
     </span>
    </p>
   </div>
   <div class='ocr_carea' id='block_1_52' title="bbox 1965 2126 3553 2202">
    <p class='ocr_par' dir='ltr' id='par_1_52' title="bbox 1965 2126 3553 2202">
     <span class='ocr_line' id='line_1_52' title="bbox 1965 2126 3553 2202; baseline 0.008 -26"><span class='ocrx_word' id='word_1_378' title='bbox 1965 2139 1984 2176; x_wconf 69' lang='grc' dir='ltr'><strong><em>ε</em></strong></span> <span class='ocrx_word' id='word_1_379' title='bbox 2021 2135 2185 2190; x_wconf 86' lang='lat' dir='ltr'><strong>male,</strong></span> <span class='ocrx_word' id='word_1_380' title='bbox 2213 2127 2333 2181; x_wconf 75' lang='lat' dir='ltr'><strong>illize</strong></span> <span class='ocrx_word' id='word_1_381' title='bbox 2352 2126 2625 2195; x_wconf 82' lang='lat' dir='ltr'><strong>Itabbath,</strong></span> <span class='ocrx_word' id='word_1_382' title='bbox 2653 2130 3027 2200; x_wconf 85' lang='lat' dir='ltr'><strong>accingitevos</strong></span> <span class='ocrx_word' id='word_1_383' title='bbox 3049 2130 3246 2187; x_wconf 84' lang='lat' dir='ltr'><strong>ciliciis</strong></span> <span class='ocrx_word' id='word_1_384' title='bbox 3270 2148 3282 2185; x_wconf 91' lang='lat'><strong><em>:</em></strong></span> <span class='ocrx_word' id='word_1_385' title='bbox 3312 2130 3553 2202; x_wconf 84' lang='lat' dir='ltr'><strong>plangite</strong></span> 
     </span>
    </p>
   </div>
   <div class='ocr_carea' id='block_1_53' title="bbox 1965 2210 3553 2291">
    <p class='ocr_par' dir='ltr' id='par_1_53' title="bbox 1965 2210 3553 2291">
     <span class='ocr_line' id='line_1_53' title="bbox 1965 2210 3553 2291; baseline 0.005 -24"><span class='ocrx_word' id='word_1_386' title='bbox 1965 2233 1982 2266; x_wconf 74' lang='grc' dir='ltr'><strong><em>ι</em></strong></span> <span class='ocrx_word' id='word_1_387' title='bbox 2017 2225 2073 2270; x_wconf 88' lang='lat' dir='ltr'><strong>et</strong></span> <span class='ocrx_word' id='word_1_388' title='bbox 2112 2217 2337 2271; x_wconf 83' lang='lat' dir='ltr'><strong>circuite</strong></span> <span class='ocrx_word' id='word_1_389' title='bbox 2390 2234 2486 2288; x_wconf 88' lang='lat' dir='ltr'><strong>per</strong></span> <span class='ocrx_word' id='word_1_390' title='bbox 2540 2235 2717 2289; x_wconf 86' lang='lat' dir='ltr'><strong>sepes,</strong></span> <span class='ocrx_word' id='word_1_391' title='bbox 2772 2221 2900 2291; x_wconf 88' lang='lat' dir='ltr'><strong>quia</strong></span> <span class='ocrx_word' id='word_1_392' title='bbox 2937 2220 3178 2276; x_wconf 83' lang='lat' dir='ltr'><strong>Melehon</strong></span> <span class='ocrx_word' id='word_1_393' title='bbox 3210 2210 3264 2275; x_wconf 88' lang='lat' dir='ltr'><strong>in</strong></span> <span class='ocrx_word' id='word_1_394' title='bbox 3293 2220 3553 2275; x_wconf 84' lang='lat' dir='ltr'><strong>transmi-</strong></span> 
     </span>
    </p>
   </div>
   <div class='ocr_carea' id='block_1_54' title="bbox 1965 2307 3550 2383">
    <p class='ocr_par' dir='ltr' id='par_1_54' title="bbox 1965 2307 3550 2383">
     <span class='ocr_line' id='line_1_54' title="bbox 1965 2307 3550 2383; baseline 0.006 -25"><span class='ocrx_word' id='word_1_395' title='bbox 1965 2323 1983 2356; x_wconf 71' lang='grc' dir='ltr'><strong><em>ι</em></strong></span> <span class='ocrx_word' id='word_1_396' title='bbox 2021 2307 2322 2376; x_wconf 84' lang='lat' dir='ltr'><strong>grationem</strong></span> <span class='ocrx_word' id='word_1_397' title='bbox 2377 2309 2625 2374; x_wconf 88' lang='lat' dir='ltr'><strong>ducetur,</strong></span> <span class='ocrx_word' id='word_1_398' title='bbox 2677 2313 2991 2367; x_wconf 89' lang='lat' dir='ltr'><strong>sacerdotes</strong></span> <span class='ocrx_word' id='word_1_399' title='bbox 3029 2311 3146 2383; x_wconf 78' lang='lat' dir='ltr'><strong>ejus</strong></span> <span class='ocrx_word' id='word_1_400' title='bbox 3196 2321 3252 2365; x_wconf 92' lang='lat' dir='ltr'><strong>et</strong></span> <span class='ocrx_word' id='word_1_401' title='bbox 3275 2312 3550 2383; x_wconf 89' lang='lat' dir='ltr'><strong>principes</strong></span> 
     </span>
    </p>
   </div>
   <div class='ocr_carea' id='block_1_55' title="bbox 1967 2395 3576 2471">
    <p class='ocr_par' dir='ltr' id='par_1_55' title="bbox 1967 2395 3576 2471">
     <span class='ocr_line' id='line_1_55' title="bbox 1967 2395 3576 2471; baseline 0.005 -22"><span class='ocrx_word' id='word_1_402' title='bbox 1967 2416 1987 2449; x_wconf 72' lang='grc' dir='ltr'><strong><em>ι</em></strong></span> <span class='ocrx_word' id='word_1_403' title='bbox 2021 2399 2138 2469; x_wconf 86' lang='lat' dir='ltr'><strong>ejus</strong></span> <span class='ocrx_word' id='word_1_404' title='bbox 2183 2400 2363 2454; x_wconf 87' lang='lat' dir='ltr'><strong>simul.</strong></span> <span class='ocrx_word' id='word_1_405' title='bbox 2431 2420 2450 2451; x_wconf 85' lang='grc'><strong>›</strong></span> <span class='ocrx_word' id='word_1_406' title='bbox 2499 2400 2654 2468; x_wconf 85' lang='lat' dir='ltr'><strong>Quod</strong></span> <span class='ocrx_word' id='word_1_407' title='bbox 2701 2402 2914 2458; x_wconf 88' lang='lat' dir='ltr'><strong>Escbon</strong></span> <span class='ocrx_word' id='word_1_408' title='bbox 2966 2404 3094 2457; x_wconf 85' lang='lat' dir='ltr'><strong>urbs</strong></span> <span class='ocrx_word' id='word_1_409' title='bbox 3143 2395 3308 2457; x_wconf 81' lang='lat' dir='ltr'><strong>fu&#39;erit</strong></span> <span class='ocrx_word' id='word_1_410' title='bbox 3354 2410 3576 2471; x_wconf 73' lang='lat' dir='ltr'><strong>magna&#39;</strong></span> 
     </span>
    </p>
   </div>
   <div class='ocr_carea' id='block_1_56' title="bbox 1958 2479 3551 2567">
    <p class='ocr_par' dir='ltr' id='par_1_56' title="bbox 1958 2479 3551 2567">
     <span class='ocr_line' id='line_1_56' title="bbox 1958 2479 3551 2567; baseline 0.005 -23"><span class='ocrx_word' id='word_1_411' title='bbox 1958 2491 2418 2559; x_wconf 73' lang='lat' dir='ltr'><strong>Amorrhzeorum,</strong></span> <span class='ocrx_word' id='word_1_412' title='bbox 2474 2509 2635 2566; x_wconf 89' lang='lat' dir='ltr'><strong>supra</strong></span> <span class='ocrx_word' id='word_1_413' title='bbox 2682 2494 2788 2562; x_wconf 85' lang='lat' dir='ltr'><strong>iam</strong></span> <span class='ocrx_word' id='word_1_414' title='bbox 2837 2495 3040 2551; x_wconf 87' lang='lat' dir='ltr'><strong>dictum</strong></span> <span class='ocrx_word' id='word_1_415' title='bbox 3069 2505 3170 2550; x_wconf 83' lang='lat' dir='ltr'><strong>est.</strong></span> <span class='ocrx_word' id='word_1_416' title='bbox 3199 2495 3278 2550; x_wconf 80' lang='lat' dir='ltr'><strong>Ar</strong></span> <span class='ocrx_word' id='word_1_417' title='bbox 3331 2479 3551 2567; x_wconf 82' lang='lat' dir='ltr'><strong>quoque</strong></span> 
     </span>
    </p>
   </div>
   <div class='ocr_carea' id='block_1_57' title="bbox 1959 2586 3548 2660">
    <p class='ocr_par' dir='ltr' id='par_1_57' title="bbox 1959 2586 3548 2660">
     <span class='ocr_line' id='line_1_57' title="bbox 1959 2586 3548 2660; baseline 0.006 -23"><span class='ocrx_word' id='word_1_418' title='bbox 1959 2586 2274 2654; x_wconf 85' lang='lat' dir='ltr'><strong>metropolis</strong></span> <span class='ocrx_word' id='word_1_419' title='bbox 2305 2586 2496 2643; x_wconf 86' lang='lat' dir='ltr'><strong>civitas</strong></span> <span class='ocrx_word' id='word_1_420' title='bbox 2543 2589 2643 2643; x_wconf 89' lang='lat' dir='ltr'><strong>fuit</strong></span> <span class='ocrx_word' id='word_1_421' title='bbox 2692 2587 3049 2645; x_wconf 85' lang='lat' dir='ltr'><strong>Moabitarum</strong></span> <span class='ocrx_word' id='word_1_422' title='bbox 3079 2609 3091 2644; x_wconf 91' lang='lat'>:</span> <span class='ocrx_word' id='word_1_423' title='bbox 3127 2605 3246 2660; x_wconf 63' lang='lat' dir='ltr'><strong>qua:</strong></span> <span class='ocrx_word' id='word_1_424' title='bbox 3296 2591 3457 2647; x_wconf 90' lang='lat' dir='ltr'><strong>hodie</strong></span> <span class='ocrx_word' id='word_1_425' title='bbox 3478 2606 3548 2649; x_wconf 83' lang='lat' dir='ltr'><strong>ex</strong></span> 
     </span>
    </p>
   </div>
   <div class='ocr_carea' id='block_1_58' title="bbox 1959 2674 3550 2754">
    <p class='ocr_par' dir='ltr' id='par_1_58' title="bbox 1959 2674 3550 2754">
     <span class='ocr_line' id='line_1_58' title="bbox 1959 2674 3550 2754; baseline 0.007 -26"><span class='ocrx_word' id='word_1_426' title='bbox 1959 2674 2208 2743; x_wconf 82' lang='lat' dir='ltr'><strong>Hebraeo,</strong></span> <span class='ocrx_word' id='word_1_427' title='bbox 2267 2685 2321 2733; x_wconf 90' lang='lat' dir='ltr'><strong>et</strong></span> <span class='ocrx_word' id='word_1_428' title='bbox 2371 2677 2560 2734; x_wconf 81' lang='lat' dir='ltr'><strong>Graeco</strong></span> <span class='ocrx_word' id='word_1_429' title='bbox 2611 2695 2861 2736; x_wconf 89' lang='lat' dir='ltr'><strong>sermone</strong></span> <span class='ocrx_word' id='word_1_430' title='bbox 2915 2681 3234 2751; x_wconf 86' lang='lat' dir='ltr'><strong>composita,</strong></span> <span class='ocrx_word' id='word_1_431' title='bbox 3277 2682 3550 2754; x_wconf 84' lang='lat' dir='ltr'><strong>Ariopolis</strong></span> 
     </span>
    </p>
   </div>
   <div class='ocr_carea' id='block_1_59' title="bbox 1959 2769 3548 2846">
    <p class='ocr_par' dir='ltr' id='par_1_59' title="bbox 1959 2769 3548 2846">
     <span class='ocr_line' id='line_1_59' title="bbox 1959 2769 3548 2846; baseline 0.008 -26"><span class='ocrx_word' id='word_1_432' title='bbox 1959 2777 2317 2837; x_wconf 88' lang='lat' dir='ltr'><strong>nuncupatur.</strong></span> <span class='ocrx_word' id='word_1_433' title='bbox 2346 2769 2480 2825; x_wconf 87' lang='lat' dir='ltr'><strong>Nam</strong></span> <span class='ocrx_word' id='word_1_434' title='bbox 2509 2779 2565 2826; x_wconf 91' lang='lat' dir='ltr'><strong>et</strong></span> <span class='ocrx_word' id='word_1_435' title='bbox 2613 2773 2858 2844; x_wconf 88' lang='lat' dir='ltr'><strong>plerique</strong></span> <span class='ocrx_word' id='word_1_436' title='bbox 2898 2775 3166 2830; x_wconf 71' lang='lat' dir='ltr'><strong>mstimant</strong></span> <span class='ocrx_word' id='word_1_437' title='bbox 3221 2777 3364 2846; x_wconf 89' lang='lat' dir='ltr'><strong>quod</strong></span> <span class='ocrx_word' id='word_1_438' title='bbox 3387 2777 3548 2844; x_wconf 89' lang='lat' dir='ltr'><strong>Ares,</strong></span> 
     </span>
    </p>
   </div>
   <div class='ocr_carea' id='block_1_60' title="bbox 1960 2858 3549 2935">
    <p class='ocr_par' dir='ltr' id='par_1_60' title="bbox 1960 2858 3549 2935">
     <span class='ocr_line' id='line_1_60' title="bbox 1960 2858 3549 2935; baseline 0.007 -23"><span class='ocrx_word' id='word_1_439' title='bbox 1960 2858 2013 2912; x_wconf 87' lang='lat' dir='ltr'><strong>id</strong></span> <span class='ocrx_word' id='word_1_440' title='bbox 2041 2865 2144 2926; x_wconf 88' lang='lat' dir='ltr'><strong>est,</strong></span> <span class='ocrx_word' id='word_1_441' title='bbox 2175 2859 2364 2917; x_wconf 82' lang='lat' dir='ltr'><strong>Martis</strong></span> <span class='ocrx_word' id='word_1_442' title='bbox 2397 2861 2592 2918; x_wconf 86' lang='lat' dir='ltr'><strong>civitas</strong></span> <span class='ocrx_word' id='word_1_443' title='bbox 2643 2865 3049 2935; x_wconf 88' lang='lat' dir='ltr'><strong>interpretetur.</strong></span> <span class='ocrx_word' id='word_1_444' title='bbox 3082 2865 3333 2923; x_wconf 81' lang='lat' dir='ltr'><strong>Rabbath</strong></span> <span class='ocrx_word' id='word_1_445' title='bbox 3366 2876 3549 2924; x_wconf 84' lang='lat' dir='ltr'><strong>autem</strong></span> 
     </span>
    </p>
   </div>
   <div class='ocr_carea' id='block_1_61' title="bbox 1960 2954 3548 3034">
    <p class='ocr_par' dir='ltr' id='par_1_61' title="bbox 1960 2954 3548 3034">
     <span class='ocr_line' id='line_1_61' title="bbox 1960 2954 3548 3034; baseline 0.006 -24"><span class='ocrx_word' id='word_1_446' title='bbox 1960 2954 2274 3026; x_wconf 89' lang='lat' dir='ltr'><strong>metropolis</strong></span> <span class='ocrx_word' id='word_1_447' title='bbox 2321 2963 2442 3013; x_wconf 89' lang='lat' dir='ltr'><strong>erat</strong></span> <span class='ocrx_word' id='word_1_448' title='bbox 2492 2958 2924 3016; x_wconf 90' lang='lat' dir='ltr'><strong>Ammonitarum</strong></span> <span class='ocrx_word' id='word_1_449' title='bbox 2953 2979 2966 3015; x_wconf 89' lang='lat'><strong>:</strong></span> <span class='ocrx_word' id='word_1_450' title='bbox 3000 2973 3120 3032; x_wconf 70' lang='lat' dir='ltr'><strong>qum</strong></span> <span class='ocrx_word' id='word_1_451' title='bbox 3169 2957 3325 3017; x_wconf 80' lang='lat' dir='ltr'><strong>hodie</strong></span> <span class='ocrx_word' id='word_1_452' title='bbox 3356 2976 3388 3017; x_wconf 86' lang='lat' dir='ltr'><strong>a</strong></span> <span class='ocrx_word' id='word_1_453' title='bbox 3418 2977 3548 3034; x_wconf 86' lang='lat' dir='ltr'><strong>rege</strong></span> 
     </span>
    </p>
   </div>
   <div class='ocr_carea' id='block_1_62' title="bbox 1960 3043 3550 3122">
    <p class='ocr_par' dir='ltr' id='par_1_62' title="bbox 1960 3043 3550 3122">
     <span class='ocr_line' id='line_1_62' title="bbox 1960 3043 3550 3122; baseline 0.007 -24"><span class='ocrx_word' id='word_1_454' title='bbox 1960 3043 2178 3118; x_wconf 68' lang='lat' dir='ltr'><strong>Egypti</strong></span> <span class='ocrx_word' id='word_1_455' title='bbox 2206 3047 2498 3105; x_wconf 70' lang='lat' dir='ltr'><strong>Ptolomteo</strong></span> <span class='ocrx_word' id='word_1_456' title='bbox 2521 3058 2877 3122; x_wconf 89' lang='lat' dir='ltr'><strong>cognomento</strong></span> <span class='ocrx_word' id='word_1_457' title='bbox 2899 3049 3269 3122; x_wconf 85' lang='lat' dir='ltr'><strong>Philadelpho,</strong></span> <span class='ocrx_word' id='word_1_458' title='bbox 3299 3047 3392 3122; x_wconf 82' lang='lat' dir='ltr'><strong>qui</strong></span> <span class='ocrx_word' id='word_1_459' title='bbox 3413 3052 3550 3108; x_wconf 77' lang='lat' dir='ltr'><strong>Ara-</strong></span> 
     </span>
    </p>
   </div>
   <div class='ocr_carea' id='block_1_63' title="bbox 1959 3135 3545 3214">
    <p class='ocr_par' dir='ltr' id='par_1_63' title="bbox 1959 3135 3545 3214">
     <span class='ocr_line' id='line_1_63' title="bbox 1959 3135 3545 3214; baseline 0.008 -24"><span class='ocrx_word' id='word_1_460' title='bbox 1959 3135 2102 3191; x_wconf 89' lang='lat' dir='ltr'><strong>biam</strong></span> <span class='ocrx_word' id='word_1_461' title='bbox 2132 3139 2304 3192; x_wconf 89' lang='lat' dir='ltr'><strong>tenuit</strong></span> <span class='ocrx_word' id='word_1_462' title='bbox 2345 3154 2466 3194; x_wconf 93' lang='lat' dir='ltr'><strong>cum</strong></span> <span class='ocrx_word' id='word_1_463' title='bbox 2494 3138 2698 3208; x_wconf 64' lang='lat' dir='ltr'><strong>Judata,</strong></span> <span class='ocrx_word' id='word_1_464' title='bbox 2729 3141 3078 3214; x_wconf 86' lang='lat' dir='ltr'><strong>Philadelpha</strong></span> <span class='ocrx_word' id='word_1_465' title='bbox 3104 3153 3411 3214; x_wconf 82' lang='lat' dir='ltr'><strong>nuncupata</strong></span> <span class='ocrx_word' id='word_1_466' title='bbox 3443 3151 3545 3202; x_wconf 76' lang='lat' dir='ltr'><strong>est.</strong></span> 
     </span>
    </p>
   </div>
   <div class='ocr_carea' id='block_1_64' title="bbox 267 3197 3552 3310">
    <p class='ocr_par' dir='ltr' id='par_1_64' title="bbox 267 3197 3552 3310">
     <span class='ocr_line' id='line_1_64' title="bbox 267 3197 3552 3310; baseline 0.001 -24"><span class='ocrx_word' id='word_1_467' title='bbox 267 3254 288 3290; x_wconf 82' lang='grc'><em>‹</em></span> <span class='ocrx_word' id='word_1_468' title='bbox 329 3238 505 3294; x_wconf 81' lang='lat' dir='ltr'><strong>medio</strong></span> <span class='ocrx_word' id='word_1_469' title='bbox 533 3238 698 3305; x_wconf 73' lang='lat' dir='ltr'><strong>Sco&quot;,</strong></span> <span class='ocrx_word' id='word_1_470' title='bbox 745 3247 799 3294; x_wconf 77' lang='lat' dir='ltr'><strong>et</strong></span> <span class='ocrx_word' id='word_1_471' title='bbox 831 3239 1108 3294; x_wconf 77' lang='lat' dir='ltr'><strong>devoravit.</strong></span> <span class='ocrx_word' id='word_1_472' title='bbox 1140 3248 1350 3310; x_wconf 70' lang='lat' dir='ltr'><strong>partem</strong></span> <span class='ocrx_word' id='word_1_473' title='bbox 1395 3239 1569 3304; x_wconf 69' lang='lat' dir='ltr'><strong>Moab,</strong></span> <span class='ocrx_word' id='word_1_474' title='bbox 1602 3249 1655 3294; x_wconf 74' lang='grc' dir='ltr'><strong>οι</strong></span> <span class='ocrx_word' id='word_1_475' title='bbox 1685 3239 1854 3294; x_wconf 69' lang='lat' dir='ltr'><strong>verti-</strong></span> <span class='ocrx_word' id='word_1_476' title='bbox 1881 3197 1927 3264; x_wconf 77' lang='lat' dir='ltr'>C</span> <span class='ocrx_word' id='word_1_477' title='bbox 1959 3227 2205 3284; x_wconf 89' lang='lat' dir='ltr'><strong>Melchon</strong></span> <span class='ocrx_word' id='word_1_478' title='bbox 2241 3244 2369 3285; x_wconf 85' lang='lat' dir='ltr'><strong>vero</strong></span> <span class='ocrx_word' id='word_1_479' title='bbox 2406 3231 2607 3287; x_wconf 88' lang='lat' dir='ltr'><strong>idolum</strong></span> <span class='ocrx_word' id='word_1_480' title='bbox 2644 3232 2746 3288; x_wconf 82' lang='lat' dir='ltr'><strong>fuit</strong></span> <span class='ocrx_word' id='word_1_481' title='bbox 2793 3234 3251 3296; x_wconf 87' lang='lat' dir='ltr'><strong>Ammonitarum,</strong></span> <span class='ocrx_word' id='word_1_482' title='bbox 3287 3243 3342 3290; x_wconf 88' lang='lat' dir='ltr'><strong>et</strong></span> <span class='ocrx_word' id='word_1_483' title='bbox 3380 3235 3552 3291; x_wconf 86' lang='lat' dir='ltr'><strong>inter-</strong></span> 
     </span>
    </p>
   </div>
   <div class='ocr_carea' id='block_1_65' title="bbox 268 3329 1854 3389">
    <p class='ocr_par' dir='ltr' id='par_1_65' title="bbox 268 3329 1854 3389">
     <span class='ocr_line' id='line_1_65' title="bbox 268 3329 1854 3389; baseline 0.003 -5"><span class='ocrx_word' id='word_1_484' title='bbox 268 3351 288 3384; x_wconf 73' lang='grc' dir='ltr'>ι</span> <span class='ocrx_word' id='word_1_485' title='bbox 325 3347 442 3388; x_wconf 88' lang='lat' dir='ltr'><strong>cem</strong></span> <span class='ocrx_word' id='word_1_486' title='bbox 495 3333 727 3387; x_wconf 92' lang='lat' dir='ltr'><strong>ﬁliorum</strong></span> <span class='ocrx_word' id='word_1_487' title='bbox 755 3333 1040 3389; x_wconf 87' lang='lat' dir='ltr'><strong>tumultus.</strong></span> <span class='ocrx_word' id='word_1_488' title='bbox 1078 3354 1095 3384; x_wconf 76' lang='grc' dir='ltr'>ι</span> <span class='ocrx_word' id='word_1_489' title='bbox 1141 3329 1197 3388; x_wconf 91' lang='lat' dir='ltr'><strong>in</strong></span> <span class='ocrx_word' id='word_1_490' title='bbox 1232 3333 1423 3388; x_wconf 88' lang='lat' dir='ltr'><strong>umbra</strong></span> <span class='ocrx_word' id='word_1_491' title='bbox 1456 3332 1667 3389; x_wconf 89' lang='lat' dir='ltr'><strong>Escbon</strong></span> <span class='ocrx_word' id='word_1_492' title='bbox 1721 3334 1854 3389; x_wconf 89' lang='lat' dir='ltr'><strong>dicit</strong></span> 
     </span>
    </p>
   </div>
   <div class='ocr_carea' id='block_1_66' title="bbox 264 3423 1853 3498">
    <p class='ocr_par' dir='ltr' id='par_1_66' title="bbox 264 3423 1853 3498">
     <span class='ocr_line' id='line_1_66' title="bbox 264 3423 1853 3498; baseline 0.001 -20"><span class='ocrx_word' id='word_1_493' title='bbox 264 3425 481 3487; x_wconf 84' lang='lat' dir='ltr'><strong>stetisse</strong></span> <span class='ocrx_word' id='word_1_494' title='bbox 510 3425 576 3479; x_wconf 90' lang='lat' dir='ltr'><strong>de</strong></span> <span class='ocrx_word' id='word_1_495' title='bbox 605 3423 798 3493; x_wconf 88' lang='lat' dir='ltr'><strong>laqueo</strong></span> <span class='ocrx_word' id='word_1_496' title='bbox 825 3423 1114 3495; x_wconf 81' lang='lat' dir='ltr'><strong>fugientes,</strong></span> <span class='ocrx_word' id='word_1_497' title='bbox 1149 3426 1275 3494; x_wconf 91' lang='lat' dir='ltr'><strong>quia</strong></span> <span class='ocrx_word' id='word_1_498' title='bbox 1313 3425 1367 3478; x_wconf 91' lang='lat' dir='ltr'><strong>in</strong></span> <span class='ocrx_word' id='word_1_499' title='bbox 1396 3423 1513 3498; x_wconf 82' lang='lat' dir='ltr'><strong>ejus</strong></span> <span class='ocrx_word' id='word_1_500' title='bbox 1552 3426 1853 3481; x_wconf 88' lang='lat' dir='ltr'><strong>munitione</strong></span> 
     </span>
    </p>
   </div>
   <div class='ocr_carea' id='block_1_67' title="bbox 266 3513 1849 3583">
    <p class='ocr_par' dir='ltr' id='par_1_67' title="bbox 266 3513 1849 3583">
     <span class='ocr_line' id='line_1_67' title="bbox 266 3513 1849 3583; baseline 0.001 -16"><span class='ocrx_word' id='word_1_501' title='bbox 266 3513 558 3583; x_wconf 88' lang='lat' dir='ltr'><strong>sperabant</strong></span> <span class='ocrx_word' id='word_1_502' title='bbox 590 3528 649 3569; x_wconf 87' lang='lat' dir='ltr'><strong>se</strong></span> <span class='ocrx_word' id='word_1_503' title='bbox 680 3513 884 3583; x_wconf 89' lang='lat' dir='ltr'><strong>aliquid</strong></span> <span class='ocrx_word' id='word_1_504' title='bbox 917 3515 1169 3569; x_wconf 87' lang='lat' dir='ltr'><strong>solatium</strong></span> <span class='ocrx_word' id='word_1_505' title='bbox 1217 3515 1439 3580; x_wconf 88' lang='lat' dir='ltr'><strong>habere,</strong></span> <span class='ocrx_word' id='word_1_506' title='bbox 1481 3516 1574 3569; x_wconf 91' lang='lat' dir='ltr'><strong>sed</strong></span> <span class='ocrx_word' id='word_1_507' title='bbox 1605 3515 1806 3570; x_wconf 87' lang='lat' dir='ltr'><strong>frustra</strong></span> <span class='ocrx_word' id='word_1_508' title='bbox 1837 3534 1849 3569; x_wconf 91' lang='lat'><strong>:</strong></span> 
     </span>
    </p>
   </div>
   <div class='ocr_carea' id='block_1_68' title="bbox 265 3603 1855 3675">
    <p class='ocr_par' dir='ltr' id='par_1_68' title="bbox 265 3603 1855 3675">
     <span class='ocr_line' id='line_1_68' title="bbox 265 3603 1855 3675; baseline 0.004 -21"><span class='ocrx_word' id='word_1_509' title='bbox 265 3606 390 3674; x_wconf 85' lang='lat' dir='ltr'><strong>quia</strong></span> <span class='ocrx_word' id='word_1_510' title='bbox 433 3604 571 3675; x_wconf 85' lang='lat' dir='ltr'><strong>ignis</strong></span> <span class='ocrx_word' id='word_1_511' title='bbox 616 3603 894 3669; x_wconf 72' lang='lat' dir='ltr'><strong>vindictae,</strong></span> <span class='ocrx_word' id='word_1_512' title='bbox 926 3619 1047 3674; x_wconf 59' lang='lat' dir='ltr'><strong>qua?</strong></span> <span class='ocrx_word' id='word_1_513' title='bbox 1075 3621 1142 3660; x_wconf 82' lang='lat' dir='ltr'><strong>ex</strong></span> <span class='ocrx_word' id='word_1_514' title='bbox 1175 3606 1387 3660; x_wconf 88' lang='lat' dir='ltr'><strong>meritis</strong></span> <span class='ocrx_word' id='word_1_515' title='bbox 1413 3621 1601 3661; x_wconf 92' lang='lat' dir='ltr'><strong>eorum</strong></span> <span class='ocrx_word' id='word_1_516' title='bbox 1632 3621 1855 3675; x_wconf 88' lang='lat' dir='ltr'><strong>proces-</strong></span> 
     </span>
    </p>
   </div>
   <div class='ocr_carea' id='block_1_69' title="bbox 265 3694 1855 3766">
    <p class='ocr_par' dir='ltr' id='par_1_69' title="bbox 265 3694 1855 3766">
     <span class='ocr_line' id='line_1_69' title="bbox 265 3694 1855 3766; baseline 0.001 -16"><span class='ocrx_word' id='word_1_517' title='bbox 265 3695 354 3756; x_wconf 90' lang='lat' dir='ltr'><strong>sit,</strong></span> <span class='ocrx_word' id='word_1_518' title='bbox 407 3695 665 3750; x_wconf 89' lang='lat' dir='ltr'><strong>vcrticem</strong></span> <span class='ocrx_word' id='word_1_519' title='bbox 727 3694 993 3749; x_wconf 87' lang='lat' dir='ltr'><strong>tumultus</strong></span> <span class='ocrx_word' id='word_1_520' title='bbox 1044 3694 1275 3750; x_wconf 88' lang='lat' dir='ltr'><strong>ﬁliorum</strong></span> <span class='ocrx_word' id='word_1_521' title='bbox 1325 3695 1479 3750; x_wconf 84' lang='lat' dir='ltr'><strong>Moab</strong></span> <span class='ocrx_word' id='word_1_522' title='bbox 1503 3697 1651 3766; x_wconf 87' lang='lat' dir='ltr'><strong>justo</strong></span> <span class='ocrx_word' id='word_1_523' title='bbox 1673 3695 1855 3763; x_wconf 89' lang='lat' dir='ltr'><strong>judice</strong></span> 
     </span>
    </p>
   </div>
   <div class='ocr_carea' id='block_1_70' title="bbox 265 3783 1418 3854">
    <p class='ocr_par' dir='ltr' id='par_1_70' title="bbox 265 3783 1418 3854">
     <span class='ocr_line' id='line_1_70' title="bbox 265 3783 1418 3854; baseline -0.003 -12"><span class='ocrx_word' id='word_1_524' title='bbox 265 3785 604 3842; x_wconf 87' lang='lat' dir='ltr'><strong>retribuente</strong></span> <span class='ocrx_word' id='word_1_525' title='bbox 636 3784 924 3854; x_wconf 91' lang='lat' dir='ltr'><strong>oppressit.</strong></span> <span class='ocrx_word' id='word_1_526' title='bbox 954 3783 1105 3839; x_wconf 90' lang='lat' dir='ltr'><strong>Unde</strong></span> <span class='ocrx_word' id='word_1_527' title='bbox 1131 3785 1377 3853; x_wconf 86' lang='lat' dir='ltr'><strong>sequitur</strong></span> <span class='ocrx_word' id='word_1_528' title='bbox 1405 3803 1418 3839; x_wconf 91' lang='lat'><strong>:</strong></span> 
     </span>
    </p>
   </div>
   <div class='ocr_carea' id='block_1_71' title="bbox 344 3873 1880 3956">
    <p class='ocr_par' dir='ltr' id='par_1_71' title="bbox 344 3873 1880 3956">
     <span class='ocr_line' id='line_1_71' title="bbox 344 3873 1880 3956; baseline 0.002 -29"><span class='ocrx_word' id='word_1_529' title='bbox 344 3895 363 3927; x_wconf 77' lang='grc' dir='ltr'>ι</span> <span class='ocrx_word' id='word_1_530' title='bbox 397 3875 487 3929; x_wconf 77' lang='lat' dir='ltr'><strong>Vae</strong></span> <span class='ocrx_word' id='word_1_531' title='bbox 517 3875 635 3940; x_wconf 89' lang='lat' dir='ltr'><strong>tibi,</strong></span> <span class='ocrx_word' id='word_1_532' title='bbox 691 3875 870 3940; x_wconf 82' lang='lat' dir='ltr'><strong>Moab,</strong></span> <span class='ocrx_word' id='word_1_533' title='bbox 920 3875 1127 3946; x_wconf 89' lang='lat' dir='ltr'><strong>periisti</strong></span> <span class='ocrx_word' id='word_1_534' title='bbox 1173 3875 1368 3946; x_wconf 84' lang='lat' dir='ltr'><strong>populo</strong></span> <span class='ocrx_word' id='word_1_535' title='bbox 1413 3873 1650 3931; x_wconf 87' lang='lat' dir='ltr'><strong>Chamos</strong></span> <span class='ocrx_word' id='word_1_536' title='bbox 1681 3891 1696 3931; x_wconf 91' lang='lat'><strong>:</strong></span> <span class='ocrx_word' id='word_1_537' title='bbox 1728 3877 1880 3956; x_wconf 69' lang='lat' dir='ltr'><strong>quia</strong></span> 
     </span>
    </p>
   </div>
   <div class='ocr_carea' id='block_1_72' title="bbox 271 3962 1854 4040">
    <p class='ocr_par' dir='ltr' id='par_1_72' title="bbox 271 3962 1854 4040">
     <span class='ocr_line' id='line_1_72' title="bbox 271 3962 1854 4040; baseline 0.001 -18"><span class='ocrx_word' id='word_1_538' title='bbox 271 3990 290 4022; x_wconf 86' lang='grc'><strong>‹</strong></span> <span class='ocrx_word' id='word_1_539' title='bbox 326 3967 706 4040; x_wconf 88' lang='lat' dir='ltr'><strong>comprehensi</strong></span> <span class='ocrx_word' id='word_1_540' title='bbox 736 3975 863 4024; x_wconf 90' lang='lat' dir='ltr'><strong>sunt</strong></span> <span class='ocrx_word' id='word_1_541' title='bbox 893 3962 986 4021; x_wconf 80' lang='lat' dir='ltr'><strong>filii</strong></span> <span class='ocrx_word' id='word_1_542' title='bbox 1026 3965 1126 4033; x_wconf 86' lang='lat' dir='ltr'><strong>tui,</strong></span> <span class='ocrx_word' id='word_1_543' title='bbox 1153 3973 1210 4023; x_wconf 89' lang='lat' dir='ltr'><strong>et</strong></span> <span class='ocrx_word' id='word_1_544' title='bbox 1249 3967 1370 4022; x_wconf 66' lang='lat' dir='ltr'><strong>tilia:</strong></span> <span class='ocrx_word' id='word_1_545' title='bbox 1400 3975 1505 4023; x_wconf 76' lang='lat' dir='ltr'><strong>tua:</strong></span> <span class='ocrx_word' id='word_1_546' title='bbox 1532 3968 1586 4022; x_wconf 94' lang='lat' dir='ltr'><strong>in</strong></span> <span class='ocrx_word' id='word_1_547' title='bbox 1625 3969 1854 4038; x_wconf 83' lang='lat' dir='ltr'><strong>captivi-</strong></span> 
     </span>
    </p>
   </div>
   <div class='ocr_carea' id='block_1_73' title="bbox 274 4061 1857 4126">
    <p class='ocr_par' dir='ltr' id='par_1_73' title="bbox 274 4061 1857 4126">
     <span class='ocr_line' id='line_1_73' title="bbox 274 4061 1857 4126; baseline 0.001 -12"><span class='ocrx_word' id='word_1_548' title='bbox 274 4081 291 4114; x_wconf 79' lang='grc' dir='ltr'>ι</span> <span class='ocrx_word' id='word_1_549' title='bbox 327 4071 513 4118; x_wconf 88' lang='lat' dir='ltr'><strong>tatem.</strong></span> <span class='ocrx_word' id='word_1_550' title='bbox 546 4083 564 4114; x_wconf 83' lang='grc'><strong>›</strong></span> <span class='ocrx_word' id='word_1_551' title='bbox 599 4061 756 4117; x_wconf 81' lang='lat' dir='ltr'><strong>Nulla</strong></span> <span class='ocrx_word' id='word_1_552' title='bbox 779 4062 925 4119; x_wconf 89' lang='lat' dir='ltr'><strong>enim</strong></span> <span class='ocrx_word' id='word_1_553' title='bbox 977 4061 1206 4116; x_wconf 88' lang='lat' dir='ltr'><strong>munitio</strong></span> <span class='ocrx_word' id='word_1_554' title='bbox 1236 4061 1451 4116; x_wconf 88' lang='lat' dir='ltr'><strong>urbium</strong></span> <span class='ocrx_word' id='word_1_555' title='bbox 1479 4075 1722 4126; x_wconf 88' lang='lat' dir='ltr'><strong>suarum,</strong></span> <span class='ocrx_word' id='word_1_556' title='bbox 1755 4077 1857 4116; x_wconf 89' lang='lat' dir='ltr'><strong>nec</strong></span> 
     </span>
    </p>
   </div>
   <div class='ocr_carea' id='block_1_74' title="bbox 268 4153 1856 4225">
    <p class='ocr_par' dir='ltr' id='par_1_74' title="bbox 268 4153 1856 4225">
     <span class='ocr_line' id='line_1_74' title="bbox 268 4153 1856 4225; baseline -0.001 -16"><span class='ocrx_word' id='word_1_557' title='bbox 268 4155 376 4210; x_wconf 89' lang='lat' dir='ltr'><strong>ulla</strong></span> <span class='ocrx_word' id='word_1_558' title='bbox 405 4157 485 4211; x_wconf 89' lang='lat' dir='ltr'><strong>vis</strong></span> <span class='ocrx_word' id='word_1_559' title='bbox 509 4155 768 4211; x_wconf 81' lang='lat' dir='ltr'><strong>falsorum</strong></span> <span class='ocrx_word' id='word_1_560' title='bbox 807 4154 1108 4220; x_wconf 90' lang='lat' dir='ltr'><strong>numinum,</strong></span> <span class='ocrx_word' id='word_1_561' title='bbox 1135 4169 1257 4225; x_wconf 73' lang='lat' dir='ltr'><strong>qua:</strong></span> <span class='ocrx_word' id='word_1_562' title='bbox 1294 4154 1346 4208; x_wconf 93' lang='lat' dir='ltr'><strong>in</strong></span> <span class='ocrx_word' id='word_1_563' title='bbox 1374 4154 1609 4209; x_wconf 87' lang='lat' dir='ltr'><strong>Chamos</strong></span> <span class='ocrx_word' id='word_1_564' title='bbox 1638 4153 1856 4209; x_wconf 87' lang='lat' dir='ltr'><strong>nomine</strong></span> 
     </span>
    </p>
   </div>
   <div class='ocr_carea' id='block_1_75' title="bbox 268 4243 1856 4316">
    <p class='ocr_par' dir='ltr' id='par_1_75' title="bbox 268 4243 1856 4316">
     <span class='ocr_line' id='line_1_75' title="bbox 268 4243 1856 4316; baseline -0.001 -16"><span class='ocrx_word' id='word_1_565' title='bbox 268 4247 519 4302; x_wconf 86' lang='lat' dir='ltr'><strong>denotata</strong></span> <span class='ocrx_word' id='word_1_566' title='bbox 554 4255 657 4314; x_wconf 88' lang='lat' dir='ltr'><strong>est,</strong></span> <span class='ocrx_word' id='word_1_567' title='bbox 686 4259 782 4302; x_wconf 87' lang='lat' dir='ltr'><strong>eos</strong></span> <span class='ocrx_word' id='word_1_568' title='bbox 816 4245 885 4301; x_wconf 88' lang='lat' dir='ltr'><strong>ab</strong></span> <span class='ocrx_word' id='word_1_569' title='bbox 939 4245 1186 4301; x_wconf 89' lang='lat' dir='ltr'><strong>hostibus</strong></span> <span class='ocrx_word' id='word_1_570' title='bbox 1218 4246 1431 4316; x_wconf 88' lang='lat' dir='ltr'><strong>eripere</strong></span> <span class='ocrx_word' id='word_1_571' title='bbox 1459 4260 1524 4301; x_wconf 89' lang='lat' dir='ltr'><strong>ac</strong></span> <span class='ocrx_word' id='word_1_572' title='bbox 1568 4243 1856 4300; x_wconf 74' lang='lat' dir='ltr'><strong>defendere</strong></span> 
     </span>
    </p>
   </div>
   <div class='ocr_carea' id='block_1_76' title="bbox 267 4336 1857 4410">
    <p class='ocr_par' dir='ltr' id='par_1_76' title="bbox 267 4336 1857 4410">
     <span class='ocr_line' id='line_1_76' title="bbox 267 4336 1857 4410; baseline -0.003 -15"><span class='ocrx_word' id='word_1_573' title='bbox 267 4340 546 4410; x_wconf 65' lang='lat' dir='ltr'><strong>praevaluit</strong></span> <span class='ocrx_word' id='word_1_574' title='bbox 572 4356 585 4394; x_wconf 89' lang='lat'><strong>:</strong></span> <span class='ocrx_word' id='word_1_575' title='bbox 622 4339 717 4396; x_wconf 87' lang='lat' dir='ltr'><strong>sed</strong></span> <span class='ocrx_word' id='word_1_576' title='bbox 747 4354 938 4394; x_wconf 88' lang='lat' dir='ltr'><strong>omnes</strong></span> <span class='ocrx_word' id='word_1_577' title='bbox 966 4338 1060 4393; x_wconf 91' lang='lat' dir='ltr'><strong>ﬁlii</strong></span> <span class='ocrx_word' id='word_1_578' title='bbox 1086 4345 1142 4394; x_wconf 92' lang='lat' dir='ltr'><strong>et</strong></span> <span class='ocrx_word' id='word_1_579' title='bbox 1178 4337 1300 4394; x_wconf 74' lang='lat' dir='ltr'><strong>ﬁlia:</strong></span> <span class='ocrx_word' id='word_1_580' title='bbox 1329 4351 1517 4394; x_wconf 90' lang='lat' dir='ltr'><strong>eorum</strong></span> <span class='ocrx_word' id='word_1_581' title='bbox 1548 4338 1603 4393; x_wconf 89' lang='lat' dir='ltr'><strong>in</strong></span> <span class='ocrx_word' id='word_1_582' title='bbox 1627 4336 1857 4407; x_wconf 86' lang='lat' dir='ltr'><strong>captivi—</strong></span> 
     </span>
    </p>
   </div>
   <div class='ocr_carea' id='block_1_77' title="bbox 271 4429 1855 4501">
    <p class='ocr_par' dir='ltr' id='par_1_77' title="bbox 271 4429 1855 4501">
     <span class='ocr_line' id='line_1_77' title="bbox 271 4429 1855 4501; baseline -0.001 -16"><span class='ocrx_word' id='word_1_583' title='bbox 271 4439 434 4487; x_wconf 87' lang='lat' dir='ltr'><strong>tatem</strong></span> <span class='ocrx_word' id='word_1_584' title='bbox 487 4432 841 4487; x_wconf 88' lang='lat' dir='ltr'><strong>transierunt.</strong></span> <span class='ocrx_word' id='word_1_585' title='bbox 891 4429 984 4486; x_wconf 87' lang='lat' dir='ltr'><strong>Sic</strong></span> <span class='ocrx_word' id='word_1_586' title='bbox 1018 4432 1124 4486; x_wconf 89' lang='lat' dir='ltr'><strong>erit</strong></span> <span class='ocrx_word' id='word_1_587' title='bbox 1153 4445 1233 4484; x_wconf 73' lang='lat' dir='ltr'><strong>vre</strong></span> <span class='ocrx_word' id='word_1_588' title='bbox 1284 4439 1604 4501; x_wconf 90' lang='lat' dir='ltr'><strong>perpetuum</strong></span> <span class='ocrx_word' id='word_1_589' title='bbox 1629 4431 1734 4497; x_wconf 88' lang='lat' dir='ltr'><strong>his,</strong></span> <span class='ocrx_word' id='word_1_590' title='bbox 1762 4430 1855 4501; x_wconf 90' lang='lat' dir='ltr'><strong>qui</strong></span> 
     </span>
    </p>
   </div>
   <div class='ocr_carea' id='block_1_78' title="bbox 1956 3323 3552 3403">
    <p class='ocr_par' dir='ltr' id='par_1_78' title="bbox 1956 3323 3552 3403">
     <span class='ocr_line' id='line_1_78' title="bbox 1956 3323 3552 3403; baseline 0.004 -28"><span class='ocrx_word' id='word_1_591' title='bbox 1956 3329 2202 3403; x_wconf 87' lang='lat' dir='ltr'><strong>pretatur</strong></span> <span class='ocrx_word' id='word_1_592' title='bbox 2244 3338 2337 3377; x_wconf 84' lang='lat' dir='ltr'><strong>rex</strong></span> <span class='ocrx_word' id='word_1_593' title='bbox 2403 3340 2574 3380; x_wconf 91' lang='lat' dir='ltr'><strong>meus.</strong></span> <span class='ocrx_word' id='word_1_594' title='bbox 2621 3323 2922 3397; x_wconf 85' lang='lat' dir='ltr'><strong>Meritoque</strong></span> <span class='ocrx_word' id='word_1_595' title='bbox 2969 3326 3284 3397; x_wconf 81' lang='lat' dir='ltr'><strong>praedicitur</strong></span> <span class='ocrx_word' id='word_1_596' title='bbox 3329 3327 3552 3383; x_wconf 87' lang='lat' dir='ltr'><strong>sceleris</strong></span> 
     </span>
    </p>
   </div>
   <div class='ocr_carea' id='block_1_79' title="bbox 1956 3415 3551 3488">
    <p class='ocr_par' dir='ltr' id='par_1_79' title="bbox 1956 3415 3551 3488">
     <span class='ocr_line' id='line_1_79' title="bbox 1956 3415 3551 3488; baseline 0.005 -20"><span class='ocrx_word' id='word_1_597' title='bbox 1956 3415 2194 3470; x_wconf 87' lang='lat' dir='ltr'><strong>vindicta</strong></span> <span class='ocrx_word' id='word_1_598' title='bbox 2224 3415 2308 3471; x_wconf 89' lang='lat' dir='ltr'><strong>his</strong></span> <span class='ocrx_word' id='word_1_599' title='bbox 2342 3417 2654 3475; x_wconf 88' lang='lat' dir='ltr'><strong>civitatibus</strong></span> <span class='ocrx_word' id='word_1_600' title='bbox 2687 3437 2699 3472; x_wconf 94' lang='lat'>:</span> <span class='ocrx_word' id='word_1_601' title='bbox 2734 3420 2859 3488; x_wconf 90' lang='lat' dir='ltr'><strong>quia</strong></span> <span class='ocrx_word' id='word_1_602' title='bbox 2885 3434 2993 3474; x_wconf 90' lang='lat' dir='ltr'><strong>non</strong></span> <span class='ocrx_word' id='word_1_603' title='bbox 3025 3418 3195 3475; x_wconf 85' lang='lat' dir='ltr'><strong>solum</strong></span> <span class='ocrx_word' id='word_1_604' title='bbox 3225 3417 3394 3476; x_wconf 86' lang='lat' dir='ltr'><strong>Deum</strong></span> <span class='ocrx_word' id='word_1_605' title='bbox 3422 3435 3551 3476; x_wconf 83' lang='lat' dir='ltr'><strong>con-</strong></span> 
     </span>
    </p>
   </div>
   <div class='ocr_carea' id='block_1_80' title="bbox 1959 3503 3548 3583">
    <p class='ocr_par' dir='ltr' id='par_1_80' title="bbox 1959 3503 3548 3583">
     <span class='ocr_line' id='line_1_80' title="bbox 1959 3503 3548 3583; baseline 0.004 -23"><span class='ocrx_word' id='word_1_606' title='bbox 1959 3503 2643 3578; x_wconf 83' lang='lat' dir='ltr'><strong>tempscrantdiripicntes,</strong></span> <span class='ocrx_word' id='word_1_607' title='bbox 2671 3517 2727 3564; x_wconf 91' lang='lat' dir='ltr'><strong>et</strong></span> <span class='ocrx_word' id='word_1_608' title='bbox 2755 3511 3098 3567; x_wconf 88' lang='lat' dir='ltr'><strong>devastantes</strong></span> <span class='ocrx_word' id='word_1_609' title='bbox 3127 3513 3380 3583; x_wconf 80' lang='lat' dir='ltr'><strong>pepuium</strong></span> <span class='ocrx_word' id='word_1_610' title='bbox 3411 3510 3548 3582; x_wconf 88' lang='lat' dir='ltr'><strong>ejus,</strong></span> 
     </span>
    </p>
   </div>
   <div class='ocr_carea' id='block_1_81' title="bbox 1959 3597 3548 3671">
    <p class='ocr_par' dir='ltr' id='par_1_81' title="bbox 1959 3597 3548 3671">
     <span class='ocr_line' id='line_1_81' title="bbox 1959 3597 3548 3671; baseline 0.003 -19"><span class='ocrx_word' id='word_1_611' title='bbox 1959 3597 2053 3652; x_wconf 91' lang='lat' dir='ltr'><strong>sed</strong></span> <span class='ocrx_word' id='word_1_612' title='bbox 2090 3598 2253 3652; x_wconf 89' lang='lat' dir='ltr'><strong>etiam</strong></span> <span class='ocrx_word' id='word_1_613' title='bbox 2282 3598 2482 3652; x_wconf 91' lang='lat' dir='ltr'><strong>idolum</strong></span> <span class='ocrx_word' id='word_1_614' title='bbox 2511 3600 2565 3653; x_wconf 93' lang='lat' dir='ltr'><strong>in</strong></span> <span class='ocrx_word' id='word_1_615' title='bbox 2598 3599 2714 3654; x_wconf 92' lang='lat' dir='ltr'><strong>loco</strong></span> <span class='ocrx_word' id='word_1_616' title='bbox 2757 3597 2851 3655; x_wconf 89' lang='lat' dir='ltr'><strong>Dei</strong></span> <span class='ocrx_word' id='word_1_617' title='bbox 2875 3615 2974 3671; x_wconf 89' lang='lat' dir='ltr'><strong>pro</strong></span> <span class='ocrx_word' id='word_1_618' title='bbox 3005 3602 3223 3657; x_wconf 88' lang='lat' dir='ltr'><strong>numine</strong></span> <span class='ocrx_word' id='word_1_619' title='bbox 3246 3602 3548 3669; x_wconf 89' lang='lat' dir='ltr'><strong>coluerunt,</strong></span> 
     </span>
    </p>
   </div>
   <div class='ocr_carea' id='block_1_82' title="bbox 1959 3690 3551 3768">
    <p class='ocr_par' dir='ltr' id='par_1_82' title="bbox 1959 3690 3551 3768">
     <span class='ocr_line' id='line_1_82' title="bbox 1959 3690 3551 3768; baseline 0.004 -24"><span class='ocrx_word' id='word_1_620' title='bbox 1959 3691 2292 3761; x_wconf 85' lang='lat' dir='ltr'><strong>appellantes</strong></span> <span class='ocrx_word' id='word_1_621' title='bbox 2329 3690 2457 3746; x_wconf 89' lang='lat' dir='ltr'><strong>illud</strong></span> <span class='ocrx_word' id='word_1_622' title='bbox 2489 3707 2584 3746; x_wconf 81' lang='lat' dir='ltr'><strong>rex</strong></span> <span class='ocrx_word' id='word_1_623' title='bbox 2637 3703 2790 3748; x_wconf 87' lang='lat' dir='ltr'><strong>meus</strong></span> <span class='ocrx_word' id='word_1_624' title='bbox 2815 3735 2830 3746; x_wconf 97' lang='lat'><strong>.</strong></span> <span class='ocrx_word' id='word_1_625' title='bbox 2863 3694 2886 3746; x_wconf 72' lang='grc' dir='ltr'><em>ἱ</em></span> <span class='ocrx_word' id='word_1_626' title='bbox 2925 3693 3058 3762; x_wconf 90' lang='lat' dir='ltr'><strong>Quia</strong></span> <span class='ocrx_word' id='word_1_627' title='bbox 3107 3711 3298 3750; x_wconf 87' lang='lat' dir='ltr'><strong>omnes</strong></span> <span class='ocrx_word' id='word_1_628' title='bbox 3323 3695 3393 3751; x_wconf 91' lang='lat' dir='ltr'><strong>dii</strong></span> <span class='ocrx_word' id='word_1_629' title='bbox 3422 3711 3551 3768; x_wconf 82' lang='lat' dir='ltr'><strong>gen—</strong></span> 
     </span>
    </p>
   </div>
   <div class='ocr_carea' id='block_1_83' title="bbox 1962 3783 3546 3862">
    <p class='ocr_par' dir='ltr' id='par_1_83' title="bbox 1962 3783 3546 3862">
     <span class='ocr_line' id='line_1_83' title="bbox 1962 3783 3546 3862; baseline 0.004 -25"><span class='ocrx_word' id='word_1_630' title='bbox 1962 3784 2095 3838; x_wconf 89' lang='lat' dir='ltr'><strong>tium</strong></span> <span class='ocrx_word' id='word_1_631' title='bbox 2135 3784 2418 3850; x_wconf 76' lang='lat' dir='ltr'><strong>dzemonia,</strong></span> <span class='ocrx_word' id='word_1_632' title='bbox 2478 3783 2737 3841; x_wconf 89' lang='lat' dir='ltr'><strong>Dominus</strong></span> <span class='ocrx_word' id='word_1_633' title='bbox 2780 3794 2961 3842; x_wconf 86' lang='lat' dir='ltr'><strong>autem</strong></span> <span class='ocrx_word' id='word_1_634' title='bbox 3003 3787 3170 3843; x_wconf 74' lang='lat' dir='ltr'><strong>ewlos</strong></span> <span class='ocrx_word' id='word_1_635' title='bbox 3224 3789 3349 3844; x_wconf 88' lang='lat' dir='ltr'><strong>fecit</strong></span> <span class='ocrx_word' id='word_1_636' title='bbox 3375 3787 3546 3862; x_wconf 81' lang='lat' dir='ltr'><strong>(Psal.</strong></span> 
     </span>
    </p>
   </div>
   <div class='ocr_carea' id='block_1_84' title="bbox 1960 3875 3545 3949">
    <p class='ocr_par' dir='ltr' id='par_1_84' title="bbox 1960 3875 3545 3949">
     <span class='ocr_line' id='line_1_84' title="bbox 1960 3875 3545 3949; baseline 0.005 -21"><span class='ocrx_word' id='word_1_637' title='bbox 1960 3875 2091 3946; x_wconf 74' lang='lat' dir='ltr'><strong>tu).</strong></span> <span class='ocrx_word' id='word_1_638' title='bbox 2129 3895 2146 3925; x_wconf 74' lang='grc' dir='ltr'><strong><em>ι</em></strong></span> <span class='ocrx_word' id='word_1_639' title='bbox 2180 3875 2248 3929; x_wconf 88' lang='lat' dir='ltr'><strong>Et</strong></span> <span class='ocrx_word' id='word_1_640' title='bbox 2276 3875 2595 3932; x_wconf 90' lang='lat' dir='ltr'><strong>maledictus</strong></span> <span class='ocrx_word' id='word_1_641' title='bbox 2621 3887 2703 3932; x_wconf 82' lang='lat' dir='ltr'><strong>est</strong></span> <span class='ocrx_word' id='word_1_642' title='bbox 2727 3878 2814 3932; x_wconf 88' lang='lat' dir='ltr'><strong>ille</strong></span> <span class='ocrx_word' id='word_1_643' title='bbox 2855 3880 2947 3949; x_wconf 90' lang='lat' dir='ltr'><strong>qui</strong></span> <span class='ocrx_word' id='word_1_644' title='bbox 2987 3881 3155 3934; x_wconf 90' lang='lat' dir='ltr'><strong>servit</strong></span> <span class='ocrx_word' id='word_1_645' title='bbox 3181 3880 3284 3936; x_wconf 91' lang='lat' dir='ltr'><strong>diis</strong></span> <span class='ocrx_word' id='word_1_646' title='bbox 3329 3879 3545 3947; x_wconf 86' lang='lat' dir='ltr'><strong>alienis,</strong></span> 
     </span>
    </p>
   </div>
   <div class='ocr_carea' id='block_1_85' title="bbox 1959 3965 3548 4040">
    <p class='ocr_par' dir='ltr' id='par_1_85' title="bbox 1959 3965 3548 4040">
     <span class='ocr_line' id='line_1_85' title="bbox 1959 3965 3548 4040; baseline 0.003 -19"><span class='ocrx_word' id='word_1_647' title='bbox 1959 3974 2015 4021; x_wconf 89' lang='lat' dir='ltr'><strong>et</strong></span> <span class='ocrx_word' id='word_1_648' title='bbox 2036 3981 2143 4022; x_wconf 92' lang='lat' dir='ltr'><strong>non</strong></span> <span class='ocrx_word' id='word_1_649' title='bbox 2167 3965 2279 4021; x_wconf 90' lang='lat' dir='ltr'><strong>vult</strong></span> <span class='ocrx_word' id='word_1_650' title='bbox 2302 3967 2560 4023; x_wconf 81' lang='lat' dir='ltr'><strong>exhibere</strong></span> <span class='ocrx_word' id='word_1_651' title='bbox 2599 3969 2878 4023; x_wconf 87' lang='lat' dir='ltr'><strong>servitium</strong></span> <span class='ocrx_word' id='word_1_652' title='bbox 2935 3970 3034 4025; x_wconf 88' lang='lat' dir='ltr'><strong>soli</strong></span> <span class='ocrx_word' id='word_1_653' title='bbox 3078 3977 3241 4040; x_wconf 90' lang='lat' dir='ltr'><strong>atque</strong></span> <span class='ocrx_word' id='word_1_654' title='bbox 3284 3970 3377 4026; x_wconf 92' lang='lat' dir='ltr'><strong>uni</strong></span> <span class='ocrx_word' id='word_1_655' title='bbox 3402 3971 3548 4039; x_wconf 87' lang='lat' dir='ltr'><strong>Deo,</strong></span> 
     </span>
    </p>
   </div>
   <div class='ocr_carea' id='block_1_86' title="bbox 1959 4058 3103 4132">
    <p class='ocr_par' dir='ltr' id='par_1_86' title="bbox 1959 4058 3103 4132">
     <span class='ocr_line' id='line_1_86' title="bbox 1959 4058 3103 4132; baseline 0.004 -20"><span class='ocrx_word' id='word_1_656' title='bbox 1959 4073 2088 4115; x_wconf 89' lang='lat' dir='ltr'><strong>vero</strong></span> <span class='ocrx_word' id='word_1_657' title='bbox 2113 4059 2285 4127; x_wconf 86' lang='lat' dir='ltr'><strong>Patri,</strong></span> <span class='ocrx_word' id='word_1_658' title='bbox 2311 4067 2365 4116; x_wconf 89' lang='lat' dir='ltr'><strong>et</strong></span> <span class='ocrx_word' id='word_1_659' title='bbox 2393 4058 2528 4115; x_wconf 83' lang='lat' dir='ltr'><strong>Filio</strong></span> <span class='ocrx_word' id='word_1_660' title='bbox 2558 4068 2612 4117; x_wconf 91' lang='lat' dir='ltr'><strong>et</strong></span> <span class='ocrx_word' id='word_1_661' title='bbox 2639 4061 3103 4132; x_wconf 73' lang='lat' dir='ltr'><strong>Spiritui‘sancto.</strong></span> 
     </span>
    </p>
   </div>
   <div class='ocr_carea' id='block_1_87' title="bbox 2036 4149 3550 4222">
    <p class='ocr_par' dir='ltr' id='par_1_87' title="bbox 2036 4149 3550 4222">
     <span class='ocr_line' id='line_1_87' title="bbox 2036 4149 3550 4222; baseline 0.008 -22"><span class='ocrx_word' id='word_1_662' title='bbox 2036 4167 2053 4200; x_wconf 76' lang='grc' dir='ltr'><strong><em>ι</em></strong></span> <span class='ocrx_word' id='word_1_663' title='bbox 2091 4149 2229 4215; x_wconf 89' lang='lat' dir='ltr'><strong>Quid</strong></span> <span class='ocrx_word' id='word_1_664' title='bbox 2279 4150 2533 4222; x_wconf 83' lang='lat' dir='ltr'><strong>gloriaris</strong></span> <span class='ocrx_word' id='word_1_665' title='bbox 2585 4151 2638 4205; x_wconf 93' lang='lat' dir='ltr'><strong>in</strong></span> <span class='ocrx_word' id='word_1_666' title='bbox 2693 4153 3075 4208; x_wconf 85' lang='lat' dir='ltr'><strong>convallibus?</strong></span> <span class='ocrx_word' id='word_1_667' title='bbox 3131 4151 3364 4210; x_wconf 84' lang='lat' dir='ltr'><strong>Deﬁnxit</strong></span> <span class='ocrx_word' id='word_1_668' title='bbox 3395 4151 3550 4212; x_wconf 85' lang='lat' dir='ltr'><strong>vallis</strong></span> 
     </span>
    </p>
   </div>
   <div class='ocr_carea' id='block_1_88' title="bbox 1964 4239 3582 4315">
    <p class='ocr_par' dir='ltr' id='par_1_88' title="bbox 1964 4239 3582 4315">
     <span class='ocr_line' id='line_1_88' title="bbox 1964 4239 3582 4315; baseline 0.008 -25"><span class='ocrx_word' id='word_1_669' title='bbox 1964 4258 1984 4290; x_wconf 85' lang='grc'><strong><em>‹</em></strong></span> <span class='ocrx_word' id='word_1_670' title='bbox 2018 4249 2110 4294; x_wconf 89' lang='lat' dir='ltr'><strong>tua</strong></span> <span class='ocrx_word' id='word_1_671' title='bbox 2136 4239 2241 4294; x_wconf 91' lang='lat' dir='ltr'><strong>ﬁlia</strong></span> <span class='ocrx_word' id='word_1_672' title='bbox 2271 4240 2519 4307; x_wconf 85' lang='lat' dir='ltr'><strong>delicata,</strong></span> <span class='ocrx_word' id='word_1_673' title='bbox 2555 4255 2674 4311; x_wconf 85' lang='lat' dir='ltr'><strong>quae</strong></span> <span class='ocrx_word' id='word_1_674' title='bbox 2699 4242 3011 4298; x_wconf 89' lang='lat' dir='ltr'><strong>conﬁdebas</strong></span> <span class='ocrx_word' id='word_1_675' title='bbox 3044 4243 3096 4298; x_wconf 93' lang='lat' dir='ltr'><strong>in</strong></span> <span class='ocrx_word' id='word_1_676' title='bbox 3123 4245 3394 4302; x_wconf 77' lang='lat' dir='ltr'><strong>thesauris</strong></span> <span class='ocrx_word' id='word_1_677' title='bbox 3421 4247 3548 4315; x_wconf 89' lang='lat' dir='ltr'><strong>tuis,</strong></span> <span class='ocrx_word' id='word_1_678' title='bbox 3580 4272 3582 4274; x_wconf 61' lang='grc' dir='ltr'><strong><em>τ</em></strong></span> 
     </span>
    </p>
   </div>
   <div class='ocr_carea' id='block_1_89' title="bbox 1965 4329 3549 4407">
    <p class='ocr_par' dir='ltr' id='par_1_89' title="bbox 1965 4329 3549 4407">
     <span class='ocr_line' id='line_1_89' title="bbox 1965 4329 3549 4407; baseline 0.007 -25"><span class='ocrx_word' id='word_1_679' title='bbox 1965 4350 1984 4382; x_wconf 73' lang='grc' dir='ltr'><strong>Ι</strong></span> <span class='ocrx_word' id='word_1_680' title='bbox 2017 4339 2072 4386; x_wconf 92' lang='lat' dir='ltr'><strong>et</strong></span> <span class='ocrx_word' id='word_1_681' title='bbox 2098 4329 2317 4387; x_wconf 88' lang='lat' dir='ltr'><strong>dicebas</strong></span> <span class='ocrx_word' id='word_1_682' title='bbox 2347 4350 2359 4386; x_wconf 90' lang='lat'>:</span> <span class='ocrx_word' id='word_1_683' title='bbox 2389 4332 2520 4400; x_wconf 86' lang='lat' dir='ltr'><strong>Quis</strong></span> <span class='ocrx_word' id='word_1_684' title='bbox 2546 4334 2695 4403; x_wconf 83' lang='lat' dir='ltr'><strong>venit</strong></span> <span class='ocrx_word' id='word_1_685' title='bbox 2722 4334 2788 4388; x_wconf 85' lang='lat' dir='ltr'><strong>ad</strong></span> <span class='ocrx_word' id='word_1_686' title='bbox 2821 4335 2951 4391; x_wconf 85' lang='lat' dir='ltr'><strong>me?</strong></span> <span class='ocrx_word' id='word_1_687' title='bbox 2980 4333 3119 4392; x_wconf 84' lang='lat' dir='ltr'><strong>Ecce</strong></span> <span class='ocrx_word' id='word_1_688' title='bbox 3153 4351 3252 4407; x_wconf 84' lang='lat' dir='ltr'><strong>ego</strong></span> <span class='ocrx_word' id='word_1_689' title='bbox 3281 4338 3549 4393; x_wconf 86' lang='lat' dir='ltr'><strong>adducam</strong></span> 
     </span>
    </p>
   </div>
   <div class='ocr_carea' id='block_1_90' title="bbox 1966 4427 3551 4499">
    <p class='ocr_par' dir='ltr' id='par_1_90' title="bbox 1966 4427 3551 4499">
     <span class='ocr_line' id='line_1_90' title="bbox 1966 4427 3551 4499; baseline 0.006 -25"><span class='ocrx_word' id='word_1_690' title='bbox 1966 4443 1982 4474; x_wconf 73' lang='grc' dir='ltr'>ι</span> <span class='ocrx_word' id='word_1_691' title='bbox 2021 4440 2184 4494; x_wconf 89' lang='lat' dir='ltr'><strong>super</strong></span> <span class='ocrx_word' id='word_1_692' title='bbox 2217 4433 2266 4480; x_wconf 92' lang='lat' dir='ltr'><strong>te</strong></span> <span class='ocrx_word' id='word_1_693' title='bbox 2298 4433 2582 4492; x_wconf 89' lang='lat' dir='ltr'><strong>terrorem,</strong></span> <span class='ocrx_word' id='word_1_694' title='bbox 2614 4427 2689 4482; x_wconf 91' lang='lat' dir='ltr'><strong>ait</strong></span> <span class='ocrx_word' id='word_1_695' title='bbox 2720 4428 2980 4482; x_wconf 90' lang='lat' dir='ltr'><strong>Dominus</strong></span> <span class='ocrx_word' id='word_1_696' title='bbox 3010 4428 3154 4484; x_wconf 88' lang='lat' dir='ltr'><strong>Deus</strong></span> <span class='ocrx_word' id='word_1_697' title='bbox 3185 4431 3551 4499; x_wconf 83' lang='lat' dir='ltr'><strong>exercituum,</strong></span> 
     </span>
    </p>
   </div>
   <div class='ocr_carea' id='block_1_91' title="bbox 267 4515 3550 4612">
    <p class='ocr_par' dir='ltr' id='par_1_91' title="bbox 267 4515 3550 4612">
     <span class='ocr_line' id='line_1_91' title="bbox 267 4515 3550 4612; baseline 0.003 -35"><span class='ocrx_word' id='word_1_698' title='bbox 267 4523 543 4577; x_wconf 84' lang='lat' dir='ltr'><strong>confidunt</strong></span> <span class='ocrx_word' id='word_1_699' title='bbox 573 4523 625 4576; x_wconf 93' lang='lat' dir='ltr'><strong>in</strong></span> <span class='ocrx_word' id='word_1_700' title='bbox 675 4521 940 4591; x_wconf 86' lang='lat' dir='ltr'><strong>sapientia</strong></span> <span class='ocrx_word' id='word_1_701' title='bbox 988 4522 1244 4587; x_wconf 88' lang='lat' dir='ltr'><strong>humana,</strong></span> <span class='ocrx_word' id='word_1_702' title='bbox 1279 4530 1334 4576; x_wconf 91' lang='lat' dir='ltr'><strong>et</strong></span> <span class='ocrx_word' id='word_1_703' title='bbox 1363 4522 1675 4577; x_wconf 86' lang='lat' dir='ltr'><strong>deserviunt</strong></span> <span class='ocrx_word' id='word_1_704' title='bbox 1705 4538 1858 4578; x_wconf 90' lang='lat' dir='ltr'><strong>crro-</strong></span> <span class='ocrx_word' id='word_1_705' title='bbox 1885 4548 1936 4612; x_wconf 82' lang='lat' dir='ltr'><strong>D</strong></span> <span class='ocrx_word' id='word_1_706' title='bbox 1968 4536 1984 4566; x_wconf 69' lang='lat' dir='ltr'><strong>t</strong></span> <span class='ocrx_word' id='word_1_707' title='bbox 2023 4517 2090 4571; x_wconf 74' lang='lat' dir='ltr'><strong>ab</strong></span> <span class='ocrx_word' id='word_1_708' title='bbox 2114 4515 2426 4573; x_wconf 71' lang='lat' dir='ltr'><strong>hominibus</strong></span> <span class='ocrx_word' id='word_1_709' title='bbox 2451 4519 2541 4586; x_wconf 73' lang='lat' dir='ltr'><strong>(illi</strong></span> <span class='ocrx_word' id='word_1_710' title='bbox 2573 4528 2696 4573; x_wconf 74' lang='grc' dir='ltr'><strong>δυηῐ</strong></span> <span class='ocrx_word' id='word_1_711' title='bbox 2723 4519 2777 4572; x_wconf 72' lang='lat' dir='ltr'><strong>in</strong></span> <span class='ocrx_word' id='word_1_712' title='bbox 2820 4520 3052 4575; x_wconf 70' lang='lat' dir='ltr'><strong>Cil‘CUilu</strong></span> <span class='ocrx_word' id='word_1_713' title='bbox 3085 4527 3175 4576; x_wconf 77' lang='grc' dir='ltr'><strong>ιιΙΟ</strong></span> <span class='ocrx_word' id='word_1_714' title='bbox 3203 4539 3214 4575; x_wconf 77' lang='grc' dir='ltr'>ε</span> <span class='ocrx_word' id='word_1_715' title='bbox 3246 4529 3301 4577; x_wconf 67' lang='grc' dir='ltr'><strong>εἰ</strong></span> <span class='ocrx_word' id='word_1_716' title='bbox 3338 4521 3550 4592; x_wconf 66' lang='lat' dir='ltr'><strong>(“Sper-</strong></span> 
     </span>
    </p>
   </div>
   <div class='ocr_carea' id='block_1_92' title="bbox 267 4613 1856 4683">
    <p class='ocr_par' dir='ltr' id='par_1_92' title="bbox 267 4613 1856 4683">
     <span class='ocr_line' id='line_1_92' title="bbox 267 4613 1856 4683; baseline 0.001 -14"><span class='ocrx_word' id='word_1_717' title='bbox 267 4615 419 4669; x_wconf 90' lang='lat' dir='ltr'><strong>ribus</strong></span> <span class='ocrx_word' id='word_1_718' title='bbox 450 4613 702 4678; x_wconf 86' lang='lat' dir='ltr'><strong>diversis,</strong></span> <span class='ocrx_word' id='word_1_719' title='bbox 734 4628 833 4669; x_wconf 90' lang='lat' dir='ltr'><strong>nec</strong></span> <span class='ocrx_word' id='word_1_720' title='bbox 873 4613 1060 4667; x_wconf 87' lang='lat' dir='ltr'><strong>volunt</strong></span> <span class='ocrx_word' id='word_1_721' title='bbox 1089 4613 1275 4668; x_wconf 89' lang='lat' dir='ltr'><strong>audire</strong></span> <span class='ocrx_word' id='word_1_722' title='bbox 1309 4614 1632 4683; x_wconf 87' lang='lat' dir='ltr'><strong>sapientiam</strong></span> <span class='ocrx_word' id='word_1_723' title='bbox 1661 4615 1775 4680; x_wconf 90' lang='lat' dir='ltr'><strong>Dei,</strong></span> <span class='ocrx_word' id='word_1_724' title='bbox 1801 4625 1856 4670; x_wconf 88' lang='lat' dir='ltr'><strong>et</strong></span> 
     </span>
    </p>
   </div>
   <div class='ocr_carea' id='block_1_93' title="bbox 265 4703 1856 4777">
    <p class='ocr_par' dir='ltr' id='par_1_93' title="bbox 265 4703 1856 4777">
     <span class='ocr_line' id='line_1_93' title="bbox 265 4703 1856 4777; baseline -0.001 -16"><span class='ocrx_word' id='word_1_725' title='bbox 265 4704 476 4777; x_wconf 88' lang='lat' dir='ltr'><strong>legibus</strong></span> <span class='ocrx_word' id='word_1_726' title='bbox 507 4704 695 4774; x_wconf 87' lang='lat' dir='ltr'><strong>subjici</strong></span> <span class='ocrx_word' id='word_1_727' title='bbox 749 4705 945 4759; x_wconf 88' lang='lat' dir='ltr'><strong>divinis</strong></span> <span class='ocrx_word' id='word_1_728' title='bbox 971 4719 987 4757; x_wconf 89' lang='lat'><strong>:</strong></span> <span class='ocrx_word' id='word_1_729' title='bbox 1019 4705 1144 4774; x_wconf 91' lang='lat' dir='ltr'><strong>quia</strong></span> <span class='ocrx_word' id='word_1_730' title='bbox 1185 4703 1277 4759; x_wconf 91' lang='lat' dir='ltr'><strong>ﬁlii</strong></span> <span class='ocrx_word' id='word_1_731' title='bbox 1309 4713 1365 4758; x_wconf 89' lang='lat' dir='ltr'><strong>et</strong></span> <span class='ocrx_word' id='word_1_732' title='bbox 1393 4704 1515 4760; x_wconf 71' lang='lat' dir='ltr'><strong>ﬁiire</strong></span> <span class='ocrx_word' id='word_1_733' title='bbox 1567 4719 1755 4759; x_wconf 89' lang='lat' dir='ltr'><strong>eorum</strong></span> <span class='ocrx_word' id='word_1_734' title='bbox 1785 4707 1856 4760; x_wconf 89' lang='lat' dir='ltr'><strong>si-</strong></span> 
     </span>
    </p>
   </div>
   <div class='ocr_carea' id='block_1_94' title="bbox 265 4796 1855 4868">
    <p class='ocr_par' dir='ltr' id='par_1_94' title="bbox 265 4796 1855 4868">
     <span class='ocr_line' id='line_1_94' title="bbox 265 4796 1855 4868; baseline -0.002 -13"><span class='ocrx_word' id='word_1_735' title='bbox 265 4798 377 4855; x_wconf 86' lang='lat' dir='ltr'><strong>mul</strong></span> <span class='ocrx_word' id='word_1_736' title='bbox 429 4814 550 4852; x_wconf 90' lang='lat' dir='ltr'><strong>cum</strong></span> <span class='ocrx_word' id='word_1_737' title='bbox 599 4796 914 4868; x_wconf 89' lang='lat' dir='ltr'><strong>parentibus</strong></span> <span class='ocrx_word' id='word_1_738' title='bbox 967 4798 1103 4862; x_wconf 87' lang='lat' dir='ltr'><strong>suis,</strong></span> <span class='ocrx_word' id='word_1_739' title='bbox 1128 4797 1242 4861; x_wconf 85' lang='lat' dir='ltr'><strong>hoc</strong></span> <span class='ocrx_word' id='word_1_740' title='bbox 1298 4807 1399 4863; x_wconf 92' lang='lat' dir='ltr'><strong>est,</strong></span> <span class='ocrx_word' id='word_1_741' title='bbox 1450 4796 1694 4867; x_wconf 90' lang='lat' dir='ltr'><strong>discipuli</strong></span> <span class='ocrx_word' id='word_1_742' title='bbox 1733 4814 1855 4852; x_wconf 90' lang='lat' dir='ltr'><strong>cum</strong></span> 
     </span>
    </p>
   </div>
   <div class='ocr_carea' id='block_1_95' title="bbox 265 4888 1851 4961">
    <p class='ocr_par' dir='ltr' id='par_1_95' title="bbox 265 4888 1851 4961">
     <span class='ocr_line' id='line_1_95' title="bbox 265 4888 1851 4961; baseline -0.001 -15"><span class='ocrx_word' id='word_1_743' title='bbox 265 4891 541 4961; x_wconf 87' lang='lat' dir='ltr'><strong>magistris</strong></span> <span class='ocrx_word' id='word_1_744' title='bbox 592 4891 746 4946; x_wconf 92' lang='lat' dir='ltr'><strong>ibunt</strong></span> <span class='ocrx_word' id='word_1_745' title='bbox 782 4889 834 4944; x_wconf 93' lang='lat' dir='ltr'><strong>in</strong></span> <span class='ocrx_word' id='word_1_746' title='bbox 887 4888 1278 4958; x_wconf 88' lang='lat' dir='ltr'><strong>captivitatem,</strong></span> <span class='ocrx_word' id='word_1_747' title='bbox 1329 4890 1396 4945; x_wconf 89' lang='lat' dir='ltr'><strong>de</strong></span> <span class='ocrx_word' id='word_1_748' title='bbox 1432 4904 1538 4960; x_wconf 91' lang='lat' dir='ltr'><strong>qua</strong></span> <span class='ocrx_word' id='word_1_749' title='bbox 1587 4904 1693 4944; x_wconf 90' lang='lat' dir='ltr'><strong>non</strong></span> <span class='ocrx_word' id='word_1_750' title='bbox 1724 4904 1851 4960; x_wconf 86' lang='lat' dir='ltr'><strong>pos-</strong></span> 
     </span>
    </p>
   </div>
   <div class='ocr_carea' id='block_1_96' title="bbox 266 4983 1331 5056">
    <p class='ocr_par' dir='ltr' id='par_1_96' title="bbox 266 4983 1331 5056">
     <span class='ocr_line' id='line_1_96' title="bbox 266 4983 1331 5056; baseline -0.001 -18"><span class='ocrx_word' id='word_1_751' title='bbox 266 4993 390 5039; x_wconf 91' lang='lat' dir='ltr'><strong>sunt</strong></span> <span class='ocrx_word' id='word_1_752' title='bbox 411 4983 616 5056; x_wconf 84' lang='lat' dir='ltr'><strong>egredi.</strong></span> <span class='ocrx_word' id='word_1_753' title='bbox 651 4983 806 5052; x_wconf 88' lang='lat' dir='ltr'><strong>Quod</strong></span> <span class='ocrx_word' id='word_1_754' title='bbox 835 4989 1017 5037; x_wconf 87' lang='lat' dir='ltr'><strong>autem</strong></span> <span class='ocrx_word' id='word_1_755' title='bbox 1047 4983 1331 5052; x_wconf 87' lang='lat' dir='ltr'><strong>sequitur:</strong></span> 
     </span>
    </p>
   </div>
   <div class='ocr_carea' id='block_1_97' title="bbox 341 5073 1855 5147">
    <p class='ocr_par' dir='ltr' id='par_1_97' title="bbox 341 5073 1855 5147">
     <span class='ocr_line' id='line_1_97' title="bbox 341 5073 1855 5147; baseline 0.003 -20"><span class='ocrx_word' id='word_1_756' title='bbox 341 5096 358 5127; x_wconf 74' lang='grc' dir='ltr'><strong>ε</strong></span> <span class='ocrx_word' id='word_1_757' title='bbox 392 5076 458 5131; x_wconf 90' lang='lat' dir='ltr'><strong>Et</strong></span> <span class='ocrx_word' id='word_1_758' title='bbox 491 5085 804 5133; x_wconf 89' lang='lat' dir='ltr'><strong>convertam</strong></span> <span class='ocrx_word' id='word_1_759' title='bbox 832 5075 1206 5147; x_wconf 87' lang='lat' dir='ltr'><strong>captivitatem</strong></span> <span class='ocrx_word' id='word_1_760' title='bbox 1259 5073 1416 5132; x_wconf 86' lang='lat' dir='ltr'><strong>Moab</strong></span> <span class='ocrx_word' id='word_1_761' title='bbox 1445 5075 1500 5131; x_wconf 91' lang='lat' dir='ltr'><strong>in</strong></span> <span class='ocrx_word' id='word_1_762' title='bbox 1540 5075 1855 5133; x_wconf 87' lang='lat' dir='ltr'><strong>novissimis</strong></span> 
     </span>
    </p>
   </div>
   <div class='ocr_carea' id='block_1_98' title="bbox 273 5169 1855 5242">
    <p class='ocr_par' dir='ltr' id='par_1_98' title="bbox 273 5169 1855 5242">
     <span class='ocr_line' id='line_1_98' title="bbox 273 5169 1855 5242; baseline 0.005 -23"><span class='ocrx_word' id='word_1_763' title='bbox 273 5191 288 5219; x_wconf 71' lang='grc' dir='ltr'><strong>ε</strong></span> <span class='ocrx_word' id='word_1_764' title='bbox 333 5170 574 5236; x_wconf 45' lang='lat' dir='ltr'><strong>diebus;</strong></span> <span class='ocrx_word' id='word_1_765' title='bbox 603 5170 677 5225; x_wconf 89' lang='lat' dir='ltr'><strong>ait</strong></span> <span class='ocrx_word' id='word_1_766' title='bbox 727 5170 1012 5236; x_wconf 92' lang='lat' dir='ltr'><strong>Dominus,</strong></span> <span class='ocrx_word' id='word_1_767' title='bbox 1065 5189 1084 5222; x_wconf 74' lang='grc' dir='ltr'><strong><em>ι</em></strong></span> <span class='ocrx_word' id='word_1_768' title='bbox 1119 5169 1331 5226; x_wconf 86' lang='lat' dir='ltr'><strong>videtur</strong></span> <span class='ocrx_word' id='word_1_769' title='bbox 1372 5170 1506 5227; x_wconf 87' lang='lat' dir='ltr'><strong>mihi</strong></span> <span class='ocrx_word' id='word_1_770' title='bbox 1547 5172 1855 5242; x_wconf 87' lang='lat' dir='ltr'><strong>signiﬁcare</strong></span> 
     </span>
    </p>
   </div>
   <div class='ocr_carea' id='block_1_99' title="bbox 271 5255 1858 5335">
    <p class='ocr_par' dir='ltr' id='par_1_99' title="bbox 271 5255 1858 5335">
     <span class='ocr_line' id='line_1_99' title="bbox 271 5255 1858 5335; baseline 0.002 -19"><span class='ocrx_word' id='word_1_771' title='bbox 271 5271 515 5334; x_wconf 82' lang='lat' dir='ltr'><strong>tempora</strong></span> <span class='ocrx_word' id='word_1_772' title='bbox 550 5255 778 5335; x_wconf 69' lang='lat' dir='ltr'><strong>gratiae:</strong></span> <span class='ocrx_word' id='word_1_773' title='bbox 812 5265 865 5318; x_wconf 90' lang='lat' dir='ltr'><strong>in</strong></span> <span class='ocrx_word' id='word_1_774' title='bbox 899 5263 1095 5335; x_wconf 87' lang='lat' dir='ltr'><strong>quibus</strong></span> <span class='ocrx_word' id='word_1_775' title='bbox 1137 5265 1446 5335; x_wconf 90' lang='lat' dir='ltr'><strong>quicunque</strong></span> <span class='ocrx_word' id='word_1_776' title='bbox 1479 5264 1710 5319; x_wconf 89' lang='lat' dir='ltr'><strong>voluerit</strong></span> <span class='ocrx_word' id='word_1_777' title='bbox 1741 5279 1858 5319; x_wconf 84' lang='lat' dir='ltr'><strong>cre-</strong></span> 
     </span>
    </p>
   </div>
   <div class='ocr_carea' id='block_1_100' title="bbox 269 5355 1852 5427">
    <p class='ocr_par' dir='ltr' id='par_1_100' title="bbox 269 5355 1852 5427">
     <span class='ocr_line' id='line_1_100' title="bbox 269 5355 1852 5427; baseline -0.001 -19"><span class='ocrx_word' id='word_1_778' title='bbox 269 5355 396 5409; x_wconf 89' lang='lat' dir='ltr'><strong>dere</strong></span> <span class='ocrx_word' id='word_1_779' title='bbox 431 5355 498 5412; x_wconf 90' lang='lat' dir='ltr'><strong>de</strong></span> <span class='ocrx_word' id='word_1_780' title='bbox 527 5356 794 5411; x_wconf 86' lang='lat' dir='ltr'><strong>universis</strong></span> <span class='ocrx_word' id='word_1_781' title='bbox 827 5357 1096 5427; x_wconf 88' lang='lat' dir='ltr'><strong>gentibus,</strong></span> <span class='ocrx_word' id='word_1_782' title='bbox 1127 5365 1180 5412; x_wconf 91' lang='lat' dir='ltr'><strong>et</strong></span> <span class='ocrx_word' id='word_1_783' title='bbox 1209 5355 1453 5412; x_wconf 88' lang='lat' dir='ltr'><strong>converti</strong></span> <span class='ocrx_word' id='word_1_784' title='bbox 1492 5355 1560 5409; x_wconf 92' lang='lat' dir='ltr'><strong>ab</strong></span> <span class='ocrx_word' id='word_1_785' title='bbox 1590 5355 1852 5411; x_wconf 90' lang='lat' dir='ltr'><strong>idolorum</strong></span> 
     </span>
    </p>
   </div>
   <div class='ocr_carea' id='block_1_101' title="bbox 269 5445 1855 5516">
    <p class='ocr_par' dir='ltr' id='par_1_101' title="bbox 269 5445 1855 5516">
     <span class='ocr_line' id='line_1_101' title="bbox 269 5445 1855 5516; baseline 0.001 -16"><span class='ocrx_word' id='word_1_786' title='bbox 269 5445 505 5511; x_wconf 82' lang='lat' dir='ltr'><strong>cultura,</strong></span> <span class='ocrx_word' id='word_1_787' title='bbox 538 5462 659 5516; x_wconf 91' lang='lat' dir='ltr'><strong>spes</strong></span> <span class='ocrx_word' id='word_1_788' title='bbox 691 5447 764 5502; x_wconf 92' lang='lat' dir='ltr'><strong>illi</strong></span> <span class='ocrx_word' id='word_1_789' title='bbox 800 5449 1056 5504; x_wconf 87' lang='lat' dir='ltr'><strong>tribuitur</strong></span> <span class='ocrx_word' id='word_1_790' title='bbox 1085 5448 1274 5504; x_wconf 91' lang='lat' dir='ltr'><strong>salutis</strong></span> <span class='ocrx_word' id='word_1_791' title='bbox 1309 5454 1527 5504; x_wconf 69' lang='lat' dir='ltr'><strong>internae</strong></span> <span class='ocrx_word' id='word_1_792' title='bbox 1554 5464 1566 5499; x_wconf 94' lang='lat'>:</span> <span class='ocrx_word' id='word_1_793' title='bbox 1601 5447 1726 5516; x_wconf 92' lang='lat' dir='ltr'><strong>quia</strong></span> <span class='ocrx_word' id='word_1_794' title='bbox 1747 5462 1855 5502; x_wconf 88' lang='lat' dir='ltr'><strong>non</strong></span> 
     </span>
    </p>
   </div>
   <div class='ocr_carea' id='block_1_102' title="bbox 270 5540 1853 5612">
    <p class='ocr_par' dir='ltr' id='par_1_102' title="bbox 270 5540 1853 5612">
     <span class='ocr_line' id='line_1_102' title="bbox 270 5540 1853 5612; baseline -0.001 -16"><span class='ocrx_word' id='word_1_795' title='bbox 270 5549 351 5596; x_wconf 87' lang='lat' dir='ltr'><strong>est</strong></span> <span class='ocrx_word' id='word_1_796' title='bbox 377 5555 734 5611; x_wconf 90' lang='lat' dir='ltr'><strong>personarum</strong></span> <span class='ocrx_word' id='word_1_797' title='bbox 773 5550 1029 5612; x_wconf 86' lang='lat' dir='ltr'><strong>acceptor</strong></span> <span class='ocrx_word' id='word_1_798' title='bbox 1059 5543 1220 5608; x_wconf 90' lang='lat' dir='ltr'><strong>Deus,</strong></span> <span class='ocrx_word' id='word_1_799' title='bbox 1254 5542 1350 5597; x_wconf 85' lang='lat' dir='ltr'><strong>sed</strong></span> <span class='ocrx_word' id='word_1_800' title='bbox 1374 5543 1429 5595; x_wconf 91' lang='lat' dir='ltr'><strong>in</strong></span> <span class='ocrx_word' id='word_1_801' title='bbox 1484 5540 1633 5595; x_wconf 89' lang='lat' dir='ltr'><strong>omni</strong></span> <span class='ocrx_word' id='word_1_802' title='bbox 1674 5549 1853 5611; x_wconf 90' lang='lat' dir='ltr'><strong>gente,</strong></span> 
     </span>
    </p>
   </div>
   <div class='ocr_carea' id='block_1_103' title="bbox 271 5630 1858 5704">
    <p class='ocr_par' dir='ltr' id='par_1_103' title="bbox 271 5630 1858 5704">
     <span class='ocr_line' id='line_1_103' title="bbox 271 5630 1858 5704; baseline 0 -18"><span class='ocrx_word' id='word_1_803' title='bbox 271 5633 361 5704; x_wconf 86' lang='lat' dir='ltr'><strong>qui</strong></span> <span class='ocrx_word' id='word_1_804' title='bbox 391 5633 543 5686; x_wconf 88' lang='lat' dir='ltr'><strong>timet</strong></span> <span class='ocrx_word' id='word_1_805' title='bbox 597 5630 767 5686; x_wconf 90' lang='lat' dir='ltr'><strong>Deum</strong></span> <span class='ocrx_word' id='word_1_806' title='bbox 815 5640 871 5687; x_wconf 91' lang='lat' dir='ltr'><strong>et</strong></span> <span class='ocrx_word' id='word_1_807' title='bbox 898 5641 1152 5702; x_wconf 84' lang='lat' dir='ltr'><strong>operatus</strong></span> <span class='ocrx_word' id='word_1_808' title='bbox 1193 5644 1274 5689; x_wconf 86' lang='lat' dir='ltr'><strong>est</strong></span> <span class='ocrx_word' id='word_1_809' title='bbox 1298 5632 1565 5702; x_wconf 82' lang='lat' dir='ltr'><strong>justitiam</strong></span> <span class='ocrx_word' id='word_1_810' title='bbox 1603 5643 1858 5701; x_wconf 82' lang='lat' dir='ltr'><strong>acceptus</strong></span> 
     </span>
    </p>
   </div>
   <div class='ocr_carea' id='block_1_104' title="bbox 272 5721 1856 5792">
    <p class='ocr_par' dir='ltr' id='par_1_104' title="bbox 272 5721 1856 5792">
     <span class='ocr_line' id='line_1_104' title="bbox 272 5721 1856 5792; baseline -0.001 -14"><span class='ocrx_word' id='word_1_811' title='bbox 272 5733 354 5779; x_wconf 82' lang='lat' dir='ltr'><strong>est</strong></span> <span class='ocrx_word' id='word_1_812' title='bbox 381 5723 477 5778; x_wconf 84' lang='lat' dir='ltr'><strong>illi.</strong></span> <span class='ocrx_word' id='word_1_813' title='bbox 512 5745 528 5772; x_wconf 73' lang='grc' dir='ltr'><strong>ει</strong></span> <span class='ocrx_word' id='word_1_814' title='bbox 567 5721 632 5776; x_wconf 86' lang='lat' dir='ltr'><strong>Et</strong></span> <span class='ocrx_word' id='word_1_815' title='bbox 658 5722 784 5788; x_wconf 84' lang='lat' dir='ltr'><strong>crit,</strong></span> <span class='ocrx_word' id='word_1_816' title='bbox 814 5721 965 5792; x_wconf 76' lang='lat' dir='ltr'><strong>juxta</strong></span> <span class='ocrx_word' id='word_1_817' title='bbox 999 5725 1339 5792; x_wconf 82' lang='lat' dir='ltr'><strong>prophetiam</strong></span> <span class='ocrx_word' id='word_1_818' title='bbox 1385 5721 1518 5788; x_wconf 74' lang='lat' dir='ltr'><strong>Jucl,</strong></span> <span class='ocrx_word' id='word_1_819' title='bbox 1551 5724 1856 5792; x_wconf 67' lang='lat' dir='ltr'><strong>quicunque</strong></span> 
     </span>
    </p>
   </div>
   <div class='ocr_carea' id='block_1_105' title="bbox 274 5815 1849 5888">
    <p class='ocr_par' dir='ltr' id='par_1_105' title="bbox 274 5815 1849 5888">
     <span class='ocr_line' id='line_1_105' title="bbox 274 5815 1849 5888; baseline -0.004 -14"><span class='ocrx_word' id='word_1_820' title='bbox 274 5817 606 5875; x_wconf 87' lang='lat' dir='ltr'><strong>invocaverit</strong></span> <span class='ocrx_word' id='word_1_821' title='bbox 645 5833 841 5873; x_wconf 85' lang='lat' dir='ltr'><strong>nomen</strong></span> <span class='ocrx_word' id='word_1_822' title='bbox 895 5815 1105 5873; x_wconf 89' lang='lat' dir='ltr'><strong>Domini</strong></span> <span class='ocrx_word' id='word_1_823' title='bbox 1161 5817 1338 5873; x_wconf 81' lang='lat' dir='ltr'><strong>salvus</strong></span> <span class='ocrx_word' id='word_1_824' title='bbox 1368 5820 1467 5873; x_wconf 85' lang='lat' dir='ltr'><strong>erit</strong></span> <span class='ocrx_word' id='word_1_825' title='bbox 1510 5819 1667 5888; x_wconf 63' lang='grc' dir='ltr'><strong>(Δωρί.</strong></span> <span class='ocrx_word' id='word_1_826' title='bbox 1706 5827 1785 5888; x_wconf 80' lang='lat' dir='ltr'><strong>n).</strong></span> <span class='ocrx_word' id='word_1_827' title='bbox 1833 5838 1849 5868; x_wconf 68' lang='grc' dir='ltr'><strong><em>ι</em></strong></span> 
     </span>
    </p>
   </div>
   <div class='ocr_carea' id='block_1_106' title="bbox 1970 4609 3553 4682">
    <p class='ocr_par' dir='ltr' id='par_1_106' title="bbox 1970 4609 3553 4682">
     <span class='ocr_line' id='line_1_106' title="bbox 1970 4609 3553 4682; baseline 0.003 -21"><span class='ocrx_word' id='word_1_828' title='bbox 1970 4628 1990 4661; x_wconf 84' lang='grc'><em>‹</em></span> <span class='ocrx_word' id='word_1_829' title='bbox 2023 4611 2208 4680; x_wconf 85' lang='lat' dir='ltr'><strong>gimini</strong></span> <span class='ocrx_word' id='word_1_830' title='bbox 2267 4609 2461 4680; x_wconf 87' lang='lat' dir='ltr'><strong>singuli</strong></span> <span class='ocrx_word' id='word_1_831' title='bbox 2493 4626 2520 4662; x_wconf 90' lang='lat' dir='ltr'><strong>a</strong></span> <span class='ocrx_word' id='word_1_832' title='bbox 2552 4619 2842 4679; x_wconf 85' lang='lat' dir='ltr'><strong>conspectu</strong></span> <span class='ocrx_word' id='word_1_833' title='bbox 2898 4619 3103 4678; x_wconf 86' lang='lat' dir='ltr'><strong>vestro,</strong></span> <span class='ocrx_word' id='word_1_834' title='bbox 3162 4625 3263 4667; x_wconf 87' lang='lat' dir='ltr'><strong>nec</strong></span> <span class='ocrx_word' id='word_1_835' title='bbox 3325 4613 3431 4667; x_wconf 90' lang='lat' dir='ltr'><strong>crit</strong></span> <span class='ocrx_word' id='word_1_836' title='bbox 3460 4614 3553 4682; x_wconf 89' lang='lat' dir='ltr'><strong>qui</strong></span> 
     </span>
    </p>
   </div>
   <div class='ocr_carea' id='block_1_107' title="bbox 1968 4699 3552 4770">
    <p class='ocr_par' dir='ltr' id='par_1_107' title="bbox 1968 4699 3552 4770">
     <span class='ocr_line' id='line_1_107' title="bbox 1968 4699 3552 4770; baseline 0.004 -20"><span class='ocrx_word' id='word_1_837' title='bbox 1968 4718 1986 4750; x_wconf 83' lang='grc'><em>‹</em></span> <span class='ocrx_word' id='word_1_838' title='bbox 2024 4710 2314 4770; x_wconf 84' lang='lat' dir='ltr'><strong>congregct</strong></span> <span class='ocrx_word' id='word_1_839' title='bbox 2345 4699 2632 4770; x_wconf 87' lang='lat' dir='ltr'><strong>fugientes.</strong></span> <span class='ocrx_word' id='word_1_840' title='bbox 2680 4717 2696 4749; x_wconf 74' lang='grc' dir='ltr'><strong><em>ι</em></strong></span> <span class='ocrx_word' id='word_1_841' title='bbox 2742 4699 2976 4754; x_wconf 76' lang='lat' dir='ltr'><strong>Vallium</strong></span> <span class='ocrx_word' id='word_1_842' title='bbox 3009 4702 3229 4756; x_wconf 85' lang='lat' dir='ltr'><strong>nomine</strong></span> <span class='ocrx_word' id='word_1_843' title='bbox 3277 4699 3552 4757; x_wconf 80' lang='lat' dir='ltr'><strong>fruetuum</strong></span> 
     </span>
    </p>
   </div>
   <div class='ocr_carea' id='block_1_108' title="bbox 1961 4793 3552 4865">
    <p class='ocr_par' dir='ltr' id='par_1_108' title="bbox 1961 4793 3552 4865">
     <span class='ocr_line' id='line_1_108' title="bbox 1961 4793 3552 4865; baseline 0.003 -17"><span class='ocrx_word' id='word_1_844' title='bbox 1961 4794 2346 4849; x_wconf 84' lang='lat' dir='ltr'><strong>abundantiam</strong></span> <span class='ocrx_word' id='word_1_845' title='bbox 2383 4793 2652 4865; x_wconf 86' lang='lat' dir='ltr'><strong>designat,</strong></span> <span class='ocrx_word' id='word_1_846' title='bbox 2683 4793 2735 4847; x_wconf 92' lang='lat' dir='ltr'><strong>in</strong></span> <span class='ocrx_word' id='word_1_847' title='bbox 2784 4807 2888 4864; x_wconf 89' lang='lat' dir='ltr'><strong>qua</strong></span> <span class='ocrx_word' id='word_1_848' title='bbox 2917 4794 3241 4851; x_wconf 81' lang='lat' dir='ltr'><strong>Ammonitae</strong></span> <span class='ocrx_word' id='word_1_849' title='bbox 3272 4797 3552 4852; x_wconf 89' lang='lat' dir='ltr'><strong>conﬁden-</strong></span> 
     </span>
    </p>
   </div>
   <div class='ocr_carea' id='block_1_109' title="bbox 1961 4885 3552 4956">
    <p class='ocr_par' dir='ltr' id='par_1_109' title="bbox 1961 4885 3552 4956">
     <span class='ocr_line' id='line_1_109' title="bbox 1961 4885 3552 4956; baseline 0.001 -16"><span class='ocrx_word' id='word_1_850' title='bbox 1961 4893 2042 4940; x_wconf 88' lang='lat' dir='ltr'><strong>tes</strong></span> <span class='ocrx_word' id='word_1_851' title='bbox 2065 4886 2287 4940; x_wconf 90' lang='lat' dir='ltr'><strong>minime</strong></span> <span class='ocrx_word' id='word_1_852' title='bbox 2336 4885 2402 4939; x_wconf 91' lang='lat' dir='ltr'><strong>ad</strong></span> <span class='ocrx_word' id='word_1_853' title='bbox 2433 4885 2714 4956; x_wconf 88' lang='lat' dir='ltr'><strong>penuriam</strong></span> <span class='ocrx_word' id='word_1_854' title='bbox 2747 4900 2825 4939; x_wconf 68' lang='lat' dir='ltr'><strong>se</strong></span> <span class='ocrx_word' id='word_1_855' title='bbox 2874 4900 3034 4956; x_wconf 86' lang='lat' dir='ltr'><strong>posse</strong></span> <span class='ocrx_word' id='word_1_856' title='bbox 3067 4886 3252 4942; x_wconf 86' lang='lat' dir='ltr'><strong>venire</strong></span> <span class='ocrx_word' id='word_1_857' title='bbox 3299 4887 3552 4942; x_wconf 88' lang='lat' dir='ltr'><strong>arbitrati</strong></span> 
     </span>
    </p>
   </div>
   <div class='ocr_carea' id='block_1_110' title="bbox 1961 4974 3553 5046">
    <p class='ocr_par' dir='ltr' id='par_1_110' title="bbox 1961 4974 3553 5046">
     <span class='ocr_line' id='line_1_110' title="bbox 1961 4974 3553 5046; baseline 0.001 -15"><span class='ocrx_word' id='word_1_858' title='bbox 1961 4985 2086 5031; x_wconf 89' lang='lat' dir='ltr'><strong>sunt</strong></span> <span class='ocrx_word' id='word_1_859' title='bbox 2119 4995 2130 5029; x_wconf 94' lang='lat'><strong>:</strong></span> <span class='ocrx_word' id='word_1_860' title='bbox 2163 4975 2257 5031; x_wconf 90' lang='lat' dir='ltr'><strong>sed</strong></span> <span class='ocrx_word' id='word_1_861' title='bbox 2308 4974 2520 5031; x_wconf 90' lang='lat' dir='ltr'><strong>Domini</strong></span> <span class='ocrx_word' id='word_1_862' title='bbox 2573 4975 2740 5030; x_wconf 87' lang='lat' dir='ltr'><strong>verbo</strong></span> <span class='ocrx_word' id='word_1_863' title='bbox 2767 4975 3167 5046; x_wconf 63' lang='lat' dir='ltr'><strong>praenuntiatur</strong></span> <span class='ocrx_word' id='word_1_864' title='bbox 3193 4977 3272 5032; x_wconf 88' lang='lat' dir='ltr'><strong>eis</strong></span> <span class='ocrx_word' id='word_1_865' title='bbox 3301 4976 3553 5034; x_wconf 84' lang='lat' dir='ltr'><strong>devasta-</strong></span> 
     </span>
    </p>
   </div>
   <div class='ocr_carea' id='block_1_111' title="bbox 1961 5067 3554 5141">
    <p class='ocr_par' dir='ltr' id='par_1_111' title="bbox 1961 5067 3554 5141">
     <span class='ocr_line' id='line_1_111' title="bbox 1961 5067 3554 5141; baseline 0 -15"><span class='ocrx_word' id='word_1_866' title='bbox 1961 5071 2035 5126; x_wconf 91' lang='lat' dir='ltr'><strong>tio</strong></span> <span class='ocrx_word' id='word_1_867' title='bbox 2060 5081 2115 5125; x_wconf 90' lang='lat' dir='ltr'><strong>et</strong></span> <span class='ocrx_word' id='word_1_868' title='bbox 2166 5069 2430 5140; x_wconf 91' lang='lat' dir='ltr'><strong>dispersio</strong></span> <span class='ocrx_word' id='word_1_869' title='bbox 2481 5069 2680 5125; x_wconf 86' lang='lat' dir='ltr'><strong>futura.</strong></span> <span class='ocrx_word' id='word_1_870' title='bbox 2734 5067 2986 5126; x_wconf 83' lang='lat' dir='ltr'><strong>Ezechiel</strong></span> <span class='ocrx_word' id='word_1_871' title='bbox 3038 5085 3252 5141; x_wconf 90' lang='lat' dir='ltr'><strong>quoque</strong></span> <span class='ocrx_word' id='word_1_872' title='bbox 3302 5069 3554 5129; x_wconf 86' lang='lat' dir='ltr'><strong>similiter</strong></span> 
     </span>
    </p>
   </div>
   <div class='ocr_carea' id='block_1_112' title="bbox 1960 5159 3554 5233">
    <p class='ocr_par' dir='ltr' id='par_1_112' title="bbox 1960 5159 3554 5233">
     <span class='ocr_line' id='line_1_112' title="bbox 1960 5159 3554 5233; baseline 0.001 -15"><span class='ocrx_word' id='word_1_873' title='bbox 1960 5170 2149 5218; x_wconf 89' lang='lat' dir='ltr'><strong>contra</strong></span> <span class='ocrx_word' id='word_1_874' title='bbox 2196 5159 2334 5218; x_wconf 90' lang='lat' dir='ltr'><strong>ﬁlios</strong></span> <span class='ocrx_word' id='word_1_875' title='bbox 2359 5160 2591 5217; x_wconf 82' lang='lat' dir='ltr'><strong>Ammon</strong></span> <span class='ocrx_word' id='word_1_876' title='bbox 2639 5162 3004 5233; x_wconf 90' lang='lat' dir='ltr'><strong>prophetavit,</strong></span> <span class='ocrx_word' id='word_1_877' title='bbox 3039 5163 3268 5218; x_wconf 87' lang='lat' dir='ltr'><strong>dicens:</strong></span> <span class='ocrx_word' id='word_1_878' title='bbox 3307 5183 3324 5215; x_wconf 86' lang='grc'><strong>‹</strong></span> <span class='ocrx_word' id='word_1_879' title='bbox 3355 5159 3554 5220; x_wconf 81' lang='lat' dir='ltr'><strong>Audite</strong></span> 
     </span>
    </p>
   </div>
   <div class='ocr_carea' id='block_1_113' title="bbox 1959 5249 3548 5328">
    <p class='ocr_par' dir='ltr' id='par_1_113' title="bbox 1959 5249 3548 5328">
     <span class='ocr_line' id='line_1_113' title="bbox 1959 5249 3548 5328; baseline 0.001 -18"><span class='ocrx_word' id='word_1_880' title='bbox 1959 5255 2182 5310; x_wconf 89' lang='lat' dir='ltr'><strong>verbum</strong></span> <span class='ocrx_word' id='word_1_881' title='bbox 2238 5255 2451 5310; x_wconf 90' lang='lat' dir='ltr'><strong>Domini</strong></span> <span class='ocrx_word' id='word_1_882' title='bbox 2483 5275 2494 5310; x_wconf 88' lang='lat'><strong>:</strong></span> <span class='ocrx_word' id='word_1_883' title='bbox 2535 5249 2659 5311; x_wconf 70' lang='lat' dir='ltr'><strong>Hzec</strong></span> <span class='ocrx_word' id='word_1_884' title='bbox 2711 5249 2842 5311; x_wconf 87' lang='lat' dir='ltr'><strong>di’cit</strong></span> <span class='ocrx_word' id='word_1_885' title='bbox 2870 5255 3130 5310; x_wconf 90' lang='lat' dir='ltr'><strong>Dominus</strong></span> <span class='ocrx_word' id='word_1_886' title='bbox 3163 5255 3346 5313; x_wconf 89' lang='lat' dir='ltr'><strong>Deus:</strong></span> <span class='ocrx_word' id='word_1_887' title='bbox 3379 5255 3548 5328; x_wconf 82' lang='lat' dir='ltr'><strong>Euge,</strong></span> 
     </span>
    </p>
   </div>
   <div class='ocr_carea' id='block_1_114' title="bbox 1959 5346 3549 5420">
    <p class='ocr_par' dir='ltr' id='par_1_114' title="bbox 1959 5346 3549 5420">
     <span class='ocr_line' id='line_1_114' title="bbox 1959 5346 3549 5420; baseline -0.001 -17"><span class='ocrx_word' id='word_1_888' title='bbox 1959 5361 2116 5418; x_wconf 89' lang='lat' dir='ltr'><strong>euge,</strong></span> <span class='ocrx_word' id='word_1_889' title='bbox 2174 5359 2339 5416; x_wconf 89' lang='lat' dir='ltr'><strong>super</strong></span> <span class='ocrx_word' id='word_1_890' title='bbox 2393 5347 2763 5403; x_wconf 88' lang='lat' dir='ltr'><strong>sanctuarium</strong></span> <span class='ocrx_word' id='word_1_891' title='bbox 2822 5361 3023 5412; x_wconf 89' lang='lat' dir='ltr'><strong>meum,</strong></span> <span class='ocrx_word' id='word_1_892' title='bbox 3071 5347 3186 5402; x_wconf 90' lang='lat' dir='ltr'><strong>sive</strong></span> <span class='ocrx_word' id='word_1_893' title='bbox 3219 5346 3348 5417; x_wconf 85' lang='lat' dir='ltr'><strong>quia</strong></span> <span class='ocrx_word' id='word_1_894' title='bbox 3377 5346 3549 5420; x_wconf 87' lang='lat' dir='ltr'><strong>gavisi</strong></span> 
     </span>
    </p>
   </div>
   <div class='ocr_carea' id='block_1_115' title="bbox 1958 5437 3547 5512">
    <p class='ocr_par' dir='ltr' id='par_1_115' title="bbox 1958 5437 3547 5512">
     <span class='ocr_line' id='line_1_115' title="bbox 1958 5437 3547 5512; baseline -0.002 -15"><span class='ocrx_word' id='word_1_895' title='bbox 1958 5441 2089 5497; x_wconf 90' lang='lat' dir='ltr'><strong>estis</strong></span> <span class='ocrx_word' id='word_1_896' title='bbox 2121 5449 2284 5512; x_wconf 90' lang='lat' dir='ltr'><strong>super</strong></span> <span class='ocrx_word' id='word_1_897' title='bbox 2311 5439 2679 5496; x_wconf 87' lang='lat' dir='ltr'><strong>sanctuarium</strong></span> <span class='ocrx_word' id='word_1_898' title='bbox 2728 5451 2932 5505; x_wconf 88' lang='lat' dir='ltr'><strong>meum,</strong></span> <span class='ocrx_word' id='word_1_899' title='bbox 2987 5439 3113 5509; x_wconf 91' lang='lat' dir='ltr'><strong>quia</strong></span> <span class='ocrx_word' id='word_1_900' title='bbox 3146 5437 3411 5509; x_wconf 89' lang='lat' dir='ltr'><strong>pollutum</strong></span> <span class='ocrx_word' id='word_1_901' title='bbox 3441 5444 3547 5507; x_wconf 87' lang='lat' dir='ltr'><strong>est,</strong></span> 
     </span>
    </p>
   </div>
   <div class='ocr_carea' id='block_1_116' title="bbox 1960 5531 3550 5604">
    <p class='ocr_par' dir='ltr' id='par_1_116' title="bbox 1960 5531 3550 5604">
     <span class='ocr_line' id='line_1_116' title="bbox 1960 5531 3550 5604; baseline -0.003 -14"><span class='ocrx_word' id='word_1_902' title='bbox 1960 5543 2014 5590; x_wconf 90' lang='lat' dir='ltr'><strong>et</strong></span> <span class='ocrx_word' id='word_1_903' title='bbox 2042 5544 2205 5604; x_wconf 85' lang='lat' dir='ltr'><strong>super</strong></span> <span class='ocrx_word' id='word_1_904' title='bbox 2236 5541 2436 5587; x_wconf 85' lang='lat' dir='ltr'><strong>terram</strong></span> <span class='ocrx_word' id='word_1_905' title='bbox 2490 5531 2672 5597; x_wconf 88' lang='lat' dir='ltr'><strong>lsrael,</strong></span> <span class='ocrx_word' id='word_1_906' title='bbox 2729 5532 2854 5601; x_wconf 88' lang='lat' dir='ltr'><strong>quia</strong></span> <span class='ocrx_word' id='word_1_907' title='bbox 2907 5531 3142 5588; x_wconf 85' lang='lat' dir='ltr'><strong>desolata</strong></span> <span class='ocrx_word' id='word_1_908' title='bbox 3175 5539 3278 5597; x_wconf 89' lang='lat' dir='ltr'><strong>est,</strong></span> <span class='ocrx_word' id='word_1_909' title='bbox 3307 5541 3362 5588; x_wconf 90' lang='lat' dir='ltr'><strong>et</strong></span> <span class='ocrx_word' id='word_1_910' title='bbox 3386 5547 3550 5603; x_wconf 90' lang='lat' dir='ltr'><strong>super</strong></span> 
     </span>
    </p>
   </div>
   <div class='ocr_carea' id='block_1_117' title="bbox 1960 5624 3543 5695">
    <p class='ocr_par' dir='ltr' id='par_1_117' title="bbox 1960 5624 3543 5695">
     <span class='ocr_line' id='line_1_117' title="bbox 1960 5624 3543 5695; baseline -0.005 -11"><span class='ocrx_word' id='word_1_911' title='bbox 1960 5628 2177 5684; x_wconf 88' lang='lat' dir='ltr'><strong>domum</strong></span> <span class='ocrx_word' id='word_1_912' title='bbox 2201 5625 2360 5691; x_wconf 84' lang='lat' dir='ltr'><strong>Juda,</strong></span> <span class='ocrx_word' id='word_1_913' title='bbox 2397 5625 2650 5695; x_wconf 88' lang='lat' dir='ltr'><strong>quoniam</strong></span> <span class='ocrx_word' id='word_1_914' title='bbox 2698 5624 2843 5680; x_wconf 89' lang='lat' dir='ltr'><strong>ducti</strong></span> <span class='ocrx_word' id='word_1_915' title='bbox 2899 5635 3027 5680; x_wconf 88' lang='lat' dir='ltr'><strong>sunt</strong></span> <span class='ocrx_word' id='word_1_916' title='bbox 3053 5625 3104 5678; x_wconf 93' lang='lat' dir='ltr'><strong>in</strong></span> <span class='ocrx_word' id='word_1_917' title='bbox 3133 5624 3543 5695; x_wconf 85' lang='lat' dir='ltr'><strong>captivitatem:</strong></span> 
     </span>
    </p>
   </div>
   <div class='ocr_carea' id='block_1_118' title="bbox 1962 5715 3541 5790">
    <p class='ocr_par' dir='ltr' id='par_1_118' title="bbox 1962 5715 3541 5790">
     <span class='ocr_line' id='line_1_118' title="bbox 1962 5715 3541 5790; baseline -0.005 -14"><span class='ocrx_word' id='word_1_918' title='bbox 1962 5724 2162 5778; x_wconf 89' lang='lat' dir='ltr'><strong>idcirco</strong></span> <span class='ocrx_word' id='word_1_919' title='bbox 2199 5737 2298 5790; x_wconf 66' lang='lat' dir='ltr'><strong>ego</strong></span> <span class='ocrx_word' id='word_1_920' title='bbox 2327 5721 2533 5775; x_wconf 86' lang='lat' dir='ltr'><strong>tradam</strong></span> <span class='ocrx_word' id='word_1_921' title='bbox 2565 5726 2615 5773; x_wconf 86' lang='lat' dir='ltr'><strong>te</strong></span> <span class='ocrx_word' id='word_1_922' title='bbox 2663 5717 2788 5774; x_wconf 90' lang='lat' dir='ltr'><strong>ﬁliis</strong></span> <span class='ocrx_word' id='word_1_923' title='bbox 2819 5718 3197 5782; x_wconf 88' lang='lat' dir='ltr'><strong>orientalibus,</strong></span> <span class='ocrx_word' id='word_1_924' title='bbox 3232 5718 3346 5772; x_wconf 87' lang='lat' dir='ltr'><strong>sive</strong></span> <span class='ocrx_word' id='word_1_925' title='bbox 3375 5715 3541 5778; x_wconf 86' lang='lat' dir='ltr'><strong>Eden,</strong></span> 
     </span>
    </p>
   </div>
   <div class='ocr_carea' id='block_1_119' title="bbox 1957 5807 3549 5871">
    <p class='ocr_par' dir='ltr' id='par_1_119' title="bbox 1957 5807 3549 5871">
     <span class='ocr_line' id='line_1_119' title="bbox 1957 5807 3549 5871; baseline -0.006 -1"><span class='ocrx_word' id='word_1_926' title='bbox 1957 5817 2014 5871; x_wconf 90' lang='lat' dir='ltr'><strong>in</strong></span> <span class='ocrx_word' id='word_1_927' title='bbox 2073 5813 2457 5869; x_wconf 79' lang='lat' dir='ltr'><strong>lnereditatem.</strong></span> <span class='ocrx_word' id='word_1_928' title='bbox 2517 5809 2869 5866; x_wconf 88' lang='lat' dir='ltr'><strong>Collocabunt</strong></span> <span class='ocrx_word' id='word_1_929' title='bbox 2915 5811 3099 5866; x_wconf 86' lang='lat' dir='ltr'><strong>caulas</strong></span> <span class='ocrx_word' id='word_1_930' title='bbox 3127 5823 3252 5865; x_wconf 88' lang='lat' dir='ltr'><strong>suas</strong></span> <span class='ocrx_word' id='word_1_931' title='bbox 3283 5807 3336 5862; x_wconf 81' lang='lat' dir='ltr'><strong>in</strong></span> <span class='ocrx_word' id='word_1_932' title='bbox 3367 5815 3417 5862; x_wconf 90' lang='lat' dir='ltr'><strong>te</strong></span> <span class='ocrx_word' id='word_1_933' title='bbox 3446 5825 3457 5861; x_wconf 90' lang='lat'><strong><em>:</em></strong></span> <span class='ocrx_word' id='word_1_934' title='bbox 3492 5815 3549 5860; x_wconf 87' lang='lat' dir='ltr'><strong>et</strong></span> 
     </span>
    </p>
   </div>
  </div>
