4044 6326
564 300 724 387 1127'

1208 315 1273 374 ιι.
1314 319 1571 401 assam
1605 320 1828 395 111111111
1862 322 2199 411 menter“
2221 324 2531 421 Monum.
2561 285 2848 411 ornant:
2883 332 3065 393 rans
3096 336 3186 394 1u.

2860 224 2869 231 ι

2817 238 2864 247 ,ιδ

3698 345 3870 406 1128

560 410 764 498 ponent
787 425 844 483 in
875 435 928 511 te
948 429 1182 488 tentoria
1212 445 1329 486 sua.
1362 431 1469 517 Ipsi
1492 433 1775 489 comedent
1800 433 1981 507 fruges
2002 443 2145 523 tuas,
2171 440 2223 501 Α
2248 418 2540 510 A1nds,qui
2564 453 2752 503 contra
2777 444 3065 503 ldumaeam
3093 457 3150 507 et
3167 448 3340 515 Edom
3364 452 3646 512 vaticinati
3668 468 3810 513 sunt
3838 477 3856 513 :

509 522 616 579 "et
639 523 743 593 ipsi
769 514 955 596 bibent
1004 523 1109 601 lac,
1134 516 1139 531 ”
1162 526 1275 581 sive
1317 506 1621 605 ubertatem
1668 536 1836 581 tuam.
1888 506 2144 603 Daboque

506 604 522 627 ³
548 604 809 670 Ἠιιιιὺίιιῐι
838 616 892 693 in
918 604 1281 674 habitaculum
1318 602 1670 686 camelorum,
1721 620 1836 677 sive
1866 602 2143 679 Civitatem
2192 622 2196 627 ’

514 694 787 763 “”Ᾰιηιιιοιι
818 692 884 762 ιη’
912 696 1117 780 pascua
1170 702 1529 791 camelorum,
1574 720 1638 785 et
1654 710 1792 793 ﬁlios
1816 698 2055 793 'Ammon
2086 714 2142 769 in

556 798 734 854 cubile
785 794 1089 870 pecorum:
1132 808 1187 856 et
1238 786 1447 869 scietis
1481 803 1607 873 quia
1650 788 1750 877 ego
1776 786 2078 860 Dominus.
2116 823 2137 858 1

506 884 829 971 (Hierom)
857 876 1150 971 PosSumus
1182 890 1336 971 juxta
1368 876 1723 971 tropologiam
1751 893 1890 950 ﬁlios
1909 894 2141 952 Ammon

506 968 1003 1050 'intelligere‘,‘qui
1048 980 1116 1038 de
1167 966 1305 1038 Loth
1336 966 1419 1038 in‘
1446 966 1701 1055 spelunca
1743 987 1985 1058 generati
2014 994 2142 1043 sunt

532 1066 859 1136 ‘s'e'mineget
890 1062 1225 1141 generatiin
1272 1062 1550 1133 ebrietate
1583 1084 1637 1131 et
1674 1076 1923 1144 incesto,
1946 1072 2137 1135 omnes

503 1146 862 1243 "haereticos;
896 1160 971 1215 De
1023 1161 1220 1232 quibus
1248 1164 1397 1247 dicit
1447 1176 1503 1223 et
1550 1162 1829 1238 apostolus
1860 1160 2136 1253 JOannes:

500 1326 511 1335 κ
538 1238 577 1305 ίί
607 1251 687 1308 Ex
718 1238 878 1310 nobis
913 1246 1184 1337 exierunt,
1216 1244 1311 1314 sed
1338 1248 1495 1315 ‘n‘on‘
1523 1261 1745 1317 fuerunt
1771 1277 1839 1318 ex
1873 1242 2049 1340 nobis;
2076 1262 2139 1319 Si

548 1334 695 1402 enim
725 1336 955 1431 fuissent
993 1334 1060 1403 ex
1110 1348 1288 1431 nobis,
1340 1340 1769 1431 p'ermansissent
1819 1337 2005 1425 utique
2041 1371 2139 1431 no-

546 1431 756 1505 biscum
773 1424 841 1510 ’(1
866 1436 1029 1495 Joan.
1058 1440 1142 1514 11).
1168 1428 1213 1494 1'
1230 1440 1345 1498 ls‘ti‘
1373 1428 1445 1499 del
1469 1440 1820 1502 inclinatione
1852 1424 1959 1502 orti
1988 1426 2133 1515 sunt,

530 1516 1047 1585 ‘hoc'enim‘Lo‘t'in
1084 1522 1329 1604 linguam
1360 1539 1607 1589 nostram
1635 1536 1906 1590 vertitur:
1944 1554 1964 1588 ι
1998 1535 2136 1604 Quia
2191 1534 2195 1538 ’

520 1606 1184 1699 'on‘tnes‘deelinav‘eruht
1223 1620 1403 1695 simul,
1430 1622 1657 1683 inutiles
1684 1624 1813 1682 facti
1849 1633 1996 1693 sunt,
2026 1643 2135 1685 non

529 1713 629 1793 est
653 1702 747 1782 qui
774 1711 936 1769 faciat
972 1714 1332 1780 bonum,"1ion
1362 1725 1446 1772 est
1470 1732 1643 1790 usque
1673 1719 1740 1775 ad
1767 1720 1934 1775 unum
1957 1720 2130 1793 (Psal.

2200 608 2204 615 ’
2248 528 2739 611 Abdias‘propbcta
2777 545 2947 595 totam
2975 532 3321 611 prophetiam
3357 555 3551 605 contra
3582 542 3731 605 bank:
3759 549 3858 604 di-

2246 622 2377 695 rigit
2402 626 2698 704 nationem,
2729 630 2855 699 quia
2885 632 3246 704 primogenita
3271 637 3509 707 perdidit
3530 647 3586 695 et
3614 640 3685 695 ab
3707 641 3857 695 edu-

2202 710 2225 793 ’
2244 712 2316 768 lio
2343 715 2565 772 sortitus
2588 717 2911 774 vocabulum
2956 731 3058 776 est.
3090 722 3231 780 Esau
3266 740 3480 797 quoque
3508 728 3722 785 factura
3753 730 3853 785 in-

2218 813 2593 891 !terpretatu’r.
2628 809 2696 864 Et
2722 810 2825 867 hoc
2853 812 3154 880 sciendum,
3181 816 3325 887 quod
3354 817 3407 872 in
3434 818 3667 877 Hebraeo
3690 837 3846 877 nun-

2194 890 2408 981 v'quam
2457 900 2727 977 scribatur
2772 901 3025 985 ldumma,
3055 906 3151 962 sed
3188 924 3402 981 semper
3434 911 3628 979 Edam,
3670 930 3846 985 quem

2240 985 2528 1078 ldumaaam
2556 992 2824 1067 expressit
2851 991 3040 1061 Graeca
3067 999 3371 1055 translatio.
3403 1001 3849 1078 Prtediciturque

2194 1150 2199 1153 ν
2239 1068 2504 1149 Idumaeas,
2532 1083 2675 1154 quod
2712 1084 2852 1141 ultra
2889 1104 2999 1167 non
3028 1089 3125 1146 ﬁat
3160 1092 3429 1164 sapientia
3457 1095 3512 1150 in
3540 1068 3840 1169 Thema-ns,

2241 1187 2361 1243 quae
2397 1172 2785 1253 interpretatur
2830 1179 3110 1249 deficiens,
3139 1182 3343 1256 fiatque
3381 1187 3590 1245 inutilis
3618 1191 3846 1262 sapien-

2240 1264 2316 1321 tia
2343 1279 2551 1335 eorum,
2568 1275 2839 1349 tergaque
2864 1280 3075 1331 vertent
3101 1276 3438 1336 habitatores
3466 1279 3683 1350 Dedan,
3711 1299 3841 1355 qua

2238 1354 2593 1415 similiter'est
2622 1361 2755 1418 urbs
2791 1359 3059 1432 Idumam,
3092 1373 3149 1422 et
3198 1366 3588 1441 interpretatur
3628 1387 3846 1445 cogna-

2239 1449 2315 1506 tio
2344 1493 2357 1505 .
2389 1451 2645 1521 quoniam
2683 1454 3125 1541 vindemiatores,
3167 1460 3221 1516 id
3264 1470 3349 1518 est
3385 1471 3711 1533 vastatores,
3739 1482 3843 1523 ve-

2236 1554 2452 1613 nerunt,
2478 1562 2639 1619 super
2662 1548 2974 1617 ldumream,
3006 1553 3099 1624 qui
3144 1568 3252 1610 non
3298 1555 3637 1628 reliquerunt
3669 1572 3839 1615 race-

2237 1652 2383 1705 mum
2416 1655 2429 1692 :
2464 1647 2519 1693 et
2561 1655 2670 1695 non
2701 1640 2887 1698 furtim
2931 1658 3000 1700 ex
3038 1654 3215 1715 parte,
3246 1648 3367 1716 .sed
3391 1648 3575 1718 palam
3617 1664 3687 1706 ex
3713 1660 3844 1710 toto

2237 1718 2585 1786 vastaverunt
2632 1748 2772 1799 eam,
2831 1742 2888 1789 et
2936 1749 3124 1792 semen
3168 1736 3304 1809 ejus,
3361 1747 3418 1795 et
3462 1737 3665 1797 fratres
3687 1742 3840 1813 ejus.

506 1882 509 1887 _
542 1786 689 1875 illi).
711 1821 731 1855 1
770 1803 1075 1861 Adversum
1119 1805 1218 1861 ho‘s
1263 1798 1506 1877 ponitur,
1540 1786 1656 1865 sive
1705 1786 2026 1867 obﬁrmatur
2053 1811 2209 1897 {aﬂBl
2242 1837 2261 1870 ι
2290 1816 2356 1883 Si
2386 1786 2823 1898 vindemiatores,
2847 1823 3042 1895 inquit,
3095 1786 3375 1883 venissent
3415 1845 3580 1901 super
3609 1839 3686 1897 te,
3713 1786 3842 1889 bon

504 1896 511 1911 '
542 1894 655 1951 cies
700 1894 1058 1966 prophetalis,
1084 1900 1271 1977 utfeos
1299 1914 1398 1955 sua
1427 1900 1747 1983 austeritate
1780 1901 2050 1971 conterat;
2079 1894 2136 1961 et

541 1984 673 2043 dicit
699 1987 780 2044 eis
807 1992 835 2044 :'
859 1987 997 2056 Quia
1022 1982 1329 2067 ‘insultastis
1352 1986 1359 1993 ’
1386 1982 1647 2050 Ecclesia?
1699 2011 1832 2051 mem
1889 2003 2135 2066 tempore
2194 1998 2197 2001 λ

538 2078 959 2162 ρει-έεοοιὶὸιιις,
993 2098 1062 2151 eo
1097 2074 1615 2159 qued'diversorum
1650 2090 1908 2146 vitiorum
1957 2092 2135 2162 pollu-

540 2173 672 2225 tum
707 2180 851 2227 esset
894 2158 1271 2247 ‘sanCt‘u'arium
1304 2178 1510 2233 'meum
1542 2196 1556 2233 :
1591 2179 1704 2236 sive
1729 2195 1920 2236 eorum
1975 2182 2133 2250 vitio,

540 2264 647 2337 qui
690 2250 1225 2348 mihiservieban't,‘
1247 2268 1362 2326 sive
1388 2256 1635 2327 hostium
1671 2270 2011 2341 crudelitate,
2041 2275 2133 2348 qui

541 2350 695 2426 neos
739 2346 1211 2427 pequuebantur
1236 2375 1250 2425 ;
1274 2358 1484 2415 terram
1542 2376 1759 2433 quoque
1786 2362 1973 2431 Israel,
2011 2346 2135 2421 sen-

540 2460 636 2502 sus
661 2444 911 2502 videntes
933 2445 1124 2514 Deum,
1161 2462 1283 2505 esse
1312 2450 1613 2506 desolatam
1649 2452 1909 2508 virtutum
1944 2453 2129 2532 choro.

541 2535 611 2591 Et
650 2536 920 2605 quomodo
970 2536 1081 2593 lilii
1110 2538 1306 2619 domus
1332 2538 1490 2607 Iuda,
1523 2542 1691 2597 Deum
1720 2544 2041 2620 confitentis,
2077 2544 2133 2601 in

542 2640 649 2696 qua
679 2634 763 2681 est
805 2624 932 2710 vera
960 2620 1118 2695 fides,
1146 2640 1203 2686 et
1249 2640 1400 2688 recta
1431 2630 1720 2700 confessio,
1749 2637 1896 2709 ducti
1920 2646 2044 2694 sunt
2075 2640 2132 2696 in

542 2712 937 2790 captivitatem,
968 2730 1023 2778 et
1050 2710 1257 2803 servire
1299 2725 1529 2782 Domino
1557 2728 1874 2797 desierunt;
1904 2731 2129 2798 idcirco,

539 2824 575 2867 o
603 2808 779 2867 omnis
804 2802 1092 2889 insultans,
1124 2815 1359 2887 traderis
1382 2817 1506 2873 filiis
1541 2820 1918 2888 orientalibus,
1941 2822 2034 2892 qui
2065 2822 2131 2877 de

538 2917 669 2960 vero
699 2903 901 2961 lumine
950 2912 1076 2960 sunt
1103 2892 1360 2979 profecti,
1380 2916 1437 2981 et
1481 2910 1712 2965 traderis
1746 2910 1805 2983 in
1849 2912 2133 2968 hmredita—

540 3004 694 3053 tem:
727 3004 788 3052 ut
824 3005 884 3052 tu
928 2992 1146 3070 quoque
1196 3000 1375 3057 discas
1422 3002 1710 3058 Dominum
1762 3004 2031 3060 conﬁteri.
2064 3002 2133 3059 Et

537 3101 638 3159 per
676 3076 1090 3145 translationem
1106 3090 1330 3157 dicitur,
1377 3094 1519 3162 quod
1548 3078 1642 3148 filii
1664 3094 1892 3150 orientis
1927 3103 2131 3165 ponant

538 3193 706 3251 super
744 3194 839 3235 eos
867 3179 1051 3255 caulas
1102 3196 1247 3245 suas,
1270 3190 1335 3261 et
1366 3174 1535 3252 figant
1563 3185 1817 3251 tentoria,
1839 3192 1899 3261 et
1930 3164 2129 3241 bibant
2156 3164 2200 3230 (ἶ

537 3268 647 3337 lac,
688 3276 745 3325 et
769 3269 1058 3326 c0medant
1083 3258 1303 3344 fruges:
1332 3279 1387 3339 et
1420 3272 1615 3330 civitas
1639 3258 1911 3345 quondam
1940 3264 2130 3348 super;

536 3360 640 3417 biae
666 3358 760 3415 ﬁat
798 3360 853 3437 in
883 3361 1252 3417 habitaculum
1279 3363 1608 3419 camelorum
1629 3406 1644 3432 ,
1676 3366 1769 3437 qui
1804 3366 2014 3436 possint
2037 3368 2129 3424 de;

534 3448 715 3522 posito
736 3434 902 3505 onere
936 3450 1288 3520 peceatorum
1310 3451 1519 3509 intrare
1554 3471 1654 3526 per
1682 3434 1926 3511 foramen
1955 3473 2084 3513 acus
2109 3475 2124 3512 :

536 3528 592 3595 et
626 3539 681 3594 in
711 3536 888 3598 cubile
915 3544 1201 3611 pecorUm,
1234 3534 1354 3615 quae
1376 3553 1637 3614 reguntur
1662 3561 1693 3600 a
1720 3554 1937 3616 pastore
1963 3549 2122 3615 bono,

533 3641 596 3686 ut
630 3646 755 3688 cum
803 3633 907 3689 hoc
954 3631 1200 3703 fecerint,
1253 3635 1404 3691 misti
1452 3645 1507 3692 et
1538 3639 1723 3693 traditi
1751 3638 1990 3696 Orientis
2026 3657 2126 3712 pa-

532 3722 773 3779 storibus
826 3720 1148 3794 intelligant,
1199 3725 1347 3796 quod
1380 3726 1498 3796 ipse
1541 3727 1613 3784 sit
1659 3728 1938 3787 Dominus.
1975 3730 2127 3788 Unde

533 3813 801 3872 diciturz'
1038 3834 1041 3835 ν
1134 3809 1140 3817 ’
1230 3810 1231 3813 “
1596 3804 1600 3810 “

608 3926 627 3960 ι
674 3906 742 3963 Et
767 3914 890 3979 post
938 3909 1054 3966 haec
1096 3908 1310 3967 reverti
1364 3896 1858 3986 faciam'captivos
1888 3915 2123 3974 filiorum

534 4017 557 4054 ι
586 3999 841 4067 Ammon,
868 4000 947 4056 ait
969 3999 1250 4068 Dominus.
1290 4023 1310 4056 1
1346 4000 1574 4081 (ΜΑιιιιτ)
1592 4005 1740 4073 ‘Quia
1788 4018 1912 4078 post
1940 4024 2125 4081 rever-

528 4091 737 4149 sionem
799 4093 1182 4150 haereticorum
1239 4095 1307 4151 ab
1344 4110 1531 4152 errore
1561 4098 1629 4153 ad
1682 4092 1843 4155 fidem
1892 4112 2121 4173 rectam,

527 4184 817 4256 captivitas
866 4182 949 4241 eis
999 4182 1325 4243 dissolvetur
1358 4178 1726 4265 peccatorum,
1767 4200 1822 4247 et
1852 4195 2121 4266 recipien-

531 4283 620 4333 tur
645 4276 701 4332 in
721 4265 934 4334 Sanctae
981 4277 1263 4345 Ecclesiae,
1296 4282 1439 4338 unde
1475 4268 1741 4349 exierant,
1786 4265 2122 4346 communio-

494 4440 497 4443 _
518 4381 676 4449 nem.
2088 4444 2095 4451 .

516 4444 522 4527 ξ
603 4471 626 4510 α
657 4454 740 4510 Ad
764 4456 1057 4514 Idumaeam
1089 4476 1103 4514 :
1133 4457 1262 4515 Haec
1287 4460 1416 4517 dicit
1443 4459 1707 4522 Dominus
1738 4444 2113 4526 exercituum:

532 4568 553 4604 ‹
586 4547 842 4627 Nunquid
869 4565 978 4607 non
1004 4560 1089 4608 est
1122 4553 1264 4608 ultra
1295 4556 1559 4627 sapientia
1607 4558 1663 4613 in
1687 4552 1949 4618 Themam
1973 4563 1996 4616 ?
2018 4563 2118 4621 Pe-
2143 4528 2197 4588 Β

531 4657 552 4694 ι
586 4640 681 4697 rlit
711 4641 1003 4698 consilium
1035 4658 1065 4699 a
1087 4643 1213 4701 filiis
1245 4646 1494 4705 :inutilis
1550 4648 1691 4707 facta
1719 4660 1804 4708 est
1849 4656 2113 4726 sapientia

530 4750 550 4786 ι
587 4740 795 4790 eorum.
825 4732 1019 4808 Fugite
1066 4744 1124 4792 et
1152 4745 1300 4810 terga
1353 4741 1576 4809 vertite,
1607 4743 1927 4825 descendite.
1943 4748 1997 4804 in
2021 4764 2115 4808 vo-

528 4842 548 4877 (
582 4824 849 4898 raginem,
874 4825 1209 4884 habitatores
1222 4829 1403 4897 Dedan
1432 4849 1444 4886 :
1475 4834 1729 4902 quoniam
1756 4839 2114 4907 perditionem

526 4933 548 4969 ι
583 4915 727 4973 Esau
757 4916 961 4973 adduxi
986 4932 1149 4988 super
1174 4933 1319 4986 eum,
1352 4928 1563 4993 tempus
1617 4927 1943 4986 visitationis
1973 4930 2109 5001 ejus.

494 5024 497 5029 η
525 5021 549 5061 ι
584 5005 645 5065 Si
671 5007 1095 5066 vindemiatores
1123 5012 1402 5069 venissent
1424 5030 1588 5086 super
1610 5025 1681 5082 te,
1723 5035 1831 5075 non
1859 5008 2111 5093 reliquis-

527 5115 548 5152 ι
579 5107 703 5155 sent
726 5092 1004 5157 racemum
1032 5121 1045 5156 :
1078 5103 1123 5159 si
1148 5102 1297 5160 fures
1332 5105 1388 5161 in
1414 5115 1572 5163 nocte
1618 5111 1928 5181 rapuissent
1967 5092 2110 5186 quod

525 5210 546 5244 ε
584 5184 856 5249 sufficeret
883 5194 1006 5250 sibi.
1038 5196 1152 5269 Ego
1176 5213 1309 5255 vero
1346 5199 1689 5273 discooperui
1735 5205 1919 5262 Esau:
1953 5184 2112 5265 reve-

523 5303 545 5338 t
578 5283 684 5339 lavi
714 5284 1030 5343 abscondita
1059 5289 1177 5362 ejus
1210 5300 1267 5347 et
1311 5291 1478 5348 celari
1522 5309 1631 5351 non
1667 5299 1887 5367 poterit.
1918 5300 2111 5356 Vasta-

524 5394 545 5429 ε
580 5380 693 5432 tum
719 5385 805 5433 est
834 5393 1018 5436 semen
1043 5380 1182 5451 ejus,
1213 5392 1269 5439 et
1296 5384 1494 5440 fratres
1532 5387 1671 5461 ejus,
1702 5396 1756 5444 et
1779 5390 1945 5447 vicini
1972 5390 2109 5461 ejus,

522 5485 542 5519 α
576 5477 633 5524 et
684 5484 791 5524 non
842 5472 967 5527 erit.
1017 5472 1342 5549 1(H1'eron.)
1394 5477 1550 5545 Quod
1587 5476 1727 5536 Esau
1767 5490 1822 5539 et
1873 5482 2015 5552 Seir,
2057 5494 2112 5542 et

515 5559 690 5628 Edon,
720 5570 776 5619 et
826 5563 1086 5633 ldumma,
1137 5575 1193 5623 et
1217 5568 1389 5643 Duma
1417 5586 1523 5626 una
1571 5587 1705 5645 gens
1754 5574 2108 5647 appellentur,

514 5670 621 5711 non
651 5653 909 5729 ambiget,
950 5660 1043 5730 qui
1066 5660 1352 5718 scientiam
1394 5664 1650 5723 habuerit
1677 5666 2106 5743 Scripturarum.

511 5746 663 5823 Etut
711 5749 779 5805 de
804 5749 1016 5817 ueteris
1064 5751 1345 5824 prophetis
1368 5763 1609 5839 taceam.
1659 5759 1821 5827 Isaia,
1850 5758 2110 5834 Ieremia,

2238 1910 2585 1983 reliquissent
2617 1927 2894 1970 racemum
2924 1933 2939 1970 :
2972 1915 3018 1971 si
3046 1915 3198 1975 fures
3227 1918 3281 1974 in
3325 1928 3487 1976 nocte
3516 1924 3844 1992 rapuissent

2236 2003 2381 2085 quod
2427 2001 2698 2061 sufficeret
2734 2006 2855 2063 sibi.
2899 2006 3014 2080 Ego
3059 2024 3191 2086 vero
3242 2012 3582 2086 disc00perui
3639 2016 3837 2073 Esau:

2235 2080 2471 2152 revelavi
2493 2098 2810 2177 abscondita
2844 2098 2978 2169 ejus,
3019 2085 3277 2158 et'celari
3308 2080 3687 2176 non-poterit.
3719 2106 3842 2164 Va-

2234 2196 2438 2244 statum
2463 2197 2548 2244 est
2572 2204 2758 2246 semen
2789 2189 2928 2259 ejus,
2956 2201 3011 2248 et
3032 2191 3230 2250 fratres
3252 2194 3391 2266 ejus,
3418 2205 3476 2251 et
3502 2197 3669 2254 vicini
3691 2198 3840 2269 ejus,

2235 2289 2291 2338 et
2318 2297 2425 2338 non
2455 2282 2579 2337 erit.
2612 2302 2630 2334 1
2667 2281 2822 2350 Quod
2847 2280 2977 2339 dicit
3001 2285 3107 2341 hoc
3151 2294 3235 2342 est
3263 2304 3277 2342 :
3314 2285 3373 2344 Si
3401 2287 3553 2346 fures
3578 2298 3639 2345 et
3667 2289 3842 2347 latro-

2233 2387 2357 2439 nes,
2406 2371 2501 2445 qui
2530 2381 2690 2430 noctc
2719 2374 2907 2430 domos
2949 2375 3218 2433 suffodere
3252 2387 3607 2447 consuerunt,
3646 2390 3705 2437 et
3743 2397 3842 2437 ra-

2234 2479 2363 2536 pere
2392 2480 2512 2536 quaa
2533 2465 2588 2520 in
2619 2466 2868 2523 domibus
2902 2476 3047 2535 sunt,
3078 2468 3395 2526 introissent
3424 2472 3494 2527 ad
3522 2481 3597 2538 te,
3629 2480 3691 2528 et
3710 2475 3840 2529 abs-

2233 2557 2435 2615 conditi
2494 2558 2736 2614 tenebris
2783 2560 3109 2617 circuissent
3150 2560 3357 2618 domus
3405 2571 3514 2620 tua:
3566 2566 3829 2637 angulos,

2232 2640 2421 2719 utique
2450 2648 2855 2717 bocbtulissent,
2884 2651 3030 2722 quod
3062 2652 3165 2708 sibi
3193 2653 3459 2723 putabant
3495 2671 3660 2726 posse
3683 2656 3837 2714 suﬁ-

2233 2749 2395 2791 eere:
2430 2744 2487 2792 et
2519 2737 2723 2809 aliquid
2776 2725 2839 2794 in.
2866 2741 3092 2809 aedibus,
3128 2742 3215 2798 vel
3241 2758 3339 2815 per
3379 2725 3714 2813 satietatem,
3743 2748 3837 2806 vel

2230 2841 2329 2897 per
2362 2826 2721 2899 ignorantiam
2762 2830 3129 2902 reliquissent.
3165 2830 3225 2887 Si
3272 2833 3705 2895 vindemiatores
3747 2840 3835 2896 in-

2232 2920 2491 2977 troissent
2515 2922 2730 2978 vineam
2758 2931 2928 2991 tuam,
2950 2932 3007 2980 et
3037 2939 3156 2981 eam
3178 2926 3266 2981 vel
3292 2927 3566 2983 hostiliter
3584 2938 3833 2999 vastare,

2230 3013 2312 3068 vel
2339 3029 2372 3068 a
2400 3022 2452 3069 te
2476 3014 2729 3071 conducti
2776 3016 3051 3074 demetere
3100 3027 3382 3089 cuperent,
3421 3021 3680 3091 quamvis
3706 3023 3833 3079 dili-

2232 3121 2366 3178 gens
2392 3120 2584 3162 eorum
2611 3105 2805 3164 fuisset
2854 3108 3146 3177 vindemia,
3181 3119 3367 3167 tamen
3415 3128 3671 3170 racemos
3706 3116 3835 3172 viti-

2230 3194 2332 3251 bus
2362 3195 2614 3268 foliisque
2643 3198 2848 3255 celatos
2882 3200 3028 3257 inter
3048 3200 3300 3273 palmites
3329 3202 3706 3274 reliquissent,
3735 3207 3833 3263 sed

2230 3287 2411 3342 omnia
2437 3287 2639 3355 hostes,
2669 3289 2763 3359 qui
2811 3290 2879 3346 ad
2908 3297 2963 3346 te
3006 3291 3237 3347 Domino
3281 3292 3511 3364 jubente
3548 3307 3833 3372 venerunt

2231 3376 2526 3449 (significat
2553 3386 2734 3435 autem
2756 3380 3086 3453 Babylonios
3126 3391 3181 3439 et
3206 3385 3506 3441 exercitum
3532 3384 3831 3445 Nabucho-

2229 3467 2508 3541 donosor),
2527 3470 3030 3543 investigaverunt:
3061 3481 3119 3529 et
3146 3475 3328 3530 omnia
3368 3485 3584 3533 secreta
3630 3487 3749 3545 tua,
3773 3487 3831 3534 et

2224 3548 2491 3615 cavernas
2520 3576 2585 3616 ac
2628 3560 2899 3618 foramina
2951 3563 3356 3634 speluncarum,
3396 3566 3454 3622 in
3500 3567 3705 3638 quibus
3735 3569 3828 3624 ha-

2227 3652 2389 3720 bitas,
2420 3652 2806 3709 lustraverunt.
2842 3654 2911 3711 Et
2938 3670 3150 3725 revera,
3180 3666 3243 3713 ut
3271 3658 3514 3716 dicamus
3538 3660 3753 3731 aliquid
3772 3670 3825 3717 et

2227 3744 2299 3801 de
2331 3754 2524 3821 natura
2565 3746 2691 3803 loci.
2724 3745 2914 3804 Omnis
2950 3749 3205 3805 australis
3257 3750 3408 3822 regio
3463 3752 3825 3808 ldumteorum

2227 3837 2292 3893 de
2323 3838 2690 3910 Eleuteropoli
2748 3855 2924 3912 usque
2968 3840 3189 3898 Petram
3233 3850 3291 3899 et
3318 3842 3529 3913 Hialam
3563 3845 3709 3920 (haec
3742 3856 3827 3903 est

2225 3933 2370 3989 enim
2418 3935 2690 4007 possessio
2736 3935 2926 4007 Esau),
2962 3935 3019 3993 in
3047 3936 3318 4010 specubus
3358 3936 3823 4019 habitatiunculas

2225 4026 2430 4083 habet:
2465 4036 2520 4083 et
2547 4036 2769 4100 propter
2793 4028 2992 4086 nimios
3027 4030 3240 4087 calores
3270 4030 3423 4097 solis,
3474 4029 3603 4101 quia
3653 4033 3825 4088 meri-

2226 4117 2383 4176 diana
2424 4121 2705 4191 provincia
2756 4131 2862 4193 est,
2922 4123 3293 4181 subterraneis
3341 4124 3576 4196 tuguriis
3621 4128 3824 4183 utitur.

2231 4231 2251 4267 ι
2298 4213 2668 4284 Discooperui,
2708 4235 2727 4270 1
2755 4217 2953 4289 inquit,
2985 4217 3041 4273 id
3088 4226 3190 4283 est,
3220 4220 3368 4290 quod
3425 4224 3576 4273 terra
3604 4234 3828 4290 preme-

2220 4306 2382 4363 batur
2415 4309 2471 4363 in
2497 4307 2735 4364 medium
2762 4309 2983 4382 protuli,
3017 4318 3073 4366 et
3108 4319 3298 4382 aperta
3327 4318 3454 4365 sunt
3479 4310 3666 4366 omnia
3701 4327 3828 4383 qua:

2223 4396 2509 4454 claudebas
2535 4417 2547 4453 :
2576 4399 3048 4471 substantiamque
3100 4410 3249 4457 tuam
3301 4415 3390 4456 me
3438 4401 3649 4472 pariter
3695 4418 3827 4459 cum

2224 4486 2469 4544 hostibus
2494 4489 2865 4561 perquirente,
2893 4490 3038 4546 nulla
3058 4497 3352 4561 potuerunt
3377 4498 3591 4546 secreta
3614 4490 3823 4548 celare.

2220 4570 2435 4634 Aliter:
2469 4578 2618 4636 fures
2665 4588 2720 4635 et
2752 4581 3014 4650 latrones,
3060 4583 3153 4654 qui
3209 4582 3591 4655 ingrediuntur
3634 4592 3821 4647 nocte,

2222 4672 2349 4744 quia
2374 4672 2469 4728 filii
2504 4680 2631 4729 sunt
2655 4673 2832 4730 noctis
2856 4682 2913 4730 et
2938 4675 3308 4751 tenebrarum,
3341 4675 3633 4755 haereticos
3658 4686 3820 4746 puto,

2222 4763 2468 4818 veritatis
2515 4763 2766 4832 dogmata
2817 4780 2929 4822 non
2983 4766 3381 4845 praedicantes,
3421 4768 3521 4849 qui
3564 4766 3825 4824 furantur

2223 4854 2541 4913 sufficientia
2594 4856 2694 4912 sibi
2724 4872 2739 4911 :
2769 4865 2825 4913 et
2874 4857 3117 4930 quotidie
3155 4859 3222 4916 de
3250 4859 3526 4940 Ecclesia:
3557 4862 3825 4933 gregibus

2224 4964 2416 5019 rapere
2457 4949 2738 5005 festinant.
2792 4950 2887 5005 Isti
2941 4952 3309 5023 ingredientes
3343 4953 3559 5009 vineam
3598 4954 3821 5013 Domini

2221 5038 2395 5094 nostri
2420 5053 2583 5109 quam
2637 5039 2703 5095 de
2726 5039 2964 5112 [Egypto
3002 5040 3162 5112 hujus
3213 5042 3396 5100 muli
3429 5044 3734 5111 transtulit,
3765 5054 3821 5100 et

2221 5131 2287 5187 de
2318 5129 2474 5200 cujus
2500 5130 2772 5203 genimine
2808 5132 2994 5190 vinum
3046 5149 3107 5191 se
3152 5150 3277 5192 esse
3314 5134 3615 5203 bibitqrum
3643 5135 3702 5191 in
3733 5151 3822 5192 re-

2218 5236 2325 5293 gno
2350 5212 2523 5293 patris
2553 5222 2855 5292 pollicetur,
2891 5224 2967 5280 ita
2992 5226 3217 5296 cupiunt
3254 5227 3512 5283 universa
3538 5227 3819 5299 populari,

2219 5320 2280 5365 ut
2303 5310 2393 5366 vix
2424 5326 2697 5369 racemum
2750 5314 3062 5386 relinquant
3114 5314 3168 5373 in
3196 5332 3261 5375 ea
3292 5335 3306 5372 :
3344 5319 3439 5375 sed
3464 5332 3498 5374 θ
3530 5319 3819 5375 contrario

2216 5403 2477 5460 Dominus
2506 5405 2617 5478 agit
2640 5424 2653 5461 :
2676 5408 2857 5463 omnia
2885 5411 3031 5466 enim
3056 5419 3268 5469 secreta
3292 5427 3481 5470 eorum
3508 5423 3563 5468 et
3594 5413 3819 5469 occulta

2216 5496 2472 5566 mysteria
2521 5506 2577 5553 et
2601 5500 3038 5570 patriarcharum
3089 5504 3231 5562 Esau
3273 5505 3397 5577 (hos
3421 5507 3624 5579 quippe
3654 5505 3820 5563 intel-

2200 5574 2320 5660 ligo
2342 5588 2434 5658 qui
2489 5590 2648 5659 primi
2679 5592 2916 5649 lmrescs
2967 5574 3408 5668 adinvenerunt),
3587 5608 3820 5654 sanctos

2214 5693 2341 5734 suos
2372 5687 2428 5733 et
2456 5674 2855 5746 ecclesiasticos
2910 5685 3055 5761 viros
3112 5696 3277 5756 atque
3315 5688 3568 5744 doctores
3605 5686 3823 5759 profert

2213 5772 2269 5830 in
2294 5770 2528 5829 medium
2563 5792 2575 5828 :
2607 5782 2662 5831 et
2682 5777 2878 5838 iorima
2908 5778 3051 5835 illius
3089 5782 3318 5854 victoria
3342 5791 3450 5855 est.
3472 5791 3665 5841 oatcre
3688 5798 3819 5843 una
