4044 6326
483 350 616 411 “Si

1113 347 1174 405 Β.
1216 342 1468 404 MBAN!
1503 340 1722 403 nsum
1760 339 2075 401 ARCHIEP.
2111 337 2419 400 uocum.
2460 306 2743 395 eranum
2777 314 2959 392 rans
2996 334 3082 410 ιιι.

3580 324 3753 396 tisi

482 460 691 519 consilii
732 464 976 531 angelus,
1030 464 1088 514 et
1136 440 1292 527 pater
1319 456 1485 511 futuri
1517 455 1696 511 saeculi
1730 464 1750 507 ι
1792 454 2052 509 describi-
2080 452 2130 519 Α
2157 453 2291 508 siam
2320 462 2495 506 meam
2526 449 2740 520 (Matth.
2782 448 2894 519 xvi)
2922 440 2949 502 ε’
2970 469 2988 502 ›
3023 454 3199 504 tamen
3227 455 3281 505 et
3308 449 3366 504 in
3391 446 3746 504 contrariam

482 565 572 609 tur
623 550 760 624 (Isa.
800 550 895 621 It).
952 542 1243 604 Possumus
1278 546 1457 603 dicere
1504 548 1646 618 quod
1694 547 1809 616 ipse
1846 545 2053 615 legatus
2150 551 2357 614 partem
2381 540 2691 612 frequenter
2712 538 2973 609 accipitur
3003 553 3017 594 :
3050 558 3070 592 ς
3094 536 3370 603 Auferam,
3400 534 3600 606 inquit,
3632 552 3751 591 cor

487 646 579 711 sit,
615 652 672 700 et
694 644 809 714 ipsa
836 640 1068 717 munitio
1104 639 1288 694 dicens
1317 652 1379 694 ea
1418 646 1537 707 quae
1558 640 1559 643 “
1578 635 1912 707 prophetalis
1940 634 2054 691 ser-

485 751 574 792 mo
624 733 921 799 mntexuit,
986 731 1189 803 surgite
1251 736 1308 785 et
1356 742 1743 799 eonsurgamus
1799 726 2055 781 adversus

487 843 635 894 eum,
663 826 749 881 vel
798 837 921 880 eam
965 823 1020 877 in
1069 820 1332 892 praelium.
1367 819 1601 889 Legatus
1628 817 1721 888 qui
1768 812 1839 871 ad
1865 822 2055 888 gentes

491 1008 701 1063 elevare
724 1020 756 1059 a
787 1002 1033 1067 mortuis,
1061 1008 1118 1056 et
1143 998 1463 1055 illuminabit
1483 1008 1537 1053 te
1563 998 1812 1054 Christus
1836 997 2054 1068 (Ephes.

493 1098 569 1165 v).
607 1115 624 1148 ι
651 1094 730 1149 Ac
760 1107 831 1148 ne
862 1091 1085 1147 forsitan
1112 1090 1291 1163 gravis
1339 1090 1500 1145 nobis
1522 1098 1581 1143 et
1609 1088 1826 1144 insolita
1853 1097 2059 1158 pugna
2118 1078 2123 1087 ’

2118 1200 2121 1203 ·
2156 1188 2310 1254 petra
2359 1181 2579 1249 Christi,
2632 1190 2686 1238 et
2732 1183 2798 1237 ab
2827 1181 3065 1239 Ecclesia
3110 1182 3373 1256 signiﬁcet
3416 1184 3734 1241 scissiones.

495 1290 589 1329 ero
613 1270 1027 1348 ἀρχιστρωτηγὸς
1079 1267 1383 1339 praeliorum
1423 1282 1436 1320 :
1469 1267 1561 1335 qui
1587 1274 1642 1327 et
1664 1265 1792 1320 Jesu
1822 1263 1932 1318 lilio
1959 1260 2061 1317 Na—
2118 1282 2125 1287 θ

493 1185 757 1248 videatur,
786 1196 895 1243 me.
948 1180 1142 1250 inquit,
1194 1178 1405 1235 habetis
1451 1179 1680 1248 primum
1713 1176 1767 1230 in
1796 1176 1932 1241 acie,
1960 1189 2059 1245 ego

497 1382 561 1422 ve
595 1366 828 1436 gladium
873 1372 1066 1419 tenens
1094 1362 1318 1433 apparui
1361 1378 1376 1415 :
1412 1368 1469 1415 et
1516 1359 1856 1415 Amalech‘in
1883 1357 2063 1412 crucis

496 1471 630 1511 mete
657 1452 854 1511 vexillo
893 1452 1040 1508 llose
1084 1458 1355 1523 pugnante
1390 1448 1657 1521 superavi.
1689 1447 1952 1504 Jeremias
1974 1446 2064 1502 hic
2122 1464 2123 1467 η

497 1550 552 1604 in
581 1546 787 1602 visione
812 1552 1001 1603 contra
1043 1543 1331 1600 ldumaeam
1358 1558 1468 1599 non
1494 1541 1721 1598 multum
1749 1541 1817 1596 ab
1845 1540 1930 1596 his
1958 1537 2065 1595 dis-

498 1646 705 1695 crepat.

628 1653 705 1692 at.

532 1653 770 1795 ιῗΡΕαιθ
795 1737 940 1795 enim
989 1733 1270 1807 parvulum
1307 1732 1431 1789 dedi
1460 1740 1514 1786 te
1550 1730 1606 1785 in
1631 1730 1898 1801 gentibus,
1934 1742 2066 1784 con-

2116 649 2120 655 ’
2151 633 2442 704 lapideum,
2470 640 2523 689 et
2543 633 2679 689 dabo
2706 632 2786 686 eis
2810 646 2904 687 cor
2924 646 3175 686 carneum
3203 627 3421 701 (Ezech.
3446 628 3668 699 χχχιιι).
3708 648 3739 679 ι

2108 732 2117 733 '
2154 725 2262 780 Et:
2302 744 2319 776 ι
2354 725 2551 779 Potens
2595 731 2679 779 est
2704 720 2961 778 Dominus
2989 720 3055 777 de
3100 721 3364 793 lapidibus
3395 719 3514 775 istis
3550 718 3743 775 susei-

2114 802 2129 827 ”
2154 825 2270 872 tare
2300 815 2440 871 filios
2497 815 2727 870 Abrahae
2781 810 2993 887 (Matth.
3043 812 3125 884 ιιι)
3156 832 3169 867 :
3200 833 3219 867 ι
3254 812 3603 885 maximeque
3641 812 3746 868 hic

489 917 689 974 missus
733 921 834 978 est,
869 914 982 967 haec
1027 910 1302 979 loquitur:
1332 927 1352 961 ι
1386 906 1578 979 Surge,
1609 907 1702 977 qui
1755 905 1978 970 domis,
2002 912 2059 959 et
2112 919 2118 923 ·

2156 910 2247 965 ubi
2298 924 2408 965 non
2457 909 2611 976 dixit,
2659 898 2991 965 habitantem
3041 924 3204 981 super
3245 914 3473 981 petram,
3512 902 3570 966 in
3624 926 3741 980 qua

2154 1001 2392 1072 prudens
2421 1001 2717 1057 zediilcator
2754 996 2972 1056 domum
2999 1016 3150 1056 suam
3201 1000 3430 1058 exslruit
3478 1020 3491 1056 :
3533 1002 3632 1058 sed
3680 1002 3741 1057 in

2156 1093 2426 1157 scissuris,
2471 1090 2554 1146 vel
2607 1094 2661 1147 in
2706 1088 2951 1148 cavernis
3007 1101 3191 1163 petrae,
3250 1103 3311 1148 ut
3358 1092 3651 1150 htereseun
3701 1110 3739 1147 ει

2158 1273 2328 1347 Porro
2350 1275 2495 1345 quod
2543 1274 2737 1345 legitur
2762 1274 2814 1330 in
2839 1272 3009 1330 Abdia
3042 1292 3054 1328 :
3090 1293 3109 1326 ι
3130 1274 3484 1332 Exaltantem
3535 1274 3736 1332 solium

2161 1380 2340 1434 suum,
2368 1374 2423 1421 et
2455 1365 2547 1435 qui
2598 1366 2730 1421 dicit
2756 1366 2811 1420 in
2846 1365 3006 1421 corde.
3047 1364 3326 1435 suo,-Quis
3352 1356 3601 1423 detrahet
3647 1382 3737 1421 me

2160 1457 2218 1512 in
2245 1466 2448 1513 terram
2502 1456 2658 1530 (Alta.
2707 1455 2792 1527 ιιι)
2821 1455 2849 1511 τ
2873 1475 2893 1509 ι
2931 1460 3194 1512 tumorem
3222 1456 3487 1536 haeretica:
3535 1456 3739 1515 mentis

2122 1562 2127 1567 '
2160 1548 2413 1615 ostendit,
2453 1548 2832 1604 conﬁdentiam
2860 1547 2963 1604 sibi
3014 1548 3068 1603 in
3096 1548 3371 1620 mysteriis
3417 1555 3471 1627 et
3503 1546 3741 1603 secretis

2163 1641 2294 1708 suis,
2323 1648 2584 1713 quantum
2628 1640 2683 1695 in
2725 1639 2859 1711 ipsis
2901 1648 3005 1695 est.
3037 1638 3387 1712 Hyperboiice
3412 1650 3591 1695 autem
3633 1636 3744 1693 hoc

2166 1732 2411 1804 accipere
2443 1730 2721 1799 debemus,
2749 1728 3239 1804 repromittentium
3266 1734 3368 1790 sibi
3412 1750 3579 1807 regna
3624 1747 3745 1787 ca:-

504 1852 522 1886 ι
562 1828 911 1901 temptibilem
937 1827 1078 1889 inter
1108 1823 1372 1879 homines.
1427 1821 1750 1893 Arrog‘antia
1784 1830 1872 1875 tua
1898 1822 2062 1877 dece-
2091 1822 2141 1883 B
2168 1824 2361 1880 lorum.
2416 1822 2569 1881 Unde
2617 1825 2683 1881 ad
2734 1824 3099 1895 hujuscemodi
3149 1825 3390 1897 homines
3445 1826 3748 1899 Apostolus

505 1941 524 1974 ε
558 1922 637 1993 pit
665 1930 737 1986 te,
766 1928 821 1975 et
849 1916 1100 1988 superbia
1120 1914 1299 1971 cordis
1322 1913 1420 1979 tui,
1449 1913 1540 1983 qui
1566 1912 1780 1968 habitas
1804 1913 1856 1966 in
1882 1926 2067 1968 caver-

507 2034 525 2066 ι
563 2014 646 2068 nis
670 2020 849 2083 petrae,
875 2018 932 2066 et
960 2006 1359 2080 apprehendere
1382 2006 1570 2061 niteris
1592 2006 1922 2061 altitudinem
1952 2006 2066 2061 coi-

507 2125 526 2158 σ
561 2105 645 2160 lis.
689 2103 823 2159 Cum
868 2098 1397 2168 exaltaverisrquasi
1445 2097 1625 2168 aquila
1682 2097 1870 2152 nidum
1894 2105 2065 2165 tuum,

506 2214 526 2247 ι
560 2194 684 2250 inde
707 2191 987 2248 detraham
1022 2198 1094 2255 te,
1130 2189 1260 2245 dicit
1288 2188 1565 2243 Dominus.
1603 2204 1625 2240 ι
1660 2186 1717 2241 ln
1743 2187 2070 2258 interpreta-

502 2286 646 2342 tione
665 2284 978 2355 prophetica
1003 2282 1261 2339 debemus
1296 2297 1501 2338 morem
1526 2289 1776 2337 nostrum
1810 2280 1982 2349 sequi,
2011 2289 2072 2333 ut

501 2377 732 2449 primum
784 2375 1023 2431 historiae
1074 2373 1420 2429 fundamenta
1466 2374 1749 2444 jaciamus,
1784 2371 1996 2435 deinde,
2022 2369 2069 2425 si

502 2482 808 2539 possumus,
839 2466 1085 2522 excelsas
1115 2474 1295 2521 turres
1325 2472 1379 2519 et
1407 2473 1665 2520 tectorum
1688 2463 1920 2518 culmina
1940 2461 2069 2517 sub-

500 2561 756 2630 rigamus.
781 2558 849 2626 Ο,
875 2560 1068 2631 inquit,
1096 2559 1283 2624 Edom,
1323 2558 1414 2628 qui
1447 2573 1569 2613 eum
1598 2558 1852 2612 minimus
1887 2556 1960 2611 sis
1988 2556 2072 2610 in-

503 2661 586 2706 ter
613 2665 801 2708 omnes
827 2652 884 2706 in
909 2651 1140 2707 circuitu
1186 2651 1455 2718 nationes,
1500 2643 1575 2706 et'
1601 2651 1668 2705 ad
1715 2650 2072 2720 comparatio—

502 2758 623 2799 nem
643 2745 879 2817 gentium
899 2753 1215 2801 eaaterarum
1243 2759 1443 2816 parvus
1465 2744 1518 2798 in
1547 2758 1792 2808 numero,
1822 2742 1964 2797 ultra
1992 2742 2072 2797 vi-

501 2851 591 2891 res
611 2835 838 2906 erigaris
867 2835 1138 2907 superbia.
1177 2836 1420 2905 Cumque
1457 2835 1667 2890 habites
1695 2835 1751 2889 in
1778 2828 2067 2904 speluncis,

500 2926 609 2982 imo
633 2928 689 2981 in
715 2928 966 2987 cavernis
991 2935 1290 2999 petrarum,
1335 2927 1555 2985 humilis
1591 2934 1753 2995 atque
1775 2939 2070 2996 paupercu-

500 3015 604 3081 lus,
646 3024 703 3072 et
747 3017 958 3072 excelsa
1010 3017 1356 3073 aediﬁciorum
1398 3024 1538 3072 tecta
1597 3032 1704 3071 non
1764 3015 2068 3085 possidens,

503 3107 657 3177 quasi
682 3107 859 3177 aquila
891 3108 943 3162 in
970 3108 1196 3163 sublime
1237 3106 1527 3172 extolleris,
1556 3116 1611 3162 et
1638 3114 1846 3161 tantum
1875 3106 2071 3176 cogita—

2168 1916 2399 1972 scribit:
2434 1934 2453 1970 ι
2504 1913 2623 1971 lam
2671 1916 2787 1972 sine
2816 1917 2971 1973 nobis
3027 1916 3309 1989 regnastis,
3341 1925 3501 1990 atque
3527 1919 3749 1979 utinam

2137 2019 2140 2023 ‘
2169 2008 2486 2080 regnat-etis,
2514 2016 2575 2063 ut
2620 2015 2676 2065 et
2703 2023 2801 2063 nos
2849 1996 3125 2063 vobiscum
3158 2022 3503 2081 regnaremus
3529 2004 3578 2080 (Ι
3611 2009 3747 2065 Cor.

2134 2114 2141 2115 ί
2170 2100 2266 2171 tv).
2302 2119 2320 2150 ι
2363 2096 2647 2168 Talequid
2682 2105 2736 2154 et
2762 2096 2927 2153 David
2976 2098 3251 2170 loquitur:
3294 2118 3313 2179 t
3346 2099 3657 2157 Posuerunt
3691 2102 3751 2157 in

2167 2184 2306 2246 caelo
2332 2206 2392 2245 os
2421 2202 2598 2258 suum,
2650 2197 2704 2245 et
2754 2190 2936 2261 lingua
2970 2204 3158 2246 eorum
3208 2192 3456 2248 transivit
3504 2192 3561 2248 in
3593 2202 3749 2248 terra

2169 2279 2341 2352 (Psal.
2373 2280 2563 2353 Lxxn).
2612 2300 2630 2334 ι
2671 2280 2729 2336 Si
2756 2280 2976 2336 exaltati
3011 2296 3142 2354 ergo
3176 2282 3392 2350 nierint,
3431 2290 3487 2337 ut
3519 2284 3752 2353 aquila:

2170 2387 2295 2427 nam
2338 2379 2391 2427 et
2421 2372 2523 2443 ipsi
2569 2371 2870 2443 aquilarum
2919 2374 3020 2429 sibi
3051 2372 3450 2431 similitudinem
3478 2375 3753 2446 pollicen-

2169 2474 2277 2531 tur,
2314 2480 2432 2534 qua
2468 2463 2643 2520 solent
2676 2467 2745 2521 ad
2769 2468 2999 2522 cadaver
3027 2468 3350 2523 dominicum
3399 2470 3750 2541 congregari.

2142 2554 2237 2608 'Et
2266 2555 2406 2610 inter
2431 2555 2607 2610 media
2629 2554 2807 2612 sidera
2858 2565 3152 2628 posuerunt
3176 2558 3361 2614 nidum
3392 2575 3570 2625 suum,
3613 2560 3756 2616 inde

2168 2646 2447 2701 detraham
2478 2662 2591 2714 eos,
2620 2647 2749 2704 dicit
2774 2644 3050 2706 Dominus.
3068 2662 3073 2667 '
3094 2648 3247 2722 Sicut
3271 2652 3414 2706 enim
3443 2651 3755 2709 dormiente

2168 2735 2552 2807 patrefamilias
2577 2739 2719 2795 inter
2745 2740 2942 2795 bonam
2969 2733 3267 2798 Sementem
3311 2742 3560 2798 inimicus
3583 2744 3755 2800 homo

2168 2829 2376 2884 zizania
2414 2832 2810 2901 superseminat
2856 2830 3072 2903 (Mdtth.
3130 2830 3271 2906 xm),
3301 2833 3376 2891 ita
3402 2832 3538 2891 solet
3561 2836 3753 2906 aquila

2167 2920 2402 2989 grandis,
2434 2935 2753 2992 magnarum
2778 2918 3002 2989 alarum,
3055 2924 3212 2996 longo
3246 2925 3613 2981 membrorum
3646 2927 3750 2981 du-

2169 3014 2280 3076 ctu,
2311 3009 2470 3079 plena
2499 3010 2717 3079 plumis,
2767 3018 2821 3068 et
2850 3013 3133 3081 varietate,
3175 3022 3295 3087 quae
3321 3013 3484 3071 habet
3519 3017 3753 3073 ductum

2167 3101 2402 3158 intrandi
2429 3104 2483 3158 in
2517 3102 2803 3171 Libanum,
2834 3112 2887 3161 et
2915 3105 3056 3162 tollit
3093 3104 3162 3162 de
3184 3109 3463 3167 cacumine
3490 3108 3662 3174 cedri,
3696 3117 3750 3163 et

504 3197 651 3252 tione
673 3195 1006 3259 intumescis,
1032 3203 1093 3249 ut
1118 3197 1262 3255 inter
1288 3195 1464 3251 sidera
1486 3196 1732 3251 habitare
1757 3204 1810 3250 te
1832 3195 2022 3250 credas
2048 3212 2060 3249 :
2092 3178 2137 3254 C
2168 3190 2376 3260 plantat
2410 3204 2572 3265 super
2602 3208 2772 3265 aquas
2812 3192 3029 3259 multas,
3083 3202 3143 3250 ut
3184 3194 3238 3250 in
3289 3195 3444 3251 vinea
3473 3196 3752 3268 plantaria

501 3285 717 3341 etiamsi
762 3284 903 3341 ultra
932 3294 1177 3340 naturam
1223 3300 1409 3356 posses
1437 3284 1559 3341 coeli
1607 3286 1717 3360 alta
1760 3291 2065 3355 penetrare,

500 3379 626 3434 inde
656 3386 708 3434 te
731 3378 1093 3444 detraherem,
1125 3386 1181 3433 et
1221 3375 1289 3431 ad
1338 3385 1537 3432 terram
1568 3376 1905 3444 deducerem,
1936 3376 2069 3434 dicit

500 3468 759 3525 Dominus
791 3468 950 3523 Deus.
981 3467 1112 3522 [llud
1164 3478 1341 3523 autem
1394 3468 1538 3538 quod
1573 3468 1629 3522 in
1657 3466 1890 3525 Ieremia
1918 3469 2070 3524 addi-

500 3570 613 3617 tum
640 3568 759 3616 est:
799 3578 817 3611 ι
859 3559 928 3615 Ει
948 3548 1351 3629 apprehendere
1383 3560 1573 3616 niteris
1598 3559 1935 3615 altitudinem
1959 3559 2069 3616 col-
2100 3546 2105 3549 “

501 3653 586 3718 iis,
638 3671 658 3704 ι
691 3651 899 3722 aperuit
948 3651 1196 3721 aenigma,
1248 3650 1437 3705 collem
1474 3650 1786 3721 signiﬁcans
1826 3659 2066 3706 montem

502 3741 633 3799 Sion
661 3759 677 3799 :
708 3757 773 3797 ac
797 3756 896 3811 per
933 3741 1055 3806 huc,
1082 3740 1168 3794 vel
1196 3741 1365 3811 ipsam
1412 3742 1601 3795 urbem
1628 3739 1946 3806 Jerusalem,
1980 3742 2065 3797 vel

500 3835 775 3904 templum,
826 3834 972 3905 quod
1023 3833 1078 3887 in
1105 3848 1170 3887 ea
1200 3834 1468 3888 conditum
1515 3842 1616 3901 est,
1652 3833 1764 3889 vult
1818 3834 2061 3906 intelligi.

496 3931 743 4002 Aquilam
771 3936 948 3985 autem
998 3924 1208 3983 ctnictis
1251 3924 1439 3979 avibus
1466 3924 1629 3980 altius
1650 3925 1877 3980 volitare
1901 3926 2065 3980 etiam

424 4066 429 4073 .
496 4022 570 4087 hi,
598 4023 690 4093 qui
718 4022 785 4078 de
812 4029 1004 4075 natura
1037 4016 1215 4074 avium
1243 4015 1532 4089 disputant,
1560 4015 1837 4075 memoria:
1880 4015 2032 4089 prodi

496 4113 731 4167 derunt:
760 4112 1000 4181 tantique
1024 4111 1300 4166 contuitus
1345 4125 1465 4165 esse
1495 4111 1709 4175 dicitur,
1742 4118 1800 4164 ut
1826 4127 1947 4163 cum
1974 4126 2064 4165 su-

495 4218 592 4273 per
625 4203 796 4257 maria
849 4201 1112 4257 immobili
1158 4215 1331 4270 penna
1379 4199 1605 4266 fer-auir,
1664 4215 1764 4255 nec
1816 4200 2063 4255 humanis

2169 3279 2430 3352 pullulent
2455 3280 2597 3337 inter
2622 3280 2801 3339 sidera
2828 3282 3112 3351 Ecclesiae,
3147 3284 3214 3341 de
3259 3287 3452 3355 quibus
3480 3292 3531 3340 et
3556 3288 3611 3342 in
3638 3287 3754 3342 alio

2168 3368 2288 3426 loco
2346 3370 2581 3427 dieitur:
2623 3390 2642 3424 ί
2676 3370 2816 3428 Iusti
2866 3382 3043 3429 autem
3072 3374 3211 3431 sicut
3259 3376 3426 3432 stella:
3459 3374 3751 3450 fulgebunt

2164 3459 2385 3533 (Matth.
2412 3461 2554 3534 xm),
2593 3482 2612 3515 ι
2640 3476 2842 3533 ponere
2865 3467 3054 3522 nidum
3084 3480 3260 3523 suum.
3292 3467 3412 3523 Dixi
3442 3478 3612 3539 supra
3640 3469 3749 3528 hoc

2168 3553 2367 3622 ipsum,
2420 3562 2474 3610 et
2521 3555 2807 3612 adversum
2834 3562 3058 3615 Carnem
3100 3559 3345 3631 intelligi,
3389 3560 3530 3633 quod
3558 3561 3750 3616 immi-

2162 3655 2312 3702 nutae
2340 3647 2449 3702 sint
2479 3648 2625 3704 vires
2655 3648 2770 3718 ejus
2802 3650 2853 3704 in
2898 3650 3135 3705 adventu
3160 3649 3381 3718 Christi,
3417 3634 3473 3707 et
3495 3659 3749 3707 contem-

2160 3740 2388 3810 ptibilis,
2420 3742 2719 3813 animmque
2745 3740 2985 3813 subjecta
3012 3743 3256 3813 imperio,
3274 3751 3327 3799 et
3343 3742 3537 3800 frustra
3560 3745 3749 3816 eriga-

2168 3840 2255 3887 tur
2281 3849 2403 3889 cum
2435 3833 2642 3888 habitet
2670 3835 2724 3887 in
2747 3827 2994 3889 cavernis
3022 3824 3213 3904 petne,
3243 3834 3324 3890 Vel
3352 3818 3622 3900 sensibus,
3655 3835 3747 3892 vel

2163 3926 2600 3996 cogitationibus,
2631 3934 2684 3981 et
2712 3926 2840 3981 velit
2868 3924 3134 3982 dominari
3165 3930 3356 3983 anitum
3380 3927 3630 3987 exaltans
3657 3945 3748 3983 so-

2164 4019 2296 4077 lium
2336 4036 2509 4089 suum,
2545 4040 2644 4081 nec
2669 4014 2833 4095 opera
2862 4034 2954 4080 sua
3006 4034 3166 4098 posse
3201 4022 3431 4093 credens
3470 4023 3743 4096 superari.

2163 4117 2258 4170 Cui
2289 4117 2505 4179 dicitur,
2536 4117 2678 4187 quod
2715 4119 2959 4187 quamvis
2993 4135 3051 4175 se
3095 4119 3287 4189 erigat,
3319 4129 3371 4175 et
3399 4119 3589 4188 aquilae
3622 4120 3748 4173 imi-

2166 4214 2308 4260 tetur
2350 4200 2582 4271 excelsa,
2632 4208 2934 4280 multosque
2981 4218 3290 4267 sanctorum
3328 4210 3615 4279 deceperit,
3657 4219 3744 4263 ta-

495 4300 677 4363 pateat
726 4292 1029 4355 obtutibus,
1087 4291 1153 4345 de
1202 4299 1351 4344 tanta
1407 4290 1732 4377 sublimitate
1778 4290 2064 4360 pisciculos

495 4390 685 4438 natare
712 4382 893 4438 videat
933 4400 947 4435 :
991 4389 1195 4436 etcum
1230 4380 1386 4449 juxta
1416 4381 1565 4436 littus
1609 4381 1771 4438 fuerit
1811 4383 2062 4438 tormenti

494 4473 669 4527 instar
689 4470 1037 4536 descendere,
1069 4478 1383 4540 raptamque
1407 4470 1640 4540 praedam
1661 4472 1855 4541 pennis
1883 4473 1950 4527 ad
1974 4472 2062 4526 lit-

2164 4312 2283 4353 men
2316 4314 2348 4381 a
2374 4298 2598 4354 Domino
2624 4310 2870 4373 separata
2912 4300 2983 4357 sit
3030 4311 3192 4375 atque
3242 4303 3465 4381 dejecta.
3501 4303 3657 4374 Quod
3687 4306 3743 4360 in

2162 4386 2431 4444 hazretieis
2457 4399 2510 4444 et
2532 4405 2693 4446 carne
2728 4392 3111 4462 intelleximus,
3159 4388 3346 4453 contra
3366 4390 3579 4452 Iudaeos
3604 4413 3743 4467 quo-

2162 4494 2266 4549 que
2293 4481 2514 4552 intelligi
2542 4491 2738 4553 potest.

348 4568 361 4579 '
478 4575 580 4622 tus
629 4564 963 4635 pertrahere.
995 4562 1053 4618 Si
1081 4562 1366 4618 didicimus
1419 4564 1721 4629 historiam,
1770 4548 2136 4634 sequamurD
2182 4548 2196 4549 ί
2236 4589 2255 4622 ι
2297 4571 2367 4625 Et
2392 4548 2496 4626 erit
2516 4548 2746 4629 ldumaea
2775 4575 3213 4649 deserta,omnis
3251 4577 3343 4648 qui
3371 4577 3623 4633 transibit
3646 4594 3741 4649 per

490 4657 896 4730 intelligentiam
916 4655 1231 4726 spiritalem.
1260 4654 1412 4710 Licet
1436 4656 1551 4719 tibi,
1582 4673 1615 4710 o
1641 4657 1911 4723 beeretice,
1939 4673 2057 4711 ma-
2167 4679 2185 4711 ι
2229 4674 2348 4714 eam
2376 4663 2629 4732 stupebit,
2662 4672 2715 4719 ct
2742 4663 2977 4721 sibilabit
3001 4682 3161 4739 super
3181 4683 3368 4724 omnes
3392 4667 3574 4741 plagas
3595 4670 3735 4739 ejus,

489 4767 625 4823 gnus
645 4765 767 4807 esse
787 4750 1041 4815 videaris,
1087 4756 1142 4803 et
1175 4757 1491 4804 contemnas
1532 4748 1789 4805 Ecclesiae
1823 4751 2061 4820 paucita-
2166 4767 2187 4803 ‹
2230 4753 2370 4808 sicut
2407 4756 2665 4810 subversa
2704 4765 2786 4810 est
2811 4756 3041 4813 Sodoma
3065 4767 3118 4813 et
3144 4756 3444 4815 Gomorrha
3472 4768 3525 4815 et
3550 4761 3738 4816 vicinae

491 4850 621 4906 tem,
644 4845 824 4897 tamen
850 4854 1048 4908 parvus
1077 4838 1131 4893 in
1166 4838 1413 4906 gentibus
1441 4852 1521 4902 es,
1543 4846 1598 4892 et
1621 4839 2057 4908 contemptibilis,
2167 4861 2186 4895 ι
2229 4844 2366 4914 ejus,
2407 4846 2483 4899 ait
2522 4844 2782 4902 Dominus
2808 4865 2820 4901 :
2849 4847 2964 4904 Non
2994 4849 3258 4907 habit-abit
3281 4853 3352 4907 ibi
3392 4852 3493 4916 vir,
3521 4861 3592 4913 ,et
3630 4869 3737 4909 non

488 4943 543 4989 et
575 4948 679 4989 non
708 4930 879 4989 solum
914 4930 1354 5001 contemptibilis,
1378 4930 1473 4985 sed
1500 4946 1621 4985 cum
1649 4933 1876 4988 ἕπετάση
1905 4932 2063 4987 valde
2166 4953 2185 4986 ι
2231 4936 2425 4991 incolet
2458 4953 2577 4992 eam
2607 4938 2748 4994 ﬁlius
2774 4931 3025 4997 hominis.
3072 4963 3091 4995 ι
3136 4942 3252 4999 Erit
3279 4960 3408 5016 ergo
3436 4944 3491 4999 in
3540 4944 3628 4999 die
3658 4944 3738 4999 fu-

488 5022 919 5093 contemptibilis.
956 5040 977 5073 σ
1016 5021 1277 5091 Superbia
1330 5021 1511 5076 cordis
1570 5023 1645 5076 tui
1690 5023 1879 5077 extulit
1925 5031 1994 5078 te.
2032 5042 2052 5077 ι
2161 5028 2302 5082 roris
2337 5026 2548 5082 Domini
2592 5031 3003 5087 conciliabulum
3053 5020 3451 5105 htereticorum,
3480 5038 3592 5091 sive
3644 5033 3737 5091 Ju-

490 5111 620 5179 Quis
644 5111 787 5167 enim
806 5112 1183 5169 hareticorum
1210 5127 1317 5167 non
1342 5113 1397 5168 in
1425 5114 1731 5184 superbiam
1760 5115 2056 5182 extollitur,
2160 5117 2397 5173 datorum
2435 5117 2918 5189 blasphemantium
2950 5123 3243 5192 desertum,
3282 5127 3406 5198 quia
3459 5142 3734 5197 nunquam

489 5200 742 5255 Ecclesia:
793 5201 1191 5272 simplicitatem
1238 5204 1652 5273 parvipendens,
1684 5212 1741 5258 et
1768 5205 1926 5259 iidem
1951 5206 2059 5261 im-
2157 5218 2345 5280 postea
2385 5209 2660 5266 habebunt
2704 5221 3020 5284 potestatem
3074 5230 3402 5290 congregare
3446 5216 3735 5275 concilium

489 5290 742 5371 peritiam
761 5298 1057 5360 reputans:
1092 5291 1344 5348 habitans
1366 5294 1420 5349 in
1465 5295 1716 5353 scissuris
1743 5302 1933 5365 petrae,
1958 5310 2057 5350 ex-
2159 5298 2588 5370 malignantium.
2635 5300 2949 5372 Omnisque,
2989 5305 3083 5374 qui
3131 5308 3407 5363 transierit
3446 5322 3546 5380 per
3588 5324 3733 5377 eam,

491 5381 666 5437 altans
717 5380 912 5438 solium
963 5396 1142 5437 suum.
1187 5382 1347 5439 Petra
1385 5401 1694 5456 quanquam
1745 5385 2079 5457 frequenter
2160 5390 2416 5459 stupebit,
2454 5398 2510 5444 et
2542 5388 2780 5446 sibilubit
2806 5408 2966 5461 super
2993 5408 3181 5452 omnes
3216 5398 3399 5470 plagas
3434 5399 3567 5470 ejus.
3597 5399 3735 5468 Quia

491 5470 574 5526 vel
602 5470 656 5525 in
683 5484 907 5543 persona
964 5471 1201 5561 Domini,
1252 5472 1338 5529 vel
1386 5475 1440 5530 in
1487 5475 1758 5531 soliditate
1804 5473 2058 5545 ponatur,
2160 5478 2422 5548 supplicia
2453 5494 2662 5548 eorum,
2691 5492 2811 5550 quae
2852 5480 3193 5549 sustinebunt
3233 5494 3330 5556 pro
3370 5486 3735 5561 impietatibus

491 5561 630 5618 unde
658 5568 713 5617 et
747 5560 1011 5633 propheta
1050 5560 1181 5618 dicit
1210 5578 1223 5616 :
1258 5580 1277 5615 ι
1310 5561 1514 5620 Statuit
1554 5579 1714 5635 super
1734 5578 1943 5636 petram
1967 5582 2059 5637 pe-
2159 5569 2272 5625 suis
2300 5570 2571 5626 formidini
2599 5580 2654 5626 et
2679 5572 2865 5645 pavori
2887 5572 3042 5631 valde
3062 5576 3221 5649 digna
3242 5587 3421 5641 erunt.
3445 5560 3737 5649 Quoniam,

492 5656 585 5711 .les
599 5664 762 5744 imeos
788 5652 960 5727 (Paul.
990 5653 1138 5728 xu);
1172 5675 1191 5707 ι
1226 5664 1280 5711 et
1302 5657 1370 5711 ad
1408 5657 1628 5713 Petrum
1658 5660 1854 5716 dicitur
1881 5678 1894 5714 :
1926 5682 1944 5712 ι
1979 5660 2057 5715 Tu
2163 5664 2306 5719 sicut
2318 5662 2608 5719 Sodomam
2629 5664 3059 5724 etGomorrham
3082 5668 3302 5740 sulphur
3320 5673 3525 5744 etignis
3545 5675 3734 5730 incen-

494 5759 551 5799 es
598 5743 808 5812 Petrus,
844 5752 900 5801 et
928 5760 1091 5817 super
1130 5745 1269 5802 hanc
1306 5754 1517 5815 petram
1545 5748 1823 5805 mliﬁcabo
1873 5751 2061 5807 Eccle-
2163 5754 2241 5809 dit
2276 5751 2425 5825 (Gen.
2468 5756 2602 5827 xix),
2651 5764 2704 5810 et
2745 5758 2795 5811 in
2825 5767 3081 5816 aeternam
3122 5743 3461 5822 solitudinem
3505 5765 3732 5829 redegit.
