4044 6326
322 400 462 466 1133

1202 408 1570 467 EXPOSlTIO
1605 407 1836 467 SUPER
1861 401 2234 465 JEREMIAI.
2265 437 2336 455 --
2373 410 2502 466 LIB.
2544 406 2661 468 XV.

3459 411 3600 471 1154

318 516 402 574 ita
429 522 485 573 et
503 530 668 587 super
688 523 1001 587 peccatores
1020 516 1158 588 pluit
1192 518 1334 589 ignis
1360 527 1415 574 et
1441 518 1685 589 sulphur,
1716 526 1774 577 et
1801 519 1911 590 spi-
1936 536 1992 597 Α
2014 522 2167 588 titur,
2197 526 2318 594 quae
2346 532 2402 579 et
2430 524 2546 595 ipsa
2573 523 2769 596 regalis
2785 525 3057 596 quondam
3085 527 3276 584 civitas
3305 526 3406 585 fuit
3425 570 3440 597 ,
3462 541 3520 587 et
3547 534 3603 588 in

321 606 463 666 ritus
490 608 848 679 procellarum
881 624 1008 679 pars
1035 608 1220 665 calicis
1241 625 1452 665 eorum.

400 720 419 754 ι
462 701 601 758 Ecce
638 702 794 772 quasi
830 702 916 757 leo
950 704 1209 758 ascendet
1241 704 1308 759 de
1371 704 1627 774 superbia
1667 703 1918 762 Jordanis

294 777 355 851 lt
396 793 464 849 ad
497 793 951 864 pulchritudinem
983 794 1280 858 robustam,
1318 795 1446 864 quia
1486 796 1666 852 subito
1697 810 1919 851 currere

325 900 352 940 ι
392 898 517 953 eum
552 883 746 941 faciam
780 883 845 939 ad
886 884 1056 952 illam,
1087 896 1142 941 et
1181 887 1304 955 quis
1335 886 1442 942 erit
1480 887 1685 943 electas
1709 929 1723 955 ,
1754 903 1916 959 quem

329 993 353 1032 ι
396 993 693 1050 proponam
723 978 811 1033 ei?
839 977 974 1045 Quis
992 979 1136 1035 enim
1167 978 1360 1036 similis
1386 981 1529 1036 mei?
1556 981 1627 1035 Et
1654 982 1777 1051 quis
1800 997 1919 1037 sus-

330 1085 352 1123 t
399 1069 591 1126 tinebit
612 1070 733 1137 me?
761 1069 828 1126 Et
848 1069 971 1140 quis
994 1079 1077 1126 est
1092 1070 1192 1128 iste
1216 1083 1425 1141 pastor,
1446 1072 1540 1142 qui
1556 1074 1774 1129 resistet
1802 1073 1920 1129 vul-

330 1181 351 1215 ι
397 1161 471 1216 tui
488 1162 642 1219 meo?
661 1182 681 1216 ι
697 1160 867 1235 Igitur
880 1163 1022 1218 sicut
1035 1163 1294 1220 Dominus
1305 1165 1589 1234 castigavit
1610 1165 1921 1235 superbiam

324 1251 654 1320 Judaeorum,
683 1269 822 1326 quos
856 1253 1109 1312 Jordanis
1147 1255 1364 1311 nomine
1408 1262 1562 1311 notat
1596 1274 1610 1310 :
1648 1257 1723 1313 ita
1754 1256 1919 1310 etiam

326 1352 382 1400 et
438 1344 795 1402 ldummorum
842 1345 1125 1416 perﬁdiam
1191 1355 1359 1418 atque
1404 1347 1662 1403 invidiam
1689 1386 1703 1412 ,
1756 1360 1920 1417 quam

329 1448 690 1497 exercuerant
718 1448 914 1499 contra
952 1439 1151 1496 fratres
1186 1454 1313 1497 suos
1338 1480 1353 1506 ,
1384 1456 1484 1511 per
1522 1441 1801 1496 ministros
1828 1441 1923 1494 ira:

329 1544 441 1587 sua;
470 1529 629 1602 plena
658 1529 895 1586 vindicta
924 1529 1202 1599 corripiet,
1235 1545 1335 1585 nec
1368 1540 1453 1586 est
1482 1529 1621 1584 ullus
1658 1530 1751 1599 qui
1807 1528 1923 1598 ejus

329 1623 558 1689 consilio
581 1639 645 1681 ac
663 1622 926 1689 voluntati
956 1624 1210 1680 resistere
1232 1624 1425 1695 possit.
1455 1623 1715 1679 Similiter
1741 1631 1797 1678 et
1813 1623 1926 1679 hc-

333 1715 494 1772 retici
523 1722 580 1776 et
605 1715 794 1771 hostes
821 1714 1081 1771 Ecclesiae
1102 1714 1196 1770 Dei
1227 1730 1334 1771 non
1364 1715 1597 1770 evadent
1630 1721 1918 1777 tormenta,

333 1806 535 1878 iniquis
565 1807 822 1878 operibus
867 1815 927 1862 et
963 1807 1305 1878 dogmatibus
1347 1807 1461 1863 suis
1491 1806 1780 1878 condigna.
1815 1805 1923 1861 Sed

2018 615 2164 669 omni
2214 614 2368 687 Syria
2417 617 2592 672 tenuit
2650 618 3034 689 principatum.
3096 617 3336 675 Necdum
3379 622 3605 679 tiorebat

2016 704 2303 762 Antiochia
2336 717 2392 763 et
2424 708 2699 775 Laodicia,
2744 716 2801 765 et
2832 710 3059 780 Apamia
3084 750 3099 778 ,
3140 722 3275 782 quas
3314 716 3479 770 urbes
3507 730 3605 787 per

1984 797 2384 854 .Alexandrum
2423 809 2480 855 et
2524 800 2872 856 Macedonum
2919 802 3205 872 imperium
3250 804 3442 862 auctas
3485 822 3606 863 esse

1982 890 2392 959 cognovimus.
2440 890 2575 957 Quia
2620 891 2786 962 igitur
2848 904 3064 963 semper
3125 894 3309 949 decem
3356 896 3608 954 tribubus

2020 988 2213 1034 contra
2240 977 2433 1035 Judam
2461 981 2739 1050 praebebat
2782 982 3063 1052 auxilium,
3093 994 3149 1040 et
3183 984 3387 1057 Regum
3418 996 3473 1042 et
3513 988 3611 1043 Pa-

2020 1071 2391 1141 ralipomenon
2416 1081 2603 1126 narrat
2627 1072 2876 1140 historia,
2901 1076 3066 1130 etiam
3084 1076 3188 1146 ipsi
3214 1078 3518 1133 vastitatem
3544 1081 3610 1135 ab

2019 1161 2258 1232 Assyriis
2286 1163 2721 1233 appropinquare
2761 1163 3031 1234 signiﬁcat
3054 1206 3069 1231 ,
3106 1164 3320 1223 dicente
3347 1184 3475 1240 rege
3506 1170 3611 1225 As-

1992 1255 2292 1327 .syriorum
2328 1254 2496 1325 :Cepi
2554 1255 2808 1311 Arabiam
2850 1265 2913 1312 *et
2965 1257 3285 1314 Damascum
3329 1268 3385 1315 et
3425 1258 3614 1316 Sama-

2022 1348 2183 1403 riam.
2231 1348 2385 1404 Sicut
2405 1349 2551 1403 enim
2598 1349 2719 1405 illas
2754 1350 2904 1420 cepi,
2951 1359 3005 1405 et
3042 1352 3295 1407 universa
3325 1368 3492 1425 regna
3520 1370 3598 1410 ca

1998 1438 2189 1508 piam.
2224 1438 2356 1493 item
2386 1439 2440 1492 in
2479 1438 2689 1510 Regum
2731 1440 3007 1496 volumine
3048 1440 3275 1513 legimus
3307 1460 3322 1495 :
3354 1442 3616 1499 Ascendit

2022 1546 2119 1586 rex
2138 1530 2488 1602 Assyriorum
2512 1530 2858 1603 Damascum,
2879 1541 2935 1588 et
2949 1532 3091 1603 cepit
3115 1548 3235 1589 eam
3264 1541 3321 1588 et
3342 1534 3619 1591 transtulit

2026 1623 2080 1679 in
2119 1623 2383 1695 Cyrenen.
2433 1621 2600 1679 Rasin
2642 1639 2855 1695 quoque
2894 1626 3187 1693 interfecit,
3233 1626 3324 1695 qui
3370 1635 3486 1681 erat
3522 1642 3619 1683 rex

2027 1715 2294 1771 Damasci.
2322 1715 2453 1782 Quae
2473 1717 2655 1771 omnia
2684 1717 2913 1773 Ezechia
2944 1716 3329 1789 Hierosolymis
3358 1729 3621 1792 regnante

2024 1821 2283 1877 perpessa
2314 1815 2457 1861 sunt.
2488 1807 2681 1862 Emath
2710 1823 2838 1879 ergo
2864 1815 2917 1863 et
2936 1807 3205 1878 Arpbath,
3233 1825 3351 1880 quae
3381 1810 3434 1864 in
3459 1810 3621 1866 Esaia

330 1895 418 1955 leo
469 1897 800 1954 saevissimus
840 1904 897 1953 et
932 1896 1315 1967 rapacissimus
1361 1895 1606 1953 diabolus
1650 1896 1707 1950 in
1752 1902 1923 1950 tarta-
1952 1900 2002 1963 Β
2026 1907 2083 1954 et
2112 1900 2164 1954 in
2196 1898 2469 1955 Hieremia
2501 1900 2769 1971 leguntur,
2807 1899 2967 1956 urbes
2999 1910 3124 1956 sunt
3153 1902 3422 1969 Damasci,
3460 1913 3623 1975 atque

334 2006 459 2048 rum
527 2005 622 2047 eos
683 1990 955 2062 perpetuis
1006 1988 1300 2047 laniatibus
1357 1988 1681 2045 cruciandos
1739 1996 1923 2045 retru-

346 2083 435 2143 εῑι.
1851 2128 1860 2138 .

411 2193 432 2230 ‹
475 2175 771 2248 Propterea
810 2176 996 2232 audite
1026 2175 1311 2232 consilium
1340 2175 1592 2241 Domini,
1620 2174 1765 2245 quod
1804 2173 1930 2229 iniit

341 2288 361 2321 ι
405 2269 471 2325 de
515 2269 685 2325 Edom
706 2308 723 2336 ,
752 2276 808 2326 et
848 2269 1205 2341 cogitationes
1238 2266 1356 2337 ejus
1392 2282 1529 2339 quas
1564 2266 1821 2337 cogitavit
1861 2266 1929 2322 de

341 2375 365 2413 ι
405 2359 803 2419 habitatoribus
822 2359 1099 2426 Theman;
1130 2360 1176 2415 si
1205 2374 1313 2416 non
1348 2358 1648 2430 dejecerint
1671 2373 1767 2414 eos
1808 2372 1933 2429 par-

341 2470 362 2504 ι
405 2451 517 2507 Vidi
546 2452 746 2524 gregis,
770 2451 875 2510 nisi
894 2452 1281 2522 dissipaverint
1304 2465 1431 2507 eum
1460 2452 1540 2507 eis
1560 2449 1928 2507 habitaculum

342 2561 364 2597 ι
408 2560 619 2601 eorum.
670 2545 720 2600 A
759 2559 892 2601 voce
921 2545 1093 2602 ruina:
1112 2560 1302 2601 uirum
1329 2554 1600 2601 commota
1639 2553 1721 2599 est
1752 2554 1929 2611 terra,

344 2655 367 2690 ι
410 2637 617 2695 clamor
656 2639 714 2695 in
764 2639 905 2696 mari
937 2638 1125 2695 Rubro
1158 2639 1375 2694 auditus
1411 2646 1495 2693 est
1532 2638 1683 2693 vocis
1719 2652 1929 2692 eorum.

344 2748 367 2784 ι
405 2730 547 2787 Ecce
574 2732 732 2801 quasi
757 2732 938 2803 aquila
967 2731 1225 2788 ascendet
1248 2741 1305 2788 et
1329 2732 1552 2798 volabit,
1583 2740 1640 2787 et
1665 2733 1935 2803 expaudet

347 2836 369 2871 σ
413 2819 527 2877 alas
539 2822 1095 2894 suassuperBosram.
1120 2824 1184 2880 Et
1203 2823 1310 2879 erit
1332 2839 1433 2880 eor
1444 2824 1667 2879 fortium
1689 2824 1936 2879 idumaeas

346 2930 369 2965 ι
415 2913 470 2969 in
501 2914 590 2970 die
615 2914 707 2970 illa
736 2916 894 2985 quasi
937 2930 1032 2972 cor
1071 2917 1313 2973 mulieris
1346 2918 1717 2990 parturientis.
1766 2936 1787 2969 ι
1832 2917 1938 2973 Va-

341 3013 549 3061 statore
594 3005 846 3065 veniente
883 3022 1047 3078 super
1083 3008 1371 3064 ldumaeam
1398 3019 1457 3065 et
1503 3024 1665 3081 super
1692 3010 1934 3074 Bosram,

343 3111 506 3167 quem
534 3098 730 3169 aquila
760 3100 1088 3172 expandenti
1113 3100 1231 3156 alas
1261 3112 1387 3156 suas
1412 3140 1428 3167 ,
1472 3101 1578 3156 hoc
1601 3113 1687 3156 est
1709 3130 1727 3167 ,
1753 3101 1821 3155 ad
1846 3115 1938 3155 ra-

341 3188 599 3258 piendum
636 3199 861 3260 paratae,
900 3200 1203 3263 conparat,
1233 3207 1337 3248 vox
1357 3193 1533 3248 ruina:
1563 3206 1752 3248 eorum
1781 3191 1939 3264 longe

2024 1992 2258 2054 Arabia,
2285 2004 2421 2062 quas
2440 2006 2530 2047 rex
2547 1992 2889 2064 Assyriorum
2912 1996 3163 2049 vastavit.
3215 1992 3323 2051 Sed
3344 1996 3622 2053 sciendum

2028 2083 2171 2154 quod
2210 2083 2278 2138 ab
2305 2085 2463 2139 Esaia
2491 2086 2665 2139 vicina
2705 2086 2990 2155 captivitas
3037 2086 3407 2158 Assyriorum,
3436 2104 3465 2141 a
3496 2085 3624 2144 Hie-

2029 2176 2201 2231 remia
2223 2180 2438 2246 quoque
2450 2173 2776 2246 Babylonica
2802 2178 3090 2246 captivitas
3112 2177 3457 2233 Damascense
3478 2178 3626 2234 urbis

2032 2265 2383 2332 describitur,
2423 2265 2476 2319 id
2513 2275 2631 2331 est,
2664 2278 2961 2335 paucorum
2988 2284 3127 2338 quos
3154 2269 3500 2341 Assyriorum
3532 2286 3627 2327 rex

2032 2358 2327 2430 reliquerat
2372 2358 2429 2413 in
2457 2373 2541 2413 ea.
2582 2357 2688 2413 Alii
2717 2360 2986 2415 aestimant
3027 2362 3092 2416 de
3122 2360 3364 2417 Romana
3398 2361 3629 2433 captivi-

2034 2459 2159 2508 tate
2177 2449 2399 2523 praedici
2423 2492 2439 2518 ,
2470 2452 2685 2521 quando
2714 2459 2767 2507 et
2796 2450 3104 2508 Judazorum
3130 2463 3320 2524 captus
3348 2463 3430 2508 est
3462 2468 3628 2524 popu-

2022 2543 2120 2598 ‘lus
2148 2584 2161 2609 ,
2210 2550 2266 2598 et
2298 2542 2625 2609 Damascus,
2665 2543 2752 2597 cui
2781 2543 3085 2613 imperabat
3129 2543 3353 2609 Arctba,
3395 2546 3626 2599 similem

2039 2634 2297 2690 sustinuit
2340 2634 2656 2688 servitutem
2690 2674 2705 2699 ,
2753 2641 2814 2688 ut
2850 2641 3046 2689 cuncta
3080 2675 3095 2702 ,
3147 2649 3266 2706 quae
3314 2650 3477 2706 super
3538 2649 3634 2690 eas

2039 2729 2239 2797 scripta
2269 2734 2414 2793 sunt,
2451 2729 2521 2782 ad
2547 2726 2753 2783 Christi
2791 2737 3003 2799 tempus
3028 2736 3082 2784 et
3111 2728 3492 2799 Apostolorum
3516 2728 3645 2801 my;

2032 2818 2205 2871 steria
2242 2817 2661 2873 transferantur.
2697 2817 3018 2875 Pmdicitur
3046 2820 3190 2875 enim
3227 2818 3491 2875 Damasco
3517 2835 3636 2874 ver-

2039 2911 2168 2965 bum
2208 2904 2434 2965 'crudele
2477 2910 2809 2981 captivitatis
2836 2951 2851 2975 ,
2894 2911 3038 2980 quod
3078 2912 3343 2981 propheta
3391 2900 3635 2965 auditum

2038 3002 2336 3072 pessimum
2382 3012 2694 3074 nuncupat,
2732 3004 2983 3075 quodque
3024 3005 3208 3073 vigore
3245 3003 3504 3059 dissoluto
3540 2986 3637 3074 ap-

2039 3094 2339 3163 prehendct
2367 3106 2485 3148 eam
2529 3095 2689 3149 timor
2720 3102 2779 3149 et
2805 3094 3019 3150 dolores
3053 3095 3207 3165 quasi
3245 3095 3635 3167 parturientem
3736 3146 3741 3155 ,

2043 3183 2335 3254 exagitent,
2390 3198 2687 3255 murosque
2732 3184 2985 3241 Damasci
3042 3192 3098 3240 et
3137 3185 3340 3241 muenia
3383 3185 3634 3241 Benedab

343 3278 561 3353 lateque
583 3283 817 3351 sonabit,
856 3292 915 3341 et
938 3293 1206 3342 tenorem
1235 3285 1433 3343 vicini.
1466 3286 1760 3355 provincias
1787 3284 1938 3339 ‘mcu-
1962 3276 2011 3341 C
2040 3273 2183 3345 ignis
2217 3275 2457 3330 devoret.
2510 3274 2762 3330 Damasci
2802 3277 3036 3347 primum
3084 3291 3280 3331 nomen
3337 3277 3392 3331 in
3437 3274 3639 3333 Genesi

347 3374 454 3429 tit:
488 3375 614 3445 quia
640 3374 799 3445 juxta
840 3377 1128 3434 consilium
1165 3376 1382 3434 Domini
1424 3392 1557 3451 gens
1582 3379 1820 3449 superba
1850 3378 1943 3434 de-

343 3466 487 3523 bitas
524 3481 719 3539 pmnas
760 3469 879 3525 luit.
928 3470 1153 3542 Mystiee
1196 3479 1379 3527 autem
1403 3511 1420 3538 ,
1461 3471 1616 3541 juxta
1659 3470 1943 3526 consilium

345 3558 581 3627 Domini,
600 3558 814 3632 parvuli
849 3572 1097 3634 gregum,
1134 3564 1241 3617 hoc
1274 3571 1380 3630 est,
1408 3561 1640 3618 humiles
1661 3562 1731 3617 de
1746 3561 1945 3632 populo

348 3651 609 3707 ecclesiis
632 3660 783 3709 recta
817 3652 927 3708 iide
969 3662 1027 3709 et
1058 3654 1245 3709 veraci
1275 3654 1548 3724 dogmate,
1588 3650 1844 3722 dejiciunt
1881 3664 1947 3707 ac

349 3740 618 3812 dissipant
672 3743 908 3813 stipem
946 3744 1206 3813 dogmata
1259 3744 1663 3799 haereticorum.
1701 3758 1721 3796 ε
1758 3743 1949 3799 Eterit

351 3848 448 3889 eor
474 3832 697 3889 fortium
724 3830 972 3888 idumaeas
1017 3833 1072 3888 in
1111 3834 1199 3889 die
1236 3833 1351 3900 illa,
1392 3834 1548 3904 quasi
1569 3846 1664 3889 eor
1705 3832 1947 3889 mulieris

350 3924 704 3997 parturientis
729 3943 743 3980 :
779 3946 799 3979 ι
818 3925 944 3995 quia
960 3926 1137 3981 omnis
1160 3924 1334 3981 fastus
1356 3926 1710 3981 contumaciae
1733 3925 1945 3980 haereti-

352 4032 542 4073 eorum
574 4017 785 4074 Domini
812 4027 947 4074 nutu
972 4028 1285 4074 conteretur
1307 4060 1323 4085 ,
1360 4027 1416 4075 et
1460 4018 1524 4073 ad
1550 4017 1780 4073 nihilum
1806 4018 1949 4075 redi-

354 4117 529 4179 getur,
553 4107 940 4179 quandojuxta
962 4109 1306 4165 Psalmistam
1332 4126 1345 4163 :
1375 4127 1395 4161 ε
1430 4109 1699 4181 Exsurget
1726 4110 1871 4165 Deus
1896 4118 1950 4165 et

354 4200 760 4273 dissipabuntur
785 4203 988 4259 inimici
1017 4202 1134 4272 ejus
1160 4243 1175 4270 ,
1215 4204 1307 4273 qui
1332 4204 1566 4259 oderunt
1606 4216 1751 4259 eum;
1796 4202 1951 4259 Sicut

356 4293 537 4349 deficit
566 4293 746 4349 fumus
774 4294 1045 4360 deficient,
1086 4295 1230 4349 sicut
1256 4292 1372 4349 fluit
1402 4310 1524 4350 cera
1555 4310 1583 4349 a
1612 4294 1751 4351 facie
1778 4292 1945 4366 ignis,

357 4387 437 4443 sic
465 4388 717 4457 peribunt
740 4396 1051 4457 peccatores
1084 4400 1116 4441 a
1145 4387 1283 4442 facie
1312 4388 1405 4441 Dei
1435 4406 1448 4442 :
1477 4387 1544 4442 Et
1573 4386 1704 4459 justi
1732 4387 1953 4467 epulan-

360 4486 469 4543 tur,
488 4474 770 4534 'exsult'ent
794 4480 850 4533 in
879 4487 1172 4549 conspectu
1208 4475 1328 4543 Dei,
1367 4488 1423 4533 et
1450 4478 1861 4536 delectabuntur
1895 4480 1951 4535 in

360 4566 549 4622 laetitia
574 4583 638 4623 ac
661 4568 1003 4624 multitudine
1027 4570 1176 4638 pacis
1196 4565 1369 4640 (Psal.
1404 4570 1593 4639 vau).
1636 4584 1657 4621 δ

2044 3365 2274 3438 legimus
2323 3366 2476 3438 (Gen.
2510 3366 2644 3439 xv),
2689 3368 2779 3437 qui
2829 3376 2955 3423 ante
2994 3366 3147 3423 Isaac
3187 3366 3284 3422 fuit
3324 3368 3642 3423 vernaculus

2045 3457 2318 3513 Abraham
2348 3466 2404 3512 et
2436 3459 2732 3528 putabatur
2768 3457 2964 3526 haeres,
3002 3458 3107 3515 nisi
3137 3469 3282 3516 esset
3320 3457 3471 3514 Sane
3498 3458 3640 3515 ﬁlius

2046 3564 2111 3605 ex
2149 3550 2507 3620 promissione
2539 3559 2849 3621 generatus.
2886 3550 3280 3622 Interpretatur
3320 3561 3503 3607 autem
3545 3564 3640 3608 aut

2042 3644 2327 3716 sanguinis
2386 3643 2670 3714 poculum,
2726 3650 2821 3698 aut
2870 3645 3189 3711 sanguinem
3240 3644 3436 3701 bibens
3471 3687 3486 3712 ,
3546 3657 3641 3701 aut

2050 3737 2271 3808 ‘sanguis
2290 3736 2485 3802 cilicii,
2529 3750 2648 3806 qua:
2668 3736 2846 3792 omnia
2870 3736 3065 3808 populo
3092 3736 3421 3792 conveniunt
3443 3734 3638 3792 Ethni-

2050 3844 2259 3896 corum,
2312 3830 2405 3900 qui
2447 3838 2571 3884 ante
2624 3830 2783 3885 iidem
2836 3828 3037 3885 Christi
3088 3831 3296 3887 amicus
3348 3839 3467 3885 erat
3522 3847 3635 3887 san-

2050 3920 2227 3992 guinis
2253 3927 2307 3975 et
2336 3916 2668 3975 crudelitatis
2693 3962 2707 3987 ,
2740 3929 2795 3975 et
2831 3920 2988 3993 digna
3012 3938 3177 3992 opera
3212 3921 3427 3993 planctu
3454 3922 3648 3993 agebat

2051 4020 2107 4069 et
2151 4027 2329 4069 sacco.
2371 4012 2428 4067 In
2465 4012 2683 4068 Dierum
2711 4012 2852 4069 libro
2892 4024 3081 4069 narrat
3127 4014 3354 4071 historia
3400 4014 3487 4088 (11
3512 4014 3643 4070 Par.

2051 4101 2235 4174 xxii),
2262 4102 2403 4173 quod
2435 4101 2656 4173 impleto
2693 4118 2835 4158 anno
2864 4105 3168 4159 ascenderit
3196 4114 3385 4162 contra
3414 4104 3542 4162 Joas
3566 4122 3649 4162 re-

2053 4186 2175 4269 gem
2227 4194 2533 4252 Judzeorum
2573 4198 2846 4254 exercitus
2896 4197 3089 4271 Syriae,
3126 4210 3181 4255 et
3212 4202 3423 4256 venerit
3458 4201 3650 4258 Hieru-

2004 4287 2268 4355 ~salem,
2325 4296 2381 4343 et
2435 4303 2623 4344 omnes
2675 4289 2949 4361 principes
3009 4292 3193 4362 populi
3263 4292 3645 4360 interfecerit,

2054 4388 2416 4450 cunctamque
2442 4380 2683 4451 praadam
2716 4383 2927 4438 miserit
2958 4384 3071 4456 regi
3104 4384 3375 4449 Damasci,
3402 4386 3495 4457 qui
3525 4402 3648 4443 cum

2052 4471 2241 4544 paucis
2276 4472 2408 4528 viris
2448 4483 2714 4540 venerat,
2760 4483 2816 4529 et
2862 4474 3005 4530 Deus
3043 4466 3340 4547 tradiderat
3379 4476 3435 4532 in
3485 4493 3650 4534 manu

2054 4578 2244 4619 eorum
2278 4563 2674 4618 multitudinem
2714 4581 2963 4636 magnam
3002 4567 3182 4634 nimis,
3226 4583 3291 4623 eo
3334 4569 3478 4637 quod
3522 4569 3649 4623 reli-
3716 4609 3733 4626 .

440 4679 460 4711 ι
503 4660 585 4713 Ad
622 4660 942 4715 Damascum
971 4679 983 4714 :
1014 4660 1251 4715 Confusa
1286 4670 1369 4715 est
1399 4661 1593 4716 Emath
1623 4670 1679 4716 et
1706 4660 1946 4733 Αι-ριιειά,
1975 4660 2032 4724 D
2056 4655 2297 4725 quissent
2312 4653 2596 4709 Dominum
2609 4664 2821 4726 patrum
2835 4672 3077 4712 suorum.
3099 4658 3250 4725 Quod
3266 4657 3423 4725 juxta
3449 4673 3651 4729 anago—

370 4769 390 4802 ι
431 4750 557 4820 quia
583 4745 1146 4820 auditum'pessimum
1172 4751 1477 4816 audierunt,
1515 4751 1715 4805 turbati
1746 4763 1871 4807 sunt
1902 4752 1956 4807 in

371 4860 395 4896 ο
436 4844 598 4908 mari,
627 4843 681 4896 in
706 4841 1069 4896 sollicitudine
1092 4844 1372 4911 quiescere
1408 4859 1513 4898 non
1557 4836 1748 4913 potuii.
1776 4843 1958 4898 Disso-

372 4952 395 4988 ι
437 4933 547 4989 luta
570 4941 653 4988 est
678 4932 1005 4998 Damascus',
1036 4946 1192 4988 versa
1235 4942 1320 4989 est
1354 4933 1411 4988 in
1443 4932 1643 5005 fugam,
1678 4933 1842 4988 timor
1863 4948 1958 5003 ap-

374 5046 394 5079 ‹
434 5026 719 5097 prehendit
741 5034 883 5091 eam,
919 5026 1169 5096 angustia
1199 5034 1256 5081 et
1274 5026 1489 5081 dolores
1517 5024 1808 5081 tenuerunt
1828 5028 1957 5080 'eam

375 5136 399 5170 σ
439 5119 592 5188 quasi
628 5117 1037 5189 parturientem.
1084 5117 1363 5185 Quomodo
1392 5118 1793 5189 dereliquerunt
1826 5118 1956 5173 civi-

377 5228 396 5260 ι
442 5217 610 5264 tatem
657 5206 1025 5275 laudabilem,
1079 5210 1268 5264 urbem
1312 5207 1546 5264 iretitiaz?
1586 5208 1717 5263 ideo
1762 5209 1957 5263 cadent

378 5316 398 5350 ι
437 5298 661 5367 juvenes
687 5299 805 5369 ejus
832 5299 888 5355 in
929 5300 1123 5370 plateis
1150 5298 1266 5370 ejus
1293 5340 1309 5366 ,
1349 5307 1407 5354 et
1434 5312 1626 5355 omnes
1654 5299 1757 5354 viri
1787 5298 1957 5370 praelii

378 5404 400 5446 ι
443 5390 806 5446 ωιιιίοεεοεηι
835 5392 890 5445 in
933 5392 1018 5446 die
1058 5392 1166 5458 illa,
1196 5392 1273 5447 ait
1299 5389 1558 5447 Dominus
1584 5391 1920 5448 exercituum
1941 5433 1956 5457 ,

381 5477 501 5536 ti'et
525 5484 846 5536 succendam
867 5482 1045 5553 ignem
1068 5484 1289 5540 inmuro
1317 5474 1588 5550 Damasci,
1614 5493 1667 5539 et
1685 5484 1967 5539 devorabit

384 5590 411 5629 ι
448 5574 648 5630 muenia
674 5575 941 5632 Bededad.
972 5578 1055 5632 Ad
1092 5576 1269 5633 Cedar
1287 5586 1343 5633 et
1372 5576 1440 5631 ad
1473 5593 1633 5648 regna
1658 5578 1814 5642 Asor,
1841 5594 1963 5649 qua:

388 5674 411 5723 t‘
452 5668 717 5741 percussit
751 5663 1246 5727 Nabuchodonosor
1294 5686 1388 5725 rex
1425 5656 1729 5741 Babylonis.
1770 5689 1788 5723 ι
1831 5670 1962 5727 Post

381 5759 683 5820 Philistaeos
722 5769 777 5815 et
819 5754 1101 5827 Moabitas,
1143 5760 1483 5816 Ammonitas
1509 5775 1721 5830 quoque
1763 5759 1961 5814 elidu-

384 5866 570 5922 tnteos,
600 5854 665 5910 ad
690 5853 1033 5921 Damascum,
1064 5850 1118 5907 id
1142 5861 1230 5908 est
1252 5852 1510 5909 Arabiam
1535 5865 1713 5909 sermo
1737 5864 1963 5907 conver-

2061 4766 2162 4821 gen
2208 4758 2263 4804 et
2285 4748 2591 4821 futurorum
2621 4758 2803 4819 typum
2830 4751 3281 4805 consulerandum
3312 4759 3433 4805 est:
3470 4762 3650 4805 utrum

2061 4841 2164 4895 hoc
2191 4840 2257 4894 ad
2293 4848 2503 4909 tempus
2526 4840 2791 4896 Dominici
2818 4842 3078 4897 adventus
3112 4843 3315 4899 referre
3356 4843 3646 4901 valeamus.

2060 4930 2187 4987 Post
2212 4930 2373 4986 finem
2399 4933 2542 4987 enim
2571 4933 2695 4987 anni
2715 4934 3082 5004 acceptabilis,
3116 4936 3169 4990 in
3192 4952 3298 5005 quo
3316 4952 3343 4989 a
3370 4935 3651 4994 Salvatore

2060 5025 2410 5097 Evangelium
2440 5026 2788 5097 prazdicatum
2826 5034 2929 5091 est,
2987 5026 3231 5081 ascendit
3272 5028 3337 5081 de
3385 5027 3650 5083 Damascu

2062 5113 2303 5185 gentium
2344 5114 2634 5178 exercitus,
2669 5113 2719 5167 in
2752 5114 2938 5183 paucis
2973 5113 3123 5179 viris,
3154 5124 3342 5170 contra
3373 5113 3567 5170 Judam
3597 5124 3653 5170 et

2064 5200 2437 5269 Hierusalem,
2487 5220 2605 5275 quae
2641 5202 2975 5272 reliquerunt
3012 5203 3297 5258 Dominum
3323 5246 3338 5271 ,
3381 5214 3436 5259 et
3462 5222 3650 5261 omnes

2066 5314 2253 5356 eorum
2287 5299 2429 5373 leges
2476 5316 2538 5353 ac
2571 5299 2975 5368 prephetarum,
3015 5299 3286 5355 abstulere
3316 5300 3553 5366 divitias,
3595 5309 3650 5356 et

2066 5391 2333 5446 miserunt
2375 5393 2486 5462 regi
2536 5388 2804 5454 Damasci,
2853 5390 2984 5445 viris
3025 5390 3409 5447 ecclesiasticis
3438 5403 3492 5447 et
3525 5392 3650 5446 doc-

2067 5482 2225 5536 trina:
2240 5481 2579 5552 evangelicae,
2598 5480 2688 5550 qui
2715 5480 2781 5534 ad
2796 5483 3253 5552 comparationem
3279 5485 3439 5539 tutius
3466 5483 3653 5537 mundi

2069 5574 2244 5628 adhuc
2274 5581 2404 5628 tunc
2432 5566 2638 5639 fideles,
2678 5582 2733 5627 et
2768 5574 2821 5628 in
2851 5582 2962 5629 toto
2999 5574 3130 5631 orbe
3153 5575 3516 5645 dispersorum
3550 5573 3649 5629 Ju-

2067 5658 2340 5744 daeorum,
2385 5664 2541 5735 pauci
2591 5673 2775 5730 erant,
2818 5672 2872 5721 et
2917 5673 3097 5721 tamen
3134 5668 3392 5723 Dominus
3429 5666 3653 5720 tradidit

2068 5756 2401 5812 Hierusalem
2453 5756 2697 5811 manibus
2750 5774 2969 5824 eorum,
3011 5774 3076 5814 eo
3119 5759 3262 5828 quod
3311 5756 3655 5826 reliquissent

2068 5851 2161 5906 Dei
2202 5848 2418 5915 Filium,
2462 5852 2551 5920 qui
2594 5867 2689 5922 per
2720 5853 3008 5922 prophetas
3038 5858 3162 5905 ante
3188 5850 3510 5920 praedicatus
3542 5857 3647 5908 est.
