4044 6326
503 386 637 442 “55

1135 385 1196 438 Β.
1239 380 1492 438 ΒΑΒΑΝΙ
1529 379 1746 438 MAURI
1782 378 2098 440 ARCHIEP.
2129 375 2437 448 MOGUNT.
2471 375 2754 434 OPERUM
2789 374 2970 432 PARS
3005 374 3091 431 lli.

3615 371 3773 428 M36

489 479 602 571 Ego
626 499 696 555 ob
723 498 881 554 thanc
915 511 1136 552 causam
1174 511 1296 552 reor
1313 537 1329 563 ,
1368 504 1422 550 et
1449 494 1672 550 Saulum
1701 533 1718 559 ,
1755 492 1848 562 qui
1883 497 2074 562 postea
2100 491 2154 558 Α
2177 503 2285 544 nox
2313 487 2631 558 compulerit
2651 489 3043 551 sedestenent,
3065 483 3263 556 quibus
3282 490 3530 540 armenta
3551 493 3683 538 sunt
3703 493 3769 539 et

487 592 642 646 Pauli
663 607 726 647 ex
752 592 952 645 virtute
986 604 1182 644 nomen
1225 588 1460 658 accepit,
1503 586 1594 656 qui
1635 583 1914 640 aemulator
1950 588 2070 664 erat

489 682 626 754 legis
671 697 738 737 ex
777 680 1076 746 Damasco,
1112 686 1168 733 et
1203 687 1390 733 contra
1420 675 1698 733 credentes
1725 689 1789 728 ex
1819 672 2070 743 gentibus

488 789 731 847 pugnare
773 761 1008 828 voluisse
1031 811 1047 836 ,
1086 769 1179 840 qui
1221 770 1273 824 in
1314 769 1577 822 Damasco
1601 764 1977 828 versabantur,
2010 769 2072 818 ut

488 867 613 922 inde
650 880 868 920 rursum
905 861 1239 918 Hierusalem
1289 859 1501 914 Iudaeos
1538 865 1938 926 expugnaturus
1989 867 2071 908 as-

488 959 742 1016 cenderet
779 957 918 1030 (Act.
955 958 1054 1026 1x).
1091 953 1194 1009 Per
1228 952 1550 1006 Damascum
1586 949 1795 1003 vocatio
1830 946 2068 1017 gentium

488 1047 842 1120 signiﬁcatur,
865 1045 1120 1117 quoniam
1151 1043 1423 1108 amabant,
1439 1041 1523 1096 vel
1554 1039 1814 1096 bibebant
1848 1036 2069 1107 sangui-

488 1154 637 1203 nem,
669 1153 790 1208 quae
809 1145 1093 1208 postquam
1123 1134 1179 1188 in
1208 1132 1424 1188 Christo
1453 1129 1802 1193 crediderint,
1826 1125 2070 1196 pristina:

491 1226 913 1284 conversationis
960 1225 1151 1280 civitas
1196 1237 1315 1278 esse
1359 1222 1657 1284 desistent,
1705 1239 1723 1270 ε
1761 1227 1816 1273 et
1861 1224 2065 1280 erunt,

480 1316 636 1386 juxta
689 1316 840 1372 Isaia:
884 1314 1231 1378 vaticinium,
1293 1312 1432 1367 sicut
1469 1325 1694 1366 acervus
1733 1306 1970 1376 lapidum
2012 1303 2068 1358 in

487 1411 638 1463 ruina
697 1406 833 1478 (Isa.
894 1405 1050 1476 xvn).
1094 1424 1113 1457 ›
1158 1404 1436 1472 Quomodo
1483 1403 1628 1458 enim
1700 1398 1881 1454 acervi
1928 1397 2064 1467 lapi-

485 1487 614 1552 dum
634 1537 650 1563 ,
705 1496 797 1567 qui
827 1495 884 1550 in
908 1495 1052 1566 agris
1098 1493 1325 1565 dispersi
1350 1501 1498 1557 sunt,
1525 1492 1578 1546 in
1608 1505 1776 1543 unum
1799 1487 2066 1543 tumulum

482 1593 887 1657 comportantur
910 1625 925 1651 ,
975 1585 1052 1639 sic
1090 1584 1157 1638 de
1185 1582 1451 1637 universis
1489 1579 1796 1634 nationibus
1841 1590 2066 1632 acervus

481 1677 813 1732 credentium
861 1682 1238 1745 congregatur,
1287 1673 1340 1726 in
1387 1671 1600 1725 ruinam
1631 1668 1810 1738 populi
1855 1667 2066 1722 Judan-

407 1799 414 1802 -
481 1783 618 1832 rum,
651 1767 757 1822 illis
785 1766 1101 1823 cadentibus
1133 1772 1189 1819 et
1224 1763 1379 1818 nobis
1407 1761 1751 1829 surgentibus
1772 1757 2060 1830 (MAURUS).

2166 593 2365 650 pecora
2397 577 2726 633 camelorum
2753 590 3049 648 gregesque
3077 573 3279 640 ovium,
3302 573 3394 644 qui
3419 589 3527 629 non
3551 573 3770 629 habent

2169 669 2307 722 ostia
2335 682 2436 722 nec
2456 676 2655 723 vectes.
2687 665 2803 721 Non
2833 667 2975 722 enim
3000 673 3286 720 versantur
3313 665 3370 719 in
3409 664 3640 720 urbibus
3660 664 3768 720 sed

2170 755 2225 810 in
2251 754 2557 812 solitudine.
2589 755 2656 809 Et
2686 755 2742 810 hi
2780 770 2907 826 ergo
2932 771 2963 808 a
2981 752 3287 825 Babyloniis
3314 752 3474 808 deleti
3501 762 3661 820 sunt,
3691 769 3770 809 eo

2172 847 2315 917 quod
2344 847 2484 902 Asor
2510 845 2810 911 civitatem,
2840 860 2960 915 quae
2987 842 3300 914 metropolis
3330 843 3508 913 gentis
3534 843 3680 897 illius
3703 842 3765 897 in

2170 955 2352 996 eremo
2377 939 2498 1006 fuit,
2523 955 2694 1010 usque
2733 938 2802 994 ad
2829 937 3001 993 solum
3039 937 3431 1001 subverterent,
3472 928 3530 990 et
3573 946 3767 990 tamen

2170 1048 2294 1088 cum
2326 1031 2654 1088 camelorum
2674 1038 2732 1088 et
2774 1031 2955 1086 ovium
2991 1045 3181 1102 greges
3206 1028 3351 1100 capti
3378 1035 3524 1094 sunt,
3563 1020 3768 1098 pelles—

2169 1137 2276 1194 que
2319 1137 2507 1178 eorum
2547 1129 2602 1176 et
2641 1121 2874 1177 tentoria
2904 1128 3052 1177 sorte
3089 1120 3294 1186 divisa,
3319 1119 3554 1174 nominis
3579 1120 3766 1192 gentis

2169 1215 2314 1272 illius
2340 1215 2674 1284 signiﬁcatur
2711 1215 2996 1280 interitus,
3020 1227 3086 1270 eo
3111 1212 3254 1284 quod
3278 1211 3638 1279 dromedariis
3671 1227 3768 1266 ca-

2169 1309 2324 1366 melis
2349 1317 2566 1365 centum
2600 1316 2658 1364 et
2692 1307 2923 1379 amplius
2959 1306 3129 1362 millia
3166 1321 3276 1360 uno
3299 1305 3386 1361 die
3415 1320 3514 1375 per
3546 1315 3764 1360 vastam

2167 1400 2514 1456 solitudinem
2557 1398 2742 1470 fugere
2788 1397 2982 1454 solent.
3022 1395 3299 1462 Aufertur,
3328 1397 3537 1466 inquit,
3579 1394 3766 1451 omnis

2168 1492 2341 1549 Cedar
2367 1491 2424 1546 in
2453 1491 2660 1546 minuto
2685 1504 2911 1544 numero
2939 1486 3363 1560 sagittariorum,
3393 1502 3496 1556 qua
3520 1486 3766 1540 maxime

2165 1583 2368 1654 pollent
2390 1591 2528 1638 arte.
2570 1579 2897 1651 Spiritaliter
2923 1588 3105 1635 autem
3139 1578 3334 1646 Cedar,
3367 1578 3460 1648 qui
3489 1579 3766 1648 interpre-

2167 1681 2312 1729 tatur
2333 1673 2585 1737 tenebrte,
2605 1682 2661 1728 et
2678 1672 2839 1737 Asor,
2854 1672 2945 1742 qui
2968 1670 3356 1741 interpretatur
3375 1671 3568 1741 sagitta
3595 1670 3765 1724 lumi-

2167 1768 2271 1834 nis,
2295 1767 2602 1840 signiﬁcant
2625 1767 2909 1823 haereticos
2927 1775 3108 1822 mente
3129 1767 3470 1830 tenebrosos,
3489 1774 3547 1820 et
3571 1777 3760 1820 tamen

481 1857 805 1914 Damascum
851 1872 980 1925 81⁸80
1019 1855 1317 1926 spiritalem
1364 1854 1525 1909 ῐίωοτ
1569 1850 1935 1922 apprehendit)
1971 1865 2066 1903 ³η·
2093 1847 2142 1908 Β
2170 1860 2450 1915 sententiis
2474 1858 2782 1930 dogmatum
2803 1874 3024 1915 suorum
3053 1859 3278 1929 sagittas
3303 1857 3520 1913 luminis
3550 1857 3765 1928 ﬁngen-

479 1949 673 2018 gustiae
699 1956 756 2003 et
779 1946 994 2002 dolores
1020 1945 1172 2015 quasi
1206 1944 1618 2015 parturientem,
1651 1944 1753 1998 hoc
1779 1949 1881 2006 est,
1919 1940 2059 2004 illos,

478 2040 571 2108 qui
625 2053 809 2094 coram
833 2038 945 2092 Deo
985 2050 1084 2106 pro
1124 2037 1361 2106 peccatis
1390 2035 1500 2089 suis
1538 2032 1914 2103 paenitentiam
1945 2044 2063 2100 ege-

479 2139 608 2185 runt
637 2171 651 2196 ,
694 2139 754 2184 ut
792 2129 1123 2200 parturirent
1171 2127 1416 2197 spiritum
1446 2124 1652 2187 salutis,
1704 2131 1760 2178 et
1798 2123 2062 2177 bonorum

477 2235 701 2290 operum
741 2217 975 2272 fructum
998 2215 1323 2286 proferrent.
1370 2215 1495 2270 Ideo
1526 2228 1654 2284 ergo
1685 2212 1828 2268 versi
1854 2219 1978 2266 sunt
2007 2213 2060 2266 in

479 2308 656 2379 fugam
683 2307 974 2374 salubrem,
989 2316 1049 2361 ut
1067 2307 1380 2362 deserentes
1405 2303 1761 2360 idololatriam
1779 2303 1846 2359 ad
1876 2318 2062 2358 verum

476 2403 643 2460 Deum
681 2409 1084 2472 convertantur,
1121 2409 1174 2461 et
1202 2400 1292 2476 qui
1312 2400 1463 2476 prius
1495 2399 1710 2458 fuerant
1744 2412 1840 2473 per
1867 2395 2061 2449 feroci-

476 2504 641 2554 tatem
670 2500 1004 2569 praeliatores
1032 2499 1262 2564 diaboli,
1297 2513 1442 2553 nunc
1472 2497 1603 2552 ﬁant
1625 2511 1723 2567 per
1758 2503 2063 2550 mansuetu-

474 2593 649 2648 dinem
680 2592 858 2647 devoti
884 2591 1083 2647 milites
1107 2590 1325 2646 Christi.
1382 2663 1384 2665 g

550 2706 567 2736 ι
612 2684 738 2739 Haec
786 2685 915 2739 dicit
980 2683 1238 2738 Dominus
1288 2701 1301 2736 :
1347 2681 1606 2753 Surgite,
1660 2678 1932 2734 ascendite
1993 2677 2060 2733 ad

481 2793 498 2826 t
547 2774 742 2837 Cedar,
781 2781 838 2830 et
863 2782 1073 2829 vastate
1104 2773 1242 2828 ﬁlios
1283 2773 1528 2828 orientis.
1561 2768 1931 2826 Tabernacula
1971 2782 2061 2822 eo-

479 2881 498 2914 ‹
545 2880 666 2918 rum
694 2871 751 2919 et
775 2879 964 2935 greges
984 2879 1171 2918 eorum
1198 2863 1432 2932 capient,
1457 2860 1623 2932 pelles
1646 2875 1835 2916 eorum
1862 2867 1917 2912 et
1943 2873 2059 2912 om-

477 2974 495 3006 ‹
540 2955 630 3010 nia
658 2970 788 3009 vasa
819 2970 1027 3020 eorum,
1065 2962 1118 3008 et
1154 2953 1389 3009 camelos
1429 2967 1618 3008 eorum
1647 2950 1833 3006 tollent
1855 2949 1976 3013 sibi,
2005 2956 2060 3004 et

478 3063 498 3096 t
538 3047 807 3102 vocabunt
846 3062 1007 3115 super
1042 3060 1135 3102 eos
1171 3045 1512 3100 formidinem
1559 3044 1616 3098 in
1661 3043 1887 3098 circuitu
1920 3040 2053 3108 ejus.

480 3151 499 3184 ‹
541 3133 750 3204 Fugite,
782 3134 926 3189 abite
960 3135 1328 3198 vehementer,
1367 3133 1424 3186 in
1459 3131 1808 3200 voraginibus
1843 3130 2054 3194 sedete,

486 3244 504 3277 t
547 3202 648 3294 qui
671 3224 928 3279 habitatis
952 3223 1109 3288 Asor,
1136 3223 1212 3276 ait
1235 3223 1513 3277 Dominus.
1551 3220 1674 3275 lniit
1697 3220 1842 3274 enim
1867 3227 2054 3275 contra
2084 3202 2128 3266 C

477 3335 496 3368 ί
537 3323 636 3372 vos
669 3315 1166 3372 Nabuchodonosor
1210 3332 1310 3371 rex
1353 3315 1642 3386 Babylonis
1671 3316 1977 3382 consilium,
2003 3324 2059 3370 et

479 3427 498 3457 ε
543 3406 800 3477 cogitavit
840 3405 1122 3462 adversum
1173 3421 1270 3461 vos
1313 3405 1688 3474 cogitationes.
1739 3405 2058 3476 Consurgite

477 3517 496 3549 ι
539 3506 596 3554 et
640 3497 917 3553 ascendite
957 3499 1025 3554 ad
1073 3509 1289 3570 gentem
1315 3499 1555 3568 quietam
1578 3539 1593 3565 ,
1632 3508 1688 3555 et
1725 3498 2055 3554 habitantem

475 3611 493 3640 ς
537 3590 904 3655 conﬁdenter,
948 3591 1024 3645 ait
1068 3591 1346 3646 Dominus.
1387 3590 1504 3647 Non
1541 3590 1695 3656 ostia,
1740 3605 1846 3644 non
1874 3599 2056 3645 vectes

478 3700 516 3730 ι.
541 3681 652 3747 eis,
692 3680 792 3737 soli
829 3680 1091 3737 habitant.
1119 3680 1187 3735 Et
1218 3689 1377 3736 erunt
1409 3680 1600 3736 cameli
1620 3695 1808 3734 eorum
1831 3679 1884 3733 in
1907 3679 2054 3734 dire-

477 3790 494 3822 t
537 3771 794 3840 ptionem,
829 3779 888 3826 et
910 3770 1199 3826 multitudo
1224 3771 1589 3841 jumentorum
1616 3770 1670 3824 in
1707 3768 1963 3838 praedam,
1999 3775 2054 3822 et

475 3883 492 3913 ι
530 3862 844 3934 dispergam
867 3878 960 3918 eos
989 3863 1042 3917 in
1071 3877 1288 3918 omnem
1317 3874 1557 3928 ventum,
1586 3861 1677 3932 qui
1709 3870 1834 3916 sunt
1853 3861 2053 3915 attonsi

475 3977 492 4006 ι
537 3956 592 4010 in
621 3971 798 4021 conta,
829 3965 885 4010 et
907 3970 970 4010 ex
996 3955 1144 4010 omni
1167 3955 1399 4010 conﬁnio
1424 3971 1610 4012 eorum
1631 3955 1890 4010 adducam
1915 3953 2054 4008 inte-

477 4064 495 4097 α
543 4048 703 4101 ritum
731 4061 894 4116 super
914 4061 1031 4112 eos,
1062 4048 1139 4101 ait
1167 4046 1439 4102 Dominus.
1489 4045 1556 4100 Et
1583 4047 1688 4101 erit
1715 4045 1856 4100 Asor
1876 4045 1928 4099 in
1954 4045 2052 4100 ha-

476 4154 494 4186 ‹
537 4136 826 4192 bitaculum
849 4137 1141 4192 draconum
1173 4177 1188 4202 ,
1217 4137 1430 4192 deserta
1455 4151 1625 4205 usque
1652 4136 1708 4190 in
1737 4144 1998 4190 aeternum
2031 4151 2046 4189 :

476 4244 494 4275 ‹
538 4224 651 4279 Non
679 4225 919 4280 manebit
949 4225 1022 4280 ibi
1057 4226 1140 4279 vir
1167 4265 1182 4291 ,
1224 4240 1323 4280 nec
1347 4224 1543 4280 incolet
1564 4239 1683 4278 eam
1710 4223 1850 4278 ﬁlius
1878 4223 2051 4278 homi-

476 4334 493 4366 t
537 4317 621 4370 uis
649 4336 668 4368 ›
701 4315 968 4387 (ιιίενοη.)
990 4315 1154 4369 Liber.
1174 4314 1444 4369 Geneseos
1467 4315 1625 4369 docet
1647 4329 1715 4368 ex
1735 4313 1926 4368 Ismael
1949 4313 2049 4368 Ce-

472 4408 568 4460 dar
591 4414 647 4460 et
673 4406 973 4475 Agareuos,
997 4407 1087 4474 qui
1123 4420 1377 4475 perverso
1405 4406 1620 4460 nomine
1655 4405 1909 4459 Saraceni
1948 4420 2046 4459 vo-

469 4504 682 4561 cantur,
700 4510 820 4552 esse
848 4505 1150 4567 generatos.
1167 4496 1232 4550 lli
1246 4513 1342 4566 per
1357 4505 1521 4552 totam
1543 4497 1787 4552 habitant
1805 4497 1901 4552 soli
1910 4497 2047 4552 tudi-

377 4605 386 4616 -
473 4601 595 4640 nem
618 4625 636 4652 ,
664 4587 730 4641 de
763 4562 958 4654 quibus
983 4594 1111 4656 puto
1137 4595 1194 4641 et
1217 4562 1429 4655 poetam
1462 4587 1664 4653 dicere,
1697 4587 1924 4658 Lateque
1956 4605 2047 4642 va-
2071 4562 2124 4622 D

458 4687 650 4749 ‘gantes
716 4678 979 4734 Barclta'i.
1036 4670 1116 4734 Et
1158 4679 1314 4747 juxta
1373 4680 1737 4748 supradictum
1799 4679 2046 4734 volumen

473 4792 491 4820 ‹
521 4781 706 4827 contra
728 4771 921 4827 faciem
939 4772 1178 4828 omnium
1215 4772 1441 4827 fratrum
1469 4787 1686 4828 suorum
1711 4773 1989 4828 habitabit.
2021 4793 2040 4825 ›

467 4865 686 4933 coquod
705 4863 967 4920 latissima
986 4878 1202 4918 eremus
1226 4864 1293 4918 ab
1317 4864 1462 4919 ludia
1483 4865 1548 4919 ad
1565 4863 1938 4919 Mauritaniam
1960 4866 2048 4920 us"

461 4960 572 5023 ’que
630 4955 879 5010 tendatur
916 4963 972 5010 et
1017 4954 1343 5014 Atlanticum
1390 4969 1670 5009 oceanum.
1714 4957 1866 5021 Quod
1916 4966 2046 5024 puto

461 5043 708 5100 Ieremia;
748 5045 955 5099 titulum
1003 5057 1196 5101 sonare
1219 5048 1287 5098 ad
1333 5043 1505 5098 Cedar
1530 5054 1584 5098 et
1607 5044 1672 5099 ad
1701 5060 1865 5116 regna
1885 5049 2040 5112 Asor,

465 5147 585 5202 quae
631 5134 896 5201 percussit
927 5132 1421 5190 Nabuchodonosor
1449 5149 1542 5188 rex
1583 5134 1887 5205 Babylonis.
1921 5135 2045 5192 Sta-

463 5227 670 5294 titnque
711 5227 972 5295 sequitur.
1013 5246 1032 5279 t
1070 5227 1195 5283 Htec
1227 5227 1640 5282 dicitDominus
1674 5244 1687 5281 :
1735 5208 1952 5300 Surgite
1989 5241 2044 5288 et

465 5315 739 5370 ascendite
768 5317 834 5372 ad
866 5317 1039 5372 Ccdar
1073 5327 1129 5372 ct
1152 5326 1362 5372 vastate
1391 5318 1529 5373 ﬁlios
1553 5319 1794 5374 orientis.
1841 5320 2042 5376 Taber-

464 5403 658 5460 nacula
683 5419 871 5460 eorum
896 5416 952 5462 et
985 5421 1172 5478 greges
1195 5425 1381 5464 eorum
1412 5411 1643 5480 capient,
1667 5411 1832 5480 pelles
1852 5427 2038 5468 eorum

461 5503 518 5550 et
543 5495 724 5550 omnia
753 5510 882 5551 vasa
901 5505 961 5549 et
998 5498 1230 5553 camelos
1261 5499 1449 5555 tollent
1487 5499 1591 5556 sibi
1621 5539 1636 5566 ,
1689 5521 1708 5554 ι
1762 5511 1816 5557 et
1844 5512 2036 5559 caetera

464 5603 632 5659 usque
658 5586 714 5644 in
742 5587 904 5643 ﬁnem
930 5588 1168 5656 capituli.
1199 5589 1489 5647 Considera
1532 5593 1798 5662 quomodo
1835 5593 2035 5650 lsmae-

464 5681 700 5747 litarum,
724 5678 830 5736 hoc
850 5688 934 5735 est
964 5677 1380 5747 Saracenorum,
1410 5685 1684 5754 propriam
1707 5694 1919 5755 gentem
1947 5686 2035 5739 dc;

463 5774 739 5843 scripserit
775 5790 787 5829 :
817 5772 918 5840 Qui
951 5772 1198 5828 habitant
1225 5772 1278 5827 in
1307 5776 1566 5842 tentoriis,
1596 5778 1686 5845 qui
1714 5779 2034 5847 ubicmnquc

2121 1941 2123 1944 ’
2164 1960 2265 2016 tes,
2296 1950 2390 2021 qui
2428 1966 2486 2005 se
2513 1950 2769 2005 simulant
2796 1965 2916 2006 esse
2945 1949 3086 2005 ﬁlios
3113 1949 3360 2015 orientis,
3394 1964 3518 2004 cum
3551 1951 3767 2004 veraci-

2163 2049 2246 2096 ter
2303 2039 2412 2096 sint
2462 2039 2557 2094 ﬁlii
2621 2040 2988 2096 tenebrarum.
3045 2039 3251 2094 Horum
3301 2038 3654 2094 tabernacula
3712 2052 3768 2096 et

2163 2145 2373 2202 greges,
2404 2130 2570 2200 pelles
2597 2137 2654 2186 et
2682 2145 2846 2197 vasa,
2886 2128 3124 2186 camelos
3171 2136 3227 2184 et
3267 2127 3517 2197 jumenta
3539 2169 3556 2196 ,
3598 2129 3768 2184 Chal-

2162 2224 2261 2278 daei
2285 2222 2555 2293 spiritales
2581 2237 2704 2278 cum
2741 2221 3236 2277 Nabuchodonosor
3262 2221 3490 2290 mystico
3532 2228 3766 2276 vastan-

2163 2322 2243 2370 tes
2283 2315 2529 2384 capiunt,
2559 2313 2685 2384 quia
2721 2315 2968 2370 doctores
3013 2328 3136 2368 cum
3173 2312 3450 2381 discipulis
3481 2328 3614 2368 vasa
3671 2329 3747 2369 ne

2161 2405 2342 2480 quitia:
2369 2447 2384 2475 ,
2407 2419 2530 2464 cum
2576 2404 2879 2466 morticinis
2906 2403 3241 2473 facinorum,
3273 2405 3460 2465 brutus
3494 2405 3761 2460 homines

2159 2517 2192 2555 a
2234 2501 2548 2556 tortitudine
2589 2509 2932 2570 peccatorum
2974 2499 3260 2563 deformes,
3304 2499 3358 2554 in
3402 2493 3764 2570 voraginibus

2163 2592 2428 2648 scelerum
2465 2606 2683 2647 suorum
2713 2591 2986 2646 latitantes
3014 2591 3253 2661 capiunt,
3281 2601 3444 2660 atque
3473 2592 3524 2646 in
3554 2588 3758 2646 interi-

2162 2693 2274 2739 tum
2309 2683 2697 2754 sempiternum
2726 2682 3028 2737 abducunt:
3060 2683 3154 2752 qui
3179 2681 3306 2736 licet
3329 2681 3524 2736 attonsi
3555 2682 3671 2736 sint
3703 2681 3760 2736 in

2115 2791 2117 2793 ·
2160 2789 2348 2842 coma,
2379 2783 2434 2829 et
2458 2774 2697 2844 privatos
2739 2772 2979 2828 crinibus
3003 2771 3258 2826 vitiorum
3296 2783 3355 2826 se
3381 2770 3757 2837 arbitrentur,

2129 2909 2132 2912 .
2163 2874 2340 2921 tamen
2368 2872 2588 2935 pr0pter
2624 2871 2866 2935 peccata
2895 2877 3014 2928 sua,
3050 2871 3107 2918 et
3147 2860 3456 2932 hypocrisin
3484 2862 3762 2930 ncquissi-

2161 2970 2303 3010 mam
2345 2955 2510 3011 morti
2548 2954 2765 3010 obnoxii
2804 2962 2932 3008 sunt
2966 2960 3252 3023 perpetuae.
3295 2951 3517 3020 Eritque
3557 2951 3759 3006 civitas

2159 3062 2366 3114 eorum,
2395 3047 2538 3116 quod
2562 3061 2774 3117 semper
2801 3044 3068 3100 contraria
3091 3044 3376 3101 exstiterat
3398 3043 3604 3098 civitati
3629 3043 3750 3109 Dei,

2160 3139 2524 3196 habitaculum
2553 3139 2848 3195 draconum
2878 3137 3200 3208 spiritalium
3221 3178 3235 3204 ,
3277 3151 3377 3190 nec
3407 3135 3478 3191 ibi
3510 3135 3758 3191 manebit

2159 3231 2244 3286 vir
2273 3230 2672 3286 ecclesiasticus
2710 3238 2871 3298 atque
2904 3227 3234 3293 catholicus,
3262 3241 3360 3282 nec
3392 3225 3590 3281 incolet
3627 3242 3753 3280 eam

2161 3322 2301 3378 ﬁlius
2347 3321 2580 3378 hominis
2602 3362 2617 3387 ,
2659 3322 2928 3376 veraciter
2956 3327 3111 3374 utens
3148 3335 3179 3373 a
3207 3319 3317 3373 Deo
3349 3319 3404 3372 in
3438 3333 3496 3372 se
3525 3317 3754 3372 condita

2160 3416 2372 3471 ratione
2391 3456 2408 3482 ,
2439 3415 2534 3470 sed
2574 3413 2674 3470 soli
2701 3413 2895 3484 perditi
2929 3427 2993 3467 ac
3021 3410 3296 3467 erroribus
3323 3409 3530 3479 decepti
3555 3426 3750 3464 mane-

2157 3507 2292 3562 bunt
2317 3507 2370 3561 in
2407 3514 2744 3577 perpetuum.
2769 3503 2847 3559 De
2875 3503 2977 3558 hoc
3001 3499 3229 3572 spiritali
3255 3499 3428 3554 Cedar
3456 3497 3750 3554 Psalmista

2158 3606 2568 3662 commemorat,
2616 3596 2800 3651 dicens
2842 3613 2856 3649 :
2906 3612 2924 3645 ‹
2961 3591 3077 3648 Heu
3121 3607 3244 3658 me,
3297 3591 3425 3662 quia
3477 3590 3748 3645 incolatus

2157 3705 2311 3747 meus
2353 3690 2704 3762 prolongatus
2745 3695 2829 3742 est
2856 3728 2868 3749 ,
2921 3684 3158 3740 habitavi
3205 3699 3329 3761 cum
3373 3681 3750 3737 habitantibus

2155 3784 2328 3840 Cedar
2369 3782 2542 3856 (Psal.
2591 3780 2759 3852 cxtx).
2806 3800 2825 3832 ι
2860 3780 3020 3836 Venit
3056 3777 3125 3833 ad
3162 3775 3452 3832 secundam
3490 3784 3704 3844 partem
3727 3815 3742 3836 ,

2155 3877 2245 3932 ubi
2275 3856 2560 3929 damnatus
2585 3873 2736 3937 vitia,
2765 3870 2944 3926 saeculi
2972 3871 3138 3924 vitam
3167 3884 3224 3923 se
3264 3869 3489 3939 poenitet
3534 3867 3746 3921 habere

2153 3967 2520 4042 longinquam.
2542 3985 2560 4017 ι
2581 3964 2697 4020 Heu
2720 3981 2824 4028 me,
2849 3985 2868 4016 ι
2888 3978 3064 4020 sermo
3078 3961 3308 4018 dolentis
3321 3970 3424 4024 est,
3440 3962 3562 4029 quia
3577 3960 3746 4029 hujus

2153 4058 2340 4114 mundi
2370 4057 2678 4128 prolixitate
2700 4055 2976 4126 fatigetur,
3001 4069 3164 4125 quam
3193 4051 3463 4124 querelam
3492 4053 3743 4107 diversos

2152 4155 2367 4205 sanctos
2399 4147 2652 4204 habuisse
2686 4163 2794 4200 non
2834 4145 3052 4201 dubium
3082 4151 3188 4210 est,
3217 4144 3356 4198 sicut
3383 4141 3742 4197 Ecclesiastes

2152 4243 2284 4299 dicit
2317 4261 2330 4297 :
2366 4263 2385 4294 ι
2423 4242 2492 4296 Ει
2529 4241 2742 4295 laudavi
2789 4254 2976 4296 omnes
2998 4239 3088 4308 qui
3139 4238 3335 4293 mortui
3374 4247 3528 4302 sunt,
3571 4252 3741 4307 super

2150 4345 2340 4387 omnes
2367 4330 2460 4400 qui
2483 4329 2671 4384 vivunt
2696 4344 2868 4398 usque
2886 4343 3029 4383 nunc
3051 4326 3239 4400 (Eccli.
3262 4326 3359 4399 iv).
3397 4345 3418 4378 ι
3448 4325 3737 4395 Apostolus

2149 4409 2361 4494 qudque
2391 4420 2589 4475 Paulus
2635 4420 2901 4476 exclamat
2939 4439 2952 4474 :
3008 4418 3213 4489 «Cupio
3253 4417 3468 4474 dissolvi
3513 4427 3564 4473 et
3612 4433 3734 4475 esse

2150 4529 2272 4568 cum
2301 4513 2516 4568 Christo
2557 4510 2723 4584 (Phil.
2763 4512 2824 4583 ι).
2865 4532 2883 4564 ι
2928 4511 3118 4565 Merito
3145 4526 3273 4582 ergo
3301 4521 3355 4565 et
3382 4511 3642 4582 propheta
3674 4513 3728 4565 in

2149 4605 2251 4660 hac
2273 4613 2424 4674 parte
2438 4605 2765 4674 congemuit,
2787 4604 2878 4672 qui
2903 4603 3173 4658 simillimo
3195 4603 3417 4671 Domini.
3433 4619 3617 4657 amore
3635 4603 3727 4655 ﬂa-

2149 4696 2340 4766 gravit.
2381 4695 2648 4766 lncolatus
2689 4704 2867 4749 autem
2913 4693 3181 4766 signiﬁcat
3214 4693 3724 4764 peregrinationem.

2147 4785 2356 4843 lncolas
2379 4787 2523 4842 enim
2563 4785 2820 4851 dicimus,
2847 4786 2938 4854 qui
2983 4785 3050 4839 ad
3081 4793 3288 4853 tempus
3325 4792 3495 4839 terras
3523 4783 3728 4848 alienas

2147 4875 2350 4941 colunt,
2389 4877 2483 4931 sed
2521 4892 2552 4928 a
2591 4876 2766 4945 patria
2803 4891 2899 4930 sua
2935 4873 3090 4948 longe
3129 4872 3358 4943 sejuncti
3394 4884 3538 4930 sunt.
3574 4875 3727 4941 Quod

2147 4966 2212 5021 de
2235 4965 2341 5022 illis
2366 4968 2561 5022 merito
2587 4967 2802 5032 dicitur,
2829 4983 3054 5039 quorum
3076 4969 3412 5024 conversatio
3433 4983 3649 5038 semper
3673 4967 3724 5020 in

2151 5059 2303 5112 caelis
2332 5066 2412 5112 est
2435 5099 2448 5123 ,
2490 5058 2582 5112 sed
2621 5059 2796 5113 adhuc
2826 5059 2912 5114 hic
2946 5073 3170 5128 corpore
3213 5059 3537 5112 detinentur.
3573 5057 3726 5121 Quod

2150 5161 2328 5204 autem
2360 5150 2492 5204 dixit
2524 5168 2536 5202 :
2575 5167 2593 5198 ι
2624 5149 2969 5220 prolongatus
3003 5160 3118 5216 est,
3158 5170 3176 5203 ι
3209 5149 3456 5206 affectum
3497 5149 3726 5202 nimium

2149 5239 2502 5294 desiderantis
2549 5239 2814 5308 expressit
2857 5258 2870 5292 :
2914 5239 3157 5308 Cupienti
3207 5237 3470 5308 siquidem
3513 5237 3724 5291 felicem

2145 5330 2373 5399 patriam
2412 5327 2609 5392 videre,
2651 5329 2894 5398 quamvis
2929 5329 3019 5383 hic
3042 5329 3202 5382 breve
3235 5339 3442 5396 tempus
3464 5330 3724 5397 probetur

2147 5433 2263 5474 esse
2309 5438 2322 5472 :
2371 5419 2721 5490 longinquum
2766 5427 2943 5473 tamen
2986 5434 3104 5473 esse
3143 5419 3375 5474 videtur.
3417 5417 3723 5487 Sequitur:

2147 5531 2164 5560 ‹
2205 5510 2451 5566 llabitavi
2505 5527 2626 5566 cum
2683 5511 3050 5566 habitantibus
3096 5509 3287 5566 Cedar.
3327 5529 3347 5563 ›
3392 5508 3567 5564 Cedar
3617 5507 3725 5564 He-

2137 5605 2340 5658 braeum
2370 5618 2564 5658 nomen
2595 5611 2679 5660 est
2706 5645 2720 5669 ,
2750 5603 2892 5674 quod
2914 5595 3097 5659 nostra
3124 5603 3726 5678 linguainterpretatur
3785 5593 3790 5598 ’

2139 5692 2392 5748 tenebrte.
2418 5691 2528 5747 Hoc
2558 5694 2624 5748 ad
2652 5694 2831 5748 surculi
2861 5693 3020 5764 lmjus
3047 5695 3277 5764 pertinet
3303 5705 3597 5770 amatores,
3626 5694 3720 5763 qui

2141 5785 2437 5839 tenebrosis
2468 5784 2675 5838 actibus
2703 5786 2945 5856 involuti,
2977 5787 3064 5840 illa
3092 5787 3261 5856 magis
3298 5785 3544 5862 diligunt.
3576 5786 3722 5866 unde
3781 5831 3786 5836 .
