4044 6326
313 437 343 491 1
353 428 458 491 137

1189 433 1555 490 ΕΧΡΟΒΥΙΊΟ
1597 435 1820 491 SUPER
1858 435 2222 492 anenmn.
2263 468 2331 478 -
2369 438 2495 492 LIB.
2538 419 2676 492 xvi.

3426 437 3560 492 H58

314 545 494 616 perire
520 552 831 600 noscuntur.
864 542 981 611 Quo
1005 543 1263 598 vocabulo
1287 552 1653 613 competenter
1682 544 1882 614 signifi-
1907 548 1959 609 Α
1984 543 2463 616 Magnipotentiam
2481 546 2786 601 destruendi
2803 532 2942 600 sunt.
2960 547 3073 618 Ipse
3086 522 3563 616 enim,quicattera

317 645 405 692 cat
429 645 771 707 peccatores,
818 635 959 690 inter
985 650 1118 704 quos
1146 650 1206 690 se
1240 635 1417 690 adhuc
1443 635 1690 690 habitare
1719 636 1894 705 suspi-

301 733 419 782 rat.
455 724 689 782 Necesse
729 733 813 782 est
855 726 1001 782 enim
1038 733 1096 780 ut
1130 726 1303 781 bonus
1339 726 1554 782 animus
1581 724 1852 797 affligatur
1874 767 1891 792 ,

315 808 565 889 quotiens
591 818 853 875 malorum
882 818 1236 889 permixtione
1263 817 1619 874 concluditur.

340 929 342 933 -
394 929 412 960 ε
459 909 612 977 Quod
635 908 836 964 factum
881 917 965 964 est
1000 911 1223 965 verbum
1266 909 1479 964 Domini
1507 909 1574 964 ad
1603 906 1892 964 Jeremiam

321 1020 340 1053 ‹
383 1002 699 1072 pr0phetam
732 999 986 1055 adversus
1014 1000 1186 1065 Elam,
1231 999 1285 1054 in
1309 997 1572 1070 principio
1613 999 1764 1070 regni
1792 998 1892 1054 Sc-

321 1109 340 1142 ‹
383 1091 583 1146 dechite
624 1089 768 1162 regis
799 1076 976 1156 Juda,
1015 1091 1243 1172 dicens:
1289 1091 1416 1146 Haec
1461 1091 1592 1147 dicit
1635 1091 1895 1147 Dominus

323 1199 341 1231 ‹
385 1179 717 1235 exercituum
743 1197 772 1250 _:
809 1179 950 1235 Ecce
976 1196 1078 1252 ego
1119 1178 1458 1251 confringam
1495 1195 1685 1236 arcum
1717 1179 1894 1247 Elam,

321 1289 339 1321 ι
385 1276 438 1323 et
460 1283 725 1324 summam
751 1267 1119 1324 fortitudinem
1153 1284 1366 1334 eorum,
1393 1277 1447 1324 et
1465 1268 1713 1324 inducam
1735 1282 1896 1338 super

321 1378 340 1409 ι
385 1358 536 1413 Elam
577 1368 809 1429 quatuor
850 1367 1037 1415 ventos
1079 1374 1110 1412 a
1157 1368 1389 1430 quatuor
1414 1355 1591 1432 plagis
1633 1360 1756 1415 coeli
1783 1401 1799 1427 ,
1843 1367 1899 1416 et

320 1469 340 1503 ο
384 1451 654 1507 ventilabo
682 1465 777 1506 eos
818 1452 870 1505 in
907 1467 1096 1507 omnes
1139 1460 1330 1507 ventos
1359 1451 1527 1518 istos,
1569 1461 1623 1507 et
1655 1468 1762 1507 non
1791 1451 1898 1506 erit

320 1560 340 1594 ι
385 1558 538 1614 gens,
581 1543 646 1597 ad
683 1557 844 1612 quam
879 1558 986 1599 non
1032 1545 1347 1614 perveniant
1383 1544 1596 1615 profugi
1631 1543 1803 1610 Elam,
1843 1553 1899 1599 et

263 1693 294 1714 γ
319 1654 338 1686 ι
385 1650 582 1705 pavere
629 1633 822 1690 faciam
851 1633 1002 1690 Elam
1045 1651 1227 1692 coram
1271 1635 1502 1690 inimicis
1545 1635 1656 1690 suis
1682 1674 1698 1700 ,
1740 1643 1794 1689 et
1841 1634 1897 1690 in

319 1746 337 1777 ‹
381 1728 672 1797 conspectu
713 1728 1064 1797 quaerentium
1104 1727 1338 1781 animam
1377 1741 1586 1781 eorum.
1631 1725 1699 1780 Et
1732 1725 1899 1780 addu-

319 1833 340 1867 c
377 1832 494 1872 cam
523 1833 686 1889 super
713 1833 808 1874 eos
832 1817 1031 1873 malum
1054 1858 1068 1883 ,
1101 1818 1235 1872 iram
1263 1815 1460 1871 furoris
1488 1817 1616 1880 mei,
1643 1815 1771 1870 dicit
1800 1815 1901 1870 Do-

1993 644 2153 704 regna
2183 649 2280 704 pro
2307 635 2676 705 iniquitatibus
2706 637 2820 692 suis
2849 638 3134 708 corripuit,
3170 636 3312 692 istud
3340 651 3566 708 regnum

1989 741 2089 796 pro
2129 725 2332 780 scelere
2368 741 2466 780 suo
2486 736 2540 781 et
2569 723 2929 796 impietatibus
2958 726 3278 798 impunitum
3305 741 3414 782 non
3442 725 3570 782 reli-

1991 813 2126 883 quit.
2169 813 2593 882 lnterpretantur
2629 829 2755 885 ergo
2796 813 3040 870 Elamitze
3080 800 3411 885 despiciente:
3455 805 3570 871 sive

1991 911 2268 967 tentantes,
2301 914 2354 958 et
2380 904 2680 974 significant
2707 913 3083 975 persecutores
3119 903 3371 960 Ecclesiae
3414 895 3572 961 Chri-

1993 994 2086 1060 sti,
2113 993 2308 1064 quibus
2345 1002 2582 1065 potestas
2605 996 2726 1050 data
2754 1005 2835 1051 est
2862 1013 2893 1050 a
2917 997 3160 1076 Domino,
3194 1004 3253 1052 ut
3273 997 3567 1063 secundum

1992 1095 2206 1158 tempus
2241 1085 2538 1142 Ecclesiam
2568 1086 2663 1141 Dei
2700 1088 3059 1158 despicientes
3082 1129 3098 1156 ,
3130 1089 3297 1145 variis
3320 1103 3573 1161 persecu-

1995 1176 2232 1232 tionibus
2254 1178 2510 1232 tentando
2536 1176 2783 1248 fatigent.
2809 1177 2916 1234 Sed
2941 1180 3121 1235 veniet
3143 1181 3274 1235 hora
3301 1180 3515 1250 quando
3541 1194 3572 1234 a

1995 1275 2227 1338 quatuor
2248 1267 2420 1340 plagis
2444 1268 2564 1324 caeli
2591 1268 2695 1323 illis
2713 1269 2951 1324 vindicta
2977 1271 3319 1341 superveniat
3343 1309 3359 1336 ,
3395 1279 3452 1325 et
3478 1285 3574 1340 pa-

1994 1365 2158 1412 veant
2179 1373 2362 1412 coram
2408 1357 2640 1414 inimicis
2669 1360 2802 1426 suis,
2838 1361 2965 1431 quia
2991 1361 3226 1431 undique
3267 1360 3346 1414 eis
3373 1358 3574 1416 malum

1996 1450 2276 1515 imminet,
2315 1460 2372 1506 et
2412 1451 2586 1507 valida
2631 1460 2923 1522 tempestas
2968 1451 3144 1508 futura
3191 1452 3312 1507 erit.
3350 1470 3369 1503 ι
3403 1449 3579 1508 Mittet

1997 1543 2141 1597 enim
2188 1543 2331 1599 ﬁlius
2375 1545 2608 1599 hominis
2645 1546 2864 1616 angelos
2904 1563 3032 1603 suos
3059 1564 3090 1602 a
3129 1558 3365 1618 quatuor
3400 1548 3578 1606 ventis

1999 1633 2144 1698 cmli,
2171 1642 2232 1687 ut
2257 1632 2509 1705 colligant
2533 1635 2713 1690 omnia
2740 1637 2993 1693 scandala
3023 1639 3088 1694 de
3116 1655 3282 1710 regno
3303 1640 3439 1711 ejus,
3473 1661 3493 1694 ι
3521 1649 3576 1696 et

1997 1739 2092 1780 eos
2115 1725 2209 1795 qui
2234 1735 2525 1796 operantur
2548 1727 2882 1799 iniquitatem
2927 1747 2946 1781 ι
2980 1731 3198 1786 mittant
3220 1733 3274 1788 in
3301 1732 3574 1788 caminum

1998 1815 2137 1886 ignis
2186 1818 2460 1884 ardentis,
2511 1818 2582 1874 ibi
2630 1821 2735 1874 erit
2780 1819 2936 1878 ﬂetus
2989 1831 3046 1878 et
3093 1823 3294 1879 stridor
3339 1825 3576 1879 dentium

320 1925 339 1958 ι
382 1909 560 1964 minus
586 1928 597 1962 :
628 1917 681 1965 et
705 1910 915 1964 mittam
955 1918 1074 1979 post
1105 1923 1198 1963 eos
1224 1907 1460 1978 gladium
1489 1907 1658 1962 donec
1697 1921 1897 1961 consu-
1925 1907 1972 1969 B
2003 1907 2195 1979 (Mare.
2239 1911 2360 1981 xm)
2384 1950 2399 1977 ,
2445 1930 2462 1963 ι
2508 1911 2688 1981 ibique
2723 1927 2818 1967 eos
2843 1913 3051 1983 gladius
3073 1915 3327 1971 vindictae.
3367 1916 3578 1971 Domini

319 2014 339 2046 ς
387 2013 530 2052 mam
568 2014 681 2064 eos,
724 2008 777 2054 et
811 2014 1003 2070 ponam
1047 1997 1236 2053 solium
1276 2010 1456 2052 meum
1507 1996 1562 2050 in
1598 1995 1752 2050 Elam
1781 2035 1798 2061 ,
1839 2004 1895 2051 et

317 2109 346 2142 «
385 2093 604 2162 perdam
637 2091 762 2144 inde
785 2104 962 2159 reges,
993 2097 1048 2144 et
1083 2088 1374 2159 principes,
1402 2087 1477 2141 ait
1503 2085 1762 2141 Dominus
1793 2103 1806 2139 :
1837 2086 1894 2140 in

319 2200 338 2231 ‹
383 2179 686 2234 novissimis
726 2186 902 2233 autem
937 2177 1128 2232 diebus
1166 2175 1367 2231 reverti
1410 2175 1605 2231 faciam
1653 2176 1894 2246 captivos

316 2294 346 2328 α
383 2276 558 2338 Elam,
580 2271 711 2327 dicit
731 2271 1008 2327 Dominus.
1046 2290 1064 2323 ι
1093 2269 1245 2324 Elam
1271 2281 1450 2324 autem
1475 2283 1595 2325 esse
1616 2269 1892 2341 regionem

311 2365 550 2424 Persidis
571 2378 678 2419 non
705 2362 1057 2432 ambigamus,
1079 2359 1222 2416 unde
1241 2367 1296 2416 et
1317 2360 1556 2414 Elamita:
1577 2375 1892 2430 nuncupan-

315 2468 422 2513 tur.
439 2455 690 2511 Praadicit
715 2453 859 2509 enim
883 2453 1144 2523 propheta
1174 2451 1342 2507 Medis
1368 2460 1423 2506 et
1459 2451 1639 2508 Persis
1658 2451 1892 2506 licetBa-

315 2535 565 2623 bylonem
589 2548 1010 2612 devastaverint,
1034 2562 1367 2618 regnumque
1396 2546 1766 2602 Chaldaeorum
1801 2547 1893 2602 de-

322 2650 436 2694 stru
445 2641 621 2694 xerint
641 2658 652 2693 :
672 2640 776 2709 ipsi
795 2647 973 2694 tamen
987 2653 1083 2709 per
1095 2637 1411 2693 Macedones
1424 2646 1586 2709 atque
1598 2637 1893 2694 Alexandri

2002 2009 2284 2054 consumet
2312 2001 2365 2055 in
2393 2008 2672 2057 aeternum.
2701 2002 2954 2059 Attamen
2976 2005 3102 2075 quia
3131 2006 3283 2060 mulli
3327 2013 3453 2060 sunt
3486 2006 3578 2075 qui

1999 2106 2065 2146 ex
2094 2092 2224 2163 ipsis
2253 2095 2688 2164 persecutoribus
2712 2105 2837 2150 ante
2857 2098 2925 2152 ad
2951 2097 3111 2154 fidem
3134 2099 3334 2154 Christi
3356 2113 3582 2154 conver-

1999 2192 2200 2250 tentur,
2240 2194 2294 2239 et
2335 2185 2389 2240 in
2419 2201 2642 2241 numero
2668 2185 2896 2242 fratrum
2928 2189 3274 2259 recipientur,
3301 2205 3479 2245 sermo
3502 2189 3581 2244 di-

1997 2276 2155 2331 vinus
2195 2290 2302 2330 non
2355 2287 2500 2333 tacet
2538 2293 2661 2332 cum
2706 2279 2875 2334 dicit:
2909 2299 2927 2331 ι
2959 2281 3016 2335 ln
3061 2281 3366 2336 novissimis
3397 2291 3576 2336 autem

1999 2366 2185 2422 diebus
2205 2369 2401 2424 reverti
2429 2367 2623 2424 faciam
2646 2371 2886 2441 captivos
2906 2371 3224 2437 Elam,dicit
3248 2372 3527 2436 Dominus,
3554 2393 3572 2423 ι

1999 2460 2124 2530 quia
2147 2460 2248 2530 ipsi
2262 2461 2352 2531 qui
2377 2470 2503 2516 ante
2522 2462 2762 2532 peccatis
2781 2462 2992 2518 fuerant
3019 2463 3243 2532 captivi,
3264 2478 3362 2534 per
3379 2462 3579 2518 Christi

1999 2551 2228 2621 gratiam
2258 2554 2599 2621 postmodum
2624 2561 2784 2609 erunt
2807 2553 2984 2620 liberi,
3011 2564 3069 2610 et
3090 2555 3182 2626 qui
3212 2561 3338 2610 ante
3363 2551 3580 2609 fuerant

2000 2639 2227 2706 inimici,
2258 2641 2371 2711 jam
2399 2641 2532 2699 fient
2559 2644 2722 2699 amici
2751 2652 2805 2701 et
2831 2645 3084 2716 proximi.

367 2802 3556 2828 u—m

1272 2913 1604 3024 LIBER.
1646 2909 2101 2991 DECIMUS
2182 2912 2599 2995 SEXTUS.

383 3203 609 3276 Expleto
658 3203 912 3297 vaticinio
961 3203 1104 3274 quod
1149 3210 1340 3259 contra
1380 3203 1654 3297 _diversas
1713 3214 1900 3277 gentes
1925 3235 1972 3297 ο
2001 3207 2256 3279 produnt,
2280 3218 2337 3266 et
2360 3209 2484 3267 libri
2509 3211 2896 3284 pmphetarum
2924 3231 3032 3274 non
3054 3225 3256 3276 tacent.
3275 3218 3432 3278 Unde
3447 3234 3583 3293 pm

313 3299 573 3370 propheta
605 3295 843 3367 protulit,
873 3296 977 3352 hoc
1001 3303 1102 3362 est,
1141 3304 1326 3351 contra
1356 3293 1652 3368 {Egyptum
1701 3306 1757 3352 et
1789 3297 1896 3353 Pa-

314 3389 550 3444 lzestinos
581 3395 741 3457 atque
788 3386 964 3452 Moab,
1015 3395 1313 3457 contraque
1361 3385 1499 3442 filios
1541 3388 1796 3454 Ammon,
1845 3398 1901 3444 et

314 3481 637 3535 Damascum
686 3486 848 3548 atque
889 3475 1082 3541 Cedar,
1133 3477 1426 3532 novissime
1455 3485 1644 3532 contra
1672 3477 1901 3549 Bahyla—

314 3585 439 3625 nem
467 3577 522 3624 et
563 3567 842 3622 Chaldzeos
873 3567 966 3636 qui
1015 3576 1239 3622 caeteras
1269 3575 1456 3638 gentes
1487 3566 1642 3636 jussu
1682 3567 1900 3624 Domini

315 3659 634 3730 arguebant,
683 3659 989 3713 Sermonem
1015 3657 1227 3726 dirigit,
1260 3667 1322 3713 ut
1357 3674 1494 3729 quos
1541 3667 1666 3713 ante
1705 3660 1759 3713 in
1787 3660 1902 3730 ple-

317 3752 500 3820 risque
522 3750 656 3805 locis
685 3749 914 3804 latenter
940 3749 1134 3820 arguit,
1167 3765 1310 3805 nunc
1341 3750 1520 3820 palam
1548 3751 1754 3806 scelera
1782 3753 1899 3809 illo-

317 3858 436 3896 rum
459 3850 620 3911 atque
646 3848 866 3912 peccata
895 3839 1293 3896 manifestando
1310 3881 1327 3908 ,
1351 3843 1710 3897 vastationem
1749 3843 1898 3912 ipso-

318 3949 437 3988 rum
469 3948 567 4003 pro
605 3933 709 3988 hoc
749 3940 912 4002 atque
956 3930 1348 3987 desolationem
1391 3931 1691 4002 perfectam
1719 3933 1926 4004 expri—.

318 4033 451 4079 mat.

937 4135 1165 4195 CAPUT
1214 4135 1278 4193 L.

245 4302 250 4306 ·
320 4280 503 4336 Sermo
551 4278 761 4334 Domini
803 4227 988 4332 contra
1030 4272 1350 4345 Babylonem
1389 4273 1628 4345 prwdicit
1676 4273 1900 4328 reditum

723 4347 914 4420 populo
937 4345 974 4400 J
979 4345 1085 4400 uda
1111 4342 1163 4399 et
1187 4342 1506 4399 Jerusalem.

392 4504 412 4537 ‹
454 4485 680 4540 Verbum
701 4481 843 4554 quod
879 4479 1090 4537 locutus
1113 4488 1197 4536 est
1230 4479 1488 4535 Dominus
1522 4480 1590 4534 de
1623 4479 1898 4552 Babylone

2004 3314 2129 3354 sens
2156 3302 2416 3371 propheta
2455 3303 2612 3374 jubet
2657 3307 2979 3365 annuntiare
3007 3309 3060 3364 in
3087 3311 3338 3380 gentibus
3363 3318 3418 3366 et
3443 3325 3584 3382 pra:-

2003 3392 2183 3446 dicare
2211 3393 2355 3462 quod
2381 3403 2539 3464 capta
2569 3395 2641 3450 sit
2680 3394 2943 3469 Babylon,
2975 3400 3231 3458 confusus
3272 3402 3388 3469 Bel,
3419 3413 3474 3459 et
3496 3404 3582 3458 vi-

2003 3491 2122 3537 ctus
2145 3483 2450 3549 Merodach,
2499 3485 2639 3541 idola
2662 3487 2908 3546 videlicet
2935 3506 3054 3560 quae
3079 3492 3316 3550 Chaldaei
3355 3510 3455 3566 pro
3483 3495 3584 3552 diis

2001 3572 2269 3628 colebant.
2304 3574 2539 3630 Confusa
2562 3586 2689 3632 sunt
2714 3581 2894 3635 omnia
2921 3582 3188 3654 sculptilia
3231 3585 3373 3655 ejus,
3419 3595 3476 3642 et
3498 3602 3582 3642 su-

1999 3671 2188 3732 perata
2233 3675 2358 3720 sunt
2382 3665 2522 3721 idola
2551 3682 2759 3737 eorum,
2801 3674 3056 3742 quoniam
3100 3677 3355 3732 ascendit.
3393 3687 3578 3734 contra

2000 3771 2120 3812 eam
2147 3774 2301 3830 gens,
2328 3759 2616 3818 Persarum
2642 3764 2830 3835 utique
2849 3774 3010 3837 atque
3029 3766 3302 3825 Medorum
3333 3771 3402 3826 ab
3419 3770 3560 3842 Aqui

2000 3846 2143 3912 lone,
2169 3863 2288 3918 qua:
2313 3859 2478 3920 ponet
2507 3860 2708 3907 terram
2735 3853 2853 3922 ejus
2882 3856 2935 3909 in
2977 3856 3320 3914 solitudinem
3345 3876 3359 3912 :
3396 3859 3472 3914 ita
3526 3867 3581 3914 ul

2001 3957 2110 3997 non
2135 3941 2205 3996 sit
2228 3943 2318 4012 qui
2343 3942 2547 3998 habitet
2567 3944 2623 3998 in
2651 3957 2738 4012 ea,
2767 3945 2836 4001 ab
2864 3947 3081 4004 homine
3103 3964 3273 4019 usque
3300 3951 3370 4005 ad
3395 3966 3581 4021 pecus.

1999 4029 2099 4086 Cui
2125 4033 2275 4102 paria
2301 4032 2470 4088 Isaias
2508 4033 2563 4088 in
2589 4034 2730 4091 libro
2772 4051 2870 4093 suo
2895 4039 3110 4109 scripsit
3134 4039 3359 4096 dicens:
3396 4042 3586 4098 «Ecce

1996 4138 2098 4195 ego
2121 4124 2391 4180 suscitabo
2416 4140 2576 4196 super
2603 4142 2696 4184 eos
2733 4129 2914 4188 Medos
2942 4132 3031 4203 qui
3059 4142 3339 4204 argentum
3367 4149 3473 4190 non
3501 4151 3573 4192 re

1996 4217 2236 4287 quirant,
2252 4233 2427 4288 neque
2447 4235 2637 4276 aurum
2663 4222 2850 4291 velint,
2876 4225 2972 4282 sed
2997 4227 3208 4299 sagittis
3229 4229 3482 4300 parvulos
3505 4231 3584 4288 in-

1998 4309 2291 4377 terficiant,
2334 4320 2390 4367 et
2417 4311 2741 4371 lactantibus
2783 4319 2954 4374 uteris
2983 4335 3091 4376 non
3137 4322 3584 4379 miserentur:et

1998 4417 2160 4474 super
2184 4403 2322 4460 filios
2352 4421 2461 4462 non
2490 4416 2676 4478 parcet
2703 4409 2891 4466 oculus
2920 4427 3128 4469 eorum.
3177 4413 3246 4469 Et
3265 4414 3370 4470 erit
3399 4413 3579 4486 Baby-

1996 4492 2088 4550 lon
2112 4493 2204 4549 illa
2233 4496 2466 4566 gloriosa
2498 4499 2552 4553 in
2578 4501 2776 4570 regnis,
2823 4502 3106 4574 inclytain
3144 4507 3397 4576 superbia
3422 4504 3584 4562 Chal;

323 4596 340 4627 ι
373 4584 427 4629 et
473 4575 539 4629 de
569 4582 710 4666 terra
756 4571 1126 4666 Chaldaeorum
1166 4571 1229 4666 in
1263 4585 1425 4625 manu
1457 4567 1733 4666 Ieremiab‘
1763 4586 1892 4666 Bm“
1918 4603 1972 4666 ι)
1996 4582 2254 4650 denorum,
2300 4587 2442 4642 sicut
2468 4567 2730 4644 subvertit
2770 4589 2912 4646 Deus
2933 4567 3244 4648 'Sodomam
3265 4603 3321 4649 et
3353 4593 3582 4649 Gomor-

323 4686 342 4719 ι
375 4667 550 4737 pheta:
579 4682 593 4718 :
629 4663 960 4719 Annuntiate
988 4663 1041 4716 in
1071 4662 1316 4732 gentibus
1353 4670 1407 4717 et
1432 4662 1674 4717 auditum
1708 4661 1888 4725 facite,

323 4776 341 4808 ι
377 4757 554 4811 levate
577 4755 807 4826 signum,
862 4752 1150 4823 praedicate
1173 4760 1228 4807 et
1253 4750 1418 4808 nolite
1457 4751 1655 4818 celare,
1687 4751 1888 4808 dicite:

326 4869 344 4900 ς
377 4847 544 4919 Capta
570 4855 653 4902 est
700 4846 962 4918 Babylon,
1009 4842 1265 4900 confusus
1312 4851 1397 4899 est
1441 4842 1560 4909 Bel,
1601 4843 1776 4898 victus
1807 4850 1892 4898 est

324 4959 343 4992 ι
381 4937 704 4994 Merodach:
737 4934 959 4992 cOnfusa
989 4933 1312 4990 suntomnia
1347 4933 1613 5005 sculptilia
1639 4931 1774 5002 ejus,
1807 4947 1892 4988 su-

309 5050 343 5082 οι
379 5037 565 5101 perata
593 5035 720 5084 sunt
746 5027 885 5082 idola
909 5041 1119 5091 eorum,
1145 5025 1397 5094 quoniam
1437 5024 1680 5081 ascendit
1700 5032 1891 5080 contra

326 5140 344 5173 ‹
376 5137 493 5177 eam
524 5135 655 5193 gens
699 5119 767 5174 ab
791 5117 1058 5188 aquilone,
1109 5131 1226 5184 quae
1252 5123 1417 5185 ponet
1442 5124 1642 5170 terram
1682 5114 1801 5185 ejus
1839 5114 1894 5169 in

328 5239 345 5270 ι
381 5218 745 5282 solitudinem,
790 5221 846 5270 et
873 5228 979 5268 non
1023 5211 1128 5267 erit
1153 5210 1245 5282 qui
1289 5211 1497 5266 habitet
1533 5211 1588 5264 in
1612 5224 1677 5264 ea
1699 5209 1768 5264 ab
1793 5210 1892 5265 ho-

330 5327 348 5359 ι
387 5309 532 5362 mine
557 5321 728 5376 usque
761 5305 828 5360 ad
854 5319 1020 5375 pecus
1049 5319 1062 5356 :
1096 5311 1150 5358 et
1175 5301 1308 5358 moti
1334 5309 1462 5358 sunt
1485 5310 1541 5356 et
1564 5301 1830 5355 abierunt.
1866 5320 1886 5353 ι

326 5393 610 5470 (Μιιυιιυε.)
636 5397 799 5471 lsaias
820 5405 873 5471 et
908 5393 1169 5451 Jeremias
1202 5401 1362 5466 atque
1386 5391 1634 5448 Ezechiel
1671 5391 1892 5448 verbum

325 5469 1139 5568 honuniIcontra'Babylonem,
1175 5496 1235 5564 et
1277 5483 1479 5543 terram
1518 5487 1892 5544 Chaldaeorum

322 5563 681 5660 protulerunt,
709 5563 774 5660 :in
819 5579 926 5650 Quo
973 5563 1445 5658 praevariCationes
1482 5587 1538 5635 et
1584 5579 1893 5649 iniquitates

323 5653 439 5740 ejus
481 5653 738 5739 plurimas
783 5656 1203 5748 replicaverunt,
1247 5678 1309 5746 et
1326 5670 1574 5748 meritam
1600 5663 1891 5748 vindictam

324 5747 603 5844 indesibi'l
626 5747 907 5844 venturam
933 5743 1332 5844 i'praidix'erunt.‘
1368 5743 1647 5844 Quomodo
1688 5743 1818 5832 ergo
1859 5776 1892 5816 a

325 5837 497 5908 Medis
512 5847 576 5908 ‘et
599 5833 806 5906 Persis
833 5841 963 5905 urbs
989 5833 1527 5919 BabylonICSubver'sa
1553 5839 1626 5908 sit
1651 5851 1891 5908 historia:

1996 4676 2171 4729 rham.
2220 4676 2336 4731 Non
2387 4677 2718 4733 habitabitur
2741 4697 2912 4751 usque
2961 4683 3016 4737 in
3070 4685 3476 4753 sempiternum,
3525 4694 3584 4740 et

1993 4779 2102 4818 non
2133 4763 2442 4819 fundabitur
2469 4783 2640 4836 usque
2673 4768 2741 4823 ad
2764 4772 3162 4840 generationem
3189 4782 3248 4830 et
3273 4777 3579 4847 generatio-

1994 4865 2154 4907 nem:
2186 4867 2288 4908 nec
2324 4863 2486 4924 ponet
2531 4855 2602 4911 ibi
2633 4860 2861 4915 tentoria
2893 4861 3086 4928 Arabs,
3125 4879 3301 4935 neque
3330 4873 3577 4934 pastores

1995 4944 2336 5014 requiescent
2374 4945 2446 5001 ibi
2476 4964 2489 5000 :
2541 4949 2634 5004 sed
2663 4959 2824 5006 erunt
2867 4951 2941 5008 ibi
2970 4954 3177 5022 bestiae,
3208 4962 3264 5009 et
3290 4955 3578 5025 replebun-

1997 5042 2088 5090 tur
2113 5036 2303 5091 domus
2328 5053 2516 5092 eorum
2544 5039 2892 5110 draconibus,
2919 5052 2974 5100 et
2997 5045 3316 5102 habitabant
3335 5046 3406 5102 ibi
3435 5056 3579 5104 stru-

1999 5126 2229 5193 thiones,
2287 5136 2342 5183 et
2390 5129 2547 5198 pilosi
2597 5132 2870 5190 saltabunt
2924 5134 3026 5201 ibi,
3070 5145 3126 5191 et
3171 5140 3622 5210 respondebunt.

2000 5215 2156 5270 ululae
2189 5217 2242 5272 in
2271 5219 2484 5275 aedibus.
2504 5223 2636 5289 suis,
2666 5233 2722 5280 et
2763 5226 2956 5282 sirenae
2984 5229 3038 5283 in
3069 5229 3308 5286 delubris
3334 5231 3580 5303 volupta-

2003 5306 2071 5361 tis
2110 5306 2242 5378 (Isa.
2273 5309 2418 5380 xm).
2451 5331 2470 5363 ι
2526 5312 2786 5382 Apertum
2817 5319 3064 5388 estquod
3097 5319 3315 5378 latebat.
3366 5322 3579 5395 Nequa-

2000 5411 2162 5466 quam
2188 5395 2355 5453 fortes
2380 5407 2436 5453 et
2473 5399 2717 5470 gigantes
2753 5405 2925 5475 angeli
2975 5407 3306 5481 intelligendi
3349 5421 3477 5480 sunt
3520 5422 3577 5470 et

2001 5486 2291 5552 daemones,
2333 5489 2426 5544 sed
2457 5488 2732 5547 Medorum
2756 5508 2904 5564 gens,
2946 5511 3173 5566 quorum
3197 5501 3448 5573 princeps
3471 5505 3576 5559 Da-

1998 5577 2112 5632 rius
2137 5578 2342 5647 primus
2382 5579 2795 5652 Babyloniorum
2825 5588 3093 5643 destruxit
3141 5590 3448 5661 imperium,
3477 5609 3572 5648 oc-

1997 5668 2109 5724 ciso
2129 5667 2408 5734 Baithasar
2434 5681 2627 5742 nepote
2638 5672 3148 5745 Nabuchodonosor,
3176 5681 3267 5750 qui
3283 5680 3578 5736 Evilmero-

1966 5813 1967 5816 η
1999 5761 2137 5818 dach
2161 5761 2304 5828 ﬁlius
2333 5763 2452 5818 fuit.
2481 5764 2707 5821 Tantam
2725 5776 2904 5824 autem
2931 5770 3123 5826 scribit
3148 5769 3422 5826 Medorum
3445 5769 3578 5825 Per-

1997 5869 2286 5926 sarumque
2330 5856 2612 5925 saevitiam,
2653 5865 2713 5914 ut
2747 5860 2940 5916 ardore
2973 5860 3245 5921 sanguinis
3267 5859 3574 5916 etfundendi
