4044 6326
468 410 608 468 “39

1102 402 1166 459 B.
1211 397 1466 486 ΒΑΒᾼΝΙ
1501 397 1720 458 MAURI
1755 393 2075 456 ARCHIEP.
2115 389 2424 452 MOGUNT.
2453 389 2740 474 OPERUM
2769 389 2956 474 PARS
2990 389 3081 448 IIl.

3604 393 3777 452 1149

468 545 664 588 aurum
709 534 1101 600 argentumque
1157 532 1530 592 contemnant.
1575 532 1630 580 et
1673 522 1884 580 oblatas
1929 531 2059 590 opes
2084 513 2140 584 Δ
2163 521 2219 576 et
2249 515 2354 570 hoc
2373 512 2520 584 quod
2541 511 2643 570 sub
2672 511 2777 570 alia
2813 509 3166 600 similitudine
3206 507 3462 568 Ezechiel

465 641 567 698 pro
594 623 706 683 luto
726 625 976 692 reputent
1001 617 1139 674 :‘sed
1165 617 1377 684 sagittis
1407 613 1663 687 parvulos
1701 610 2055 676 interﬁciant,

467 726 523 774 et
547 712 875 779 lactantibus
897 708 1070 769 uteris
1099 722 1208 764 non
1243 706 1625 770 misereantur,
1653 712 1707 761 et
1736 716 1898 772 super
1917 698 2059 756 ﬁlios

468 821 578 872 non
623 809 813 874 parcat
867 798 1058 856 oculus
1109 811 1318 853 eorum.
1375 794 1772 862 interﬁciuntur
1825 789 2056 862 parvuli,

469 911 702 969 quorum
725 892 946 949 vulnera
981 897 1142 950 erunt
1166 903 1272 944 non
1303 887 1509 952 minora
1537 900 1699 975 quam
1727 898 1976 954 corpora,
2004 888 2060 941 et

468 995 812 1064 praegnantes
860 984 1002 1046 uteri
1055 989 1330 1046 secentur,
1377 979 1752 1047 elidanturque
1802 975 2056 1039 infantes,

470 1092 527 1141 et
551 1083 620 1148 ad
645 1081 811 1136 ubera
832 1091 1048 1148 pressos
1075 1074 1212 1131 ﬁlios
1233 1071 1468 1136 crudelis
1495 1071 1666 1127 victor
1701 1067 1930 1134 occidat.
1960 1064 2062 1128 υετ

471 1190 578 1245 que
601 1173 655 1226 in
676 1178 994 1242 praesentem
1023 1181 1153 1238 ergo
1180 1165 1322 1228 diem
1344 1161 1626 1232 prophetia
1655 1158 1946 1229 Babylonis
1967 1171 2062 1212 ex.

469 1265 685 1335 pietur:
715 1273 769 1316 et
793 1261 931 1316 sicut
957 1256 1223 1314 subvertit
1259 1255 1398 1319 Deus
1427 1253 1718 1311 Sodomam
1752 1257 1807 1309 et
1827 1249 2058 1313 Gomor-

470 1360 649 1422 rltnm.
683 1355 762 1413 sic
778 1361 836 1408 et
875 1353 974 1407 ista
1005 1351 1261 1406 subversa
1289 1362 1394 1402 non
1445 1343 1776 1404 habitabitur
1814 1341 1870 1396 in
1897 1348 2058 1396 aeter-

469 1465 618 1510 num.
670 1448 776 1508 Pro
805 1445 894 1506 illa
921 1443 1067 1502 enim
1086 1441 1390 1498 Seleuciam
1405 1447 1457 1494 et
1479 1436 1880 1506 Ctesiphontem
1895 1433 2060 1495 urbes

469 1541 756 1602 Persarum
810 1537 1038 1608 inclytus
1073 1534 1336 1590 fecerunt.
1388 1527 1497 1586 Nec
1525 1534 1688 1598 ponet
1731 1526 1805 1582 ibi
1829 1524 2060 1583 tentoria

469 1631 664 1700 Arabs,
694 1644 802 1692 nec.
824 1636 1076 1699 pastores
1115 1623 1456 1694 requiescant
1492 1620 1602 1676 ibi:
1655 1618 1756 1675 sed
1800 1626 1961 1679 erunt
1985 1615 2061 1673 ibi

471 1723 680 1789 bestiaz,
719 1730 774 1774 et
809 1719 1158 1790 rapiebantur
1178 1716 1372 1780 domus
1393 1727 1583 1770 eorum
1617 1709 1964 1772 draconibus,
2005 1715 2063 1766 et

471 1813 793 1872 habitabunt
817 1811 893 1874 ibi
914 1809 1268 1878 struthiones.
1300 1816 1355 1860 et
1371 1805 1526 1876 pilosi
1559 1803 1833 1868 saltabnnt
1879 1800 1972 1867 ibi,
2003 1809 2059 1860 et

473 1905 875 1977 respondebunt
905 1874 1064 1966 ululat
1089 1901 1148 1956 in
1173 1874 1388 1956 aedibus
1409 1898 1540 1963 suis,
1569 1904 1624 1954 et
1666 1895 1860 1959 sirena:
1887 1894 1944 1948 in
1970 1894 2064 1951 de-
2090 1874 2138 1946 Β

470 1997 646 2075 tuin-is
669 1993 979 2064 voluptatis.
1021 1992 1080 2048 lu
1117 1999 1326 2056 tantum
1350 1989 1588 2060 Babylon
1609 1995 1822 2048 vastata
1847 1986 1957 2045 erit
1984 1993 2067 2040 at-

475 2103 581 2159 que
609 2086 854 2152 descrta,
898 2093 961 2140 ut
987 2097 1055 2143 ne
1081 2083 1148 2142 ad
1197 2097 1400 2152 pascua
1444 2081 1660 2152 quidem
1691 2086 2066 2138 armentorum
2092 2100 2104 2108 ί

473 2187 526 2237 et
553 2193 810 2250 pecorum
839 2177 986 2249 utilis
1030 2177 1141 2242 sit:
1191 2191 1302 2235 non
1347 2174 1497 2236 enim
1540 2173 1725 2232 tendet
1770 2171 1846 2228 ibi
1889 2169 2066 2230 Arabs

479 2273 892 2341 Saracenusque
931 2268 1183 2334 tentoria,
1239 2282 1342 2328 nec
1382 2273 1630 2336 pastores
1672 2271 1795 2333 post
1836 2259 2064 2331 vestigia

473 2381 694 2440 gregum
723 2365 850 2427 fessi
877 2363 1063 2426 labore
1089 2361 1372 2431 quiescent
1401 2379 1416 2416 :
1447 2357 1544 2416 sed
1584 2357 1726 2419 inter
1765 2354 2066 2425 parietinae

473 2469 530 2516 et
578 2457 855 2528 angustias
897 2465 1137 2511 veterum
1183 2453 1466 2516 ruinarum
1515 2449 1839 2520 habit-alium
1887 2452 2064 2506 nus:

475 2553 616 2622 quod
642 2549 741 2614 soli
795 2547 1146 2618 Septuaginta
1169 2547 1342 2621 θηρία,
1385 2543 1439 2598 id
1470 2550 1576 2607 est,
1609 2541 1796 2598 bestias
1833 2543 2069 2596 transtu-

473 2643 696 2698 lerunt:
741 2641 827 2694 alii
858 2641 974 2710 ipso
1010 2638 1230 2700 nomine
1275 2636 1420 2706 quod
1467 2633 1608 2703 apud
1649 2631 1906 2704 Hennaea
1933 2627 2068 2686 seni-2

473 2745 627 2808 ptum
669 2742 770 2799 est,
803 2733 1046 2787 volentes
1089 2745 1286 2800 genera
1340 2729 1641 2783 daemonum
1689 2723 1937 2794 intelligi,
1979 2720 2066 2775 vel

474 2831 876 2902 phantasmata.
929 2823 1192 2893 Quodque
1219 2821 1463 2892 sequitur
1492 2837 1505 2874 :
1543 2839 1560 2870 ‹
1595 2817 1760 2872 Pilosi
1795 2815 2068 2872 saltabunt

475 2921 571 2986 ibi,
604 2939 621 2970 ι
654 2918 739 2973 vel
781 2916 1098 2975 incubones,
1146 2913 1230 2967 vel
1259 2919 1444 2966 tauros
1474 2909 1766 2987 sylvestres
1803 2905 2066 2978 quosdam

475 3011 742 3071 homines,
774 3023 910 3078 quos
965 3003 1208 3060 nonnulli
1239 3002 1484 3066 Faunos,
1539 2999 1776 3054 Sicarios
1820 3003 2062 3052 vocant:

477 3112 571 3158 aut
599 3103 899 3156 dmmonnm
939 3112 1136 3166 genera
1165 3093 1490 3164 intelligunt.
1533 3092 1639 3146 Pro
1665 3089 1826 3145 ululis
1852 3101 2068 3158 quoque

477 3207 668 3258 omnes
698 3191 869 3260 ipsum
901 3187 1125 3252 verbum
1167 3183 1494 3252 Hebraicum
1522 3189 1675 3248 una,
1707 3179 1804 3239 soli
1837 3177 2066 3250 Septua-

2158 603 2213 661 in
2262 603 2400 660 libro
2438 617 2537 658 suo
2581 601 2859 668 describit,
2879 599 3108 656 dicens:
3173 619 3194 654 ι
3231 600 3334 667 Tu,
3379 601 3456 659 an
3486 585 3770 669 hominis,

2159 709 2314 770 sume
2341 695 2436 750 tibi
2463 694 2670 767 lignum
2699 709 2888 760 unum,
2917 701 2974 759 et
3019 694 3197 758 seti!»
3235 709 3397 765 super
3419 695 3550 756 illud
3571 693 3768 764 1mm,

2157 797 2212 844 et
2239 789 2473 844 ﬁliorum
2509 787 2700 856 lsrael,
2737 787 3184 858 sociorum-ejus,
3217 796 3272 847 et
3297 789 3426 849 tolle
3448 789 3658 862 lignum
3681 793 3775 847 al—

2159 890 2359 950 terum,
2390 891 2444 940 et
2467 883 2646 941 scribe
2667 896 2829 952 super
2846 898 2968 944 eum
2989 881 3212 952 Joseph,
3235 883 3442 954 lignum
3463 884 3771 956 Ephraim,

2158 983 2214 1030 et
2245 985 2454 1034 cunctae
2477 975 2662 1032 domui
2693 976 2859 1032 lsrael
2885 1015 2900 1041 ,
2945 977 3324 1046 sociorumque
3356 978 3496 1048 eius.
3557 979 3630 1036 Et
3655 981 3772 1034 ad—

2153 1066 2322 1138 iunge
2353 1067 2442 1126 illa
2473 1084 2640 1126 unum
2663 1069 2731 1127 ad
2763 1057 3146 1161 alterum..tibi
3171 1067 3228 1125 in
3245 1070 3450 1142 lignum
3478 1087 3679 1136 unum,
3707 1083 3775 1129 et

2160 1168 2320 1226 erunt
2354 1158 2410 1214 in
2434 1159 2689 1216 unionem
2735 1159 2789 1217 in
2837 1158 3177 1227 tnauu'tua;
3206 1177 3334 1218 cum
3377 1171 3558 1219 autem
3601 1167 3774 1220 dim-

2159 1250 2272 1309 !int
2297 1249 2369 1304 ad
2410 1259 2464 1308 te
2500 1250 2597 1306 ﬁlii
2638 1250 2820 1322 populi
2849 1252 2925 1306 tui
2968 1251 3290 1322 loquentes:
3321 1252 3512 1308 Nonne
3547 1255 3772 1312 indicas

2159 1341 2540 1414 nobisquid'in
2557 1343 2644 1400 his
2666 1343 2761 1398 tibi
2783 1343 2962 1400 velis?
2989 1343 3227 1414 loqueris
3255 1347 3322 1400 ad
3337 1362 3433 1401 eos
3451 1365 3464 1404 :
3483 1346 3609 1402 ΗΜ·
3625 1350 3774 1405 dicit

2160 1433 2422 1496 Dominus
2447 1436 2589 1492 Deus
2616 1454 2628 1489 :
2677 1436 2818 1492 ane
2853 1452 2955 1507 ego
2993 1453 3267 1494 sesumam
3301 1439 3504 1512 lignum
3532 1439 3770 1512 Joseph,

2161 1527 2304 1596 quod
2332 1527 2489 1584 estin
2509 1543 2671 1584 manu
2701 1528 2980 1599 prrnim,
3007 1538 3061 1588 et
3081 1531 3256 1586 tribus
3285 1533 3470 1598 lsrael,
3495 1551 3616 1605 qua:
3641 1536 3778 1606 jun-

2161 1625 2262 1678 ctae
2288 1627 2415 1678 sunt
2435 1617 2509 1684 ei,
2558 1626 2614 1674 et
2643 1616 2784 1674 dabo
2809 1633 2902 1674 eas
2929 1621 3136 1690 pariter
3161 1635 3284 1677 eum
3311 1623 3458 1694 ligno
3492 1623 3656 1692 Juda,
3712 1635 3779 1682 et

2159 1708 2358 1768 faciam
2381 1723 2476 1767 eas
2504 1709 2560 1767 in
2595 1711 2804 1782 lignum
2826 1727 3016 1778 unum,
3040 1721 3096 1768 et
3123 1723 3283 1769 erunt
3306 1731 3474 1772 unum
3511 1717 3566 1772 in
3591 1733 3778 1773 manu

2160 1801 2298 1871 ejus.
2353 1801 2530 1858 Erunt
2565 1811 2750 1859 autem
2793 1803 2937 1876 ligna
2984 1821 3148 1876 super
3197 1821 3318 1878 quae
3367 1809 3660 1879 scripseris
3715 1812 3776 1866 in

2167 1913 2327 1953 manu
2358 1904 2451 1952 tua
2500 1896 2556 1951 in
2595 1896 2766 1952 oculis
2802 1913 3013 1962 eorum,
3060 1906 3116 1956 et
3163 1899 3312 1956 dices
3349 1901 3418 1957 ad
3456 1918 3587 1957 eos:
3633 1902 3780 1958 "rec

2167 1989 2296 2047 dicit
2325 1988 2584 2046 Dominus
2603 1989 2748 2044 Deus
2773 2007 2790 2044 :
2832 1989 2972 2046 Ecce
3001 2005 3102 2062 ego
3128 2005 3400 2048 assumam
3429 1994 3566 2050 ﬁlios
3593 1994 3781 2051 lsrael

2167 2081 2234 2136 de
2253 2081 2430 2135 medio
2452 2080 2755 2146 nationum,
2785 2081 2855 2138 ad
2881 2095 3018 2152 quas
3045 2083 3313 2150 abierunt,
3339 2092 3398 2140 et
3419 2089 3781 2158 congregatio

2165 2175 2522 2246 eos-undique
2538 2183 2598 2230 et
2619 2177 2882 2232 adducam
2906 2192 3000 2233 eos
3021 2179 3087 2233 ad
3116 2179 3339 2234 humum
3367 2195 3542 2244 suam,
3591 2192 3651 2235 et
3681 2180 3778 2234 fa-

2169 2267 2310 2324 eiam
2338 2281 2437 2328 eos
2462 2275 2676 2338 gentem
2700 2283 2864 2323 unam
2892 2268 2945 2324 in
2971 2278 3139 2336 terra,
3175 2271 3228 2326 in
3263 2271 3538 2328 montibus
3571 2271 3774 2338 lsrael,

2168 2367 2224 2415 et
2245 2375 2338 2420 rex
2366 2375 2507 2416 unus
2539 2360 2646 2416 erit
2670 2361 2921 2418 omnibus
2941 2363 3236 2434 imperans,
3267 2372 3322 2420 et
3351 2381 3456 2420 non
3484 2375 3651 2420 erum
3689 2367 3780 2420 ui-

2167 2459 2254 2506 tra
2283 2452 2404 2507 dum
2425 2460 2634 2524 gentes,
2664 2468 2764 2510 nec
2785 2453 3094 2510 dividentur
3116 2455 3348 2526 amplius
3365 2457 3416 2511 in
3439 2456 3547 2512 duo
3571 2474 3775 2529 regna,

2168 2559 2346 2615 neque
2365 2546 2674 2616 polluentur
2706 2547 2848 2602 ultra
2886 2547 2940 2603 in
2971 2547 3128 2604 idolis
3157 2549 3293 2616 suis,
3323 2558 3378 2606 et
3402 2550 3776 2607 abominatio-

2167 2634 2351 2702 iibus,
2376 2646 2432 2692 et
2468 2637 2522 2692 in
2544 2640 2754 2694 cunctis
2781 2639 3161 2710 iniquitatibus
3197 2641 3331 2706 suis,
3365 2650 3422 2697 et
3450 2641 3630 2697 salvos
3678 2658 3779 2699 eos

2170 2727 2365 2782 faciam
2398 2729 2464 2784 de
2497 2731 2766 2802 universis
2810 2732 3029 2800 sedibus
3053 2733 3168 2800 suis
3200 2734 3256 2800 in
3277 2733 3778 2804 quibuspeccavc-

2170 2828 2316 2885 runt,
2369 2828 2423 2874 et
2470 2822 2738 2877 mundabo
2783 2837 2900 2889 eos,
2950 2831 3006 2878 et
3047 2833 3209 2878 erunt
3252 2823 3383 2879 mihi
3415 2825 3666 2896 populus,
3721 2835 3780 2881 et

2169 2925 2271 2982 ego
2300 2925 2396 2967 ero
2437 2913 2520 2966 eis
2555 2912 2719 2978 Deus,
2743 2909 2812 2978 Et
2853 2929 3042 2968 servus
3069 2929 3223 2970 meus
3262 2913 3433 2970 David
3465 2931 3555 2970 rex
3606 2933 3779 2988 super

2170 3018 2282 3068 eos,
2311 3010 2368 3057 et
2403 3012 2589 3073 pastor
2611 3019 2750 3059 unus
2790 3004 2895 3058 erit
2922 3004 3163 3060 omnium
3190 3019 3402 3061 eorum.
3463 3005 3520 3060 In
3543 3005 3778 3074 judieiis

2169 3092 2306 3146 meis
2336 3084 2704 3152 ambulabunt.
2735 3099 2790 3148 et
2818 3091 3072 3146 mandata
3102 3108 3224 3148 mea
3254 3094 3577 3156 custodient,
3604 3104 3660 3149 et
3696 3095 3778 3150 fa-

2169 3185 2316 3250 cient
2363 3200 2448 3251 ea,
2504 3193 2560 3242 et
2592 3185 2916 3242 habitabant
2958 3193 3124 3256 super
3169 3193 3406 3252 terram,
3451 3200 3619 3256 quam
3647 3188 3774 3242 dedi

477 3285 630 3360 ginta
689 3257 1087 3338 onoceutauros
1141 3275 1554 3344 transtulerunt.
1623 3271 1828 3330 Sirenas
1885 3280 2069 3331 autem
2095 3257 2140 3322 (ἲ
2173 3291 2334 3334 servo
2357 3289 2481 3337 meo
2509 3273 2694 3342 Jacob,
2725 3276 2782 3332 in
2801 3290 2910 3346 qua
2941 3275 3324 3336 habitaverunt
3350 3285 3536 3348 patres
3573 3279 3776 3344 vestri,

476 3383 617 3436 nun
647 3387 785 3442 quas
811 3383 912 3426 nos
941 3376 1034 3426 aut
1061 3367 1352 3432 daemones,
1385 3373 1484 3420 aut
1528 3372 1770 3422 monstra
1801 3365 2068 3436 quaedam,

473 3469 561 3528 vel
590 3475 737 3527 certe
756 3467 1017 3522 dracones
1043 3476 1266 3538 magnos
1296 3457 1638 3532 interpretati
1666 3472 1874 3522 sumus,
1925 3455 2070 3526 quod

477 3557 683 3616 cristati
717 3563 847 3613 sunt
895 3563 951 3610 et
991 3552 1271 3611 volantes:
1313 3564 1411 3624 per
1440 3545 1772 3622 quae'omnia
1801 3547 2070 3637 vastitatis

477 3661 530 3708 et
561 3649 865 3716 solitudinis
909 3647 1063 3718 signa
1085 3653 1496 3708 monstrantur:
1529 3643 1674 3716 quod
1703 3651 1852 3708 tanta
1884 3642 1957 3698 sit.
1978 3642 2070 3696 de-

475 3741 748 3815 populatio
783 3739 935 3799 urbis
957 3738 1231 3813 quondam
1270 3736 1680 3812 potentissima,
1712 3743 1772 3793 ut
1800 3749 1912 3806 prae
1939 3733 2072 3799 mul-

477 3832 706 3892 titudine
757 3831 1065 3896 dmmonum
1095 3843 1160 3894 ac
1198 3826 1497 3896 bestiarum
1527 3824 1708 3895 mullus
1736 3824 1792 3883 in
1823 3839 1942 3879 eam
1975 3839 2072 3882 au-

477 3927 601 3991 deat
625 3929 830 3996 pastor,
865 3923 920 3978 id
943 3927 1046 3988 est,
1082 3919 1285 3976 deserti
1317 3918 1585 3990 appetitor
1611 3918 1838 3978 intrare.
1871 3916 2072 3974 Didici-

356 4049 363 4060 -
445 4035 596 4086 ,mus
623 4033 654 4072 a
683 4015 920 4091 quodam
969 4015 1138 4074 fratre
1189 4013 1424 4077 Elamita
1465 4013 1558 4084 qui
1603 4013 1672 4072 de
1722 4011 1828 4080 illis
1871 4010 2076 4077 ﬁnibus

354 4103 362 4112 ’
473 4111 757 4185 egrediens
805 4125 951 4176 nunc
1001 4105 1393 4178 Hierosolymis
1445 4105 1615 4165 vitam
1666 4105 1833 4175 exigit
1885 4119 2072 4166 mona-

475 4201 726 4278 chorum,
745 4200 1064 4260 venationes
1085 4199 1266 4270 regias
1291 4197 1479 4254 essein
1503 4195 1794 4268 Babylone,
1819 4205 1876 4252 et
1891 4197 2078 4264 omnis.

477 4295 690 4365 generis
731 4292 936 4358 bestias
963 4305 1241 4350 murorum
1268 4289 1386 4358 ejus
1429 4296 1636 4348 tantum
1682 4289 1888 4351 ambitu
1916 4304 2072 4356 coer-

475 4386 608 4441 ceri.

507 4517 514 4528 .
556 4496 573 4528 ι
608 4476 664 4532 lu
690 4474 881 4542 diebus
929 4473 1036 4544 illis
1063 4482 1120 4537 et
1157 4475 1212 4530 in
1243 4481 1488 4550 tempore
1517 4472 1632 4540 illo,
1663 4473 1742 4532 ait
1783 4473 2062 4542 Dominus,

483 4589 513 4640 «_
538 4569 755 4636 venient
783 4569 880 4627 lilii
919 4569 1106 4636 Israel,
1146 4569 1248 4642 ipsi
1272 4577 1326 4624 et
1367 4568 1465 4624 ﬁlii
1491 4567 1650 4633 Juda,
1682 4569 1842 4624 simul
1873 4569 2066 4630 ambu-

485 4679 504 4712 ι
541 4661 715 4718 iantes
744 4669 799 4724 et
847 4659 1038 4721 ﬁentes
1063 4659 1449 4732 prOperabunt,
1505 4668 1562 4716 et
1586 4660 1869 4724 Dominum
1897 4660 2064 4719 Deum

485 4772 502 4803 ι
541 4769 696 4811 suum
722 4763 984 4824 quaerent.
1020 4750 1080 4823 in
1127 4748 1259 4808 Sion
1294 4751 1704 4822 interrogabant
1739 4751 1909 4818 viam,
1961 4752 2068 4808 huc

484 4864 502 4896 ι
541 4845 706 4913 facies
739 4861 924 4902 eorum
955 4844 1189 4916 venient,
1237 4852 1292 4898 et
1315 4851 1655 4914 apponuntur
1680 4845 1750 4900 ad
1777 4845 2066 4902 Dominum

485 4955 504 4986 ι
541 4936 743 5000 findere
785 4935 1134 5014 sempiterno,
1180 4933 1324 5008 quod
1369 4933 1516 5002 nulla
1550 4934 1822 4998 oblivione
1863 4934 2063 4992 delebi-

485 5047 503 5078 ι
540 5037 644 5082 tur.
684 5046 704 5080 ι
745 5026 868 5082 limo
892 5041 1022 5098 ergo
1047 5024 1334 5100 promissio
1377 5025 1445 5083 ad
1488 5025 1854 5080 reversionem
1881 5026 2064 5096 populi

482 5119 580 5174 Dei
636 5119 702 5173 de
751 5119 1099 5188 captivitate,
1149 5132 1312 5186 quam
1347 5117 1448 5174 sub
1483 5116 1860 5188 Assyriis'vol
1903 5117 2064 5174 Chal-

483 5209 612 5264 daeis
640 5223 830 5278 passus
854 5217 937 5264 est
966 5209 1020 5264 in
1053 5217 1252 5264 terram
1279 5207 1438 5274 Juda,
1478 5207 1746 5278 pertinet,
1769 5207 1856 5262 vel
1893 5208 2066 5278 magis

482 5297 788 5354 Christiana
841 5307 1083 5368 tempora
1125 5299 1426 5370 signiﬁcat,
1471 5299 1687 5369 quando
1729 5299 1797 5356 de
1837 5298 2065 5355 diversis

483 5389 734 5460 gentibus
768 5388 864 5442 ﬁlii
903 5388 995 5442 Dei
1023 5390 1348 5445 conveniunt
1377 5389 1446 5447 ad
1511 5389 1810 5448 Ecclesium
1843 5391 2067 5446 catholi-

483 5496 604 5550 cam
633 5490 690 5536 et
737 5480 804 5534 ad
826 5495 1007 5536 veram
1037 5480 1372 5551 religionem.
1411 5481 1600 5550 ibique
1617 5491 1862 5553 quaerent
1885 5481 2066 5536 Domi-

489 5587 615 5626 num
661 5585 816 5626 suum
847 5569 1263 5642 interrogantes,
1303 5580 1362 5628 et
1387 5571 1660 5632 discentes
1686 5575 1830 5630 viam
1865 5575 2066 5639 verita-

484 5667 574 5728 tis,
610 5663 923 5732 vultumque
950 5663 1132 5720 cordis
1183 5664 1266 5720 sui
1294 5665 1362 5719 ad
1389 5663 1694 5723 faciendam
1736 5667 2066 5723 voluntatem

489 5756 582 5820 D_ci
633 5762 956 5824 convertunt
980 5795 998 5822 ,
1035 5754 1442 5826 jungunturque
1490 5757 1566 5816 illi
1617 5757 1820 5815 {aedere
1864 5759 2068 5830 sempio

488 5853 664 5916 terno,
697 5847 842 5920 quod
869 5845 1018 5918 nulla
1049 5846 1322 5910 oblivione
1351 5862 1590 5922 unquam
1616 5849 1897 5911 delabitur.
1930 5852 2069 5916 Nam

2171 3369 2567 3432 ethabitabunt
2617 3382 2780 3439 super
2803 3383 2924 3426 eain
2973 3368 3075 3440 ipsi
3109 3377 3164 3426 et
3189 3368 3285 3426 ﬁlii
3315 3384 3526 3435 eorum,
3561 3379 3622 3425 et
3675 3369 3775 3425 ﬁlii

2172 3460 2403 3520 ﬁliorum
2425 3475 2615 3519 eorum
2638 3475 2811 3531 usque
2838 3461 2896 3518 in
2915 3462 3348 3532 sempiternum:
3371 3469 3431 3518 et
3452 3463 3626 3518 David
3651 3478 3775 3517 ser-

2170 3567 2270 3616 vus
2297 3566 2468 3619 meus,
2501 3553 2752 3624 princeps
2781 3568 2972 3610 eorum
3004 3553 3060 3608 in
3090 3563 3432 3624 perpetuum.
3481 3553 3548 3608 Et
3574 3569 3775 3624 perm-

2173 3645 2302 3706 tiam
2353 3645 2459 3704 illis
2491 3645 2687 3716 foedus,
2738 3653 2955 3716 pactum
3009 3648 3397 3718 sempiternum
3425 3649 3534 3704 erit
3574 3651 3680 3715 eis,
3718 3657 3776 3704 et

2173 3735 2408 3796 fundabo
2435 3753 2549 3804 eos,
2601 3746 2660 3796 et
2686 3737 3055 3810 multiplicabo
3075 3779 3090 3805 ,
3121 3750 3176 3794 ct
3210 3741 3350 3797 dabo
3374 3743 3772 3802 sanctiﬁcatio-

2172 3845 2298 3894 uem,
2325 3845 2508 3890 meam
2547 3831 2604 3888 in
2645 3832 2825 3890 medio
2867 3846 3056 3887 cor-tun
3105 3833 3159 3888 in
3187 3843 3527 3906 perpetuum,
3575 3846 3636 3892 et
3665 3839 3776 3892 erit

2173 3923 2578 3992 tabernaculum
2609 3939 2793 3990 meum
2816 3923 2870 3978 in
2901 3925 3005 3992 eis,
3035 3932 3093 3980 et
3131 3940 3228 3981 ero
3271 3927 3354 3982 eis
3379 3929 3543 3994 Deus,
3571 3938 3628 3984 et
3666 3931 3774 4001 ipsi

2172 4024 2333 4067 erunt
2369 4013 2499 4068 mihi
2529 4014 2776 4084 populus,
2823 4024 2876 4071 et
2912 4017 3088 4071 scient
3133 4026 3318 4088 gentes
3356 4021 3480 4090 quia
3528 4035 3634 4090 ego
3663 4023 3774 4077 Do-

2173 4105 2351 4159 minus
2379 4107 2746 4161 sanctiﬁcator
2787 4106 2972 4179 lsrael,
3028 4123 3149 4178 cum
3198 4109 3362 4166 fuerit
3407 4112 3774 4171 sanctiﬁcatio

2175 4209 2291 4247 mea
2322 4195 2374 4248 in
2400 4195 2573 4250 medio
2594 4212 2780 4251 eorum
2807 4198 2857 4252 in
2883 4207 3200 4276 perpetuum
3227 4200 3442 4273 (Ezrrh.
3475 4207 3708 4275 XXXVII).
3747 4227 3765 4257 ι

2175 4285 2378 4357 Regum
2394 4297 2578 4342 narrat
2609 4286 2830 4360 historia
2861 4284 2978 4372 (Ιζζ
3011 4289 3136 4364 Reg.
3165 4295 3372 4366 xxxv")
3400 4296 3499 4350 sub
3523 4296 3770 4353 Roboam

2175 4376 2283 4430 lilio
2325 4375 2628 4434 Salomonis
2672 4379 2954 4434 duodecim
2991 4381 3162 4438 tribus
3211 4381 3374 4439 fuisse
3427 4386 3655 4452 divisas,
3707 4398 3768 4444 et

2173 4468 2324 4534 duas,
2353 4469 2457 4528 hoc
2485 4477 2590 4536 est,
2618 4468 2810 4526 ludam
2839 4479 2894 4526 et
2930 4471 3208 4543 Beniamin
3233 4487 3360 4536 cum
3383 4475 3561 4533 invitis
3587 4495 3653 4533 ac
3679 4495 3770 4532 sa-

2169 4563 2480 4624 cerdotibus
2523 4573 2738 4620 secutas
2761 4580 2885 4620 esse
2910 4565 3174 4633 Roboam,
3203 4569 3295 4638 qui
3318 4571 3562 4640 regnavit
3585 4570 3638 4626 in
3669 4571 3765 4626 Je-

2172 4655 2424 4721 rusalem,
2453 4668 2507 4713 et
2533 4674 2758 4730 regnum
2783 4659 2904 4730 eius
2937 4660 3265 4731 appellatum
3306 4671 3390 4718 est
3413 4661 3550 4719 Juda
3577 4684 3588 4718 :
3625 4666 3766 4722 alias

2168 4763 2299 4804 vero
2333 4747 2518 4804 decem
2548 4749 2718 4804 tribus
2761 4763 2882 4819 qum
2929 4751 3223 4806 dixerunt:
3264 4771 3288 4804 ι
3333 4753 3450 4811 Non
3481 4763 3565 4810 est
3605 4758 3764 4812 nobis

2168 4852 2296 4907 pars
2323 4838 2378 4894 in
2401 4838 2590 4904 David,
2619 4853 2789 4910 neque
2820 4841 3106 4898 hzereditas
3133 4843 3187 4898 in
3210 4842 3330 4902 ﬁlio
3351 4843 3500 4900 Iesse
3526 4847 3701 4919 lissi].
3734 4869 3756 4898 ι

2169 4926 2494 4984 Hierohoam
2531 4929 2640 4994 ﬁlio
2691 4931 2924 4998 Nabath,
2951 4934 3018 4988 de
3055 4935 3199 4990 tribu
3229 4935 3508 5006 Ephreim,
3534 4942 3625 5009 qui
3658 4937 3764 4996 fuit

2168 5020 2312 5078 ﬁlius
2341 5021 2560 5092 Ioseph,
2593 5025 2906 5082 submisisse
2948 5029 3186 5083 cervices
3213 5041 3269 5084 et
3299 5033 3535 5088 servisse
3561 5034 3634 5097 ei,
3665 5050 3763 5105 ap—

2167 5113 2497 5186 pellatasque
2521 5133 2584 5172 ex
2626 5133 2816 5190 magna
2861 5127 3016 5188 parte
3062 5121 3240 5191 populi
3277 5124 3512 5194 antiquo,
3538 5127 3758 5183 nomine

2168 5206 2332 5262 lsrael
2355 5211 2372 5262 ς’
2401 5217 2456 5263 et
2481 5208 2649 5262 multo
2676 5217 2915 5281 tempore
2949 5226 3170 5282 regnum
3217 5211 3354 5270 Jtt'da
3385 5227 3436 5272 et
3468 5217 3630 5273 lsrael
3663 5222 3758 5274 ad-

2167 5315 2384 5354 versum
2407 5316 2466 5356 se
2493 5302 2746 5357 habuisse
2775 5305 3094 5371 certamina,
3145 5309 3484 5379 propriisque
3507 5315 3757 5383 paruisse

2170 5392 2405 5460 regibus,
2436 5393 2744 5463 primasque
2764 5395 2948 5451 decem
2990 5395 3160 5452 tribus
3189 5407 3374 5468 captas
3401 5402 3468 5456 ab
3491 5403 3754 5475 Assyriis,

2169 5489 2224 5537 et
2245 5490 2368 5552 post
2389 5481 2722 5553 aliquantum
2768 5487 3026 5556 temporis
3051 5502 3146 5541 eas
3185 5503 3304 5558 quae
3339 5492 3758 5562 appellabantur

2165 5573 2323 5640 Juda,
2347 5591 2379 5630 a
2407 5576 2671 5632 Cbaldaais
2697 5578 2752 5632 in
2771 5577 3095 5650 Babylonem
3121 5582 3309 5636 ductas
3335 5598 3454 5639 esse
3485 5585 3754 5655 captivas,

2167 5675 2224 5722 et
2249 5668 2446 5722 tribum
2473 5666 2608 5723 Juda
2635 5677 2754 5738 post
2781 5685 2952 5725 annos
2971 5673 3308 5743 septuaginta
3335 5675 3570 5744 antiquae
3595 5685 3757 5734 terrm

2169 5761 2434 5820 redditam
2461 5780 2475 5816 :
2513 5763 2702 5819 decem
2730 5771 2908 5818 autem
2951 5765 3125 5822 tribus
3149 5781 3270 5838 quae
3293 5769 3629 5824 vocabantur
3670 5770 3753 5826 ls-

2170 5853 2304 5922 ml,
2341 5867 2511 5931 usque
2547 5853 2707 5913 hodie
2734 5853 2788 5912 in
2829 5857 3100 5916 montibus
3118 5839 3448 5937 urbibusque
3469 5859 3756 5931 nodorum
