4044 6326
250 463 254 467 ἓ
312 390 447 447 ιιιι

1159 385 1520 444 EXPOSITIO
1559 385 1782 442 SUPER
1822 385 2184 442 JEREMIAM.
2226 418 2297 430 —-
2333 386 2461 443 LIB.
2505 386 2644 442 XVI.

3433 376 3579 444 iis?

309 512 514 567 servire
541 509 776 578 captivas
806 505 911 578 (IV
943 508 1071 579 Reg.
1124 524 1215 570 xu,
1266 508 1291 560 I
1313 506 1348 560 V
1380 509 1501 579 Reg.
1539 511 1684 577 xxv).
1733 511 1878 562 Prm-
1908 508 1952 567 Α
1984 507 2301 570 Salvatoris,
2335 507 2548 575 quando
2571 504 2969 560 tabernaculum
2992 503 3110 574 ejus
3130 505 3362 574 positum
3395 513 3480 559 est
3516 503 3572 560 in

309 619 433 660 sons
455 603 618 674 igitur
640 603 923 672 prophetia
968 603 1081 655 haec
1108 617 1172 656 ex
1203 617 1298 655 ore
1341 602 1548 656 Domini
1588 602 1885 672 pollicetur,

309 697 451 768 quod
481 704 770 766 utrumque
818 696 920 749 sibi
968 696 1224 765 jungatur
1283 695 1603 764 imperium,
1659 697 1762 750 hoc
1809 704 1898 750 est‘

311 805 534 859 regnum
560 787 711 843 Iuda:
734 829 748 854 ,
799 797 852 843 et
879 803 1102 858 regnum
1135 787 1298 841 Israel
1327 805 1337 838 :
1391 788 1712 857 tollaturque
1740 789 1890 857 virga

311 880 586 948 Ephraim,
617 880 709 949 qui
737 879 1016 948 de-stirpe
1047 877 1247 948 Joseph
1295 889 1584 949 generatus
1612 887 1725 944 est,
1766 895 1890 934 cum

309 973 533 1042 reliquis
583 972 826 1026 tribubus
855 987 974 1040 quae
1018 972 1066 1024 ei
1115 972 1330 1025 sociatm
1383 979 1528 1036 sunt,
1561 971 1894 1041 etjnngatnr

309 1063 475 1133 virga:
493 1063 664 1126 Judte,
710 1072 767 1117 ut
802 1079 1143 1140 nequaquam
1195 1075 1413 1120 vocetur
1442 1066 1577 1119 Juda
1626 1066 1890 1131 ctIsracl,

310 1155 402 1207 sed
433 1169 538 1207 uno
563 1154 777 1207 nomine
800 1153 1138 1224 appelledtur
1155 1155 1292 1210 Juda
1316 1171 1328 1206 :
1357 1165 1409 1209 et
1441 1157 1539 1209 sub
1572 1155 1740 1226 figura
1769 1170 1892 1226 pro-

309 1245 505 1314 phetae,
549 1246 640 1313 qui
667 1246 920 1314 praecedit
949 1246 1000 1299 in
1032 1254 1155 1316 typo
1195 1247 1404 1300 Domini
1447 1247 1750 1311 salvatoris,
1800 1263 1892 1300 ne-

310 1353 576 1406 quaquam
608 1338 815 1391 duabus
837 1339 1104 1402 manibus,
1129 1340 1221 1392 sed
1252 1355 1354 1391 una
1378 1339 1576 1392 Christi
1611 1347 1896 1392 teneantur

309 1443 488 1480 manu.
521 1429 660 1482 Dicit
685 1429 827 1482 enim
867 1443 925 1482 se
954 1444 1228 1482 assumere
1253 1429 1386 1483 ﬁlios
1423 1430 1583 1482 Israel
1611 1430 1676 1483 de
1718 1431 1896 1484 medio

311 1518 590 1572 nationum
621 1519 687 1571 ad
710 1534 844 1588 quas
867 1519 1059 1587 captivi
1093 1519 1238 1574 ducti
1281 1528 1422 1584 sunt,
1471 1530 1524 1573 ct
1549 1522 1893 1574 reducturum

311 1623 405 1663 eos
432 1610 482 1663 in
511 1618 731 1674 terram,
771 1619 824 1665 et
852 1619 1061 1666 montes
1093 1612 1277 1675 Israel,
1306 1614 1371 1665 de
1402 1613 1595 1682 quibus
1623 1629 1782 1682 supra
1813 1613 1894 1666 le-

311 1701 504 1768 gimus,
532 1709 586 1754 et
626 1701 992 1770 appellandam
1019 1719 1179 1756 unam
1208 1712 1421 1772 gentem
1453 1704 1717 1774 uniusque
1751 1705 1893 1775 regis

309 1792 600 1859 regendam
639 1793 884 1861 imperio,
926 1803 985 1848 ut
1017 1796 1156 1848 ultra
1188 1812 1290 1848 non
1339 1796 1644 1864 polluantur
1688 1798 1741 1850 in
1773 1798 1890 1852 ido-

1992 599 2218 652 ecclesia
2266 599 2352 653 ubi
2381 599 2549 651 factus
2575 606 2656 650 est
2685 596 2828 651 Deus
2857 607 3060 660 noster,
3111 607 3163 650 et
3205 613 3302 650 nos
3344 596 3572 667 populus

1990 695 2125 762 ejus,
2162 691 2538 762 profectusque
2569 691 2806 748 omnium
2847 699 2950 753 est,
2985 698 3043 742 nt
3073 690 3244 742 sciant
3277 689 3419 756 quod
3455 689 3570 757 ipse

1991 787 2061 840 sit
2106 785 2361 838 Dominus
2387 825 2400 846 ,
2427 791 2481 836 et
2521 783 2631 850 ipse
2678 779 2976 835 sanctiﬁcet
3020 765 3178 834 Israel
3212 799 3223 832 ;
3279 796 3384 834 non
3415 779 3572 848 juxta

1991 891 2238 938 carnem,
2287 874 2378 927 sed
2421 873 2572 940 juxta
2623 871 2894 940 spiritum,
2947 872 3160 941 quando
3213 870 3570 925 sanctiﬁcatio

1992 967 2202 1037 ejnsjn
2251 965 2424 1018 medio
2461 964 2788 1037 credentium
2840 963 2977 1028 facta
3015 972 3097 1017 est
3129 964 3182 1016 in
3231 971 3570 1034 perpetuum.

1991 1036 2142 1124 Quod
2179 1064 2358 1110 autem
2389 1055 2646 1110 Dominus
2671 1036 2925 1123 abjecerit
2956 1054 3154 1106 tribum
3203 1054 3478 1122 Ephraim,
3520 1061 3578 1108 et

1992 1150 2215 1221 elegerit
2249 1149 2444 1204 tribttm
2470 1145 2633 1210 Juda,
2675 1154 2729 1198 et
2763 1147 2815 1202 in
2843 1145 3070 1198 Psalmis
3101 1145 3345 1214 legimus.
3380 1145 3432 1199 in
3460 1144 3578 1213 qui-

1991 1245 2092 1299 bus
2118 1245 2374 1311 scriptum
2403 1250 2522 1296 est:
2572 1262 2587 1290 ι
2622 1243 2689 1295 Et
2721 1239 2912 1308 repulit
2935 1238 3334 1292 tabernaculum
3350 1237 3571 1307 .Ioscph,

1992 1345 2046 1390 et
2074 1336 2268 1389 tribum
2309 1333 2541 1403 Ephrem
2573 1347 2678 1386 non
2725 1331 2907 1400 elegit,
2939 1338 2992 1384 et
3031 1329 3190 1398 elegit
3221 1329 3416 1387 tribum
3437 1328 3577 1382 .Inda

1994 1428 2164 1499 (Psal.
2205 1428 2432 1496 Lxxvn),
2470 1447 2486 1476 ι
2520 1427 2594 1480 de
2637 1439 2741 1493 qua
2773 1425 3034 1492 scriptun
3080 1433 3162 1477 est
3194 1440 3206 1475 :
3255 1439 3272 1470 ι
3307 1419 3420 1474 Non
3448 1419 3579 1475 deﬁ-

1995 1519 2098 1572 ciet
2130 1518 2378 1586 princeps
2403 1531 2465 1568 ex
2495 1515 2651 1577 .luda,
2685 1529 2858 1581 neque
2882 1516 2987 1568 dux
3020 1513 3086 1566 de
3114 1511 3416 1568 senioribus
3437 1509 3576 1578 ejus,

1995 1609 2162 1674 donec
2186 1608 2362 1660 veniat
2405 1606 2496 1675 qui
2534 1605 2827 1659 mittendus
2872 1613 2974 1666 est,
3019 1605 3103 1660 cui
3132 1603 3423 1673 repositum
3473 1611 3575 1670 est,

1993 1700 2182 1768 etipsc
2203 1697 2652 1766 eritexspectatio
2681 1694 2919 1763 gentium
2972 1692 3122 1765 (Cen.
3175 1692 3342 1762 xux).
3381 1712 3398 1743 ι
3442 1692 3581 1746 Vere

1992 1794 2135 1846 enim
2166 1794 2218 1845 in
2265 1793 2496 1845 adventu
2527 1792 2740 1844 Domini
2771 1790 3056 1846 salvatoris
3081 1791 3198 1844 dum
3235 1790 3418 1859 virgae,
3446 1796 3582 1843 etut

310 1880 376 1934 lis
406 1889 461 1936 et
508 1883 996 1939 abominationibus
1022 1888 1161 1940 suis:
1197 1887 1290 1940 sed
1318 1903 1438 1940 cum
1473 1888 1669 1942 fuerint
1711 1891 1776 1944 de
1800 1906 1892 1942 ca-
1920 1873 1968 1933 Β
1999 1887 2050 1938 in
2085 1885 2346 1939 Ilebraico
2386 1883 2616 1953 positum
2656 1892 2760 1946 est,
2807 1883 2911 1937 duo
2941 1882 3086 1950 ligna
3117 1881 3168 1934 in
3203 1896 3366 1934 unum
3391 1880 3579 1948 juncta

308 1973 574 2042 ptivitatis
630 1974 846 2029 sedibus
899 1975 1149 2042 liberati,
1202 1978 1254 2031 in
1301 1979 1494 2047 quibus
1534 1989 1890 2049 peccaverunt

308 2065 556 2122 omnibus
579 2065 741 2130 vitiis,
771 2079 890 2122 esse
918 2069 1254 2123 mundandos
1291 2078 1346 2123 et
1401 2070 1606 2126 futuros
1639 2072 1890 2140 populum

309 2154 425 2220 Dei,
453 2157 526 2210 ita
549 2165 608 2210 ut.
635 2157 889 2218 Dominus
909 2159 980 2211 sit
1004 2159 1147 2213 Deus
1170 2175 1376 2212 eorum.
1412 2178 1430 2210 ι
1460 2161 1524 2214 Et
1551 2176 1758 2224 servus,
1812 2162 1891 2214 ina

309 2247 443 2314 quit,
475 2263 624 2302 meus
653 2248 818 2302 David
851 2265 942 2302 rex
969 2266 1127 2319 super
1155 2266 1266 2303 eos.
1299 2269 1316 2303 ι
1350 2251 1426 2304 De
1446 2267 1553 2320 quo
1574 2260 1629 2305 et
1669 2251 1891 2319 angelus

307 2337 545 2408 loquitur
582 2339 637 2392 in
679 2340 964 2409 Evangelio
1013 2340 1162 2412 (Luc.
1197 2345 1258 2411 ι),
1309 2344 1452 2412 quod
1484 2350 1800 2410 regnaturus
1822 2344 1894 2397 sit

307 2446 470 2502 super
505 2433 722 2486 domum
754 2432 939 2498 Jacoh,
972 2443 1025 2488 et
1049 2436 1196 2505 regni
1218 2434 1332 2502 ejus
1355 2451 1458 2489 non
1489 2436 1557 2490 sit
1583 2436 1722 2490 ﬁnis.
1752 2437 1890 2490 Tan-

308 2529 486 2591 taque
513 2524 617 2578 erit
659 2524 977 2590 clementiae,
1014 2536 1070 2578 nt
1099 2542 1204 2579 non
1247 2526 1418 2580 solum
1451 2540 1569 2592 rex,
1610 2527 1702 2580 sed
1731 2535 1893 2595 etpa-

310 2621 426 2669 stor
453 2615 768 2683 appelletur.
814 2615 965 2681 Quod
989 2619 1275 2685 superbum
1318 2632 1512 2671 nomen
1542 2617 1749 2685 imperii
1800 2634 1893 2686 pa-

311 2703 474 2757 storis
512 2704 828 2760 vocabulum
855 2705 1080 2776 mitiget.
1130 2707 1230 2772 Qui
1271 2717 1573 2776 postquam.
1604 2708 1806 2762 fuerint
1837 2709 1894 2762 in

313 2802 527 2861 gentem
555 2810 738 2858 uuam,
767 2804 824 2854 et
857 2797 911 2850 in
937 2805 1081 2850 terra
1109 2798 1305 2863 Israel,
1346 2814 1409 2852 ac
1439 2800 1709 2854 montibus
1742 2800 1895 2854 habia

317 2885 574 2950 laverint,
590 2885 912 2942 ambulaturi
935 2888 1042 2941 sint
1071 2888 1124 2942 in
1154 2889 1402 2942 omnibus
1425 2890 1891 2959 judiciisDomini,

307 2984 363 3030 et
385 2987 650 3047 praecepta
677 2978 813 3033 illius
850 2980 1165 3034 custodituri
1193 2997 1204 3032 :
1254 2980 1543 3035 habitatnri
1574 2992 1752 3035 autem
1785 2998 1891 3037 non

305 3067 361 3122 in
391 3067 495 3124 alia
527 3075 691 3132 terra,
723 3070 816 3130 sed
855 3070 909 3125 in
936 3085 998 3124 ea
1028 3087 1189 3140 quam
1211 3072 1358 3126 dedit
1386 3088 1543 3127 servo
1578 3089 1674 3128 suo
1701 3073 1892 3138 Jacob,

303 3156 362 3212 in
397 3171 502 3227 qua
543 3158 924 3217 habitaverunt
952 3168 1133 3229 patres
1156 3177 1362 3227 eorum,
1391 3163 1682 3227 Abraham,
1715 3165 1883 3228 Isaac,

303 3256 359 3304 et
385 3247 569 3316 Jacob,
601 3259 656 3310 et
692 3250 880 3320 reliqui
907 3253 1080 3308 sancti
1108 3271 1120 3305 :
1151 3261 1203 3306 et
1243 3270 1347 3309 non
1392 3254 1562 3312 solqu
1612 3256 1710 3325 ipsi
1739 3258 1888 3312 habi-
1917 3245 1964 3312 C

301 3341 474 3398 ,taturi
495 3341 623 3406 sint,
655 3341 749 3402 sed
774 3351 830 3402 et
850 3342 973 3406 tiliae
1002 3359 1188 3404 eorum
1218 3361 1284 3400 ac
1305 3356 1548 3415 nepotes,
1573 3346 1729 3416 juxta
1761 3349 1888 3408 illud

308 3437 656 3508 Virgilianum
685 3453 699 3492 :

460 3537 520 3589 Et
545 3537 646 3587 nati
667 3543 906 3598 nuerunt.
929 3547 980 3590 et
1003 3540 1092 3599 qui
1122 3547 1382 3592 nascentur
1407 3541 1467 3591 ab
1486 3541 1580 3591 illis
1603 3555 1616 3589 :

308 3618 655 3688 habitantque
682 3636 787 3679 non
814 3622 882 3684 ad
900 3622 1064 3678 breve
1087 3631 1315 3692 tempus,
1347 3627 1442 3683 scd
1471 3626 1887 3695 inperpetuum.

308 3709 482 3768 Vultis,
499 3718 680 3772 autem
709 3711 848 3768 Scire
878 3711 967 3780 qui
999 3711 1068 3771 sit
1093 3712 1192 3766 iste
1217 3729 1306 3766 rex
1333 3721 1387 3772 et
1412 3717 1637 3782 pastor?
1668 3716 1781 3784 Ipse
1808 3725 1890 3772 est

307 3801 372 3858 de
408 3816 514 3870 quo
537 3816 700 3872 supra
720 3801 831 3864 dixi
863 3817 878 3854 :
910 3820 930 3858 ι
962 3801 1165 3864 Servus
1193 3819 1344 3864 tueus
1368 3805 1555 3866 David.
1589 3825 1607 3858 ι
1639 3835 1706 3846 —-
1739 3826 1755 3854 ιι
1789 3808 1888 3872 Qui

298 3908 429 3948 .cum
447 3893 684 3958 intortae
699 3892 790 3948 Dei
805 3901 966 3958 esset,
986 3909 1093 3958 utut
1107 3903 1189 3954 est
1207 3895 1445 3965 rapinam
1466 3896 1892 3954 arbitratnsesse

303 4000 366 4040 se
389 3983 652 4054 mqualem
669 3982 777 4042 Deo
795 4002 808 4036 :
825 3984 918 4044 sed
941 3985 1308 4044 seexinarivit
1323 3984 1550 4044 formam
1584 3987 1722 4044 servi
1753 3989 1891 4043 acci-

305 4077 478 4146 piens,
501 4085 554 4131 et
578 4075 750 4130 factus
775 4083 859 4132 cst
883 4076 1139 4134 obediens
1167 4076 1310 4142 Patri
1344 4093 1514 4147 usque
1544 4078 1611 4134 ad
1638 4089 1890 4150 mortem,

307 4176 536 4223 mortem
565 4176 747 4230 autem
783 4167 960 4228 erucis
999 4165 1312 4238 (l’ltilip.n).
1356 4187 1375 4218 ι
1401 4167 1642 4244 Cumque
1670 4170 1768 4224 sub
1799 4170 1890 4226 tali

305 4274 434 4330 rege
461 4259 681 4326 fuerint,
706 4261 1001 4330 percutiam
1024 4260 1130 4320 illis
1162 4260 1338 4316 fmdus
1361 4261 1530 4330 pacis,
1555 4278 1888 4333 nequaquam

305 4355 432 4414 utin
446 4354 612 4410 veteri
630 4362 947 4417 testamento
957 4355 1312 4414 certaminum
1325 4363 1488 4423 atque
1500 4356 1756 4411 bellorum
1766 4397 1780 4422 ,
1796 4359 1889 4412 sed

305 4455 522 4516 pactum
545 4446 713 4514 pacis,
738 4461 857 4513 qua:
874 4455 1163 4514 exsuperat.
1186 4460 1399 4506 otitnem
1422 4459 1659 4511 sensum,
1687 4448 1753 4502 de
1783 4464 1888 4518 qua

305 4538 554 4598 Salvator
582 4538 818 4607 loquitur
852 4539 918 4592 ad
963 4540 1230 4608 apostolos
1259 4555 1272 4591 :
1329 4556 1350 4592 ι
1389 4538 1586 4598 Pacem
1615 4555 1794 4596 meam
1819 4541 1886 4596 do

1996 1985 2118 2032 sunt
2145 1986 2448 2045 sceptrum,
2485 1983 2538 2030 et
2567 1975 2620 2029 in
2662 1974 2986 2044 baptismate
3023 1972 3224 2030 Christi
3271 1971 3470 2025 dudum
3498 1984 3582 2023 se-

1993 2075 2178 2138 parata
2200 2069 2494 2130 sociantur,
2527 2075 2586 2120 ut
2625 2065 2754 2120 ﬁant
2779 2065 2833 2118 in
2855 2079 3018 2118 unum
3059 2078 3257 2118 novum
3313 2060 3582 2116 hominem

1994 2173 2048 2216 et
2079 2162 2131 2215 in
2158 2176 2317 2214 unam
2350 2169 2562 2229 gentem
2590 2178 2600 2212 :
2647 2173 2819 2226 neque
2844 2157 3148 2226 pullttantnr
3171 2155 3305 2210 ultra
3348 2155 3400 2207 in
3428 2153 3584 2210 idolis

1996 2263 2051 2307 et
2077 2251 2583 2313 alunuinatiuttihus,
2612 2251 2703 2306 sed
2739 2248 2920 2306 mundi
2958 2249 3172 2302 lavacro
3220 2248 3327 2307 sint
3355 2247 3583 2316 populus

1995 2346 2111 2410 Dei,
2143 2353 2197 2399 et
2224 2345 2450 2414 imperet
2494 2344 2572 2399 cis
2602 2343 2870 2406 Christus,
2903 2351 2957 2394 et
3000 2341 3244 2398 habitent
3285 2355 3446 2409 super
3474 2347 3580 2392 ter-

1998 2454 2135 2503 ram,
2189 2446 2491 2504 terramque
2535 2436 2826 2490 viventium
2857 2451 3018 2503 quam
3053 2435 3277 2490 dederat
3299 2447 3454 2488 servo
3481 2448 3581 2488 suo

1994 2535 2175 2595 Jacob,
2209 2535 2298 2601 qui
2321 2533 2577 2602 populum
2608 2532 2769 2587 Israel
2800 2533 2851 2585 in
2880 2531 3070 2586 matris
3092 2540 3245 2585 utero
3273 2528 3582 2599 supplanta-

1994 2628 2091 2678 vit.
2141 2624 2236 2678 Sin
2268 2616 2446 2677 autem
2496 2622 2820 2676 voluerimus
2859 2622 3011 2690 juxta
3057 2621 3390 2690 prophetiam
3443 2617 3581 2674 Osee

1996 2732 2112 2783 quae
2140 2729 2275 2784 pene
2303 2715 2481 2769 omnis
2529 2712 2594 2766 ad
2639 2714 2822 2767 decem
2875 2713 3045 2765 tribus
3089 2709 3356 2780 dirigitur,
3411 2708 3461 2762 id
3499 2716 3584 2762 est

1996 2806 2062 2866 ad
2103 2804 2325 2873 Joscpb,
2361 2815 2415 2858 et
2445 2804 2724 2872 liphraim,
2751 2812 2804 2858 et
2841 2801 3166 2866 Samariam,
3195 2810 3248 2854 et
3276 2800 3458 2864 lsrael,
3493 2801 3582 2854 in—

1997 2898 2234 2966 telligere
2266 2897 2382 2950 falsi
2408 2896 2638 2952 nominis
2689 2895 2974 2949 scientiam
3002 2935 3015 2958 ,
3047 2902 3101 2946 et
3150 2893 3352 2950 divisas
3391 2891 3579 2948 turbas

1995 2987 2390 3050 haereticorum,
2431 2988 2530 3040 hoc
2557 2984 2817 3050 dicemus,
2851 2983 2991 3052 quod
3018 2983 3071 3036 in
3105 2981 3294 3035 ultimo
3343 2992 3582 3050 tempore

2000 3097 2018 3128 ι
2060 3079 2272 3145 quando
2327 3077 2711 3129 subintravcrit
2759 3075 3033 3145 plenitudo
3075 3074 3336 3143 gentium,
3379 3081 3433 3127 et
3463 3088 3582 3127 ont-

1995 3173 2078 3228 nis
2100 3172 2260 3230 Israel
2289 3173 2468 3228 salvus
2513 3171 2676 3225 fuerit
2701 3169 2869 3239 (Rom.
2916 3169 3014 3234 xi).
3053 3190 3069 3220 ι
3116 3167 3265 3222 Tunc
3293 3168 3454 3222 etiam
3487 3169 3582 3221 ad-

1995 3265 2218 3325 versarii
2247 3264 2426 3334 populi
2457 3266 2546 3334 qui
2577 3271 2762 3318 contra
2794 3262 3013 3322 domum
3062 3259 3232 3324 Judte,
3269 3269 3322 3319 et
3371 3260 3581 3320 confes:

1994 3359 2202 3422 sionem
2240 3357 2494 3411 Ecclesiae
2523 3361 2914 3424 pugnaverunt,
2952 3352 3166 3406 tradant
3211 3367 3268 3408 se
3315 3350 3574 3406 ecclesia-

1993 3453 2141 3506 sticae
2175 3450 2316 3510 lidei,
2352 3458 2406 3501 et
2437 3448 2702 3506 universis
2728 3446 3005 3500 erroribus
3027 3443 3328 3506 derelictis,
3360 3453 3419 3498 et
3434 3444 3578 3514 prin-

1993 3544 2203 3612 cipibus
2229 3541 2409 3596 mundi
2441 3539 2594 3594 istius
2623 3539 2710 3607 qtti
2739 3538 3109 3600 destruantur,
3163 3543 3218 3589 et
3255 3536 3605 3604 patriarcbis

1993 3634 2127 3696 suis;
2181 3631 2272 3700 qui
2303 3646 2394 3690 eos
2440 3630 2493 3681 in
2543 3628 2997 3697 blasphemiarum
3044 3625 3319 3692 baratrum
3347 3626 3579 3680 deduxc-
3619 3638 3632 3650 ·

1993 3733 2147 3787 t'uut,
2181 3729 2504 3790 consurgant
2531 3728 2585 3773 et
2613 3720 2918 3789 relinquant
2954 3718 3092 3773 idola
3125 3733 3250 3783 sua,
3281 3726 3337 3770 et
3366 3717 3574 3772 abomi-

1994 3817 2238 3877 nationes
2269 3828 2413 3876 snas,
2453 3827 2586 3880 quas
2615 3811 2680 3864 de
2719 3826 2813 3865 suo
2851 3809 3015 3866 corde
3057 3809 3470 3866 confinxerunt:
3522 3816 3579 3862 ct

1994 3912 2060 3976 de
2087 3907 2293 3964 cunctis
2319 3903 2534 3960 sedibus
2551 3903 2682 3966 suis,
2705 3903 2759 3958 in
2784 3902 2979 3970 quibus
2999 3907 3375 3971 peccaverant,
3401 3909 3575 3953 trans-

1992 4008 2118 4056 eant
2168 4001 2238 4054 ad
2278 3996 2699 4052 ecclesiastiunn
2730 3995 2910 4058 fidem,
2963 3992 3338 4056 emundentur,
3373 3999 3430 4047 et
3468 3991 3579 4048 sint

1991 4089 2220 4160 populus
2250 4085 2471 4148 Christi,
2519 4092 2573 4138 et
2603 4084 2715 4153 ipse
2742 4083 2812 4135 sit
2840 4083 2980 4136 Deus
3006 4096 3213 4140 eorum.

2069 4201 2086 4234 ι
2117 4181 2260 4244 Grex
2285 4178 2526 4249 perditus
2554 4177 2730 4232 factus
2756 4184 2836 4228 est
2863 4174 3090 4248 populus
3117 4188 3286 4238 meus,
3328 4182 3573 4244 pastores

1997 4293 2015 4326 ι
2061 4288 2245 4337 eorum
2276 4268 2601 4334 seduxerunt
2628 4284 2738 4332 eos,
2771 4269 3118 4337 feceruntque
3145 4267 3322 4338 vagari
3343 4267 3395 4320 in
3424 4283 3574 4322 mon-

1997 4384 2018 4416 ι
2062 4366 2221 4420 tibus.
2254 4364 2331 4418 De
2359 4370 2541 4416 monte
2568 4362 2620 4418 in
2648 4360 2844 4422 collem,
2865 4358 3199 4428 transierunt
3226 4376 3237 4411 :
3273 4358 3422 4418 obliti
3448 4369 3575 4414 sunt

1997 4475 2016 4511 ς
2062 4454 2255 4512 cubitis
2294 4456 2396 4508 sui.
2461 4451 2678 4518 Omnes.
2711 4450 2804 4527 qui
2857 4450 3177 4518 invenerunt
3225 4449 3574 4506 comederunt

1998 4568 2016 4599 ι
2052 4564 2195 4603 eos.»
2218 4547 2508 4620 (Marinus).
2539 4543 2932 4604 Haesententia
2959 4544 3287 4597 denotantur
3314 4557 3468 4612 rcges
3500 4544 3572 4598 Is-

305 4628 489 4694 vobis,
519 4643 706 4698 pacem
737 4628 984 4698 relinquo
1009 4630 1160 4698 vobis
1191 4629 1369 4700 (Joan.
1403 4631 1514 4700 xxv)
1542 4647 1555 4684 :
1595 4649 1614 4680 ι
1648 4641 1702 4685 et
1749 4631 1884 4686 Pro-
1912 4622 1962 4682 D
1989 4641 2300 4698 raelitarum
2325 4637 2417 4706 qui
2444 4651 2626 4688 errare
2673 4629 2917 4688 fecerunt
2947 4633 3197 4708 populum
3228 4647 3257 4685 a
3299 4632 3446 4686 cultu
3488 4632 3570 4686 di-

305 4721 470 4792 pbeta
517 4720 690 4784 dicit;
733 4739 756 4770 ι
786 4719 1086 4780 Factusest
1130 4720 1182 4780 in
1215 4735 1345 4790 pace
1388 4720 1540 4790 locus
1559 4719 1677 4789 ejus
1707 4719 1878 4792 (Ριςιιι.

305 4812 491 4885 uxr).
525 4831 548 4864 ι
570 4813 715 4880 Quos
741 4828 862 4870 cum
891 4813 946 4866 in
975 4813 1212 4869 Ecclesia
1241 4811 1544 4867 fundaverit
1570 4821 1626 4867 et
1648 4813 1886 4868 stabilior.

306 4905 420 4973 rit,
464 4905 538 4962 ita
580 4914 638 4972 ut
663 4905 866 4974 possint
896 4903 1124 4964 dicere:
1181 4923 1198 4955 ι
1238 4905 1438 4959 Statuit
1481 4921 1642 4974 supra
1671 4913 1886 4974 petram

305 4999 469 5070 pedes
506 5016 656 5062 meos
695 4996 865 5070 (Paul.
899 5005 1107 5069 nux),
1141 5019 1158 5049 ι
1212 5007 1337 5054 tunc
1365 4997 1878 5068 multiplicabuntur,

307 5091 392 5148 vel
429 5091 760 5152 credentium
798 5104 1044 5156 numero,
1106 5089 1190 5148 vel
1245 5089 1685 5159 multiplicatione
1713 5090 1882 5144 virtu-

307 5190 440 5238 tum.
473 5202 490 5233 ‹
528 5183 595 5238 Ει
624 5183 780 5250 dabo,
809 5181 1000 5250 inquit,
1030 5180 1510 5246 sanctiﬁcationem
1543 5195 1743 5250 meam,
1771 5181 1883 5235 sive

307 5274 674 5336 sanctuaritun
692 5290 888 5340 meum,
916 5274 970 5328 in
999 5273 1173 5330 medio
1203 5289 1390 5330 eorum
1421 5273 1471 5328 in
1499 5283 1834 5342 perpetuum.
1858 5291 1874 5324 ι

306 5365 462 5430 Quod
521 5363 686 5426 Judaei
738 5367 806 5428 de
854 5366 1056 5436 templo
1094 5368 1535 5438 interpretantur,
1595 5365 1738 5438 quod
1781 5366 1880 5424 sub

306 5453 602 5512 Zorobabcl
624 5465 954 5522 exstructum
975 5467 1076 5516 est.
1101 5459 1207 5532 Sed
1232 5459 1500 5530 quomodo
1521 5467 1668 5520 stare
1684 5459 1884 5528 poterit

307 5545 428 5609 hoc,
459 5544 605 5614 quod
631 5544 846 5610 dicitur,
881 5547 936 5608 in
975 5557 1328 5625 perpetuum:
1371 5564 1492 5604 cum
1517 5550 1773 5618 templum
1813 5549 1882 5606 il-.

307 5635 402 5692 lud-
421 5636 563 5706 quod
584 5655 612 5690 a
627 5637 926 5697 Zorobabel
949 5649 1280 5698 exstructum
1293 5650 1376 5698 est
1404 5651 1456 5696 et
1476 5652 1664 5712 postea
1685 5659 1716 5697 a
1745 5641 1884 5700 mul-.

309 5729 380 5786 tis
411 5729 786 5794 instauratum,
830 5728 1071 5786 Romano
1100 5732 1222 5804 igne
1255 5747 1572 5794 succensum
1607 5733 1710 5788 sit?
1748 5732 1878 5799 Quae

307 5824 489 5895 omnia
517 5822 802 5890 referenda
840 5831 965 5894 sunt
991 5823 1064 5887 ad
1088 5823 1386 5890 Ecclesium
1425 5835 1480 5890 et
1519 5826 1588 5888 ad
1634 5834 1878 5898 tempora

1987 4733 2132 4795 vino,
2178 4738 2232 4782 et
2278 4728 2548 4784 declinare
2569 4726 3028 4798 .ad-idololatriam
3059 4745 3070 4778 2
3104 4723 3570 4794 quorum‘primus

1987 4821 2308 4877 llicroboam
2336 4817 2438 4872 fuit
2464 4816 2608 4874 ﬁlius
2630 4816 2860 4882 Nabath,
2913 4816 3005 4886 qui
3032 4817 3215 4872 decem
3246 4816 3417 4871 tribus
3444 4815 3570 4869 fecit

1985 4913 2210 4972 adorare
2239 4909 2434 4974 vitulos
2461 4924 2674 4978 aureos,
2705 4923 2932 4976 quorum
2956 4923 3120 4960 unum
3143 4906 3321 4976 posuit
3345 4906 3395 4958 in
3429 4907 3565 4970 Dan,

1984 5014 2038 5060 et
2078 5004 2308 5060 alterum
2333 5004 2386 5056 in
2411 5001 2616 5065 Bcthel,
2647 5000 2927 5076 etAebab,
2959 5000 3025 5052 de
3051 5015 3154 5068 qua
3184 4999 3461 5067 Scriptura
3493 4997 3570 5052 di-

1984 5097 2060 5152 cit
2088 5115 2099 5149 :
2135 5095 2276 5165 quod
2304 5094 2639 5149 venundatus
2670 5094 2758 5158 sit,
2794 5101 2852 5146 ut
2880 5093 3082 5147 faceret
3116 5091 3315 5146 malum
3350 5092 3400 5145 in
3434 5107 3567 5145 con-

1983 5196 2168 5258 spectu
2219 5185 2460 5247 Domini,
2517 5201 2615 5240 nec
2655 5199 2760 5236 non
2793 5192 2847 5238 et
2881 5192 3108 5238 caeteros
3146 5198 3301 5250 rcges
3329 5179 3566 5250 ejusdem

1981 5277 2162 5348 populi
2191 5292 2327 5348 quos
2354 5275 2529 5346 arguit
2560 5274 2843 5349 Scriptura
2860 5274 3301 5343 praevaricatores
3328 5287 3445 5328 esse
3486 5270 3564 5325 lc-

1983 5370 2065 5439 gis
2088 5370 2202 5422 Dei.
2242 5367 2463 5438 Mystice
2495 5376 2672 5422 autem
2717 5365 2987 5444 significat
3017 5365 3241 5429 scribas,
3294 5372 3350 5419 et
3376 5364 3562 5434 phari-

1985 5475 2142 5530 saeos,
2193 5459 2277 5514 vel
2303 5459 2465 5513 etiam
2508 5458 2790 5516 haereticos
2835 5458 2926 5528 qui
2970 5457 3107 5525 fastu
3140 5457 3403 5527 superbia:
3429 5471 3560 5520 sua},

1986 5551 2309 5624 induxerant
2336 5560 2511 5612 sectas
2539 5549 2851 5620 perditionis
2897 5550 2948 5606 in
2978 5549 3228 5621 populum
3260 5550 3374 5614 Dci,
3398 5548 3562 5602 variis

1985 5640 2502 5712 transgressionibus
2543 5639 2801 5695 facientes
2837 5641 3164 5706 obnoxium:
3209 5650 3262 5693 et
3306 5639 3558 5707 quoniam

1983 5733 2337 5793 deseruerunt
2367 5732 2707 5786 traditionem
2738 5731 2929 5790 divitia:
2959 5730 3110 5802 legis,
3142 5737 3196 5784 et
3220 5734 3562 5782 recesserunt

1982 5824 2049 5890 de
2075 5822 2237 5888 cubili
2271 5830 2468 5880 sanctae
2496 5821 2768 5890 Ecclesiae,
2807 5821 2898 5878 ubi
2926 5834 3156 5892 sponsus
3201 5832 3325 5873 cum
3357 5831 3554 5888 Sponsa
