4044 6326
510 380 651 437 1145

1159 377 1218 430 Β.
1251 374 1514 430 ῃΑΒΑΝι
1556 375 1776 432 MAURI
1814 375 2138 432 ARCIIIEP.
2182 374 2492 431 MOGUNT.
2535 375 3041 432 OPEBUM-PARS
3081 379 3164 434 Ill.

3649 383 3806 441 1144

504 495 846 566 colloquitur.
896 492 1036 548 Oves
1068 491 1166 546 Dei
1191 489 1489 555 Christum,
1517 490 1610 560 qui
1634 489 1829 544 ostium
1867 497 1972 555 est,
2005 504 2102 559 op-
2128 491 2180 551 Α
2203 495 2319 553 est,
2361 488 2562 543 salvari
2608 504 2715 544 non
2761 496 2959 559 potest.
2989 489 3092 558 Qui
3137 491 3301 547 etiam
3345 493 3665 552 recordatus
3700 498 3810 556 ubi

504 591 1017 659 posueruut‘contra
1042 582 1182 647 illos,
1228 581 1321 652 qui
1355 581 1596 636 lacerant
1627 595 1720 636 eas
1747 579 1956 650 peccati
1983 579 2097 649 spi-

505 680 663 745 culis,
702 679 903 750 quique
931 679 1037 766 hoc
1063 691 1164 748 pro
1194 674 1360 730 nihilo
1397 681 1660 744 perpetuo
1688 671 1892 727 ducunt
1919 678 1975 727 et
2001 672 2099 726 du-

504 773 701 828 xerint.
721 770 876 827 Unde
903 778 959 826 et
983 768 1260 838 sequitur:

577 881 598 915 ι
634 861 826 918 Hostes
846 874 1037 916 eorum
1066 858 1321 913 dixerunt
1349 873 1362 910 :
1407 874 1426 908 ι
1464 853 1581 911 Non
1603 855 1966 925 peccavimus,
1996 871 2096 926 pro

511 974 531 1007 ‹
571 969 638 1010 eo
677 955 820 1025 quod
864 957 1226 1024 peccaverunt
1269 948 1498 1006 Domino
1527 948 1709 1004 decori
1746 947 1987 1019 justitiaa,
2041 955 2100 1002 et

511 1068 530 1101 ι
573 1046 962 1119 exspectationi
987 1054 1200 1115 patrum
1227 1029 1414 1099 eorut'n
1437 1039 2012 1098 aDomino.tPossunt
2041 1045 2098 1095 et

506 1139 818 1198 sacerdotes
858 1136 983 1192 mali
1019 1134 1176 1206 juxta
1211 1134 1566 1206 tropologiatn
1598 1131 1653 1188 in
1684 1132 1816 1203 ipsis
1857 1131 2096 1202 pastori-

503 1233 606 1288 bus
643 1231 835 1302 accipi,
859 1230 951 1302 qui
981 1230 1129 1286 curis
1157 1228 1446 1284 mundanis
1479 1235 1536 1283 et
1558 1226 1826 1282 illecebris
1845 1226 2094 1298 volupta-

505 1335 619 1383 tum
655 1327 840 1392 dediti,
878 1341 1055 1382 causa:
1081 1324 1218 1380 ﬁunt
1255 1323 1575 1395 perditionis
1605 1322 1779 1394 plebis
1813 1323 1912 1378 sibi
1941 1338 2093 1378 com-

503 1422 702 1477 missaz.
753 1421 827 1475 De
880 1421 1076 1491 quibus
1123 1435 1222 1492 per
1265 1419 1585 1491 prophetam
1632 1419 1829 1475 dicitur
1872 1418 2093 1474 :Causa

503 1513 673 1568 ruina:
723 1511 903 1583 populi
951 1510 1263 1566 sacerdotes
1297 1511 1446 1566 mali.
1507 1510 1611 1578 Qui
1655 1509 1783 1565 licet
1805 1519 2093 1580 peccatum

501 1603 704 1674 grande
733 1616 829 1672 per
855 1602 1238 1674 negligentiam
1258 1618 1411 1658 suam
1435 1601 1833 1667 commiserint,
1861 1616 1927 1656 eo
1949 1600 2093 1672 quod

502 1706 689 1751 contra
723 1705 1052 1767 praeceptum
1094 1695 1341 1765 iustitiae,
1383 1705 1438 1752 et
1468 1712 1620 1768 spem
1669 1695 1865 1752 futurae
1904 1711 2088 1750 remu-
2160 1755 2174 1762 _

501 1787 820 1851 iterationis,
851 1801 980 1842 oves
1005 1786 1208 1842 Christi
1245 1786 1495 1856 luporum
1530 1786 1800 1842 morsibus
1852 1786 2092 1841 tradide-

2199 578 2361 634 fuerit
2385 577 2702 647 Jerusalem,
2751 581 3060 652 ingemiscit
3107 591 3163 640 et
3207 584 3337 640 dicit
3379 604 3391 639 :
3444 605 3464 638 ι
3511 588 3811 656 Quomodo

2197 673 2535 728 cantabimus
2566 673 2842 729 canticum
2879 675 3094 730 Domini
3133 676 3188 730 in
3223 684 3368 734 terra
3401 679 3578 736 aliena
3617 680 3807 753 (Psal.

2196 765 2448 838 cxxxvi);
2484 785 2502 817 ι
2544 775 2599 819 et
2625 767 2752 836 quia
2791 766 3124 837 impossibile
3149 778 3233 825 est
3263 771 3320 825 in
3353 771 3633 844 Babylone
3660 789 3808 830 con-

2197 857 2446 913 stitutum
2475 858 2584 912 Deo
2607 857 2826 927 organis
2860 872 3081 925 canere,
3107 859 3284 915 otiosa
3332 863 3532 934 quippe
3571 864 3650 919 ibi
3673 873 3811 920 sunt

2196 962 2398 1019 organa
2428 947 2752 1019 hymnorum
2789 948 2918 1015 Dei,
2961 959 3247 1020 propterea
3276 952 3476 1008 dicitur
3524 969 3625 1025 per
3662 955 3807 1011 Pro-

2195 1042 2419 1112 phetam
2448 1059 2461 1095 :
2499 1061 2518 1092 ‹
2555 1040 2730 1112 Super
2762 1041 2983 1096 ﬂumina
3014 1042 3324 1114 Babylonis,
3366 1046 3441 1100 ibi
3479 1047 3723 1103 sedimus
3752 1058 3812 1104 et

2195 1130 2441 1189 ﬂevimus
2485 1148 2609 1188 cum
2661 1135 3077 1190 recordaremur
3121 1134 3282 1203 Sion;
3336 1138 3391 1192 in
3437 1140 3698 1196 salicibus
3748 1143 3807 1196 in

2197 1223 2377 1279 medio
2421 1222 2539 1294 ejus
2589 1223 2970 1294 suspendimus
3015 1240 3219 1296 organa
3270 1236 3455 1282 nostra
3505 1227 3719 1300 (Ibid.).
3779 1251 3802 1283 ι

2198 1312 2473 1383 Suspensa
2500 1319 2627 1368 sunt
2653 1329 2860 1385 organa
2914 1325 3104 1371 nostra
3145 1318 3384 1387 quandiu
3427 1319 3479 1373 in
3523 1319 3809 1391 Babylone

2196 1422 2403 1473 sumus,
2440 1407 2493 1461 in
2537 1405 2793 1462 salicibus
2832 1405 3116 1463 ﬂuminum
3168 1409 3478 1481 Babylonis.
3515 1410 3573 1466 Si
3613 1424 3804 1468 autem

2197 1500 2567 1556 invenerimus
2597 1498 2927 1567 Jerusalem,
2962 1501 3141 1557 locum
3169 1502 3392 1558 visionis
3421 1512 3477 1559 et
3502 1505 3674 1574 pacis,
3704 1521 3806 1559 or-

2195 1607 2335 1664 gana
2361 1607 2481 1662 qua:
2516 1600 2642 1648 ante
2683 1592 2856 1646 otiosa
2903 1594 3226 1664 pendebant,
3277 1602 3402 1648 tunc
3444 1610 3810 1652 assumuntur

2197 1683 2252 1738 in
2279 1683 2546 1748 manibus,
2575 1692 2704 1738 tunc
2725 1683 2927 1756 jugiter
2955 1684 3257 1754 psallimus,
3283 1695 3412 1742 tunc
3441 1688 3809 1743 continuatim

2196 1776 2604 1842 citharizamus,
2650 1785 2706 1831 et
2732 1792 2838 1831 nou
2866 1784 2950 1831 est
2982 1785 3194 1846 tempus
3220 1778 3436 1847 quando
3466 1795 3573 1834 non
3616 1780 3815 1834 laude-

500 1883 611 1936 rint
640 1901 652 1935 :
686 1891 865 1936 tamen
891 1880 1034 1934 nulla
1063 1879 1408 1950 paenitentia,
1438 1879 1522 1934 vel
1561 1887 1708 1934 metu
1756 1878 1949 1934 futurae
1971 1879 2091 1934 vin-
2120 1873 2169 1933 B
2197 1870 2386 1926 demus
2415 1870 2583 1925 Deum
2628 1884 2726 1941 per
2773 1884 2836 1924 ca
2864 1885 3066 1940 organa
3093 1885 3213 1939 quae
3245 1869 3508 1926 habemus
3541 1872 3593 1926 iu
3629 1873 3815 1926 mani-

499 1974 669 2028 dictaa'
696 1972 953 2028 commoti
995 1985 1053 2026 se
1099 1987 1128 2026 a
1161 1972 1395 2043 peccatis
1443 1972 1716 2043 corrigere
1742 1971 1962 2028 student
1991 1987 2006 2026 :
2040 1981 2094 2028 et

505 2064 765 2120 excaecati
813 2064 1032 2135 pulvere
1094 2079 1349 2120 curarum
1416 2071 1773 2129 terrenarum,
1841 2063 1972 2120 caaci
2025 2063 2093 2119 ad

504 2159 686 2232 ignem
711 2159 912 2214 vadunt
937 2166 1278 2230 perpetuum.
1306 2158 1421 2227 Qua
1452 2167 1634 2214 autem
1666 2167 1849 2214 mente
1877 2159 2091 2214 anima-

504 2267 626 2307 rum
652 2250 849 2322 praesul
887 2252 1094 2307 honore
1118 2251 1377 2322 pastorali
1404 2251 1548 2306 inter
1569 2259 1798 2307 caeteros
1823 2252 2016 2317 utitur,
2039 2261 2095 2307 et

502 2347 647 2400 inter
683 2353 898 2400 terrena
928 2345 1166 2416 negotia,
1197 2360 1317 2414 qua:
1341 2344 1736 2414 reprehendere
1766 2344 1822 2399 in
1846 2344 1968 2399 aliis
2000 2344 2095 2399 de-

504 2436 639 2503 buit,
670 2437 785 2507 ipse
811 2443 1059 2491 versatur
1090 2453 1103 2490 :
1137 2435 1278 2505 quod
1301 2434 1568 2500 videlicet,
1613 2451 1676 2491 ex
1711 2435 1792 2490 ira
1816 2434 1981 2505 justo:
2004 2449 2090 2490 re-

501 2532 810 2586 tributionis
836 2546 935 2602 per
959 2531 1278 2601 prophetam
1297 2529 1559 2586 Dominus
1584 2530 1842 2596 minatur,
1869 2532 2089 2587 dicens:

499 2621 568 2675 Et
589 2622 694 2676 erit
745 2623 887 2677 sicut
931 2622 1158 2694 populus
1187 2622 1268 2677 sic
1318 2622 1572 2678 sacerdos
1598 2621 1855 2694 (Malaclt.
1887 2623 1950 2692 ι).
1983 2622 2086 2678 Sa-

498 2713 691 2768 cerdos
721 2714 920 2785 quippe
960 2723 1044 2770 est
1070 2723 1128 2769 ut
1151 2714 1404 2787 pepulus,
1445 2715 1662 2786 quando
1690 2731 1754 2771 ea
1776 2717 1888 2788 agit
1917 2717 1963 2771 is
1999 2717 2091 2792 qui

500 2804 730 2875 spiritali
769 2803 943 2863 oﬂicio
994 2805 1255 2879 fungitur,
1302 2823 1422 2879 qua:
1466 2807 1540 2862 illi
1559 2809 1830 2864 'nitnirum
1863 2807 2091 2875 faciunt,

496 2899 588 2968 qui
615 2898 791 2953 adhuc
813 2900 879 2962 de
908 2897 1101 2954 studiis
1131 2899 1442 2955 carnalibus
1465 2898 1800 2968 iudicantur.

573 3010 589 3039 ι
629 2989 886 3046 Recedite
923 2990 990 3046 de
1034 2991 1210 3047 medio
1246 2991 1559 3064 Babylonis,
1587 3000 1642 3048 et
1679 2992 1744 3048 de
1770 3000 1917 3048 terra
1938 2992 2096 3048 Chal-

505 3097 523 3130 ‹
564 3079 802 3134 ᾱευοι-υιιι
847 3080 1204 3150 egredimini,
1253 3090 1309 3138 et
1365 3090 1538 3138 estote
1590 3084 1746 3152 quasi
1787 3085 1926 3140 haedi
1968 3093 2094 3141 ante

503 3192 520 3223 ‹
559 3187 774 3244 gregem
801 3191 815 3227 :
841 3173 1097 3242 quoniam
1129 3188 1254 3229 ecce
1284 3190 1384 3247 ego
1413 3177 1703 3243 suscitabo,
1741 3188 1796 3233 et
1826 3178 2091 3234 adducant

505 3282 524 3317 ο
567 3266 619 3319 in
651 3265 978 3336 Babylonem
1010 3267 1479 3337 congregationem
1509 3268 1748 3340 gentium
1775 3285 2090 3341 magnarum
2120 3238 2166 3301 Ο

505 3376 525 3410 ‹
563 3358 632 3414 de
654 3365 799 3413 terra
811 3358 1117 3429 Aquilonis,
1133 3369 1188 3415 et
1203 3362 1654 3430 praeparabantur
1675 3361 1935 3418 adversus
1948 3379 2092 3432 eam,

452 3456 454 3458 ’
501 3469 522 3504 c
558 3460 612 3506 et
641 3450 766 3506 inde
800 3452 1044 3523 capietur
1076 3470 1089 3506 :
1125 3452 1320 3524 sagitta
1354 3450 1472 3521 ejus
1504 3453 1660 3523 quasi
1694 3454 1796 3509 viri
1827 3455 1984 3512 fortis
2013 3456 2095 3510 iu-

502 3562 522 3596 ι
559 3543 884 3611 terfectoris,
920 3560 1027 3600 non
1060 3553 1361 3602 revertetur
1383 3561 1571 3602 vacua.
1610 3567 1630 3599 ›
1668 3547 1972 3604 Secundum
2012 3549 2096 3604 lti-

445 3624 476 3647 ⁹
495 3638 720 3693 storiam
745 3646 931 3693 monet
950 3639 1213 3709 propheta
1241 3638 1536 3706 lsraelitas,
1563 3639 1656 3710 qui
1695 3639 1750 3695 in
1781 3641 2095 3711 captivitate

440 3727 442 3730 ’
493 3730 784 3786 Chaldaica
819 3731 945 3786 ituri
967 3740 1121 3786 erant
1154 3732 1209 3786 in
1238 3730 1589 3804 Babylonem,
1615 3741 1674 3788 ut
1709 3748 1815 3792 non
1847 3733 2094 3789 stabilem

493 3825 891 3895 possessionem
925 3824 1320 3879 arbitrarentur
1342 3824 1542 3880 ibidem
1566 3839 1625 3880 se
1649 3825 1952 3892 habituros,
2001 3825 2096 3883 sed

495 3929 648 3983 spem
679 3915 941 3971 haberent
974 3916 1297 3971 reversionis
1331 3931 1444 3971 suae
1476 3917 1532 3972 in
1567 3925 1768 3972 terram
1797 3919 2091 3989 propriam,

493 4015 548 4061 et
577 4011 791 4078 quando
825 4016 1034 4079 tempus
1065 4008 1320 4064 relaxatae
1340 4009 1668 4080 captivitatis
1689 4011 1922 4078 veniret,
1950 4009 2098 4066 festi-

495 4109 688 4156 narent
715 4102 838 4156 inde
871 4102 1060 4156 abire:
1094 4102 1348 4172 quoniam
1381 4101 1619 4157 futurum
1656 4113 1798 4172 erat,
1830 4116 1891 4160 ut
1925 4120 1955 4160 a
1988 4104 2098 4161 Me-

493 4193 577 4249 dis
608 4201 662 4246 et
691 4191 872 4247 Persis
917 4200 1246 4258 vastaretur,
1281 4201 1337 4246 et
1365 4191 1833 4263 opulentissimum
1867 4210 2094 4266 regnum

494 4285 867 4342 Chaldaeorum
901 4285 956 4339 in
988 4285 1228 4355 praedam
1261 4285 1500 4340 hostium
1529 4294 1855 4341 verteretur.
1891 4286 2091 4362 (Θήῃ.)

495 4376 717 4446 Mystice
758 4383 939 4430 autent
978 4376 1250 4444 quomodo
1294 4390 1491 4446 corpus
1530 4385 1773 4432 nostrum
1816 4379 1870 4433 in
1911 4379 2094 4450 aliquo

497 4479 657 4525 terrze
685 4469 806 4524 loco
848 4467 1121 4535 consistit,
1165 4469 1356 4524 eodem
1399 4470 1561 4525 modo
1601 4470 1764 4524 etiam
1798 4472 1978 4528 anima
2007 4488 2095 4530 se-

2193 1963 2315 2020 bus.
2342 1962 2530 2035 Igitur,
2560 1969 2620 2017 ut
2655 1961 2836 2018 dicere
2865 1976 3228 2032 cmperatnus,
3269 1977 3484 2032 semper
3523 1965 3712 2018 anima
3751 1964 3815 2019 in

2195 2060 2377 2131 aliquo
2404 2059 2768 2129 nuncupativo
2800 2067 2957 2114 terrm
2988 2058 3107 2114 loco
3140 2067 3258 2125 est,
3287 2067 3343 2112 et
3373 2058 3513 2112 sicut
3547 2066 3810 2128 peccato-

2197 2153 2276 2208 ris
2310 2153 2364 2207 in
2407 2152 2702 2225 Babylone,
2729 2152 2810 2208 sic
2835 2167 2867 2207 e
2894 2152 3171 2208 contrario
3206 2151 3338 2222 justi
3378 2151 3433 2206 itt
3468 2151 3656 2207 Judzea
3701 2162 3808 2208 est.

2194 2244 2579 2300 Verumtamen
2602 2242 2756 2310 juxta
2785 2242 3103 2312 qualitatem
3130 2242 3254 2298 vitae
3277 2252 3331 2298 et
3364 2243 3508 2307 ﬁdei,
3539 2244 3717 2298 etiam
3751 2244 3805 2298 in

2195 2338 2311 2408 ipsa
2360 2336 2577 2403 Judaza,
2624 2337 2756 2394 locis
2807 2338 2949 2392 inter
2995 2353 3054 2393 se
3101 2339 3266 2394 variis
3311 2350 3616 2410 separatur.
3677 2340 3809 2396 Sive

2194 2430 2340 2486 enim
2378 2431 2432 2485 in
2464 2431 2578 2485 Dan
2604 2439 2708 2496 est,
2736 2447 2857 2501 quae
2883 2443 3142 2487 extrema;
3173 2442 3356 2503 partes
3399 2432 3600 2488 Judaxe
3649 2445 3810 2500 sunt,

2195 2523 2312 2578 sive
2358 2524 2412 2577 iu
2463 2524 2832 2594 superioribus
2878 2525 3152 2596 paululum
3199 2527 3621 2597 melioribusque
3670 2526 3807 2583 locis

2197 2631 2360 2686 quam
2396 2616 2531 2682 Dan,
2563 2617 2676 2672 sive
2715 2618 2767 2672 in
2805 2619 2998 2674 mediis
3034 2619 3229 2674 liuibus
3253 2618 3469 2685 Judaaae,
3497 2621 3614 2674 sive
3650 2622 3805 2676 circa

2194 2706 2528 2773 Jerusalem,
2560 2717 2614 2763 et
2647 2717 2736 2764 est
2761 2711 3002 2766 omnium
3040 2710 3353 2766 beatissima
3383 2724 3502 2780 qua:
3530 2711 3589 2766 in
3618 2712 3806 2766 media

2193 2796 2492 2853 Jerusalem
2523 2797 2658 2854 urbe
2692 2798 2962 2854 consistit.
3009 2799 3111 2866 Qui
3150 2814 3279 2856 vero
3307 2808 3562 2871 peccator
3597 2811 3724 2866 est,
3750 2810 3806 2855 et

2195 2889 2358 2945 nimis
2384 2888 2680 2945 sceleribus
2704 2905 3017 2961 oppressus,
3046 2890 3136 2946 hic
3163 2891 3217 2946 in
3234 2890 3507 2962 Babylone
3535 2899 3667 2946 est:
3699 2891 3806 2947 hoc

2195 2982 2410 3036 modico
2439 2982 2636 3048 minor,
2665 2991 2720 3038 et
2757 2997 2858 3038 nec
2893 2984 3019 3038 dum
3047 2995 3219 3054 usque
3255 2985 3323 3038 ad
3365 2999 3638 3038 summum
3678 2999 3805 3053 pee-

2197 3082 2442 3131 catorum
2471 3075 2684 3131 culmen
2714 3077 3035 3142 ascendens,
3083 3077 3137 3134 in
3175 3076 3411 3150 IEgypto
3447 3087 3502 3133 et
3536 3077 3595 3132 in
3634 3076 3805 3149 parti-

2197 3168 2299 3224 bus
2355 3167 2575 3240 !Egypti
2635 3177 3024 3225 commoratur.
3082 3170 3148 3226 Et
3190 3171 3330 3227 sicut
3384 3171 3475 3240 qui
3517 3171 3574 3226 in
3614 3171 3806 3228 Judza

2199 3271 2324 3319 sunt
2349 3278 2455 3318 non
2488 3263 2714 3333 aequalia
2743 3264 2922 3319 cuncti
2955 3264 3231 3334 possident
3257 3263 3371 3320 loca
3390 3305 3405 3326 ,
3437 3265 3576 3320 alius
3603 3268 3806 3338 quippe

2197 3355 2254 3410 itt
2281 3353 2578 3411 Jerusalem
2598 3363 2710 3420 est,
2746 3355 2884 3410 alius
2909 3355 2962 3409 itt
2993 3355 3108 3410 Dan
3127 3397 3141 3422 ,
3174 3354 3314 3411 alius
3341 3355 3397 3410 in
3424 3354 3805 3427 Nephthalim,

2199 3451 2338 3507 alius
2361 3452 2415 3506 in
2445 3451 2642 3506 finibus
2663 3450 2814 3508 Gad:
2849 3452 2930 3508 sic
2960 3467 3084 3508 cum
3113 3452 3168 3507 in
3196 3451 3428 3526 Egypto
3454 3467 3648 3509 omnes
3670 3454 3802 3521 sint,

2199 3560 2305 3600 non
2330 3544 2565 3616 aequales
2592 3543 2812 3616 Egypti
2835 3553 3020 3615 partes
3039 3545 3302 3611 incolunt,
3321 3545 3458 3600 alius
3483 3546 3536 3600 in
3563 3545 3798 3617 Taphni,

2200 3635 2337 3690 alius
2369 3635 2421 3688 in
2453 3633 2718 3704 Memphi,
2767 3635 2904 3691 alius
2960 3635 3014 3690 in
3055 3626 3266 3707 Syene,
3299 3636 3435 3691 alius
3483 3636 3536 3690 in
3578 3636 3802 3692 Bubasti

2200 3726 2414 3780 habitat
2445 3743 2457 3779 :
2491 3740 2613 3795 quae
2648 3725 2769 3782 loca
2811 3728 3079 3796 propheta
3119 3726 3369 3783 Ezechiel
3405 3727 3565 3797 plena
3605 3738 3804 3799 myste-

2201 3817 2296 3873 riis
2333 3832 2466 3872 voce
2491 3824 2745 3883 testatur,
2801 3818 3022 3874 nomina
3058 3833 3275 3890 quoque
3308 3819 3543 3890 partium
3577 3817 3804 3890 Egypti

2198 3929 2494 3985 exponens.
2534 3914 2612 3968 De
2649 3913 2847 3984 quibus
2889 3914 2936 3970 si
2974 3915 3097 3984 quis
3127 3915 3296 3970 lector
3335 3911 3496 3969 fuerit
3536 3913 3806 3984 spiritalis

2187 4006 2499 4077 ,dijudicaus
2521 4006 2726 4070 omnia,
2750 4013 2805 4061 et
2829 4005 2944 4076 ipse
2962 4020 2993 4060 a
3017 4005 3167 4060 nullo
3190 4003 3540 4074 dijudicatus,
3575 4019 3690 4060 non
3723 4019 3806 4060 so-

2197 4101 2310 4156 lum
2343 4098 2577 4168 majores
2608 4100 2859 4171 regiones
2879 4098 3273 4170 allegorizabit,
3294 4097 3456 4154 veluti
3477 4097 3724 4154 Judzeam
3750 4106 3805 4154 et

2198 4192 2526 4265 Egyptum,
2569 4201 2625 4247 et
2667 4191 3036 4263 Babylonem,
3081 4190 3179 4247 sed
3234 4189 3530 4262 particulas
3580 4205 3805 4261 quoque

2200 4294 2360 4339 terra:
2395 4302 2407 4336 :
2447 4290 2502 4338 et
2540 4283 2812 4353 quomodo
2851 4283 2906 4336 in
2944 4279 3150 4345 Judaaa,
3193 4278 3513 4345 Jerusalem,
3547 4289 3606 4334 et
3643 4280 3804 4337 Beth-

2198 4376 2372 4432 lehem
2394 4383 2726 4445 craterasque
2747 4375 2864 4446 ejus
2883 4374 3161 4430 civitates:
3188 4373 3261 4428 ita
3283 4373 3336 4428 in
3354 4370 3592 4444 Egypto
3613 4371 3804 4443 legens

2196 4467 2483 4539 Dispolim,
2523 4466 2825 4530 Bubaston,
2871 4463 3152 4535 Taphnan,
3197 4463 3492 4535 Memphin,
3536 4462 3798 4534 Syenen,

495 4560 729 4616 cundum
766 4569 966 4615 statum
1006 4575 1164 4615 suum
1205 4561 1274 4614 in-
1296 4559 1477 4632 aliquo
1515 4564 1890 4632 nuncupativa:
1929 4572 2092 4624 terrae
2120 4628 2152 4632 _
2194 4577 2294 4630 pro
2340 4560 2612 4617 intellectu
2665 4575 2846 4615 rerum
2889 4558 3162 4631 ﬁgurabit.
3217 4557 3478 4614 Hortatur
3517 4573 3651 4630 ergo
3687 4574 3799 4616 vox

494 4654 612 4708 loco
641 4662 742 4708 est.
777 4652 930 4721 Quod
959 4651 1081 4706 dico
1107 4651 1187 4707 sic
1227 4650 1320 4706 ﬁet
1349 4628 1722 4708 manifestius:
1757 4669 1954 4725 corpus
1986 4671 2086 4712 no-
2118 4628 2168 4690 Β
2194 4628 2392 4722 divina,
2418 4664 2480 4710 ut
2509 4657 2599 4726 qui
2633 4655 2687 4710 in
2722 4628 3039 4710 confusione
3074 4653 3232 4709 istius
3252 4653 3433 4710 saeculi
3455 4628 3657 4724 captivi
3678 4652 3802 4709 fue-

492 4757 665 4804 strum
710 4755 803 4802 aut
837 4747 893 4802 in
932 4745 1164 4817 Egypto
1198 4755 1313 4811 est,
1354 4753 1449 4800 aut
1484 4746 1538 4800 in
1568 4745 1860 4818 Babylone,
1904 4756 1998 4802 aut
2031 4748 2087 4804 in

493 4843 798 4908 Palaestina,
831 4850 925 4896 aut
945 4841 1000 4896 in
1029 4839 1208 4912 Syria,
1229 4847 1322 4894 aut
1345 4847 1494 4896 certe
1520 4840 1844 4910 ubicunque.
1878 4840 2085 4896 Simili-

495 4944 579 4990 ter
632 4944 685 4990 et
715 4935 894 4988 anima
921 4933 974 4987 in
1013 4931 1192 5002 aliquo
1227 4931 1469 5003 ejusdem
1519 4939 1821 4986 cum-terra
1849 4932 2085 4989 nominis

493 5025 612 5079 loco
656 5032 760 5088 est,
793 5023 895 5078 alia
923 5023 977 5077 in
1011 5020 1306 5094 Babylone,
1350 5021 1455 5076 alia
1493 5021 1548 5075 in
1585 5019 1842 5092 IEgypto,
1879 5020 1990 5076 alia’
2026 5021 2082 5077 in

493 5116 925 5170 Ammanitarum
954 5114 1198 5182 regione:
1219 5121 1273 5166 et
1287 5112 1366 5168 sic
1379 5120 1591 5167 sacrata
1607 5113 1902 5167 secundum
1923 5111 2081 5168 intel-

495 5208 770 5279 ligentiam
797 5206 1201 5277 Scripturarum
1244 5221 1344 5277 pro
1386 5205 1646 5276 qualitate
1678 5205 1803 5260 vitae
1839 5206 2082 5263 locorum

495 5302 804 5356 diversitate
831 5300 1198 5370 distinguitur.
1229 5299 1287 5354 ln
1318 5297 1587 5370 Babylone
1608 5306 1691 5354 est
1715 5299 1930 5369 quando
1953 5313 2085 5354 cou-

495 5395 767 5459 funditur,
820 5387 1038 5464 quan‘do
1091 5393 1368 5456 turbatur,
1421 5390 1636 5460 quando
1683 5404 1816 5460 pace
1868 5391 2082 5446 deserta
2125 5381 2128 5384 ’

491 5485 632 5542 bella
670 5484 900 5539 sustinet
936 5483 1283 5554 passionum,
1314 5480 1528 5552 quando
1570 5481 1828 5538 tumultus
1860 5481 2080 5537 malitia:

491 5578 638 5632 circa
664 5591 784 5631 eam
803 5574 985 5629 fremit
1008 5590 1026 5629 :
1052 5583 1200 5639 tunc,
1232 5575 1559 5640 utdiximus,
1580 5575 1635 5630 in
1663 5573 1938 5646 Babylone
1968 5583 2077 5642 est,

489 5677 548 5726 et
584 5667 648 5723 ad
677 5668 836 5723 istam
863 5665 1099 5720 animam
1125 5666 1454 5736 prophetalis
1484 5681 1662 5721 sermo
1692 5667 1957 5737 dirigitur,
1995 5665 2078 5720 di-

497 5777 629 5819 cens
654 5777 668 5816 :
698 5759 892 5830 Fugite
920 5759 986 5815 de
1004 5758 1181 5814 medio
1204 5756 1516 5828 Babylonis,
1533 5765 1588 5813 et
1614 5758 1880 5814 resalvate
1910 5773 2079 5812 unus-

494 5859 725 5932 quisque
748 5857 985 5912 animant
1010 5870 1183 5914 suam.
1209 5855 1390 5910 Donec
1408 5856 1552 5910 enim
1579 5856 1699 5924 quis
1728 5856 1782 5910 in
1813 5854 2084 5925 Babylone

2192 4756 2318 4802 runt
2361 4746 2634 4818 peccatis,
2684 4762 2781 4817 per
2833 4745 3244 4802 conversionem
3287 4753 3343 4800 et
3393 4745 3796 4801 correctionem

2188 4842 2315 4896 vitae
2344 4842 2411 4896 de
2452 4855 2620 4911 regno
2659 4839 2889 4903 diaboli,
2933 4846 2990 4892 et
3025 4838 3092 4894 de
3128 4845 3398 4908 potestate
3425 4837 3794 4893 tenebrarum

2189 4934 2477 4996 recedant,
2528 4932 2860 5002 redeantque
2902 4945 3001 5003 per
3047 4931 3420 5002 pmnitentiam
3467 4931 3537 4986 ad
3581 4938 3791 4989 teI'ram

2187 5025 2644 5081 Ecclesiaa:nam
2693 5023 2831 5078 haedi
2879 5022 3206 5093 poenitentes
3256 5021 3605 5092 signiﬁcant:
3642 5023 3792 5078 unde

2185 5127 2240 5172 et
2287 5116 2344 5170 in
2387 5115 2506 5186 lege
2554 5131 2653 5186 pro
2692 5115 2928 5184 peccatis
2975 5113 3364 5170 otl‘erebantur.
3412 5114 3614 5168 Audita
3653 5128 3790 5184 ergo

2187 5208 2560 5268 devastatione
2597 5205 2904 5278 Babylonis,
2943 5214 3000 5260 et
3034 5204 3402 5261 destructione
3425 5205 3586 5278 'regni
3616 5203 3788 5261 Chal-

2185 5302 2424 5357 daeorum
2443 5342 2458 5366 ,
2497 5299 2755 5355 Israelita:
2792 5300 3140 5371 egrediuntur
3169 5314 3186 5353 :
3217 5314 3342 5355 cum
3369 5298 3523 5355 electi
3553 5299 3786 5370 quique,

2185 5402 2498 5449 sanctorum
2525 5393 2804 5449 doctorum
2841 5393 3065 5450 vocibus
3102 5393 3373 5463 instructi,
3399 5402 3526 5450 ante
3561 5407 3787 5464 gregem

2185 5483 2599 5553 przedicatorum
2634 5492 2888 5555 aguntur,
2928 5493 2990 5540 ut
3020 5486 3222 5543 vadant
3257 5487 3310 5541 in
3350 5496 3550 5542 terram
3587 5501 3784 5558 repro-

2187 5579 2464 5635 missionis
2485 5578 2715 5633 futurae:
2746 5587 2949 5635 terram
2975 5579 3225 5635 videlicet
3269 5579 3592 5644 viventium,
3613 5595 3783 5651 quam

2188 5673 2348 5728 mites
2370 5680 2420 5728 et
2447 5671 2713 5728 mansueti
2739 5671 3092 5740 possidebunt
3117 5672 3170 5727 in
3195 5681 3455 5728 aeternum
3481 5690 3494 5727 :
3520 5673 3784 5742 quoniam

2189 5779 2313 5819 cum
2334 5762 2872 5818 audierintJoannem
2887 5761 3202 5832 Apostolum
3217 5763 3318 5818 sibi
3333 5763 3599 5818 dicentem
3615 5760 3786 5816 :cNo-

2191 5856 2284 5910 lite
2329 5855 2556 5925 diligere
2596 5855 2854 5912 mundum
2878 5867 3054 5924 neque
3076 5868 3140 5910 ea
3162 5868 3283 5924 qua:
3315 5853 3370 5910 in
3393 5851 3598 5908 mundo
3622 5856 3781 5909 sunt.
