4044 6326
303 367 455 429 1149
1126 396 1145 409 ο
1193 361 1556 429 EXPOSITIO
1591 364 1816 422 SUPER
1852 365 1898 425 Jl

1999 364 2221 425 ΞΜΙΔΜ.
2262 393 2331 407 -—
2367 365 2497 423 LIB.
2539 365 2680 424 XVI.
3440 366 3585 429 μεςο

300 485 428 545 inde
461 480 747 541 contritus.
774 480 845 539 Et
868 480 1140 553 quoniam
1180 484 1363 554 reperi
1406 483 1894 541 salvatorem-csse
1921 486 1972 551 Α
1997 484 2172 555 gratia
2204 504 2215 539 :
2244 483 2462 541 Pharao
2488 492 2544 539 et
2573 481 2816 555 Egyptii
2845 496 2977 541 vasa
3004 482 3122 539 ira.
3150 481 3365 551 Rursus
3399 498 3461 543 so
3491 485 3586 557 qui

302 580 396 649 qui
423 577 695 649 confregit
727 578 981 634 malleum
1014 579 1283 635 universa)
1312 586 1473 634 terrae
1500 585 1557 634 et
1581 578 1900 635 contriverit
1999 579 2209 648 primus
2246 578 2679 637 miscricordiam
2717 585 3044 639 consecutus
3073 584 3174 642 σει,
3202 586 3258 634 et
3278 593 3375 639 eos
3404 578 3498 650 qui
3528 578 3586 641 in

304 689 447 735 eum,
479 672 693 729 veniam
716 672 787 727 ad
819 672 1166 742 Evangelinm
1192 679 1252 726 ut
1280 672 1495 726 videam
1521 672 1753 743 primam
1783 680 1898 727 ten~
2000 675 2259 738 tempore,
2274 668 2541 738 inquit,dc
2554 668 2754 726 Iudaeis
2766 669 3084 741 etgentibns
3096 668 3587 739 crediderint,an

306 766 565 821 tationem
595 766 814 834 quando
835 764 971 819 dixit
994 768 1043 819 ei
1069 765 1353 820 diabolus:
1390 783 1410 817 ι
1444 765 1552 820 ista
1582 765 1765 820 omnia
1798 765 1895 821 tibi
1996 762 2388 827 misericordia:
2419 764 2767 834 nuncupat'it.
2789 762 2928 818 Sunt
2955 777 3087 837 ergo
3112 764 3168 821 in
3209 764 3466 829 thesauro
3491 761 3589 819 Dei

305 855 447 913 dabo
477 856 522 911 si
558 857 845 927 prouidens
870 856 1180 912 adoraveris
1206 873 1313 922 me,
1349 877 1366 907 ι
1401 866 1507 912 etc.
1548 858 1764 928 (Manli.
1794 857 1894 930 tv);

305 957 360 1003 et
392 949 600 1013 dicam,
628 950 754 1018 quia
780 948 872 1003 illo
898 957 1135 1019 tempore
1164 966 1271 1005 non
1301 950 1557 1005 contrivit
1583 949 1743 1005 Jesus
1768 950 1899 1005 male

305 1040 449 1096 l‘éum
491 1040 756 1097 universae
801 1048 979 1105 terrae,
1028 1042 1123 1095 sed
1178 1051 1387 1095 tantum
1437 1042 1703 1111 conircgit
1749 1058 1893 1097 eum.

304 1128 438 1183 Cum
476 1144 606 1183 vero
641 1130 862 1184 secessit
891 1130 959 1183 ab
987 1146 1054 1185 eo
1079 1146 1251 1200 usque
1288 1132 1354 1185 ad
1386 1140 1616 1202 tempus,
1663 1141 1717 1186 et
1760 1143 1899 1187 tem-

303 1235 434 1289 pore
480 1228 668 1290 postea
700 1221 847 1275 venit
886 1222 1142 1286 instante,
1173 1233 1299 1278 tunc
1331 1226 1597 1279 contritus
1640 1234 1753 1291 est,
1789 1241 1895 1279 non

304 1311 478 1365 solum
500 1311 808 1366 confractus
822 1320 882 1367 ut
902 1313 1158 1380 primum,
1184 1314 1408 1370 malleus
1427 1316 1693 1370 universze
1715 1324 1892 1381 terrae,

303 1412 357 1456 et
404 1404 531 1472 quia
578 1404 847 1458 contritus
890 1413 1004 1469 est,
1043 1406 1134 1475 qui
1188 1405 1363 1461 fuerat
1415 1416 1539 1463 ante
1564 1407 1893 1472 confractus,

305 1495 529 1549 malleus
562 1497 828 1551 universa!
858 1508 1045 1561 teme,
1078 1498 1279 1552 idcirco
1328 1508 1513 1569 et-per
1540 1513 1897 1569 unumquem-

302 1602 409 1654 que
432 1596 677 1642 nostrum
707 1588 1065 1658 confringitur
1094 1590 1330 1658 quidem,
1354 1592 1569 1659 quando
1599 1589 1896 1644 introduci-

303 1694 427 1733 mur
461 1681 513 1734 in
546 1682 840 1737 Ecclesiam
869 1693 926 1737 et
968 1683 1279 1752 proﬁcimus
1317 1684 1371 1737 in
1417 1682 1539 1737 iidc.
1587 1683 1898 1737 Conteritur

304 1780 487 1829 autem
522 1781 575 1826 et
605 1773 991 1829 comminuitur
1013 1776 1227 1844 quando
1252 1775 1319 1828 ad
1350 1774 1646 1845 perfectum
1678 1775 1894 1830 veneri-

1952 890 1955 893 -
2000 868 2128 911 vasa
2158 854 2273 913 irae.
2307 852 2581 924 Scriptum
2622 865 2707 913 est
2740 856 2886 913 enim
2929 873 2944 910 :
2982 875 3001 907 ι
3054 854 3281 926 Aperuit
3326 854 3587 917 Dominus

2001 947 2312 1011 thesaurum
2340 962 2519 1011 suum,
2543 954 2599 1003 et
2617 947 2982 1016 protulitvasa
3013 947 3109 1002 iras
3124 962 3260 1004 suae.
3294 966 3309 996 ι
3342 945 3476 1015 Quis
3504 952 3589 1001 est

1999 1039 2105 1099 ἰδιε
2132 1042 2418 1099 thesaurus
2440 1041 2671 1106 Domini,
2699 1041 2751 1094 in
2781 1056 2889 1110 quo
2916 1056 3046 1099 vasa
3074 1041 3169 1099 inve
3203 1039 3589 1101 inveniuntur?

1997 1132 2209 1202 Aliquis
2234 1132 2461 1188 forsitan
2491 1140 2722 1203 quierat,
2750 1142 2935 1193 utrum
2981 1134 3033 1187 in
3078 1134 3337 1189 thesauro
3376 1130 3590 1187 Domini

1999 1225 2375 1283 tanttuumodo
2405 1240 2533 1279 vasa
2560 1224 2657 1278 ine
2688 1223 2817 1288 sint,
2846 1233 2900 1276 et
2931 1223 3221 1279 thesaurus
3244 1208 3478 1292 Dab—qui
3508 1228 3591 1279 est

2000 1317 2286 1375 thesaurus
2330 1316 2601 1381 omnium,
2644 1330 2751 1370 non
2788 1316 2985 1370 habeat
3006 1329 3136 1371 vasa
3164 1312 3584 1375 misericordiae;

1998 1422 2067 1463 an
2106 1408 2400 1477 aliudquid
2427 1408 2649 1477 intelligi
2677 1391 3020 1475 oporteat'de
3049 1406 3306 1459 lbos-auro
3328 1402 3420 1457 Dei
3451 1401 3590 1456 unde

1998 1497 2295 1555 eﬁ'erantur
2334 1514 2458 1552 vasa
2510 1498 2605 1555 irze
2633 1496 2788 1565 ejus?
2827 1496 3168 1555 Thosaurum
3208 1492 3420 1549 Domini
3465 1505 3592 1561 ergo

1998 1590 2276 1647 conﬁdens
2310 1591 2485 1647 dicam
2531 1606 2653 1645 esse
2696 1589 2995 1645 Ecclesium
3036 1586 3177 1657 ejus,
3220 1594 3274 1641 et
3319 1584 3424 1641 isto
3469 1583 3591 1643 the-

2000 1698 2185 1750 sauro,
2215 1685 2268 1741 id
2298 1692 2383 1739 est
2410 1684 2462 1740 in
2493 1682 2757 1748 Ecclesia,
2797 1698 2939 1752 saepe
2969 1681 3217 1736 homines
3246 1677 3464 1735 latitare
3499 1674 3591 1745 qui

2000 1775 2110 1833 sint
2133 1788 2263 1833 vasa
2300 1774 2426 1836 jrm.
2465 1772 2654 1833 Veniet
2698 1773 2863 1844 igitur
2888 1781 3102 1841 tempus
3128 1767 3343 1839 quando
3382 1765 3593 1836 aperiat

304 1877 442 1917 mus.
465 1882 484 1914 ‹
507 1862 809 1930 Quomodo,
833 1865 1024 1935 inquit,
1057 1880 1210 1919 versa
1235 1875 1317 1920 est
1343 1866 1397 1919 in
1420 1866 1690 1920 desertum
1717 1866 1893 1938 Baby-
1926 1882 1973 1943 B
2003 1861 2264 1923 Dominus
2290 1862 2605 1921 thesaurum
2642 1860 2914 1921 Ecclesiae.
2947 1858 3105 1914 Nune
3131 1857 3276 1927 enim
3303 1857 3485 1917 clausa
3510 1861 3594 1909 est

302 1953 390 2009 lon
433 1956 487 2010 in
530 1956 800 2028 gentibus,
835 1957 1116 2027 illaqueavi
1160 1967 1238 2021 te,
1274 1965 1329 2012 et
1358 1966 1514 2028 capta
1544 1973 1604 2013 es
1634 1957 1891 2030 Babylon,

304 2045 688 2102 nesciebas'et
736 2048 955 2102 inventa
1009 2063 1068 2103 es
1117 2056 1173 2103 et
1219 2050 1591 2118 apprehensa,
1624 2049 1896 2117 quoniam

302 2136 808 2208 Beumprovocasti.
842 2158 869 2190 ι
891 2139 970 2193 Ex
996 2138 1361 2193 anterioribus
1386 2148 1573 2194 tantem
1606 2147 1782 2209 potest
1812 2141 1896 2193 in-*

304 2231 473 2302 telligi
503 2233 790 2303 captivitas
818 2233 1130 2304 Babylonis,
1160 2232 1376 2302 quando
1402 2241 1558 2302 capta
1590 2230 1895 2296 suffoditur,

303 2324 658 2391 subvertitur,
679 2314 973 2391 desolatur,
1002 2335 1063 2381 ut
1083 2325 1218 2381 nihil
1243 2326 1297 2381 in
1328 2324 1483 2382 nobis
1512 2325 1748 2381 resideat
1766 2336 1897 2381 cen-

302 2415 550 2471 fusionis.
581 2435 601 2467 ‹
621 2416 689 2472 Et
715 2418 966 2488 capieris,
989 2417 1252 2488 Babylon,
1273 2426 1328 2474 et
1352 2434 1456 2473 non
1481 2416 1793 2489 cognoscis;
1817 2417 1900 2471 in6

301 2517 464 2563 venta
507 2523 567 2564 es
592 2517 649 2565 et
685 2511 1109 2580 comprehensa,
1161 2512 1287 2582 quia
1314 2511 1542 2566 Domino
1565 2510 1833 2566 restitisti.
1873 2524 1893 2562 ι

302 2600 515 2671 Ergone
567 2602 681 2657 sola
709 2602 942 2675 Babylon
975 2604 1175 2659 restitit
1200 2604 1448 2668 Domino,
1500 2609 1555 2658 et
1583 2618 1690 2658 non
1719 2602 1898 2674 potius

304 2705 494 2746 omnes
518 2701 725 2763 gentes,
754 2694 878 2749 dum
924 2700 1173 2749 creatore
1212 2695 1426 2750 deserto
1462 2695 1602 2750 idola
1628 2702 1898 2750 venerata:

304 2772 463 2848 sunt,
501 2781 1123 2839 Dominorestiterunt?
1162 2800 1230 2839 an
1263 2786 1564 2855 ﬁguraliter
1598 2785 1731 2840 dicit
1774 2798 1893 2838 0:14

304 2888 429 2928 nem
442 2875 675 2930 animam
689 2876 1016 2931 contrariam
1030 2875 1344 2943 Jerusalem,
1355 2879 1406 2933 id
1422 2886 1505 2934 est
1517 2878 1710 2934 visioni
1727 2878 1895 2948 pacis,

304 2967 629 3039 Babylonem
656 2969 979 3025 esse'mnde
1004 2978 1058 3026 et
1083 2972 1254 3026 sancti
1283 2972 1336 3026 in
1352 2970 1673 3036 Jerusalem,
1703 2987 1895 3042 pecca-

306 3060 543 3114 tores'in
575 3059 848 3131 Babylone
893 3072 1067 3117 erant.
1108 3062 1173 3118 Et
1215 3064 1260 3118 si
1291 3064 1590 3136 peccabant
1621 3061 1897 3135 Jerosoly-

304 3149 472 3216 mitte,
498 3151 855 3206 mittebantur
880 3153 932 3206 in
956 3152 1305 3224 Babylonem,
1329 3163 1385 3209 et
1402 3155 1486 3209 ~sic
1508 3154 1900 3213 converteban-

2002 1954 2264 2018 Ecclesia,
2292 1961 2349 2013 et
2388 1967 2516 2011 vasa
2542 1951 2635 2007 ine
2679 1966 2804 2007 cum
2841 1950 2986 2009 vasis
3023 1946 3410 2011 misericordia:
3444 1945 3594 2003 inha-

1996 2044 2207 2109 bitant;
2234 2050 2291 2099 et
2328 2042 2500 2113 paleae
2521 2057 2649 2109 cum
2675 2039 2947 2097 frumento
2978 2047 3124 2107 sunt,
3162 2048 3219 2101 et
3254 2038 3435 2111 pisces
3461 2050 3592 2110 per-

2002 2138 2161 2200 dendi
2194 2151 2259 2191 ac
2280 2134 2599 2206 projiciendi
2638 2149 2767 2193 cum
2790 2132 2944 2195 bonis
2972 2131 3231 2209 piscibus,
3260 2129 3357 2200 qui
3383 2129 3437 2185 in
3475 2135 3591 2187 rete

1998 2229 2320 2294 inciderant,
2347 2227 2713 2285 continentur.
2733 2214 2914 2293 (Quam
2942 2239 3068 2285 cum
3097 2221 3377 2293 aperuerit
3395 2216 3585 2289 judicii

1998 2335 2263 2395 more,
2304 2330 2359 2378 et
2402 2319 2686 2392 protulerit
2725 2316 2923 2374 exinde
2955 2331 3084 2383 vasa
3131 2315 3225 2377 ira:
3268 2328 3399 2383 sum,
3449 2311 3592 2373 dicet

1998 2418 2226 2477 forsitan
2256 2416 2303 2472 is
2330 2415 2427 2486 qui
2450 2422 2534 2471 est
2556 2428 2652 2469 vas
2678 2410 3068 2475 misericordia:
3093 2409 3161 2473 de
3188 2403 3594 2478 egredientibus

1997 2512 2144 2569 vasis
2176 2511 2273 2567 ira:
2310 2527 2323 2564 :
2362 2529 2380 2562 ι
2415 2508 2679 2567 Exierunt
2712 2503 2984 2567 exnobis,
3030 2517 3143 2559 non
3171 2499 3321 2559 enim
3343 2505 3588 2558 erantex

1998 2605 2198 2662 nobis:
2229 2603 2275 2659 si
2303 2603 2449 2659 enini
2477 2600 2704 2658 fuissent
2727 2613 2796 2653 ex
2838 2596 3014 2661 nobis,
3047 2592 3378 2656 mansissent
3406 2590 3593 2660 utrique

2000 2699 2305 2761 nobiseum;
2333 2710 2427 2751 sea
2450 2694 2571 2749 ideo
2608 2690 2819 2764 egressi
2846 2697 2974 2749 sunt
2997 2703 3029 2747 tt
3052 2685 3229 2749 nobis,
3259 2692 3320 2739 ut
3340 2681 3592 2745 ostende,

2001 2800 2149 2847 retur
2178 2788 2305 2859 quia
2334 2802 2441 2842 non
2467 2792 2626 2842 erant
2652 2797 2841 2843 omnes
2873 2796 2942 2839 ex
2981 2777 3138 2837 nobis
3173 2775 3224 2847 (ι
3254 2773 3416 2833 Joan.
3441 2771 3525 2843 ιι).
3565 2790 3584 2826 ι

2000 2882 2068 2938 Et
2087 2883 2143 2937 in
2176 2880 2323 2935 aliud
2343 2878 2597 2949 quiddam
2637 2875 2787 2945 cupit
2812 2886 2992 2929 sermo
3022 2880 3401 2941 prorumpere.
3433 2864 3587 2931 Quod

2003 2982 2184 3029 autem
2224 2971 2484 3027 audemus
2532 2966 2733 3031 dicere,
2758 2962 3065 3022 istiusmodi
3096 2968 3180 3019 est
3209 2959 3306 3019 εἰει
3336 2958 3592 3018 thesauro

2002 3066 2098 3122 Dei
2128 3078 2255 3121 vasa
2285 3065 2380 3119 ira:
2424 3068 2569 3117 sunt.
2608 3060 2777 3115 Extra
2806 3058 3122 3113 thesaurum
3147 3064 3275 3109 vasa
3307 3049 3592 3120 peceantia

2005 3173 2111 3212 non
2140 3163 2270 3210 sunt
2296 3168 2425 3209 vasa
2450 3152 2566 3217 irae,
2598 3148 2692 3206 sed
2718 3148 2865 3205 vasis
2893 3147 2988 3203 ira:
3016 3144 3227 3203 minora
3252 3149 3396 3202 sunt.
3431 3136 3586 3194 Servi

307 3248 394 3294 tur
418 3242 487 3295 ad
508 3242 884 3316 ptepitentiam
913 3243 966 3297 in
998 3244 1269 3316 Babylone
1293 3247 1673 3302 consistentes.
1709 3245 1896 3303 Sancti
1925 3249 1972 3314 Ο
2001 3246 2145 3301 enim
2187 3252 2313 3299 sunt
2337 3243 2655 3314 ignorantes
2679 3236 3015 3309 voluntatem
3033 3232 3247 3313 domini
3280 3231 3386 3295 sui,
3408 3236 3462 3287 et
3484 3244 3593 3285 non

306 3344 436 3387 vero
458 3309 905 3401 rei—gradiebantur
934 3309 1254 3390 Jerusalem.
1287 3335 1511 3407 Capitur
1545 3351 1675 3408 ergo
1717 3336 1895 3408 Baby-

304 3422 394 3477 lon
430 3430 484 3476 et
515 3438 622 3477 non
658 3425 954 3494 cognoscit.
994 3425 1232 3497 Babylon
1261 3428 1460 3497 quippe
1496 3428 1599 3499 legi
1650 3428 1745 3483 Dei
1788 3444 1895 3485 non

306 3510 588 3582 subjicitur
632 3528 807 3583 neque
847 3515 991 3569 enim
1034 3517 1470 3586 potest‘inventa
1516 3533 1622 3573 non
1658 3518 1897 3590 Babylon

308 3605 697 3674 comprehensa
722 3620 874 3670 esse,
937 3606 1031 3660 sed
1060 3607 1130 3661 ob
1156 3608 1210 3662 id
1240 3609 1628 3678 comprehensa
1660 3619 1746 3665 est
1772 3625 1896 3665 cum

309 3695 525 3749 inventa
558 3701 663 3760 est,
693 3696 821 3764 quia
850 3695 1079 3750 Domino
1116 3697 1331 3751 restitit.
1416 3704 1419 3705 '

332 3818 339 3823 ρ
382 3804 404 3838 ι
448 3785 674 3857 Aperuit
721 3785 984 3842 Dominus
1012 3787 1330 3841 thesaurum
1357 3802 1549 3855 suum,
1577 3796 1635 3844 et
1667 3789 1898 3859 protulit

314 3895 335 3930 α
378 3888 508 3931 vasa
540 3876 636 3932 ira:
654 3877 1067 3945 suae,.quoniam
1087 3890 1223 3945 opus
1249 3884 1335 3931 est
1353 3877 1583 3933 Domino
1608 3879 1719 3934 Deo
1740 3891 1900 3933 exer-

315 3986 337 4020 ‹
376 3968 583 4023 cituum
633 3968 687 4022 in
736 3975 880 4023 terra
934 3967 1330 4023 Chaldaeorum.
1382 3989 1400 4021 ι
1434 3968 1555 4024 Alia
1584 3970 1753 4041 editio
1802 3971 1901 4024 ha-

308 4060 399 4115 bet
436 4077 449 4114 :
486 4079 505 4111 ι
542 4060 761 4129 Aperite
785 4060 1079 4130 apothecas
1097 4058 1235 4128 ejus,
1259 4061 1576 4115 scrutamini
1600 4076 1721 4115 eam
1741 4062 1899 4132 quasi

315 4171 334 4204 ι
381 4151 712 4222 speluncam,
758 4159 815 4207 et
856 4151 1149 4221 disperdite
1176 4167 1331 4219 eam,
1373 4168 1479 4208 non
1510 4152 1619 4207 sint
1658 4153 1744 4207 eis
1775 4151 1901 4207 reli-

315 4265 337 4297 s
379 4246 519 4316 quia:
536 4286 549 4307 ,
582 4246 859 4300 exsiccate
882 4259 1071 4300 omnes
1096 4243 1303 4300 fructus
1328 4246 1465 4317 ejus,
1490 4255 1546 4302 ct
1571 4247 1899 4302 descendant

316 4357 335 4390 ι
376 4339 429 4392 in
450 4338 797 4394 occisionem.
824 4337 915 4393 Vm
938 4339 1018 4393 eis
1044 4340 1298 4408 quoniam
1327 4341 1509 4395 veniet
1534 4341 1655 4397 dies
1683 4342 1899 4417 eorum,"

317 4449 345 4483 «ί
382 4439 592 4504 tempus
627 4432 879 4487 vindictae
913 4430 1119 4485 eorum.
1166 4448 1184 4483 ι
1221 4430 1419 4487 Volens
1457 4431 1755 4505 intelligere
1792 4422 1901 4489 hoc

311 4523 456 4594 quod
507 4524 710 4578 dictum
760 4532 884 4579 est:
922 4541 941 4573 ι
997 4523 1223 4593 Aperuit
1269 4522 1529 4580 Dominus
1579 4527 1894 4581 thesaurum

2000 3335 2261 3392 facientes
2305 3332 2637 3391 voluntatem
2689 3329 2840 3400 ejus;
2907 3327 3001 3397 qui
3055 3332 3234 3386 autem
3295 3321 3595 3393 ingreditur

1999 3430 2318 3493 Ecclesium,
2369 3434 2461 3483 aut
2500 3440 2599 3481 vas
2639 3423 2737 3479 irae
2775 3430 2877 3488 est,
2909 3432 3005 3478 aut
3044 3434 3144 3487 vas
3182 3416 3588 3477 misericordias.

2000 3522 2102 3591 Qui
2144 3520 2278 3575 foris
2299 3517 2598 3575 Ecclesium
2625 3524 2730 3581 est,
2775 3530 2882 3569 non
2921 3512 3311 3569 misericordias
3348 3524 3447 3567 vas
3481 3517 3586 3575 est,

1949 3628 1953 3632 ‘
1999 3614 2174 3682 neque
2204 3611 2318 3665 irai.
2362 3608 2521 3663 Aliud
2547 3606 2816 3677 quoddam
2847 3618 3044 3660 nomen
3073 3602 3194 3672 eius
3216 3600 3456 3670 inquiro,
3494 3599 3589 3668 qui

1999 3702 2153 3759 extra
2187 3700 2482 3757 Ecclesiam
2509 3704 2876 3754 commoratur
2901 3708 2998 3749 α...
3028 3694 3241 3763 «om,
3262 3692 3457 3761 inquit,
3486 3691 3592 3749 Do-

1999 3796 2147 3851 mino
2159 3795 2418 3848 virtutum
2434 3793 2487 3846 in
2508 3802 2650 3847 terra
2662 3789 3037 3849 Chaldaeorum
3060 3795 3175 3847 est:
3206 3806 3226 3839 ι
3247 3783 3594 3855 juxtadiver—

2001 3900 2090 3943 sos
2104 3886 2424 3946 intellectus,
2443 3881 2693 3938 terrenus
2703 3882 2854 3938 locus
2865 3880 3239 3951 multipliciter
3252 3878 3486 3941 nominat
3498 3892 3586 3942 ur,

2000 3987 2055 4036 et
2076 3977 2346 4051 quomodo
2367 3976 2632 4032 diil'erenti
2661 3976 2802 4035 inter
2824 3989 2883 4030 se
2906 3974 3125 4036 notione
3154 3971 3406 4026 Salvator
3432 3969 3589 4039 plura

2000 4071 2165 4127 habet
2191 4068 2480 4134 vocabula,
2519 4082 2642 4122 cum
2684 4082 2825 4121 unus
2851 4066 2907 4123 in
2945 4062 3244 4132 subiacenti
3279 4063 3370 4127 sit,
3401 4060 3589 4116 varius

2001 4171 2181 4218 autem
2212 4162 2267 4217 in
2292 4159 2611 4216 virtutibus:
2647 4158 2726 4214 sic
2752 4167 2809 4213 et
2833 4163 3058 4227 propter
3083 4155 3340 4213 malitiam
3370 4152 3588 4225 generis

1999 4261 2221 4317 humani
2248 4270 2461 4315 terrena
2484 4257 2695 4328 negotia
2718 4272 2841 4312 cum
2865 4269 3028 4309 unum
3051 4254 3160 4309 sint
3182 4253 3233 4307 in
3260 4250 3582 4320 subiacenti,

2000 4352 2306 4407 intellectus
2352 4349 2664 4405 diversitate
2712 4355 2841 4402 sunt
2890 4345 3142 4417 plurima.
3201 4343 3357 4411 Quod
3406 4350 3589 4396 autem

2000 4436 2119 4501 dico
2139 4442 2217 4499 sic
2241 4443 2333 4497 ﬂet
2365 4439 2724 4505 manifestius,
2741 4452 2865 4495 cum
2886 4437 3191 4515 exemplum
3225 4435 3369 4505 quod
3402 4449 3431 4488 a
3465 4432 3588 4488 Sal-

1999 4543 2185 4591 vatore
2209 4534 2496 4603 assumpsi,
2523 4532 2848 4595 edisserens,
2875 4531 2942 4584 ad
2968 4543 3034 4583 ea
3063 4540 3184 4598 quae
3205 4534 3331 4581 sunt
3353 4524 3594 4592 subjecta

317 4633 339 4668 ‹
384 4631 540 4671 suum
580 4624 636 4669 et
677 4615 903 4685 protulit
931 4630 1058 4670 vasa
1100 4616 1194 4671 ine
1224 4632 1354 4682 sum,
1402 4637 1421 4670 ι
1470 4633 1652 4687 quaero
1694 4619 1761 4674 de
1796 4596 1898 4673 alia

2006 4626 2344 4697 explanando
2383 4596 2789 4679 transcendam.
2834 4618 3011 4675 Unum
3052 4596 3343 4689 subiacens
3374 4625 3456 4671 est
3486 4616 3596 4669 Do-

315 4705 591 4776 Scriptura
624 4721 752 4761 vasa
781 4706 877 4761 irae
905 4707 1147 4775 Domini,
1183 4718 1237 4763 et
1262 4708 1476 4765 invenio
1502 4710 1570 4764 ad
1602 4709 1899 4781 pleniorem

314 4797 770 4866 comparationem
834 4799 1134 4854 istiusmodi
1204 4797 1499 4869 Scriptum
1565 4785 1900 4870 scripturam

315 4887 699 4960 apostolicam,
728 4888 912 4960 ibique
952 4890 1168 4944 invenio
1207 4886 1522 4959 Apostolum
1559 4890 1689 4945 mihi
1732 4892 1901 4961 subji-

314 4980 545 5036 cientem
570 4996 690 5051 qum
719 4980 830 5037 sint
857 4996 986 5036 vasa
1009 4981 1104 5036 iraa
1130 4980 1257 5046 Dei;
1284 4980 1361 5034 ait
1386 4980 1533 5035 enim
1554 5000 1567 5035 :
1589 5000 1607 5032 ι
1638 4978 1693 5035 Si
1721 4988 1902 5036 autem

315 5073 502 5130 volens
527 5074 668 5129 Dens
688 5074 973 5129 ostendere
989 5074 1123 5128 iram
1142 5088 1316 5149 suam,
1334 5079 1389 5127 et
1408 5082 1589 5127 notam
1616 5071 1796 5127 facere
1810 5088 1903 5142 po-

317 5164 538 5219 tentiam
553 5158 727 5229 snam',
744 5164 964 5235 pertulit
980 5162 1032 5219 in
1058 5163 1224 5218 multa
1243 5161 1503 5233 patientia
1515 5178 1643 5216 vasa
1663 5162 1755 5216 irae
1768 5179 1904 5233 prte-

316 5262 506 5323 parata
532 5256 600 5308 ad
630 5254 989 5325 perditionem
1008 5294 1023 5319 ,
1050 5262 1110 5307 ut
1141 5238 1452 5308 ostenderet
1481 5252 1696 5306 divitias
1720 5252 1903 5319 glorim

319 5361 429 5401 sure
454 5361 615 5416 super
627 5363 756 5402 vasa
782 5345 1190 5412 misericordia,
1214 5361 1334 5417 (pta:
1361 5344 1753 5415 przeparavitin
1782 5343 1898 5415 glo-

319 5434 476 5503 riam,
509 5454 645 5508 quos
670 5450 723 5496 et
751 5444 982 5507 vocavit,
1017 5457 1121 5496 non
1156 5439 1327 5517 solum
1352 5455 1415 5494 ex
1457 5437 1675 5503 Judteis,
1712 5453 1900 5492 verum

316 5530 481 5586 etiam
503 5544 570 5585 ex
603 5532 852 5600 gentibus
879 5533 1050 5605 (Rom.
1078 5551 1157 5598 ιχ,
1197 5530 1255 5587 II
1287 5533 1419 5586 Tim.
1447 5531 1528 5602 ιι).
1567 5529 1905 5585 Generaliter

317 5616 606 5692 Apostolus
629 5638 818 5677 omnes
834 5623 1081 5679 homines
1103 5624 1292 5680 dividit
1312 5622 1525 5687 bifarie,
1544 5623 1729 5677 dicens
1745 5636 1908 5691 quos-

319 5710 444 5771 dam
469 5730 590 5770 esse
614 5730 742 5770 vasa
765 5714 1169 5783 misericordiae,
1188 5716 1449 5787 quosdam
1472 5730 1601 5771 vasa
1621 5712 1908 5770 irae.Verbi

400 5843 424 5883 α
466 5829 671 5893 Sensus
693 5831 896 5909 pendet
918 5830 1274 5915 interruptus.

2008 4718 2155 4772 mino
2185 4733 2304 4771 meo
2325 4714 2452 4770 Jesu
2501 4713 2785 4769 Salvatori.
2823 4710 2944 4764 Hoc
2978 4723 3086 4764 uno
3122 4705 3456 4773 subiacente,
3490 4704 3597 4758 alio

2009 4809 2284 4865 intellectu
2312 4807 2581 4863 -medieus
2629 4813 2733 4869 est,
2779 4803 2933 4873 juxta
2972 4801 3117 4872 quod
3161 4801 3420 4870 scriptum
3469 4806 3597 4869 est:

2015 4919 2033 4952 α
2066 4900 2182 4955 Non
2212 4913 2435 4956 necesse
2458 4897 2659 4951 habent
2686 4895 2805 4949 sani
2838 4894 3068 4956 medico,
3099 4891 3193 4945 sed
3228 4888 3368 4942 male
3398 4886 3601 4941 haben-

2014 5002 2094 5049 tes
2117 4992 2266 5065 (Luc.
2293 4991 2371 5063 v).
2425 5010 2443 5043 ι
2491 4989 2611 5043 Alio
2644 4988 2919 5043 intellectu
2953 4993 3141 5057 pastor
3168 4991 3270 5043 est,
3304 4979 3599 5035 Secundum

2011 5082 2154 5155 quod
2206 5081 2663 5137 irrationabilibus
2716 5087 2952 5150 praeest;
3003 5076 3111 5130 alio
3152 5073 3424 5128 intellectu
3479 5086 3596 5135 rex,

2009 5176 2303 5232 seenndnm
2352 5174 2496 5243 quod
2540 5174 2594 5227 in
2639 5169 3051 5227 rationabilibns
3078 5165 3432 5235 principatur.
3478 5160 3598 5216 Alio

2007 5248 2285 5323 intellectu
2315 5265 2441 5319 vitis
2470 5279 2594 5319 vera
2617 5305 2639 5337 ,ί
2662 5256 2956 5318 secundum
2985 5260 3127 5330 quod
3159 5256 3349 5312 inserti
3379 5257 3431 5310 in
3476 5268 3597 5309 cum

2009 5358 2256 5413 homines
2270 5355 2575 5409 uberrimos
2595 5354 2823 5409 aii‘erunt
2850 5350 3073 5411 fructus,
3091 5356 3143 5404 et
3172 5348 3372 5403 exculti
3393 5362 3421 5400 a
3437 5346 3599 5400 Patre
3630 5398 3636 5409 ,

2010 5447 2264 5519 agricola,
2292 5445 2671 5517 pinguedinem
2720 5444 2852 5498 vitis
2889 5458 3030 5498 verm
3074 5456 3141 5496 ex
3190 5439 3349 5495 unius
3400 5437 3599 5492 radicis

1966 5592 1983 5609 ,
2010 5536 2282 5592 consortio
2321 5543 2604 5589 assumunt
2634 5534 2816 5605 (Ioan.
2850 5530 2947 5601 χι).
2990 5530 3150 5586 Juxta
3192 5530 3355 5584 alium
3392 5528 3600 5582 intelle-

2012 5638 2158 5686 ctum
2191 5629 2453 5701 sapientia
2482 5636 2585 5693 est,
2610 5626 2765 5698 juxta
2794 5625 2958 5679 alium
2988 5624 3212 5688 veritas,
3245 5622 3398 5693 juxta
3436 5618 3595 5671 alium

2009 5706 2223 5797 iustitia
2317 5727 2691 5774 verumtamen
2738 5716 3024 5789 subjacens
3074 5728 3262 5770 unum.
3317 5706 3596 5793 Quomodo
