4044 6326
547 375 618 432 ’11
629 377 692 433 51

1198 379 1255 432 Β.
1296 378 1547 435 BABANI
1585 380 1805 437 MAURI
1840 383 2153 439 ARCHIEP.
2195 383 2500 441 MOGUNT.
2538 385 2825 443 'OPEBUM
2863 387 3040 444 PARS
3077 388 3164 444 Ill.

3677 395 3866 449 1152

555 501 686 560 ergo
712 489 766 544 in
783 487 1088 551 'Salvatore,
1106 502 1214 542 uno
1235 490 1567 559 subjacente,
1584 491 1801 561 plurimi
1828 495 2131 552 intellectus
2156 496 2209 556 Α
2234 503 2361 550 tunc
2390 497 2443 550 in
2486 497 2906 554 devastationem
2933 499 3237 572 Babyloniae
3270 516 3536 562 venerunt
3566 511 3862 581 undique

555 588 685 636 sunt
711 580 1046 636 diversorum
1081 577 1200 648 ejus
1227 581 1534 647 nominum;
1573 584 1655 639 sic
1681 593 1738 640 et
1777 593 1989 643 terrena
2034 605 2130 644 ne-
2231 586 2322 655 qui
2350 587 2728 643 conculcal‘enl
2753 603 2903 656 eam:
2945 598 3002 644 ει
3027 590 3231 660 lapides
3255 591 3369 662 eius
3397 596 3755 668 Γθάθῧεηιηι
3785 601 3855 658 in

555 676 703 746 gotia-
721 672 874 744 juxta
909 670 1194 740 subiacens
1223 674 1442 743 quidem
1475 692 1639 730 unum
1681 687 1822 745 sunt,
1855 678 2010 746 juxta
2045 679 2130 734 in-
2232 690 2458 731 acervos
2487 684 2542 732 et
2573 676 2958 734 interfecerunt
2986 681 3219 747 eam,ita
3247 691 3308 738 ut
3335 700 3443 740 non
3472 685 3636 742 ﬂeret
3654 690 3858 758 quid-

555 765 826 822 tellectnm
868 773 1050 820 autem
1087 766 1337 835 plurima.
1362 769 1697 840 Frequenter
1720 773 2094 844 allegorizante

2229 781 2389 837 quam
2421 767 2724 837 reliquum,
2771 772 3268 841 etdissipaverunt
3305 777 3590 834 universos
3641 781 3852 839 fortes

551 858 880 930 Babylonem
897 859 1127 914 diximus
1146 862 1361 930 negotia
1383 877 1506 918 esse
1524 872 1896 937 terrena,qum
1914 883 2128 940 semper
2226 857 2362 927 ejus,
2410 858 2801 915 descendentes
2834 862 2890 916 in
2919 864 3249 920 occisionem
3283 886 3296 921 :
3329 868 3400 922 ita
3441 879 3493 924 et
3542 873 3848 941 spiritalis

552 949 778 1007 confusa
821 958 947 1006 sunt
984 950 1151 1007 vitiis.
1197 951 1486 1024 Egyptum
1531 956 1778 1011 similiter
1814 958 2121 1030 amigentla.

553 1043 926 1099 Chaldaeorum
956 1057 1086 1098 vero
1115 1031 1335 1111 terram,
1361 1047 1428 1101 ob
1454 1047 1504 1101 id
1533 1049 1657 1117 quia
1683 1050 1899 1120 plurimi
1924 1067 1986 1106 ea
2004 1067 2125 1124 quae

555 1145 815 1209 geruntur
841 1136 892 1191 in
921 1137 1084 1191 terris
1102 1178 1116 1203 ,
1147 1137 1314 1193 stellis
1341 1149 1682 1208 consecrent,
1711 1152 1765 1198 et
1792 1144 1906 1198 sive
1933 1158 2124 1215 pecca-

550 1235 730 1283 torum
754 1234 1059 1282 nostrorum
1077 1269 1091 1294 ,
1120 1228 1234 1284 sive
1256 1229 1516 1286 virtutum
1553 1247 1761 1300 eorum,
1780 1250 2005 1306 quaeque
2033 1253 2119 1294 ac-

549 1318 736 1375 cidunt
779 1319 933 1374 nobis
981 1335 1045 1374 ex
1091 1335 1280 1376 earum
1306 1323 1526 1377 nutibus
1563 1335 1808 1380 asseram
1844 1327 1984 1394 ﬁeri,
2025 1344 2120 1386 eos

548 1422 667 1463 esse
703 1407 965 1471 diximus,
997 1409 1087 1478 qui
1115 1409 1312 1466 talibus
1345 1427 1404 1466 se
1432 1415 1872 1481 persuasionibus
1901 1418 2120 1474 dedica-

544 1507 754 1554 verunt.
791 1512 818 1541 α
847 1499 1035 1556 Omnis
1057 1501 1219 1571 igitur
1242 1503 1334 1572 qui
1365 1501 1452 1558 his
1483 1505 1677 1569 credit,
1708 1506 1762 1560 in
1793 1515 1936 1563 terra
1963 1508 2118 1564 Chal-

545 1591 780 1646 daaorum
810 1600 912 1647 est.
947 1590 1004 1647 Si
1035 1593 1155 1663 quis
1182 1602 1421 1649 vestrum
1447 1597 1948 1654 mathematicorum
1985 1601 2117 1656 deli-

541 1690 782 1737 ramenta
812 1691 1068 1762 sectatur,
1104 1686 1160 1739 in
1187 1695 1328 1742 terra
1354 1686 1726 1744 Chaldaeorum
1762 1700 1864 1746 est.
1907 1691 1964 1747 Si
1993 1695 2116 1764 quis

539 1771 838 1828 nativitatis
851 1757 992 1828 diem
1022 1783 1294 1844 supputat,
1325 1784 1380 1842 et
1393 1778 1559 1832 variis
1587 1779 1839 1835 horarum
1871 1757 2114 1839 momen-

2225 948 2527 1020 Babyloniaa
2555 967 2700 1006 nunc
2731 961 2856 1008 sunt
2897 955 3108 1023 plurimi
3145 958 3515 1017 devastatores
3548 973 3608 1019 et
3647 966 3841 1022 dissi-

2222 1046 2468 1108 patores,
2517 1051 2574 1094 et
2603 1026 2822 1096 fortium
2853 1042 2968 1112 eius
3009 1046 3416 1117 interfectores,
3455 1069 3578 1108 cum
3611 1059 3842 1126 praedi-

2223 1137 2432 1185 catores
2462 1131 2632 1186 sancti
2667 1131 2722 1186 in
2746 1134 2829 1188 his
2853 1151 2971 1204 quae
2990 1137 3056 1191 de
3095 1141 3341 1207 gentibus
3384 1145 3621 1200 credunt
3648 1146 3835 1202 Chri-

2221 1229 2325 1286 sto,
2359 1222 2641 1277 destruunt
2674 1240 2897 1296 regnum
2927 1228 3141 1291 diaboli.
3183 1240 3239 1286 et
3277 1233 3613 1290 interﬁciunt
3646 1239 3831 1293 vitio-

2220 1326 2338 1365 rum
2354 1320 2620 1380 catervas,
2640 1331 2706 1370 ne
2722 1317 2792 1371 sit
2808 1319 3099 1388 quidquam
3117 1322 3380 1391 reliquum
3400 1344 3412 1378 :
3441 1328 3564 1396 quia
3594 1330 3828 1385 nullum

2219 1402 2468 1457 doctores
2494 1405 2664 1458 sancti
2703 1405 2921 1462 laudant
2940 1409 3150 1476 vitium,
3175 1427 3273 1468 nec
3309 1414 3560 1470 desinunt
3584 1419 3828 1488 aliquod

2216 1493 2464 1562 persequi
2481 1504 2755 1564 peccatum
2778 1512 2792 1550 :
2814 1499 2906 1552 sed
2923 1501 3214 1557 secundum
3232 1503 3483 1559 virtutem
3500 1508 3601 1562 sibi
3621 1511 3825 1564 datam

2215 1597 2247 1636 a
2278 1582 2388 1636 Deo
2415 1583 2666 1649 evellere,
2689 1595 2744 1640 et
2773 1589 3084 1646 subvertere
3113 1593 3329 1648 student
3352 1597 3665 1653 universam
3693 1601 3823 1656 fac-

2217 1671 2413 1726 tionem
2439 1673 2608 1730 hostis
2630 1678 2856 1745 antiqui.
2883 1678 2961 1734 Ne
2974 1681 3246 1748 pusillum,
3266 1684 3701 1756 inquit,quidem
3737 1708 3825 1746 reb

2213 1760 2467 1830 linquatis
2483 1765 2534 1818 in
2559 1781 2640 1830 ea,
2660 1775 2714 1822 et
2729 1770 2998 1824 exsiccate
3012 1787 3201 1827 omnes
3217 1774 3420 1830 fructus
3437 1778 3574 1845 ejus.
3597 1779 3819 1851 (Orig.)

540 1869 824 1933 torumque
864 1864 1363 1921 ratiocinationibus
1394 1869 1620 1924 credens
1654 1870 1757 1925 hoc
1789 1871 1981 1943 dogma
2018 1890 2094 1947 su-

2211 1851 2346 1918 .Quis
2363 1853 2435 1907 ita
2458 1854 2646 1912 beatus
2679 1867 2783 1924 est,
2815 1869 2873 1915 ut
2890 1862 3058 1929 possit
3081 1864 3357 1926 exsiccare
3377 1883 3566 1923 omnes
3588 1870 3615 1922 f
3616 1883 3822 1928 ructus

537 1953 696 2021 scipit
749 1953 874 2023 quia
901 1955 1071 2010 stellae
1107 1956 1286 2012 taliter
1326 1967 1382 2013 et
1420 1958 1600 2016 taliter
1629 1960 1868 2032 ﬁgurata;
1897 1963 2108 2021 faciunt

536 2043 783 2099 homines
832 2044 1167 2113 luxuriosos,
1216 2049 1518 2118 adulteros,
1575 2062 1784 2120 castos,
1847 2065 1939 2111 aut
1959 2065 2108 2113 certe

535 2134 891 2206 quodcunque
928 2150 1134 2203 eorum,
1179 2139 1278 2195 iste
1316 2141 1370 2196 in
1411 2150 1553 2198 terra
1590 2143 1960 2203 Chaldaeorum
1998 2158 2100 2206 est.

530 2223 648 2280 1am
675 2226 892 2297 quidam
918 2229 1188 2287 aestimant
1211 2227 1547 2292 Christianos
1581 2253 1645 2293 ex
1674 2249 1947 2296 astrorum
1975 2258 2102 2328 cur-

529 2315 679 2372 sibus
717 2317 854 2374 fleri.
899 2319 1172 2393 Quotquot
1211 2334 1391 2382 autem
1438 2329 1540 2384 ista
1587 2331 1793 2400 sapitis,
1841 2315 2107 2404 quotquot

527 2407 686 2464 dictis
716 2408 836 2467 istis
862 2414 1103 2481 creditis,
1127 2416 1183 2471 in
1209 2423 1352 2472 terra
1369 2417 1744 2476 Chaldaeorum
1771 2425 1923 2480 estis.
1947 2424 2106 2481 Com-

528 2499 741 2556 minans
777 2517 907 2574 ergo
953 2504 1093 2561 Deus
1138 2506 1224 2562 his
1284 2510 1376 2579 qui
1431 2509 1485 2564 in
1529 2519 1674 2568 terra
1728 2512 2100 2573 Chaldaeorum

525 2598 670 2654 sunt,
717 2590 801 2646 his
841 2593 1156 2662 spiritaliter
1192 2600 1573 2670 comminatur,
1615 2605 1708 2675 qui
1743 2621 1802 2662 se
1839 2607 1982 2677 ipsos
2011 2626 2104 2682 ge-

525 2681 785 2752 nealogiis
811 2693 868 2739 et
905 2684 1018 2742 fato
1046 2701 1528 2761 consecraverunt,
1565 2708 1868 2755 asserentes
1907 2681 2102 2758 cuncta

521 2769 804 2837 quaeinter
842 2774 1096 2832 mortales
1119 2777 1275 2845 fiunt,
1317 2789 1412 2837 aut
1445 2799 1512 2839 ex
1539 2794 1808 2843 astrorum
1841 2792 2098 2860 motibus,

521 2869 615 2915 aut
635 2877 703 2917 ex
728 2861 823 2918 fati
871 2867 1195 2924 necessitate
1229 2871 1484 2940 pendere.
1511 2873 1621 2932 Sed
1657 2875 1800 2934 Deus
1826 2880 2100 2939 Abraham

519 2966 839 3020 promovens
867 2957 934 3011 ad
971 2959 1198 3016 meliora
1226 2961 1362 3019 dixit
1387 2965 1436 3020 ei
1465 2983 1479 3020 :
1521 2985 1542 3020 ι
1574 2967 1687 3040 Ego
1717 2972 1812 3041 qui
1837 2981 1890 3028 te
1925 2974 2097 3032 educo

519 3041 586 3096 de
609 3050 755 3098 terra
795 3045 1169 3105 Chaldazorum
1198 3051 1350 3119 (Gen.
1391 3055 1518 3128 xv);
1556 3077 1575 3109 ι
1609 3069 1802 3125 potens
1829 3073 1913 3119 est
1949 3066 2095 3122 enim

519 3133 659 3188 Deus
685 3135 778 3204 qui
804 3138 966 3192 etiam
990 3141 1144 3196 nobis
1167 3144 1388 3212 tribuat,
1417 3156 1478 3203 ut
1502 3151 1844 3220 egrediamur
1864 3155 1929 3210 de
1949 3165 2093 3212 terra

2217 1953 2373 1999 terrae
2385 1945 2758 2004 Chaldaeorum
2773 1959 2826 2005 et
2849 1952 3175 2008 descendant
3208 1956 3260 2009 in
3290 1958 3616 2014 occisionem

2283 2056 2302 2089 ‹
2349 2039 2438 2092 Vae
2476 2038 2576 2106 eis,
2610 2041 2734 2109 quia
2775 2043 2926 2096 venit
2958 2044 3074 2099 dies
3113 2060 3320 2114 eorum,
3365 2057 3418 2103 et
3460 2060 3544 2106 est
3583 2061 3820 2126 tempus

2213 2150 2232 2183 ‹
2270 2132 2516 2187 vindicta
2545 2147 2750 2188 eorum.
2788 2153 2809 2189 ι
2847 2135 2978 2192 Post
3002 2139 3118 2194 haec
3142 2155 3356 2196 rursum
3383 2141 3607 2201 alterius
3649 2149 3816 2217 capi-

2207 2223 2302 2279 tuli
2318 2225 2667 2280 continentia.

2281 2332 2299 2364 ι
2347 2314 2460 2368 Vox
2495 2313 2812 2385 fugientium
2834 2324 2889 2371 et
2907 2332 3094 2375 eorum
3125 2323 3214 2391 qui
3236 2334 3524 2381 evaserunt
3555 2329 3624 2384 de
3652 2337 3810 2386 terra

2209 2422 2228 2456 ι
2274 2404 2582 2475 Babylonis,
2619 2417 2677 2462 ut
2703 2411 3028 2466 annuntient
3054 2413 3109 2467 in
3134 2413 3262 2470 Sion
3290 2418 3548 2474 ultionem
3573 2423 3806 2478 Domini

2209 2511 2227 2544 ‹
2273 2494 2366 2548 Dei
2406 2496 2592 2560 nostri,
2645 2498 2901 2555 ultionem
2950 2504 3135 2574 templi
3182 2505 3321 2576 ejus.
3365 2509 3713 2569 Annuntiate
3750 2517 3803 2570 in

2210 2603 2228 2637 ι
2269 2585 2596 2659 Babylonem
2624 2590 3159 2660 plurimis,omuibus
3186 2598 3277 2669 qui
3305 2600 3526 2656 tendunt
3558 2619 3798 2660 areum:

2207 2695 2226 2727 ι
2270 2675 2559 2735 Consistite
2596 2681 2882 2737 adversum
2919 2699 3036 2738 eam
3085 2702 3182 2756 per
3237 2706 3448 2760 gyrum,
3501 2702 3560 2747 et
3613 2696 3802 2752 nullus

2208 2786 2228 2821 ι
2273 2772 2486 2829 evadat.
2539 2773 2766 2830 Reddite
2818 2777 2869 2832 ei
2908 2781 3204 2837 secundum
3233 2797 3370 2852 opus
3412 2799 3594 2851 suum,
3631 2785 3798 2856 juxta

2206 2880 2226 2913 ι
2271 2863 2453 2918 omnia
2477 2879 2597 2934 qua:
2622 2863 2747 2921 fecit
2772 2865 2936 2924 facite
2957 2869 3032 2925 illi
3066 2889 3080 2925 :
3118 2873 3246 2942 quia
3281 2882 3470 2931 contra
3494 2877 3798 2936 Dominum

2207 2971 2227 3005 ε
2272 2964 2452 3011 erecta
2503 2966 2605 3025 est,
2657 2961 2945 3017 adversum
2992 2975 3238 3042 sanctum
3277 2968 3463 3026 Israel.
3513 2991 3533 3025 ι
3585 2973 3668 3030 De
3706 2976 3796 3033 his

2201 3060 2345 3101 nunc
2375 3049 2698 3118 prophetat,
2731 3053 2822 3122 qui
2853 3069 3034 3111 mores
3066 3059 3272 3127 patrios
3301 3061 3692 3132 relinquentes,
3735 3076 3795 3124 et

2200 3146 2407 3206 gentes,
2436 3147 2492 3193 et
2510 3139 2657 3211 leges
2686 3144 2946 3213 gentium,
2969 3155 3029 3200 et
3049 3147 3476 3209 incredulitatem
3509 3165 3790 3225 veterum,

518 3222 913 3293 Chaldaeorum.
953 3228 1018 3282 Et
1056 3231 1258 3288 nullum
1297 3235 1459 3291 alium
1489 3237 1693 3309 absque
1729 3257 1794 3296 eo
1829 3258 1949 3299 esse
1975 3261 2092 3302 cre-

2195 3230 2416 3284 veniunt
2456 3233 2524 3286 ad
2577 3249 2882 3291 sermonem
2928 3238 3043 3294 Dei.
3073 3241 3200 3298 Tale
3228 3246 3376 3300 enim
3401 3248 3663 3317 quiddam
3711 3254 3788 3310 si-

515 3316 722 3381 damus,
749 3320 842 3389 qui
869 3320 1183 3393 dispensans
1209 3326 1474 3393 universa,
1507 3338 1562 3386 et
1581 3347 1773 3404 regens
1792 3336 1958 3392 vitam
1987 3355 2089 3395 n0»-

520 3416 689 3463 stram
716 3425 816 3480 pro
858 3412 1206 3480 qualitatibus
1231 3418 1548 3476 meritorum
1582 3425 1969 3495 accedentium,
2009 3429 2091 3485 di-

521 3513 678 3554 versa
706 3501 1032 3559 moderetur.
1062 3504 1245 3576 Neque
1268 3509 1411 3565 enim
1436 3512 1641 3567 micans
1671 3514 1884 3586 aliquod
1914 3519 2084 3586 sidus,

515 3588 599 3644 vel
630 3590 956 3660 Phaetontis,
1011 3605 1072 3652 ut
1119 3599 1303 3665 aiunt,
1345 3611 1438 3658 aut
1471 3607 1706 3676 corrupti
1762 3606 2086 3681 Ganymedis

509 3681 683 3748 stella,
736 3693 1047 3742 nostrorum
1096 3704 1289 3746 causas
1317 3693 1558 3749 continet
1608 3698 1968 3765 negotiorum.
2015 3700 2084 3754 Et

507 3769 662 3842 juxta
694 3789 860 3830 unum
899 3777 1116 3846 quidem
1141 3793 1515 3852 argumentum
1544 3785 1600 3840 in
1633 3795 1778 3843 terra
1810 3787 2086 3845 Chaldaeo-

517 3877 634 3916 rum
660 3872 761 3929 est,
803 3864 896 3934 qui
937 3870 1260 3938 supradictis
1299 3873 1600 3932 rationibus
1635 3877 1884 3934 credidit.
1921 3878 2082 3934 Juxta

512 3952 654 4009 aliud
701 3969 830 4011 vero
858 3959 1103 4014 ascendit
1143 3962 1264 4031 quis
1308 3978 1470 4034 super
1511 3972 1652 4022 tecta
1696 3976 1751 4023 et
1792 3978 2084 4024 veneratur

505 4042 752 4098 militiam
785 4046 927 4102 cmli.
963 4047 1111 4120 Opus
1139 4067 1270 4124 ergo
1307 4053 1533 4111 Domino
1556 4057 1816 4113 virtutum
1845 4061 1898 4115 in
1934 4069 2082 4117 terra

502 4131 894 4202 Chaldaaorum,
922 4127 1048 4208 quia
1063 4153 1324 4200 venerunt
1357 4152 1597 4215 tempora
1631 4147 1766 4216 ejus.
1809 4168 1829 4202 ι
1856 4149 2080 4220 Aperite

502 4225 792 4291 apothecas
809 4228 924 4298 ejus
948 4249 960 4284 :
994 4251 1011 4281 ι
1038 4233 1384 4289 manifestum
1415 4237 1505 4306 qui
1530 4239 1638 4294 sint
1662 4239 1716 4294 in
1747 4249 1891 4296 terra
1919 4242 2079 4298 Chal-

501 4315 756 4372 dzeorum.
783 4317 1110 4379 Suntautem
1129 4327 1405 4394 apothecae
1421 4328 1798 4387 Chaldaeorum
1819 4335 2076 4392 doctrina:

502 4403 861 4462 nativitatum.
896 4428 914 4460 ‹
951 4409 1278 4470 Scrutamini
1315 4431 1435 4472 eam
1479 4421 1630 4488 quasi
1671 4421 1980 4491 speluncam
2018 4433 2078 4482 et

500 4495 790 4564 disperdite
814 4514 955 4557 eam.
973 4509 995 4555 ἱ
1015 4503 1116 4572 Qui
1140 4508 1346 4578 respuit
1363 4513 1767 4581 supputationes
1786 4516 2065 4583 natalium,

434 4599 442 4609 ί
500 4586 589 4656 qui
619 4589 860 4646 veritatis
879 4607 1128 4650 sermone
1151 4599 1320 4653 utitur
1339 4601 1621 4658 adversum
1637 4620 1749 4673 eas,
1779 4608 1869 4678 qui
1891 4617 2071 4664 osten-

504 4677 582 4732 dit
610 4679 739 4734 nihil
761 4697 948 4740 eorum
973 4701 1091 4756 quae
1117 4703 1148 4743 a
1177 4691 1575 4750 mathematicis
1604 4677 1856 4754 dicuntur
1883 4715 2070 4756 verum

495 4783 635 4835 esse,
659 4771 751 4841 qui
780 4773 934 4830 docet
955 4776 1321 4838 iuscrutabilia
1336 4783 1538 4854 judicia
1558 4787 1674 4854 Dei,
1697 4804 1797 4845 nec
1819 4806 1882 4846 ea
1911 4807 2069 4862 posse

495 4860 562 4914 ab
591 4861 898 4938 hominibus
927 4872 1328 4941 comprehendi,
1359 4876 1451 4944 qui
1486 4878 1685 4934 asserit
1726 4881 1853 4951 quia
1883 4860 2062 4939 sidera

495 4964 600 5002 non
631 4961 755 5006 sunt
775 4969 952 5011 causae
977 4973 1162 5014 eorum
1189 4977 1307 5030 quae
1333 4962 1469 5020 fiunt
1502 4981 1663 5037 super
1692 4977 1913 5038 terram,
1949 4988 2064 5028 ma-

492 5039 571 5108 gis
603 5039 825 5115 [minus]
852 5056 1029 5104 autem
1057 5068 1245 5107 eorum
1274 5069 1393 5125 quae
1429 5057 1584 5113 nobis
1617 5058 1938 5118 Christianis
1973 5080 2064 5119 ac-

493 5131 700 5218 cidunt,
733 5134 834 5191 iste
869 5142 1177 5218 exsequitur
1204 5155 1530 5218 pneceptum
1558 5149 1790 5216 Domini.

563 5215 585 5270 ἰ
629 5210 821 5312 Venite
849 5215 922 5283 ad
944 5210 1167 5313 eam'ah
1193 5210 1450 5292 extremis
1489 5239 1707 5310 ﬁnibus,
1753 5213 1957 5313 aperite
2004 5255 2063 5302 ut

497 5326 516 5360 ι
557 5307 770 5404 exeant,
793 5319 882 5387 qui
914 5311 1230 5404 conculcent
1253 5342 1391 5404 eam.
1416 5325 1608 5404 Tollite
1630 5307 1700 5408 de:
1720 5307 1805 5408 via
1835 5307 2056 5412 lapides,

494 5419 513 5451 ‹
557 5389 861 5490 Etredigit‘e
888 5410 941 5464 in
963 5397 1336 5490 'aeervosrlet.‘
1360 5401 1829 5502 ἰηιθνβέδίίθιέ³η¹έι
1856 5389 1953 5479 "Ec
1989 5427 2060 5480 sn
2091 5473 2122 5496 ’⁵

495 5507 515 5542 ι
560 5481 860 5568 quidquam
901 5501 1184 5570 reliquum.
1245 5481 1833 5592 Dissilpatefluniversos
1892 5511 2060 5570 fortes
2116 5503 2118 5506 ’

493 5597 515 5633 ι
553 5581 687 5662 ejus,
720 5577 1047 5645 descendant
1085 5581 1138 5646 in
1168 5583 1510 5655 occisionem.
1534 5577 1772 5684 1V:e_leis,l
1801 5587 1935 5674 quia
1965 5599 2057 5662 ve-

485 5682 517 5726 α
554 5671 774 5728 nit-dies
789 5671 1002 5743 eorum,
1030 5677 1247 5778 tempus
1270 5675 1592 5780 v‘isita'tionis
1607 5671 1842 5776 eorum.
1910 5693 2059 5772 Sicut

2193 3323 2479 3393 gnificatur
2520 3326 2574 3380 in
2616 3342 2680 3381 eo
2715 3331 2857 3398 quod
2884 3331 3016 3387 dicit
3048 3352 3063 3389 :
3106 3354 3125 3387 ‹
3176 3335 3295 3392 Vox
3326 3328 3646 3411 fngieﬂ-tium
3685 3347 3785 3416 qui

2193 3424 2484 3471 evaserunt
2519 3418 2586 3474 de
2623 3428 2782 3486 terra.
2804 3421 3125 3494 Babylonis,
3174 3447 3194 3481 ι
3229 3430 3344 3485 sive
3381 3432 3780 3492 resalvatorum

2192 3505 2256 3560 de
2301 3516 2443 3562 terra
2484 3507 2791 3580 Babylonis.
2845 3513 3062 3572 Utinam
3102 3526 3157 3574 et
3203 3529 3404 3588 vestra,
3450 3539 3485 3578 ο
3517 3527 3782 3582 catechu-

2190 3597 2353 3662 meni,
2381 3613 2486 3653 vox
2517 3598 2835 3670 fugientium
2860 3614 3004 3661 esset
3033 3608 3098 3664 de
3118 3609 3390 3682 Babylone
3417 3631 3431 3668 :
3456 3614 3778 3685 fugientium

2186 3688 2313 3742 vitia
2335 3729 2349 3751 ,
2383 3688 2700 3758 fugientium
2735 3705 2978 3763 peccata.
3009 3697 3126 3755 Vox
3167 3703 3312 3756 enim
3357 3702 3680 3775 fugientium
3724 3717 3780 3763 et

2187 3778 2574 3836 resalvatorum
2601 3799 2706 3838 non
2730 3784 2926 3842 sufﬁcit
2953 3786 3139 3859 fugere
3175 3792 3243 3846 de
3272 3800 3417 3848 terra
3441 3793 3736 3867 Babylonis
3760 3818 3774 3852 :

2187 3872 2280 3926 sed
2310 3883 2364 3927 et
2395 3874 2651 3930 resalvari
2691 3893 2756 3931 ex
2790 3886 2937 3934 terra
2970 3879 3259 3953 Babylonis
3281 3923 3297 3949 ,
3335 3885 3400 3940 ad
3436 3889 3778 3944 annuntian-

2183 3961 2310 4016 dum
2347 3964 2401 4018 in
2439 3963 2568 4020 Sion
2602 3968 2898 4024 vindictam
2925 3971 3151 4027 Domino
3182 3974 3291 4030 Deo
3322 3987 3541 4042 nostro,
3572 3988 3637 4032 ut
3677 3979 3771 4034 fu-

2182 4056 2390 4125 gientes
2423 4059 2490 4114 de
2539 4068 2681 4124 terra
2712 4060 3000 4130 Babylonis
3039 4065 3267 4122 veniatis
3311 4067 3378 4122 ad
3407 4066 3536 4123 Sion
3576 4085 3775 4138 specu-

2180 4143 2433 4210 latorum,
2475 4147 2773 4204 Ecclesiam
2803 4149 2900 4206 Dei
2947 4152 3015 4208 ad
3049 4158 3476 4212 annuntiandum
3513 4159 3567 4212 in
3602 4159 3763 4227 Sion,

2177 4234 2232 4289 id
2266 4244 2350 4290 est
2377 4236 2692 4302 Ecclesiam,
2735 4242 3028 4298 vindictam
3066 4261 3096 4300 a
3135 4247 3361 4304 Domino
3401 4251 3512 4304 Deo
3551 4262 3766 4319 nostro,

2175 4325 2467 4382 vindictam
2494 4329 2677 4398 populi
2705 4332 2839 4402 ejus.
2877 4334 3199 4394 Dcnuntiate
3224 4338 3279 4392 in
3313 4340 3580 4411 Babylone
3611 4344 3757 4399 mul-

2176 4415 2264 4482 tis,
2307 4418 2453 4472 onmi
2499 4418 2796 4476 intendenti
2837 4438 3020 4479 arcum
3056 4441 3071 4480 :
3103 4428 3758 4501 sxgniflcanter'positum

2173 4514 2256 4564 est
2281 4508 2478 4564 multis.
2506 4509 2654 4565 Multi
2682 4513 2828 4568 enim
2860 4523 2986 4570 sunt
3011 4517 3104 4585 qui
3133 4517 3188 4572 in
3225 4518 3494 4591 Babylone
3523 4532 3670 4587 sunt,
3700 4525 3757 4580 in

2173 4595 2506 4656 Hierusalem
2527 4615 2658 4657 vero
2682 4605 2857 4673 pauci.
2885 4605 3000 4660 Non
3022 4608 3167 4662 enim
3204 4609 3407 4666 idcirco
3446 4612 3521 4667 ait
3555 4631 3568 4667 :
3601 4632 3621 4664 ί
3664 4615 3753 4669 Di-

2174 4689 2308 4747 lexit
2338 4709 2433 4749 vos
2461 4694 2723 4752 Dominus
2759 4697 2901 4755 Deus
2933 4709 3142 4766 vester,
3173 4704 3301 4773 quia
3337 4705 3489 4760 multi
3532 4707 3701 4762 eratis
3729 4725 3747 4762 :

2172 4797 2267 4837 vos
2305 4785 2500 4854 quippe
2547 4788 2678 4842 estis
2707 4789 2865 4857 pauci
2904 4789 2972 4844 ab
3016 4793 3267 4856 omnibus
3303 4795 3571 4866 gentibus.
3615 4817 3636 4850 ι
3683 4799 3752 4853 Et

2169 4875 2303 4931 bene
2341 4876 2424 4931 his
2444 4879 2536 4947 qui
2563 4894 2631 4933 ex
2655 4889 2807 4950 parte
2836 4891 2991 4937 erant
3015 4882 3219 4938 dictum
3248 4893 3353 4952 est,
3387 4905 3408 4938 ι
3431 4890 3586 4958 pauci
3611 4890 3744 4944 estis

2169 4967 2236 5022 ab
2257 4968 2507 5024 omnibus
2524 4973 2790 5042 gentibus.
2817 4992 2835 5025 ι
2854 4974 3094 5046 lntellige
3118 4991 3282 5046 porro
3306 4987 3364 5034 et
3381 4980 3512 5036 hoc:
3535 5000 3554 5031 ι
3579 4979 3746 5038 Pauci

2171 5059 2262 5127 qui
2288 5060 2586 5127 salvantur,
2610 5083 2628 5113 ι
2655 5064 2748 5119 sed
2773 5075 2828 5120 et
2849 5065 3006 5121 illud:
3038 5086 3056 5119 ι
3087 5065 3406 5126 Contendite
3425 5071 3628 5127 intrare
3648 5089 3744 5142 per

2170 5158 2450 5221 angustam
2491 5161 2736 5222 portam;
2777 5155 2832 5210 in
2874 5157 2979 5213 lata
3025 5167 3205 5214 autem
3239 5167 3294 5214 et
3340 5163 3548 5230 patenti
3589 5164 3742 5218 multi

2168 5242 2436 5300 incedunt.
2451 5265 2468 5297 ι
2553 5264 2572 5297 ‹
2591 5248 2918 5304 Anuuntiate
2933 5253 2986 5306 in
3001 5251 3272 5323 Babylone
3283 5254 3489 5319 multis,
3502 5255 3650 5309 omni
3661 5258 3744 5310 in-

2169 5333 2406 5400 tendenti
2438 5352 2660 5408 arcum;
2692 5354 2797 5398 non
2828 5341 2898 5396 sit
2921 5355 2998 5410 ex
3017 5355 3091 5406 ea
3122 5342 3214 5412 qui
3236 5342 3494 5412 salvetur.
3527 5344 3744 5414 Disper-

2167 5421 2297 5500 dite,
2323 5415 2812 5511 interficiteomnia
2834 5428 3144 5512 Babylonis.
3166 5431 3394 5508 plNuper
3413 5432 3648 5504 diximus
3673 5435 3742 5490 de

2167 5516 2402 5598 parvulis
2441 5507 2865 5598 Babyloniis,.de
2893 5522 3024 5592 viris
3057 5507 3398 5596 Babyloniis,
3421 5525 3498 5598 tie,
3527 5519 3742 5594 semine

2166 5595 2478 5688 Babylonio-
2495 5609 2613 5689 an.
2626 5613 2695 5690 erit
2710 5621 2764 5690 et
2777 5595 2867 5688 ιιὲιί
2887 5612 3265 5692 τςξξιινῑθμιυιθ
3282 5595 3491 5700 ean-libs
3510 5616 3736 5700 Nile-

2167 5700 2249 5755 nis
2265 5717 2277 5755 :
2292 5685 2581 5785 iretrihuite
2677 5685 2838 5782 juxta
2863 5685 3040 5780 opera,
3548 5689 3734 5776 omnia
