4044 6326
245 389 382 444 1155

1093 379 1456 438 EXPOSITIO
1493 379 1724 438 SUPER
1762 379 2142 438 JEREMIAM.
2173 409 2244 422 --
2277 381 2409 437 LIB.
2453 382 2594 439 XVI.
2683 403 2690 410 θ

3377 382 3520 439 1456

245 519 366 576 quae
385 498 514 558 fecit
543 497 702 554 facite
724 497 796 563 ei,
819 498 945 568 quia
970 494 1200 552 Domino
1226 496 1448 562 restitit,
1472 506 1527 551 et
1548 496 1837 552 adversum
1862 503 1915 564 Α
1939 495 2128 552 mundi
2166 503 2475 564 versantur,
2506 504 2566 552 et
2593 496 2876 569 sapientiae
2916 496 3164 555 multari
3193 497 3514 564 innitentes,

245 601 493 654 sanctum
526 592 693 648 Deum
716 590 898 646 Israel.
926 589 1173 657 Quandiu
1198 589 1367 645 habes
1394 589 1452 645 in
1474 597 1528 645 te
1551 589 1835 662 cogitatio-

246 702 344 745 nes
364 671 602 756 nequam
643 682 957 738 resistentes
983 680 1173 751 pietati
1217 689 1271 736 et
1299 680 1425 736 ﬁdei
1452 697 1628 748 verae,
1671 681 1836 736 habes

247 781 304 837 in
357 789 412 836 te
450 778 809 850 Babylonios;
859 777 955 834 sed
1002 776 1088 833 fac
1140 777 1456 844 vindictam,
1497 786 1554 834 et
1592 777 1838 834 interﬁce

247 889 436 930 omnes
461 878 988 960 peccatoregterrae,
1013 885 1132 940 quae
1163 869 1217 923 in
1251 876 1304 924 te
1327 878 1430 933 est,
1457 869 1512 924 id
1531 878 1616 925 est
1649 884 1838 924 omnes

247 967 604 1039 Babylonios,
635 974 697 1020 ut
721 965 898 1037 possis
948 965 1237 1020 mundatus
1271 961 1610 1020 Hierusalem
1651 970 1834 1017 trans-

249 1058 400 1129 gredi
430 1058 705 1114 civitatem
734 1057 830 1112 Dei
863 1057 919 1111 in
948 1056 1164 1112 Christo
1194 1055 1345 1112 Jesu.

325 1167 344 1201 ι
391 1149 597 1204 Idcirco
622 1149 816 1205 cadent
835 1147 1063 1218 juvenes
1092 1149 1146 1205 in
1183 1149 1376 1220 plateis
1397 1149 1532 1218 ejus,
1569 1159 1624 1205 et
1647 1164 1837 1206 omnes

256 1258 275 1290 ι
320 1239 422 1295 viri
468 1239 758 1296 bellatores
811 1243 930 1312 ejus
985 1241 1351 1297 conticescent
1384 1242 1441 1296 in
1479 1242 1568 1298 die
1604 1241 1714 1307 illa,
1761 1241 1839 1296 ait

255 1349 275 1382 ε
319 1329 600 1386 Dominus.
641 1349 660 1381 ι
693 1328 928 1387 Juvenes
958 1347 1057 1403 pro
1090 1331 1322 1388 fortibus
1351 1334 1550 1403 posuit,
1582 1341 1637 1387 et
1665 1332 1836 1387 bella-

250 1430 398 1479 tores
453 1438 554 1494 pro
595 1422 852 1478 robustis.
879 1422 1115 1480 Juvenes
1156 1440 1286 1495 ergo
1312 1423 1624 1495 Babylonis,
1658 1425 1749 1494 qui
1782 1424 1836 1478 in

248 1512 445 1586 plateis
475 1512 598 1584 ejus
622 1529 744 1583 quae
777 1514 847 1569 ad
874 1523 1107 1570 mortem
1134 1515 1338 1571 ducunt
1361 1516 1700 1587 gradiuntur,
1735 1530 1836 1570 nec

250 1615 540 1678 angustam
569 1606 714 1660 viam
746 1607 1042 1676 arripiunt,
1077 1622 1198 1677 quae
1227 1607 1375 1662 ducit
1405 1607 1472 1661 ad
1491 1607 1684 1672 cvitam,
1711 1621 1838 1676 pro-

250 1697 339 1753 cul
365 1698 526 1754 dubio
555 1697 610 1754 in
637 1699 726 1754 die
751 1699 1072 1754 visitationis
1098 1699 1310 1753 Domini
1341 1698 1552 1752 cadent.
1580 1696 1840 1752 Similiter

249 1796 306 1842 et
339 1803 530 1843 omnes
559 1788 663 1843 viri
692 1789 999 1856 bellatores,
1031 1790 1124 1857 qui
1166 1803 1288 1844 cum
1336 1803 1461 1859 rege
1500 1802 1598 1842 suo
1627 1787 1839 1843 diabolo

1938 588 2140 643 erroris
2176 587 2467 644 simulacra
2494 604 2594 660 pro
2617 589 2851 645 veritate
2871 590 3075 657 colunt,
3101 606 3224 646 cum
3247 590 3520 646 thesauris

1936 679 2306 736 doctrinarum
2337 688 2392 735 et
2415 696 2642 753 operum
2669 697 2892 738 suorum
2920 681 3108 738 futuro
3133 681 3338 751 judicio
3363 680 3486 738 dam
3503 709 3520 723 ο

1935 773 2120 828 navit:
2149 782 2469 844 arescetque
2480 775 2725 830 doctrina
2747 774 3128 831 baereticormn
3159 782 3321 846 atque
3350 773 3524 830 sicca-

1934 865 2104 933 bitur,
2133 867 2262 937 quia
2294 880 2564 938 synagoga
2587 881 2774 923 eorum
2805 876 2949 922 terra
2979 866 3308 940 sculptilium
3336 873 3438 933 est,
3467 871 3524 921 et

1936 956 1992 1011 in
2023 957 2318 1027 portentis,
2348 958 2451 1014 hoc
2495 965 2580 1013 est
2608 957 2882 1028 figmentis
2921 956 3089 1022 falsis,
3120 956 3398 1028 gloriatur.
3445 957 3526 1012 De

1935 1064 2044 1120 quo
2063 1048 2239 1120 gladio
2261 1049 2376 1119 ipse
2399 1048 2656 1104 Dominus
2693 1050 2748 1103 in
2774 1049 2988 1104 cantico
3015 1048 3416 1105 Deuteronomii
3437 1048 3522 1104 di-

1937 1140 2013 1194 cit
2043 1157 2057 1193 :
2091 1158 2112 1190 (
2155 1138 2214 1194 Si
2247 1153 2448 1195 acuero
2477 1148 2538 1193 ut
2563 1138 2741 1210 fulgur
2786 1139 3022 1210 gladium
3047 1155 3262 1206 meum,
3293 1148 3351 1196 et
3389 1138 3527 1194 arri-

1937 1226 2118 1302 puerit
2139 1229 2400 1302 judicium
2425 1247 2617 1286 manus
2642 1247 2784 1296 mea,
2833 1231 3056 1286 reddam
3076 1231 3335 1288 ultionem
3362 1232 3528 1288 hosti-

1939 1321 2041 1375 bus
2067 1320 2205 1374 meis
2227 1328 2282 1376 et
2305 1320 2390 1375 his
2409 1320 2502 1390 qui
2523 1321 2755 1374 oderunt
2773 1334 2861 1375 me
2894 1320 3211 1376 retribuam.
3243 1321 3525 1376 lnebriabo

1941 1413 2167 1484 sagittas
2211 1427 2358 1468 meas
2391 1417 2672 1484 sanguine,
2713 1420 2769 1466 et
2802 1412 3013 1483 gladius
3057 1427 3210 1468 meus
3251 1412 3530 1467 devorabit

1941 1522 2154 1572 carnes,
2186 1506 2251 1562 de
2280 1521 2474 1562 cruore
2501 1506 2806 1561 occisorum
2827 1515 2882 1560 et
2907 1506 2972 1561 de
3005 1506 3319 1577 captivitate
3340 1505 3528 1560 nudati

1942 1602 2286 1656 inimicorum
2317 1601 2514 1671 capitis
2544 1600 2721 1673 (Deut.
2752 1603 2949 1673 xxx").
2984 1620 3002 1651 ι

2017 1711 2035 1742 ι
2081 1691 2375 1760 Propterea
2398 1691 2719 1746 habitabunt
2741 1691 3003 1746 dracones
3029 1707 3153 1747 cum
3177 1690 3340 1747 fatuis
3361 1691 3531 1748 sicca-

1948 1802 1966 1834 ‹
2007 1783 2125 1848 riis,
2148 1791 2204 1836 et
2226 1783 2548 1838 habitabunt
2577 1783 2631 1838 in
2656 1798 2720 1839 ea
2748 1783 3160 1850 struthiones,ct
3187 1799 3293 1838 non
3321 1783 3531 1838 inhabi-

250 1887 442 1932 contra
471 1879 764 1935 Ecclesiam
801 1879 999 1934 Christi
1031 1887 1409 1950 pugnaverunt
1439 1879 1831 1944 conticescent;
1862 1867 1916 1930 Β
1949 1893 1967 1928 ι
2014 1873 2368 1947 tabiturultra
2389 1889 2562 1944 usque
2575 1875 2644 1930 ad
2665 1874 3204 1946 sempiternum.Nec
3219 1885 3530 1931 exstruetur

252 1985 352 2025 nec
384 1979 506 2041 post
550 1971 689 2027 diem
726 1971 915 2042 judicii
962 1971 1068 2024 ulla
1099 1970 1180 2025 eis
1227 1971 1384 2025 datur
1428 1979 1670 2040 potestas
1704 1985 1841 2041 pra:-

252 2061 416 2116 liandi
448 2071 613 2131 atque
659 2063 887 2118 nocendi
935 2062 1198 2118 militibus
1241 2060 1467 2128 Christi,
1509 2062 1603 2117 sed
1633 2069 1838 2116 aeterno

253 2152 469 2208 silentio
494 2151 846 2209 suffocantur.

329 2263 348 2295 ι
391 2245 530 2300 Ecce
557 2261 656 2316 ego
682 2246 751 2300 ad
795 2255 868 2311 te,
919 2245 1172 2318 superbe,
1223 2245 1352 2300 dicit
1393 2245 1651 2300 Dominus
1699 2245 1842 2300 Deus

258 2355 277 2389 ‹
323 2339 680 2405 exercituum,
730 2339 856 2408 quia
890 2338 1040 2392 venit
1069 2338 1184 2394 dies
1225 2346 1348 2391 tuus
1369 2377 1384 2403 ,
1420 2344 1634 2406 tempus
1661 2336 1844 2390 visita-

254 2429 417 2484 tionis
447 2438 581 2496 tuae;
616 2438 671 2485 et
691 2431 852 2486 cadet
877 2431 1142 2500 superbus
1179 2438 1236 2484 et
1261 2437 1497 2496 corruet,
1523 2437 1577 2485 et
1602 2444 1708 2484 non
1737 2429 1843 2483 erit

259 2541 276 2571 ι
319 2521 410 2590 qui
449 2521 674 2576 suscitet
699 2537 860 2588 eum;
889 2529 946 2576 et
971 2520 1296 2577 succendam
1322 2521 1500 2592 ignem
1527 2520 1580 2574 in
1619 2519 1844 2575 urbibus

260 2630 279 2663 ι
319 2612 1011 2680 ejus,etdevorahitomnia
1026 2613 1078 2668 in
1094 2613 1324 2668 circuitu
1338 2613 1474 2683 ejus.
1510 2631 1529 2663 ›
1551 2609 1841 2682 (Μλυιιυε.)

255 2701 519 2772 Loquitur
562 2705 829 2774 propheta
864 2705 931 2759 ad
958 2719 1153 2775 regem
1190 2704 1482 2774 Babylonis
1521 2703 1764 2758 indicans
1792 2703 1844 2758 ei

253 2795 493 2850 futuram
525 2796 764 2863 cladem,
793 2805 849 2852 et
877 2799 1023 2868 genti
1057 2813 1169 2852 sua:
1207 2797 1370 2852 simul
1405 2797 1688 2852 imminere
1715 2815 1729 2852 :
1757 2797 1842 2852 in-

255 2903 420 2958 super
463 2898 520 2944 et
567 2889 877 2945 incendium
914 2891 1326 2947 devastaturum
1363 2906 1484 2947 esse
1509 2891 1674 2946 urbes
1705 2890 1843 2962 ejus,

257 2989 314 3037 et
352 2982 546 3052 oppida
577 2998 696 3052 quae
738 2983 954 3038 fuerunt
1006 2983 1060 3037 in
1104 2983 1357 3038 circuitu.
1410 2983 1634 3055 Mystice
1662 2991 1845 3039 autem

256 3074 581 3143 praenuntiat
608 3074 722 3145 regi
746 3074 1134 3144 superbissimo
1175 3075 1520 3141 antichristo,
1553 3075 1646 3146 qui
1675 3073 1846 3131 extol-

256 3162 387 3218 litur
415 3180 575 3235 super
587 3180 745 3220 omne
766 3167 909 3236 quod
930 3166 1130 3221 dicitur
1149 3167 1310 3233 Deus,
1335 3178 1430 3222 aut
1453 3169 1597 3238 quod
1617 3169 1840 3235 colitur;

255 3263 312 3310 ct
338 3231 598 3312 membris
625 3231 909 3325 ejus,_hoc
933 3268 1016 3314 est
1047 3231 1302 3316 omnibus
1343 3231 1564 3332 iniquis,
1606 3231 1846 3319 futuram
1871 3231 1921 3296 θ

258 3333 685 3415 damnationem,
714 3357 770 3404 et
791 3365 982 3406 omnes
1009 3352 1340 3408 munitiones
1363 3352 1482 3421 ejus
1503 3368 1638 3424 quas
1663 3352 1852 3408 habuit

257 3440 312 3494 in
365 3439 628 3508 sapientia
669 3440 914 3496 saeculari
968 3453 1333 3508 constructas,
1390 3452 1442 3498 et
1495 3443 1852 3500 conciliabula

257 3532 517 3601 maligna,
554 3532 610 3585 in
653 3533 849 3602 quibus
894 3534 1142 3590 homines
1183 3536 1434 3604 decipere
1469 3538 1737 3608 gaudebat
1764 3537 1850 3592 fu-

259 3631 382 3676 turo
414 3623 664 3677 incendio
694 3626 1090 3680 concremanda
1124 3645 1135 3680 :
1175 3627 1248 3680 ita
1271 3637 1330 3681 ut
1355 3628 1622 3684 universa
1649 3629 1855 3684 machi-

259 3713 508 3769 nationes
560 3715 711 3785 ejus,
748 3723 803 3769 et
846 3730 996 3769 arma
1042 3730 1165 3770 cum
1196 3717 1394 3785 quibus
1420 3718 1607 3773 orbem
1655 3727 1854 3772 sanctae

259 3804 354 3860 Dei
400 3804 654 3861 Ecclesiae
720 3805 1094 3876 impugnabat,
1143 3807 1197 3860 in
1256 3807 1480 3862 interitu
1529 3809 1856 3864 devorentur

257 3905 486 3961 aeterno,
510 3912 576 3952 eo
601 3899 744 3967 quod
773 3913 877 3951 non
905 3897 1184 3952 timuerint
1204 3899 1528 3952 calumniam
1552 3897 1773 3963 inferre,
1800 3905 1855 3953 et

258 3989 628 4058 captivitatem
651 3989 847 4059 populo
876 3989 1469 4060 Deipraeparare.Unde
1482 3999 1537 4046 et
1565 3991 1810 4062 sequitur
1836 4007 1852 4046 :

336 4097 354 4130 ι
398 4078 525 4135 Haec
550 4080 682 4134 dicit
704 4079 965 4136 Dominus
994 4081 1332 4137 exercituum
1359 4099 1372 4135 :
1397 4081 1736 4147 Calumniam
1767 4099 1854 4138 su-

265 4193 283 4226 (
329 4173 534 4227 stinent
562 4171 658 4225 ﬁlii
687 4171 874 4238 lsrael,
915 4180 971 4228 et
1015 4171 1110 4226 ﬁlii
1149 4172 1288 4227 Juda
1317 4173 1509 4238 simul;
1545 4189 1734 4229 omnes
1759 4174 1853 4245 qui

267 4280 286 4315 ι
332 4271 592 4332 ceperunt
618 4277 713 4318 eos
741 4271 944 4328 tenent,
974 4261 1164 4318 nolunt
1187 4263 1463 4318 dimittere
1487 4279 1596 4320 eos.
1624 4263 1853 4321 Redem-

267 4371 286 4406 ι
325 4362 448 4424 ptor
461 4369 649 4408 eorum
674 4353 848 4418 fortis,
865 4353 1124 4408 Dominus
1139 4354 1416 4409 exercituu
1426 4371 1476 4408 m
1495 4370 1688 4410 nomen
1701 4356 1817 4426 ejus
1834 4374 1847 4410 :

268 4461 287 4495 ι
321 4443 528 4512 judicio
540 4443 794 4499 defendet
806 4459 1026 4499 causam
1049 4458 1260 4509 eorum,
1276 4451 1335 4498 ut
1355 4455 1628 4500 exterreat
1651 4455 1850 4502 terram

269 4551 290 4585 ι
336 4541 392 4588 ει
429 4542 766 4588 commoveat
812 4535 1145 4589 habitatores
1192 4533 1499 4605 Babylonis.
1532 4534 1754 4593 Gladius
1782 4538 1850 4594 ad

269 4645 292 4681 ι
331 4627 631 4692 Chaldaeos,
657 4628 735 4680 ait
760 4627 1044 4692 Dominus,
1076 4637 1132 4682 et
1155 4629 1223 4683 ad
1253 4600 1590 4684 habitatores
1622 4629 1849 4702 Babylo-
1873 4600 1928 4660 Β

266 4733 291 4772 ι
330 4716 437 4782 nis,
467 4725 523 4771 et
553 4717 620 4770 ad
647 4715 940 4786 principes,
971 4725 1024 4771 ct
1049 4717 1115 4770 ad
1146 4719 1420 4788 sapientes
1445 4720 1564 4790 ejus
1598 4738 1610 4774 :
1641 4720 1850 4792 gladius

266 4827 293 4865 ι
331 4810 400 4865 ad
425 4808 635 4864 divinos
662 4808 782 4878 ejus
808 4809 900 4878 qui
938 4809 1089 4864 stulti
1118 4821 1308 4876 erunt,
1341 4811 1548 4882 gladius
1580 4812 1648 4867 ad
1682 4812 1850 4869 fortes

269 4919 292 4956 ι
336 4900 480 4956 illius
507 4901 600 4970 qui
633 4899 916 4965 timebunt,
968 4899 1176 4970 giadius
1213 4903 1282 4958 ad
1320 4917 1488 4972 equos
1529 4902 1665 4972 ejus,
1697 4914 1754 4960 et
1781 4905 1849 4960 ad

271 5013 289 5045 ι
336 5007 530 5048 currus
556 4991 674 5062 ejus
693 5031 708 5056 ,
738 4998 797 5045 et
818 4990 885 5044 ad
913 5005 1072 5044 omne
1093 4991 1285 5062 vulgus
1309 4994 1452 5062 quod
1483 5002 1565 5049 est
1589 4996 1644 5050 in
1671 4996 1849 5052 medio

273 5105 292 5138 ι
335 5085 475 5156 ejus,
513 5093 567 5141 et
599 5093 759 5140 erunt
786 5084 938 5154 quasi
971 5085 1254 5152 mulieres;
1289 5086 1496 5158 gladius
1533 5089 1602 5143 ad
1629 5089 1847 5145 thesau-

272 5199 290 5230 ι
337 5196 425 5234 ros
451 5177 586 5247 ejus,
614 5180 706 5249 qui
727 5179 1081 5248 diripientur;
1111 5179 1328 5236 siccitas
1348 5197 1509 5253 super
1533 5198 1702 5254 aquas
1731 5183 1848 5252 ejus

274 5289 292 5322 ι
339 5272 461 5335 erit,
501 5279 557 5326 et
584 5279 864 5337 arescent,
901 5271 1029 5342 quia
1060 5280 1203 5326 terra
1231 5273 1557 5343 sculptilium
1581 5283 1684 5341 est,
1711 5282 1766 5330 et
1794 5275 1848 5330 in

275 5381 294 5412 ι
339 5363 604 5430 portentis
623 5363 897 5432 gloriatur.
933 5383 952 5416 ι
979 5362 1201 5420 Gladius
1227 5365 1368 5419 enim
1391 5365 1602 5420 Domini
1625 5367 1849 5422 devorat

270 5465 458 5507 omnes
489 5460 801 5520 peccatores
827 5461 1014 5520 terrae,
1045 5463 1096 5510 et
1126 5471 1232 5510 non
1263 5456 1433 5510 solum
1463 5456 1764 5526 Chaldaeos,
1793 5465 1850 5514 et

271 5542 604 5598 habitatores
631 5541 956 5613 Babyloniae,
992 5545 1095 5602 hoc
1120 5555 1222 5613 est,
1255 5546 1526 5617 principes
1547 5548 1664 5619 ejus
1683 5557 1741 5604 et
1764 5564 1850 5604 sa-

271 5632 482 5703 pientes
496 5630 634 5701 ejus,
666 5642 826 5701 atque
851 5635 1062 5690 divinos
1088 5653 1211 5692 cum
1229 5639 1376 5693 omni
1397 5638 1578 5710 vulgo,
1605 5639 1846 5695 imbelles

269 5721 426 5791 quasi
457 5722 732 5788 mulieres,
755 5739 853 5793 per
886 5722 1088 5792 Medos,
1128 5737 1290 5798 atque
1322 5727 1518 5784 Persas
1552 5728 1846 5784 historiali-

273 5825 356 5877 ter
391 5821 694 5895 destruxit;
746 5825 843 5882 scd
878 5825 1044 5884 etiam
1086 5844 1273 5887 omnes
1305 5829 1395 5901 qui
1425 5829 1483 5888 iu
1529 5830 1847 5891 confusione

1947 1988 1967 2022 ‹
2006 1984 2176 2038 usque
2193 1968 2260 2022 ad
2281 1970 2683 2039 generationem
2707 1975 2765 2021 et
2779 1959 3212 2038 generationem:
3236 1968 3377 2023 sicut
3401 1967 3531 2022 sub-

1947 2079 1966 2111 ‹
2010 2060 2172 2114 vertit
2188 2058 2327 2114 Deus
2341 2047 2629 2114 Sodomam
2645 2067 2700 2114 et
2713 2058 3093 2125 Gomorrham,
3108 2069 3162 2114 et
3175 2059 3380 2115 vicinas
3393 2057 3526 2128 ejus,

1947 2169 1966 2203 ι
2012 2151 2384 2206 aitDominus.
2400 2149 2515 2204 Non
2539 2149 2891 2205 habitabitibi
2919 2167 3022 2216 vir,
3045 2167 3144 2206 nec
3181 2151 3379 2206 incolet
3407 2165 3530 2205 eam

1948 2266 1965 2296 ι
2004 2245 2147 2300 ﬁlius
2173 2244 2424 2299 hominis.
2465 2263 2484 2296 ι
2526 2242 2799 2314 (Ηὶενοη.)
2833 2243 3003 2298 Medis
3048 2243 3308 2297 adversus
3343 2241 3532 2296 confu—

1942 2336 2111 2390 sionis
2136 2336 2300 2390 urbes
2323 2334 2620 2400 suscitatis,
2649 2333 2743 2403 qui
2771 2347 2874 2388 nec
2894 2347 3088 2388 aurum
3117 2331 3172 2386 in
3192 2331 3350 2385 bonis
3376 2345 3534 2400 repu-

1942 2435 2080 2494 tant,
2107 2443 2209 2482 nec
2247 2436 2555 2499 argentum,
2585 2425 2678 2497 qui
2719 2426 2933 2498 sagittis
2964 2424 3296 2479 interﬁciunt
3329 2439 3528 2494 parvu-

1941 2519 2046 2585 los,
2070 2528 2127 2573 et
2150 2518 2477 2574 lactantibus
2498 2519 2668 2574 uteris
2697 2534 2805 2573 non
2834 2518 3259 2582 miserebuntur,
3286 2524 3342 2570 et
3370 2527 3537 2586 super

1944 2610 2084 2666 ﬁlios
2124 2626 2232 2666 non
2274 2619 2462 2681 parcet
2503 2609 2692 2666 oculus
2713 2624 2924 2664 eorum.
2965 2607 3105 2666 Urbs
3141 2608 3413 2678 quondam
3452 2607 3535 2661 in-

1944 2702 2088 2773 clyta
2114 2717 2232 2772 quae
2271 2711 2389 2758 erat
2420 2703 2475 2757 in
2511 2701 2760 2772 superbia
2801 2700 3198 2766 Chaldaeorum,
3235 2699 3329 2769 qui
3363 2699 3532 2754 inter-

1944 2801 2230 2865 pretantur
2253 2793 2409 2864 quasi
2441 2793 2730 2858 daemonia,
2762 2791 2841 2847 sic
2871 2793 3203 2847 subvertitur
3221 2833 3236 2857 ,
3266 2788 3535 2860 quomodo

1946 2885 2206 2939 subversa
2231 2892 2316 2939 est
2345 2883 2579 2938 Sodoma
2607 2892 2663 2937 et
2697 2881 3018 2949 Gomorrha,
3059 2890 3117 2936 ut
3144 2883 3350 2938 nullum
3379 2883 3432 2936 in
3470 2895 3535 2938 ea

1945 2984 2165 3030 maneat
2192 2975 2434 3044 pristinae
2467 2975 2766 3031 mansionis
2785 2976 3105 3047 vestigium;
3131 2975 3226 3031 sed
3249 2983 3534 3046 postquam

1948 3066 2112 3122 fuerit
2154 3068 2353 3124 celum
2382 3083 2618 3135 novum,
2647 3072 2702 3123 et
2742 3078 2889 3125 terra
2914 3085 3076 3136 nova,
3120 3079 3176 3126 et
3214 3071 3538 3142 praeterierit

1949 3165 2121 3237 ﬁgura
2147 3165 2307 3236 hujus
2333 3165 2519 3222 mundi
2551 3164 2602 3237 (I
2642 3163 2766 3220 Cor.
2790 3167 2926 3237 vn),
2961 3181 3068 3221 non
3097 3165 3374 3221 habitetur
3404 3165 3536 3220 urbs

1951 3257 2283 3314 confusionis
2324 3259 2379 3312 in
2419 3264 2763 3328 perpetuum.
2811 3256 3111 3329 (MAURUS.)
3147 3255 3283 3324 Quia
3311 3271 3439 3327 ergo
3469 3254 3538 3310 de

1951 3350 2210 3406 monstris
2239 3349 2328 3405 his
2360 3359 2482 3420 qua:
2508 3349 2598 3404 hic
2632 3357 3148 3416 commemorantur,
3189 3348 3242 3403 in
3271 3348 3537 3419 principio

1952 3445 2111 3514 hujus
2137 3445 2444 3516 Babyloniae
2476 3443 2808 3514 captivitatis
2834 3442 2989 3512 juxta
3019 3442 3308 3512 prophetas
3338 3441 3534 3497 Isaiam

1951 3545 2008 3594 et
2061 3535 2351 3592 Jeremiam
2409 3531 2763 3592 historialiter
2804 3535 2918 3604 jam
2977 3536 3240 3601 diximus;
3295 3536 3536 3590 dicamus

1953 3629 2114 3684 modo
2155 3629 2453 3684 secundum
2499 3627 2884 3699 tropologiam,
2916 3628 3145 3700 quodin
3177 3627 3281 3682 ﬁne
3323 3627 3532 3693 mundi,

1951 3721 2038 3776 vel
2079 3721 2274 3776 mortis
2304 3719 2726 3791 uniuscujusque
2778 3719 2952 3774 omnis
2993 3718 3163 3790 gloria
3191 3726 3246 3773 et
3287 3718 3538 3788 superbia

1954 3810 2353 3878 Chaldaeorum,
2389 3819 2445 3866 et
2485 3810 2730 3867 confusio
2754 3811 2938 3866 mundi
2981 3811 3199 3867 recedet
3223 3825 3254 3865 a
3284 3811 3458 3876 nobis,
3484 3816 3541 3865 et

1955 3901 2030 3956 ita
2068 3902 2251 3956 omnia
2286 3901 2687 3967 subvertentur,
2729 3901 2872 3956 sicut
2900 3901 3165 3956 subvertit
3199 3901 3342 3956 Deus
3371 3899 3540 3956 Sodo-

1954 4009 2098 4047 mam
2120 4001 2174 4048 et
2195 3992 2594 4048 Gomorrham:
2628 4008 2728 4048 nec
2761 3993 2903 4047 ultra
2927 3993 3110 4048 mundi
3143 3992 3299 4048 istius
3325 3991 3540 4046 futurus

1955 4086 2026 4140 sit
2052 4094 2245 4152 status,
2270 4087 2364 4141 sed
2391 4093 2612 4157 pereat;
2660 4101 2762 4140 nec
2789 4093 2958 4155 ponat
2991 4085 3063 4141 ibi
3089 4083 3267 4141 Arabs
3302 4085 3536 4140 tentoria

1953 4191 2071 4231 sua.
2097 4176 2174 4232 De
2208 4190 2318 4248 quo
2343 4177 2397 4231 in
2427 4176 2766 4248 sexagesimo
2788 4175 2995 4246 psalmo
3018 4175 3215 4246 legitur
3247 4194 3259 4229 :
3296 4175 3433 4230 «Iter
3455 4174 3537 4228 fa-

1953 4271 2060 4325 cite
2073 4271 2123 4324 ei
2150 4271 2242 4340 qui
2272 4270 2514 4326 ascendit
2544 4285 2706 4340 super
2724 4283 2977 4324 occasum
3011 4286 3023 4322 :
3053 4267 3312 4323 Dominus
3341 4253 3546 4323 nomen.

1953 4368 2038 4417 est
2060 4359 2196 4430 ejus.
2241 4379 2259 4412 ι
2305 4359 2414 4415 Nec
2445 4370 2691 4431 pastores
2733 4359 2805 4414 ibi
2843 4357 3206 4428 requiescant,
3239 4357 3414 4430 angeli
3447 4355 3540 4428 qui

1954 4455 2192 4510 humano
2221 4462 2464 4524 praesunt
2507 4453 2713 4524 generi,
2755 4461 2810 4506 et
2835 4449 3076 4521 quotidie
3115 4435 3306 4504 vident
3331 4447 3537 4505 faciem

1955 4544 2169 4616 Patris:
2201 4545 2294 4599 sed
2323 4543 2666 4614 requiescant
2700 4542 2774 4597 ibi
2798 4539 3012 4608 bestiae,
3069 4549 3146 4598 et"
3169 4535 3453 4607 dracOnes,
3484 4549 3541 4597 et

1954 4619 2308 4701 struthiones,
2358 4642 2414 4688 et
2466 4633 2747 4704 pilosi,'et
2785 4633 2966 4699 ululae,
3011 4642 3067 4688 et
3117 4635 3332 4699 sirenae,
3391 4647 3560 4703 quas,

1953 4743 2142 4783 omnes
2178 4728 2380 4783 bestias
2416 4727 2641 4799 ﬁguram
2683 4727 3034 4804 intelligimus
3075 4727 3410 4798 angelorum,
3452 4726 3538 4780 vel

1953 4819 2286 4885 daemonum;
2309 4828 2365 4874 et
2385 4835 2572 4874 eorum
2587 4818 2780 4888 quibus
2798 4818 3063 4873 tradimur
3075 4818 3141 4873 ad
3163 4819 3492 4889 puniendum
3519 4858 3534 4883 ,

1951 4921 2007 4968 et
2045 4913 2100 4968 in
2130 4913 2378 4968 domibus
2407 4913 2674 4984 quondam
2710 4911 3039 4982 voluptatis,
3078 4910 3168 4967 ubi
3197 4919 3316 4966 erat
3351 4909 3537 4966 laetitia

1952 5011 2007 5058 et
2034 5004 2309 5074 gaudium,
2347 5004 2417 5060 sit
2448 5004 2697 5074 planctus
2725 5003 2991 5059 ulularum
3010 5044 3026 5070 ,
3060 5002 3143 5058 vel
3174 5001 3536 5058 lamentabilis

1950 5109 2057 5148 vox
2086 5095 2388 5150 sirenarum
2423 5109 2543 5165 quae
2561 5093 2836 5151 auditores
2864 5109 2992 5149 suos
3017 5093 3164 5148 ducit
3189 5093 3258 5147 ad
3279 5101 3530 5148 mortem.

1952 5189 2188 5260 Tempus
2233 5191 2519 5246 imminere
2539 5189 2729 5258 judicii
2757 5199 2814 5244 et
2863 5189 3006 5244 diem
3055 5186 3536 5247 consummationis

1952 5281 2258 5353 Babylonia:
2308 5298 2415 5338 non
2465 5283 2720 5355 elongare
2747 5323 2762 5348 ,
2818 5297 3158 5354 nequaquam
3197 5281 3484 5336 mirabitur
3513 5321 3529 5346 _,

1951 5373 2045 5442 qui
2072 5373 2314 5442 quotidie
2333 5389 2430 5444 per
2457 5381 2678 5427 sanctos
2707 5374 2874 5438 viros,
2905 5373 2960 5428 in
2990 5374 3074 5430 his
3097 5373 3190 5444 qui
3219 5371 3447 5428 credunt
3477 5373 3531 5426 in

1955 5463 2185 5519 Domino
2221 5465 2459 5520 subverti
2489 5465 2722 5520 viderint
2754 5465 3079 5538 Babylonem
3107 5507 3122 5532 ,
3168 5465 3526 5521 aeternitatem

1956 5564 2327 5626 comparatam
2356 5556 2504 5612 omni
2540 5556 2857 5630 longitudini
2887 5572 3006 5614 esse
3042 5558 3295 5614 vicinam.
3334 5557 3410 5612 Dc
3435 5570 3528 5627 ge-

1954 5648 2175 5706 neribus
2208 5651 2501 5707 bestiarum
2554 5653 2663 5707 imo
2698 5663 3062 5716 monstrorum
3111 5655 3348 5710 breviter
3389 5650 3530 5706 dixi-

1953 5759 2076 5800 mus
2111 5760 2124 5798 :
2160 5745 2288 5814 quia
2326 5745 2382 5800 in
2427 5746 2700 5816 prioribus
2739 5745 2894 5815 juxta
2937 5747 3222 5803 historiam
3260 5761 3326 5801 ex
3376 5750 3533 5814 parte

1951 5835 2237 5907 perstricta
2280 5845 2426 5894 sunt.
2481 5838 2592 5895 Hoc
2635 5855 2848 5910 quoque
2891 5837 3340 5896 considerandum
3389 5825 3532 5904 quod
