4044 6326
578 321 720 385 “illi

1206 331 1271 388 B.
1311 323 1571 392 BABAM
1607 324 1828 394 MAUBl
1866 331 2186 394 ABCillEP.
2226 331 2538 395 HOGUNT.
2576 335 2864 397 OPERUM
2899 335 3080 398 PARS
3117 343 3204 400 Ill.

3734 349 3918 412 ﬂ”

571 453 856 518 postquam
881 445 1282 506 ecclesiasticus
1311 465 1513 520 sermo,
1547 461 1602 510 et
1632 455 1880 512 doctrina
1904 455 2154 511 Salvato-
2186 455 2232 517 Α
2253 455 2458 526 judicio
2506 456 2706 512 factum
2751 473 2892 525 esse,
2930 459 3086 530 cujus
3127 457 3391 520 voluntati
3431 460 3621 523 nullus
3669 483 3904 541 mm

569 533 646 589 ris
689 535 879 590 urbem
921 537 1256 594 confusionis
1295 543 1573 609 everterit,
1607 545 1679 600 ita
1721 553 1783 600 ut
1827 545 2074 602 Sodoma:
2097 556 2160 602 et"
2257 561 2431 619 neque
2460 549 2737 604 hominum
2766 552 3018 607 resistere
3037 553 3260 622 poterit,
3291 569 3416 611 mox
3444 556 3702 614 subdidit
3728 578 3746 613 :

569 622 884 682 Gomorrhze
905 636 1269 699 comparetur,
1310 647 1416 688 non
1445 635 1724 692 habitetur
1753 651 1784 692 a
1829 639 2030 694 sanctis
2069 639 2152 694 vi-

566 718 664 782 ris,
689 729 789 773 nec
808 727 1056 788 pastores
1081 724 1425 793 requiescant
1457 727 1552 793 ibi,
1582 729 1673 799 qui
1709 728 1908 785 Christi
1932 735 2148 801 gregem

563 816 788 877 pascens
818 821 1236 881 consueverunt,
1265 817 1360 872 sed
1387 821 1665 876 contrario
1703 823 2046 892 requleScant
2072 824 2147 880 ibi

563 897 784 966 hostiae,
815 905 870 956 et
898 903 1179 970 dracones,
1230 915 1283 962 et
1316 909 1474 978 pilosi
1511 911 1710 966 saltent
1735 911 1826 968 ibi.
1873 914 2146 986 Quidquid

563 988 706 1044 enim
745 992 985 1050 haeretici
1024 995 1316 1064 loquuntur
1357 1000 1411 1054 in
1450 1003 1741 1073 synagOgis
1765 1003 2006 1072 Satanae,
2037 1017 2143 1062 non

561 1085 648 1134 est
675 1081 914 1138 doctrina
945 1083 1182 1153 Domini,
1211 1088 1307 1144 sed
1331 1089 1569 1174 ululatus
1589 1095 1892 1152 daemonum
1919 1106 1976 1153 et
2002 1097 2144 1169 pilo-

559 1181 763 1238 sorum,
783 1189 919 1244 quos
943 1176 1258 1234 imitabatur
1277 1181 1419 1238 Esau
1445 1203 1466 1238 τ
1495 1191 1551 1240 et
1583 1187 1778 1242 sirenae
1801 1190 2144 1260 requiescent

558 1261 612 1317 in
643 1263 880 1322 delubris
900 1268 1190 1340 voluptatis
1213 1288 1334 1344 quae
1355 1274 1499 1332 dulci
1521 1285 1576 1332 et
1600 1277 1878 1336 mortifen‘o
1901 1283 2144 1337 carmine

553 1353 764 1412 animas
801 1361 1126 1428 pertrahunt
1164 1362 1217 1417 in
1258 1363 1606 1435 profundum,
1635 1377 1694 1424 ut
1716 1372 1972 1430 saeviente
2002 1389 2137 1430 nau-

552 1451 726 1519 tragio
747 1465 777 1506 a
800 1449 942 1524 lupis
970 1461 1028 1510 et
1053 1456 1282 1513 canibus
1310 1458 1658 1517 devorentur.

627 1584 644 1617 ι
689 1565 828 1622 Ecce
867 1562 1103 1640 populus
1119 1571 1265 1626 venit
1293 1571 1362 1627 ab
1383 1555 1635 1644 aquilone
1663 1583 1716 1632 et
1744 1591 1876 1648 gens
1915 1590 2132 1651 magna,

553 1673 572 1706 ε
616 1663 670 1710 et
686 1671 842 1729 rcges
863 1658 1014 1714 multi
1035 1672 1369 1734 consurgunt
1390 1652 1637 1719 alﬁnibus
1658 1673 1838 1733 terra},
1865 1663 2133 1726 arcum'et

553 1763 572 1798 ι
618 1755 830 1804 scutum
869 1751 1292 1820 appreliendent.
1334 1745 1596 1810 Crudeles
1618 1763 1776 1822 sunt,
1813 1765 1868 1812 et
1891 1757 2130 1817 immise-

2331 657 2351 691 ι
2383 639 2518 706 Quis
2565 642 2708 698 enim
2756 641 2954 700 similis
2984 645 3114 711 mei,
3149 656 3206 700 et
3231 647 3354 717 quis
3395 649 3701 706 stistinebit
3743 630 3903 708 me?

2259 745 2280 782 α
2309 729 2374 786 Et
2414 731 2534 802 quis
2561 740 2657 791 est.
2689 732 2792 788 iste
2827 734 3018 804 pastor
3057 737 3149 806 qui
3191 738 3414 794 resistat
3450 739 3632 795 vultui
3689 758 3836 798 nico
3863 745 3892 798 τ

2256 841 2280 874 ρ
2305 821 2597 894 Propterea
2627 825 2810 880 audite
2844 826 3134 882 consilium
3181 827 3420 896 Domini,
3469 831 3620 900 quod
3672 843 3890 890 mente

2254 933 2276 967 α
2303 917 2552 987 concepit
2579 918 2867 974 adversum
2897 918 3248 992 Babylonem,
3271 928 3327 978 et
3350 921 3729 993 cogitationes
3749 924 3885 992 eius

2253 1023 2272 1058 ι
2302 1023 2439 1078 quas
2494 1009 2766 1081 cogitavit.
2795 1023 2960 1080 super
3007 1019 3213 1067 terram
3268 1012 3653 1070 Ghaldmorum
3681 1034 3702 1070 :
3759 1018 3882 1074 nisi

2250 1117 2272 1150 ‹
2297 1099 2633 1155 detraxerint
2673 1116 2768 1158 eos
2810 1101 3020 1172 parvuli
3067 1117 3314 1175 gregum,
3357 1103 3468 1162 nisi
3515 1105 3872 1176 dissipatum

2249 1209 2274 1243 ς
2293 1191 2457 1249 fuerit
2484 1209 2608 1250 cum
2631 1194 2763 1265 ipsis
2787 1195 3154 1252 habitaculum
3174 1212 3385 1254 eorum.
3431 1197 3480 1253 Α
3509 1211 3648 1254 voce
3675 1201 3874 1272 capti-

2248 1305 2276 1340 τ
2297 1287 2483 1344 vitatis
2528 1287 2820 1360 Babylonis
2861 1297 3134 1346 commota
3185 1299 3272 1346 est
3323 1300 3510 1358 terra,
3531 1301 3594 1348 et
3637 1293 3871 1350 clamor

2245 1400 2269 1435 r
2295 1381 2438 1437 inter
2465 1390 2654 1453 gentes
2677 1383 2895 1440 auditus
2919 1393 3023 1438 est.
3045 1403 3065 1436 ι
3093 1383 3210 1439 Hoc
3221 1381 3386 1440 etiam
3405 1383 3580 1441 istius
3605 1387 3866 1442 manife-

2238 1472 2478 1528 stissime
2503 1471 2742 1528 declarat
2773 1473 2960 1529 dicens
2984 1491 3000 1530 :
3025 1491 3044 1524 ι
3079 1473 3206 1530 Haec
3234 1475 3367 1530 dicit
3397 1474 3672 1532 Dominus
3695 1478 3870 1532 chri-

2236 1573 2322 1619 sto
2352 1579 2474 1620 meo
2496 1563 2656 1636 Cyro,
2682 1563 2838 1634 cujus
2872 1567 3199 1638 apprehendi
3227 1565 3528 1634 dexteram,
3559 1577 3630 1624 ut
3664 1571 3860 1640 subii-

2235 1655 2375 1710 ciam
2407 1665 2530 1712 ante
2556 1656 2748 1712 faciem
2773 1656 2891 1726 ejus
2916 1666 3125 1729 gentes,
3171 1667 3228 1715 et
3271 1659 3433 1714 dorsa
3481 1671 3678 1730 regum
3721 1677 3862 1718 ver.

2233 1753 2366 1812 tam,
2394 1755 2449 1804 et
2471 1749 2709 1819 aperiam
2731 1762 2915 1804 coram
2935 1765 3002 1806 eo
3017 1750 3234 1821 ianuas,
3263 1757 3320 1808 et
3342 1761 3520 1821 portas
3548 1768 3666 1810 non
3694 1755 3864 1812 clau-

550 1853 570 1888 (
611 1837 884 1906 ricordes;
914 1851 1018 1895 vox
1045 1852 1232 1896 eorum
1259 1843 1414 1914 quasi
1440 1857 1592 1900 mare
1627 1821 1864 1913 sanabit,
1886 1857 1941 1903 et
1969 1861 2108 1920 supel

2229 1839 2444 1896 dentur.
2496 1839 2611 1912 Ego
2653 1850 2780 1896 ante
2814 1849 2868 1898 te
2903 1843 3014 1909 ibo,
3050 1851 3107 1898 et
3138 1843 3404 1916 gloriosos
3435 1854 3604 1904 terra
3651 1849 3853 1905 humi-

547 1945 566 1979 ‹
611 1939 779 1998 equos
819 1922 1131 2000 ascendent,
1181 1935 1322 1990 sicut
1366 1935 1452 1990 vir
1498 1946 1720 2009 paratus
1770 1940 1838 1996 ad
1881 1942 2138 2012 praelium

545 2039 564 2073 ι
609 2030 800 2078 contra
831 2032 900 2088 te,
929 2024 1037 2080 ﬁlia
1059 2021 1319 2099 Babylon.
1347 2028 1570 2086 Audivit
1603 2047 1701 2088 rex
1728 2031 2022 2104 Babylonis
2050 2030 2125 2092 fa-

543 2130 562 2165 t
609 2128 752 2169 mam
799 2125 1008 2186 comm,
1041 2127 1096 2174 et
1133 2119 1408 2178 diswlutze
1443 2132 1571 2180 sunt
1605 2139 1798 2182 manus
1831 2125 1978 2197 ejus;
2025 2123 2136 2184 ειη-³

539 2222 559 2256 ‹
603 2203 778 2276 gustia
830 2209 1186 2278 apprehendit
1226 2223 1371 2283 eum,
1420 2213 1575 2270 dolor
1623 2219 1776 2288 quasi
1819 2221 2124 2290 parturien-

537 2313 556 2346 ι
607 2304 732 2352 tem.
775 2317 794 2351 ι
828 2297 1114 2356 Manifesta
1158 2307 1244 2358 est
1269 2304 1520 2372 historia,
1564 2309 1708 2378 quod
1754 2324 1886 2381 gens
1923 2327 2118 2384 magna

530 2385 803 2444 Medorum
855 2403 950 2446 seu
992 2389 1306 2464 Persarum,
1337 2406 1394 2452 et
1433 2406 1590 2470 reges
1621 2401 1775 2458 multi
1807 2417 1928 2460 cum
1975 2405 2134 2478 Cyro

524 2475 814 2534 Persarum
855 2493 1005 2555 rege,
1025 2491 1081 2539 et
1115 2483 1280 2542 Dario
1316 2485 1616 2558 Medorum,
1647 2475 2030 2552 convenerunt
2045 2498 2116 2554 ad

526 2567 910 2627 devastandam
952 2573 1336 2648 Babyloniam,
1381 2580 1471 2636 ubi
1511 2578 1802 2640 Baltbasar
1845 2596 1942 2642 rex
1983 2597 2114 2645 tunc

521 2662 801 2731 regnabat.
831 2659 882 2719 ls
928 2664 1056 2720 dum
1101 2669 1410 2724 convivium
1438 2673 1736 2729 maximum
1783 2677 2112 2735 satellitibus

519 2750 632 2840 suis
657 2751 712 2806 et
746 2753 1080 2825 principibus
1106 2770 1471 2830 prmpararet,
1517 2761 1718 2832 placuit
1745 2766 1797 2822 ei
1835 2775 1894 2822 ut
1921 2767 2128 2840 templi

517 2835 613 2899 Dei
655 2859 825 2913 vasa,
879 2861 1000 2920 quae
1052 2852 1117 2908 de
1171 2852 1566 2929 Hierosolymis
1611 2835 2108 2918 Nabuchodonosor

517 2945 908 3006 aSportaverat,
953 2941 1008 2994 in
1051 2956 1176 2998 suos
1197 2955 1332 3002 usus
1359 2953 1414 3002 et
1436 2949 1860 3007 concubinarum
1887 2965 2104 3011 suarum

517 3023 585 3076 ad
622 3026 918 3093 potandum
944 3040 1206 3100 verteret,
1235 3043 1290 3091 et
1309 3037 1416 3092 hoc
1437 3040 1600 3094 modo
1627 3041 2028 3112 blasphemaret
2050 3048 2106 3102 in

517 3113 630 3169 Deo
663 3114 824 3184 (Dan.
852 3117 928 3191 v).
967 3120 1119 3178 Tunc
1153 3125 1340 3196 itaque
1368 3129 1502 3182 vidit
1523 3129 1590 3184 de
1617 3143 1775 3186 muro
1801 3135 2102 3192 venientem

515 3219 766 3274 manum,-
791 3215 847 3264 et
874 3209 928 3265 in
957 3211 1166 3282 pariete
1190 3217 1452 3284 quasdam
1489 3219 1724 3290 syllabas
1741 3223 2097 3282 scribentem.

515 3297 632 3366 Qua
663 3298 871 3358 visione
891 3303 1162 3373 turbatus,
1196 3308 1518 3366 convocavit
1541 3323 1730 3385 magos
1755 3322 1918 3385 atque
1942 3317 2102 3374 Chal-

513 3389 680 3457 daeos,
713 3399 769 3447 et
791 3406 951 3450 omne
977 3411 1150 3468 genus
1170 3397 1426 3456 similium
1448 3442 1463 3469 ,
1495 3405 1640 3473 quod
1669 3405 1811 3460 inter
1839 3407 2100 3467 barbaros

513 3483 724 3538 somnia
753 3493 811 3540 et
833 3485 1141 3558 bujusmodi
1179 3491 1334 3561 signa
1356 3489 1648 3551 decernere
1671 3497 2014 3567 praevalebat;
2043 3510 2115 3557 ut

507 3574 560 3630 ei
605 3589 724 3646 qua:
753 3578 952 3649 scripta
972 3579 1189 3638 fuerant
1219 3585 1650 3642 manifestarent.
1683 3589 1927 3662 Cumque
1957 3595 2098 3664 magi

505 3667 643 3724 nihil
683 3673 899 3742 penitus
941 3673 1206 3745 invenire,
1253 3689 1430 3750 neque
1473 3679 1778 3753 intelligere
1822 3697 1883 3738 se
1938 3699 2100 3754 posse

507 3763 750 3820 dicerent
778 3783 792 3820 :
817 3765 1006 3823 Daniel
1034 3765 1084 3824 ei
1121 3770 1511 3842 interpretatus
1531 3783 1618 3829 est
1651 3773 2012 3846 Scripturam,
2040 3787 2094 3834 et

505 3857 758 3928 praedixit
787 3859 836 3917 ei
876 3859 1082 3918 cladem
1132 3879 1253 3921 mox
1300 3863 1379 3921 iiii
1421 3870 1896 3938 snperv'enturam.
1947 3870 2098 3926 Unde

505 3961 741 4006 maerore
779 3961 834 4006 et
873 3953 1094 4010 tristitia
1130 3955 1418 4028 fatigatus,
1453 3959 1704 4016 hostibus
1743 3960 1854 4016 suis
1887 3975 2094 4032 nequa-

505 4055 664 4110 quam
719 4043 971 4102 resistere
1022 4043 1328 4117 paraverat,
1379 4049 1634 4122 quoniam
1687 4053 1878 4108 eadem
1938 4063 2097 4110 nocte

502 4131 828 4192 interfectus
871 4123 954 4194 est
989 4137 1275 4196 Balthasar
1317 4155 1414 4198 rex
1449 4143 1758 4212 Chaldaeus,
1798 4154 1855 4201 et
1899 4145 2096 4202 Darius

499 4221 694 4280 Medus
743 4228 1004 4282 successit
1051 4229 1103 4283 in
1139 4242 1381 4300 regnum,
1431 4233 1498 4288 de
1535 4249 1642 4302 quo
1671 4250 1810 4290 nunc
1841 4235 2038 4291 dicitur
2075 4249 2103 4291 ετ

507 4329 527 4362 ‹
559 4313 780 4368 Audivit
816 4331 914 4371 rex
953 4315 1244 4390 Babylonis
1270 4319 1468 4374 famam
1505 4336 1716 4389 eorum,
1744 4333 1798 4380 et
1822 4327 2102 4383 dissolutae

506 4411 634 4457 sunt
666 4417 858 4462 manus
894 4399 1049 4478 eius;
1085 4411 1333 4480 angustia
1358 4416 1715 4486 apprehendit
1759 4433 1908 4488 eum,
1943 4420 2096 4477 dolor

499 4494 655 4563 quasi
684 4497 1094 4566 parturientem.
1117 4513 1137 4553 t

2223 1929 2388 1986 liabo.
2449 1931 2642 1987 Portas
2695 1946 2867 1988 aereas
2913 1942 3191 1990 conteram
3219 1977 3235 2003 ,
3281 1947 3338 1993 et
3383 1947 3567 1995 vectes
3620 1939 3852 1999 fon-ens

2223 2023 2558 2094 confringam
2585 2039 2599 2078 :
2628 2031 2686 2080 et
2726 2015 2877 2082 dabo
2917 2023 3013 2081 tibi
3053 2028 3341 2085 thesauros
3375 2031 3743 2090 absconditos
3791 2045 3852 2092 et

2222 2129 2424 2170 arcana
2461 2124 2791 2171 secretorum
2828 2132 2841 2170 :
2875 2124 2936 2171 ut
2969 2117 3112 2173 scias
3149 2120 3276 2190 quia
3300 2135 3406 2192 ego
3429 2121 3706 2179 Dominus
3739 2128 3844 2196 qui

2219 2212 2356 2262 Voce
2375 2221 2571 2262 nomen
2595 2214 2768 2273 tuum,
2797 2207 2938 2263 Deus
2959 2208 3124 2264 lsracl
3147 2219 3371 2281 propter
3397 2224 3624 2267 servo
3647 2228 3840 2269 meum

2217 2295 2404 2363 Iacob,
2439 2305 2493 2352 et
2520 2296 2684 2352 Israel
2707 2296 2947 2354 electum
2971 2311 3154 2354 meum
3179 2315 3194 2354 :
3224 2307 3280 2355 et
3307 2303 3496 2356 vocavi
3523 2311 3578 2358 te
3601 2305 3841 2361 nomine
3881 2343 3890 2350 ο

2219 2388 2332 2443 tuo.
2375 2388 2682 2443 Assimilavl
2710 2396 2780 2454 te,
2807 2397 2992 2445 etnon
3019 2391 3317 2461 cognovisti
3345 2407 3452 2447 me.
3487 2392 3610 2465 Ego
3637 2393 3838 2451 Durni-

2217 2493 2322 2536 nus
2355 2486 2410 2534 et
2448 2494 2556 2534 non
2602 2489 2688 2536 est
2732 2481 3000 2552 amplius:
3031 2494 3185 2538 extra
3235 2499 3324 2540 me
3369 2497 3476 2539 non
3511 2495 3604 2540 est
3660 2485 3830 2543 Dens.

2213 2571 2438 2628 Accinxi
2487 2579 2560 2640 te,
2606 2580 2664 2628 et
2701 2588 2808 2631 non
2847 2574 3146 2646 cognovisti
3173 2589 3280 2630 me.
3325 2575 3394 2631 Ut
3417 2576 3598 2632 sciant
3643 2577 3706 2634 hi
3733 2583 3834 2650 qui

2213 2665 2284 2720 ab
2307 2672 2431 2720 ortu
2455 2665 2606 2730 solis,
2638 2673 2696 2722 et
2719 2665 2812 2738 qui
2839 2667 2908 2723 ab
2941 2667 3244 2734 occidente,
3294 2671 3554 2739 quoniam
3603 2672 3828 2744 absque

2211 2771 2301 2814 me
2322 2771 2429 2813 non
2457 2767 2542 2813 est
2565 2759 2728 2816 Deus.
2755 2761 2870 2830 Ego
2890 2775 3010 2815 smn
3037 2761 3296 2816 Dominus
3325 2771 3383 2818 et
3406 2773 3638 2819 nonest
3657 2765 3826 2832 alter,

2209 2847 2452 2904 formans
2476 2849 2674 2916 lucem,
2713 2859 2770 2906 et
2804 2865 2996 2908 creatis
3037 2853 3314 2919 tenebras,
3361 2852 3572 2911 lacius
3592 2872 3824 2927 paena,

2209 2947 2266 2996 et
2299 2955 2495 2998 ereans
2535 2941 2737 2998 malum
2763 2967 2778 2997 ε
2801 2958 2902 3015 ego
2939 2945 3199 3002 Dominus
3237 2946 3445 3004 faciens
3477 2949 3676 3006 omnia
3707 2954 3828 3008 hac

2209 3033 2347 3106 (ιω.
2377 3035 2526 3110 ην).
2559 3057 2582 3091 ι
2610 3035 2803 3092 Sciens
2829 3037 2883 3092 in
2911 3039 3015 3094 hoc
3041 3039 3302 3110 capitulo,
3324 3057 3435 3100 non
3457 3043 3643 3098 solum
3673 3044 3826 3101 Lati-

2205 3139 2426 3194 norum,
2467 3127 2648 3198 sedet
2682 3128 2996 3186 Grecorum
3027 3131 3295 3201 plurimos
3331 3135 3694 3191 vehementer
3733 3151 3820 3192 er-

2207 3237 2352 3291 rare,
2375 3225 2761 3282 aestimantium
2787 3223 3046 3296 scriptum
3067 3240 3231 3284 esse:
3265 3248 3285 3281 σ
3306 3227 3404 3284 Sic
3443 3228 3586 3284 dicit
3623 3231 3818 3286 ulmi—

2204 3327 2310 3374 nus
2353 3314 2602 3386 Christo,
2647 3331 2771 3374 meo
2808 3317 3059 3386 Domino,
3089 3333 3110 3372 ι
3163 3329 3225 3376 ut
3273 3320 3608 3391 intelligatur
3649 3321 3814 3390 juxta

2204 3410 2358 3479 illud,
2386 3411 2528 3483 quod
2558 3412 2685 3468 alibi
2714 3412 2980 3484 legimus:
3011 3432 3031 3465 ε
3055 3413 3200 3469 Plult
3222 3413 3482 3470 Dominus
3501 3429 3540 3469 a
3572 3414 3813 3474 Domino

2205 3501 2358 3577 (Gen.
2412 3506 2550 3576 xix).
2591 3515 2612 3556 ν
2669 3505 2738 3560 Et
2777 3523 2792 3559 :
2837 3523 2856 3556 ι
2887 3505 3034 3560 Dixit
3073 3505 3336 3562 Dominus
3389 3507 3625 3563 Domino
3687 3523 3810 3565 eo

2203 3591 2376 3666 (Paul.
2426 3593 2559 3665 ctx).
2591 3613 2610 3647 ι
2665 3593 2851 3665 Neque
2893 3595 3039 3650 enim
3093 3601 3276 3670 κυρίῷ,
3309 3595 3454 3667 quod
3507 3597 3804 3654 Dominum

2201 3693 2381 3749 sonat,
2403 3685 2496 3738 sed
2523 3682 2663 3756 Cyro
2686 3685 2901 3751 dicitur,
2930 3685 3022 3756 qui
3051 3685 3314 3742 Hebraice
3337 3686 3650 3758 appellatur
3671 3699 3806 3752 ru

2147 3790 2160 3798 -
2199 3774 2315 3845 regi
2343 3773 2651 3842 Persarum,
2696 3777 2787 3846 qui
2827 3776 3156 3849 Babylonem
3203 3777 3596 3848 Chaldzeosque
3641 3795 3806 3851 supe-

2199 3867 2358 3922 ravit.
2413 3868 2478 3923 Et
2497 3865 2704 3936 junctis
2730 3869 2917 3936 Medis,
2949 3873 3180 3942 agitator
3205 3871 3357 3942 bigrc,
3385 3873 3442 3926 id
3460 3881 3568 3938 est,
3601 3877 3802 3932 cameli

2198 3971 2253 4019 et
2283 3961 2442 4027 asini,
2467 3977 2628 4032 supra
2659 3963 2870 4032 legitur.
2923 3963 3029 4018 iste
3069 3962 3372 4033 appellatus
3404 3971 3488 4018 est
3529 3966 3800 4031 Christus,

2198 4053 2254 4108 id
2283 4062 2387 4120 est,
2435 4062 2631 4108 unctus
2657 4053 2890 4118 Domini,
2923 4053 3066 4123 quod
3105 4063 3227 4109 erat
3259 4053 3468 4125 insigne
3498 4057 3646 4126 apud
3699 4058 3801 4112 lie-

2195 4145 2372 4200 brmos
2399 4145 2563 4216 regiae
2589 4145 2876 4214 potestatis
2904 4165 2920 4199 :
2951 4153 3011 4200 ut
3043 4145 3316 4215 quomodo
3355 4147 3494 4217 apud
3537 4163 3646 4204 nos
3681 4151 3801 4205 dia-

2189 4224 2370 4302 dema,
2421 4246 2478 4290 et
2530 4251 2768 4308 purpura
2813 4239 2942 4294 solis
2989 4239 3412 4310 imperatoribus
3460 4241 3656 4308 datur,
3722 4246 3804 4299 sic

2196 4328 2336 4398 apud
2370 4327 2625 4383 Hehrmos
2659 4330 2938 4398 regnaturi
2981 4329 3448 4398 perfundebantur
3489 4343 3795 4404 unguento.

2197 4419 2351 4474 Unde
2371 4428 2426 4474 et
2451 4419 2578 4474 Saul
2606 4420 2843 4476 christus
2868 4420 3080 4474 Domini
3104 4422 3302 4476 dicitur
3329 4421 3380 4491 (Ι
3412 4419 3550 4492 Reg;
3577 4423 3680 4495 vr).
3729 4423 3799 4480 Et

2194 4512 2248 4566 in
2274 4511 2502 4567 Psalmis
2537 4513 2764 4583 legimus
2791 4532 2804 4567 :
2844 4529 2862 4564 ι
2898 4512 3076 4569 Nolite
3100 4521 3320 4588 tangere
3345 4516 3586 4572 christos
3615 4531 3793 4583 meos,

577 4616 594 4680 ε
623 4581 762 4652 Ecce
791 4600 942 4668 quasi
968 4601 1054 4656 leo
1082 4604 1338 4660 ascendet
1358 4607 1424 4662 de
1447 4609 1700 4680 superbia
1723 4611 1995 4680 Iordanis,
2018 4616 2086 4672 ad

2211 4611 2250 4660 at
2291 4603 2342 4660 in
2381 4571 2659 4676 prophetis
2699 4605 2836 4663 meis
2875 4607 3042 4663 nolite
3079 4571 3360 4680 malignari
3391 4608 3564 4680 (Paul.
3601 4571 3790 4682 etv).

502 4704 520 4738 ι
550 4675 1005 4757 pulchritudinem
1049 4695 1345 4762 robustam,
1385 4675 1530 4770 quia
1549 4704 1727 4759 subito
1763 4719 2084 4764 concurrere

499 4791 528 4830 τ
551 4793 673 4834 eum
704 4780 898 4836 faciam
931 4783 997 4838 ad
1030 4783 1225 4866 illatn.-
1252 4787 1321 4840 Et
1361 4790 1484 4859 quis
1528 4793 1635 4846 erit
1679 4793 1884 4850 electus
1923 4811 2084 4866 quem

499 4885 522 4920 ι
551 4873 847 4940 proponam
877 4873 926 4928 ei
961 4871 1030 4927 lt
1076 4863 1187 4930 Hoc
1238 4875 1452 4932 videtur
1497 4880 1585 4934 hic
1625 4881 1775 4938 locus
1805 4863 2082 4942 insinuare

500 4959 646 5030 quod
681 4955 1172 5020 Nalmcltodonosor
1207 4982 1298 5021 rex
1329 4985 1451 5024 cum
1479 4971 1763 5037 Chaldmis,
1796 4985 2078 5045 postquam

495 5062 720 5118 regnum
747 5048 1054 5109 .ludmorum
1080 5055 1314 5113 Crudelis
1342 5068 1400 5114 ut
1429 5060 1515 5116 leo
1553 5062 1848 5132 subvertit,
1881 5077 2078 5122 terram

495 5141 746 5207 Vastavit,
793 5145 1090 5216 urbemque
1127 5141 1463 5205 Hierttsalem
1497 5151 1836 5222 et'tcmplum
1870 5156 2081 5212 destru‘

493 5229 592 5293 xit,
621 5239 780 5302 atque
805 5240 1100 5306 succendit,
1127 5242 1196 5297 ad
1230 5244 1412 5298 sedem
1451 5259 1603 5300 suam
1641 5246 1697 5300 in
1729 5245 2073 5319 Babylonem,

491 5320 645 5389 quasi
667 5322 858 5392 victor,
886 5339 942 5383 et
971 5339 1194 5388 securus
1213 5337 1278 5390 de
1301 5335 1543 5393 hostibus
1571 5339 1684 5394 suis
1710 5354 1959 5396 reversus
1987 5343 2086 5409 sit,

491 5411 829 5483 posterisque
868 5420 982 5474 suis
1024 5435 1246 5495 regnum
1297 5427 1562 5486 incolume
1611 5431 1910 5502 reliquerit;
1971 5431 2080 5490 Sed

490 5502 719 5561 Domino
767 5505 1062 5580 dissipante
1103 5513 1306 5576 ultione
1335 5519 1390 5575 in
1417 5537 1480 5578 ea
1515 5534 1842 5594 perpetrata,
1868 5523 1922 5582 in
1949 5523 2083 5598 Cyri“

487 5599 632 5672 regis
657 5605 825 5658 totum
853 5619 1075 5678 regnum
1101 5611 1379 5668 redactum
1403 5625 1488 5672 est
1515 5618 1848 5675 dominium:
1874 5618 1940 5676 de
1967 5633 2076 5691 quo

489 5709 632 5750 nttnc
653 5693 790 5752 dicit
813 5714 827 5751 :
853 5695 920 5752 Et
948 5699 1070 5768 quis
1093 5701 1198 5756 erit
1217 5703 1442 5773 electus,
1474 5719 1635 5778 quem
1663 5711 1958 5782 proponam
1989 5711 2079 5766 ei?

485 5783 556 5844 Et
577 5798 640 5846 ut
655 5789 760 5846 hoc
782 5790 1181 5852 demnstraret
1202 5809 1309 5852 non
1335 5812 1430 5854 sua
1453 5803 1716 5870 potentia,
1737 5802 1833 5858 sed
1858 5800 2078 5859 Domini

1805 5932 1810 5935 .
1914 5917 1945 5938 -ν

1735 5946 1775 5962 \_.
1917 5951 1928 5960 α

2193 4697 2365 4768 Hujus
2407 4701 2688 4755 dexteram
2757 4703 3110 4771 apprehendit
3171 4712 3226 4758 et
3276 4705 3452 4760 tenuit
3503 4711 3563 4758 ut
3609 4706 3793 4761 nullus

2189 4789 2493 4847 fortitudini
2559 4792 2675 4863 ejus
2739 4792 2943 4848 valeret
3005 4795 3275 4851 resistere.
3345 4795 3600 4868 Legimus
3677 4797 3792 4854 Xe-

2189 4881 2476 4952 nophontis
2523 4891 2646 4938 octo
2691 4883 2953 4940 libmrum
3009 4885 3136 4956 Cyri
3187 4886 3410 4956 majoris
3459 4888 3787 4954 historiam,

2184 4977 2239 5026 et
2277 4972 2616 5041 prophetiam
2657 4973 2808 5028 Isaiae
2851 4976 3124 5031 cernimus
3149 4979 3434 5048 expletam.
3481 4979 3613 5047 Qum
3633 4983 3787 5036 enim

2184 5065 2376 5121 civitas
2404 5065 2478 5119 illi
2509 5079 2616 5120 non
2667 5067 2888 5136 patuit?
2936 5068 3058 5139 quis
3096 5083 3200 5124 non
3237 5084 3422 5140 regum
3460 5079 3614 5142 terga
3651 5073 3784 5126 sub-

2176 5158 2352 5230 jecit?
2398 5160 2491 5229 qui
2553 5158 2696 5214 muri
2747 5160 2898 5231 prius
2953 5163 3428 5234 inexpugnabiles,
3479 5177 3585 5218 non
3631 5163 3785 5220 illius

2181 5251 2459 5308 obsidione
2513 5252 2756 5307 subversi
2809 5251 2988 5306 sunt?
3037 5252 3196 5311 Unde
3235 5256 3304 5310 ad
3349 5256 3522 5326 ipsum
3573 5254 3783 5328 Cyrum

2182 5343 2324 5398 Deos
2367 5345 2747 5413 apostropham
2785 5342 2916 5400 facit
2947 5357 2964 5398 :
3007 5361 3028 5396 ι
3051 5339 3182 5401 Dedi
3223 5345 3320 5401 tibi
3349 5345 3635 5402 thesauros
3657 5345 3783 5402 abs-

2180 5431 2466 5498 conditos,
2523 5441 2580 5488 et
2629 5449 2760 5505 opes
2808 5443 3128 5492 cunctarum
3178 5437 3394 5493 urbium
3427 5477 3442 5504 ,
3493 5457 3512 5490 ι
3567 5445 3630 5492 ut
3677 5436 3780 5507 qui

2179 5515 2334 5598 prius
2371 5525 2588 5583 colebas
2613 5525 2780 5594 idola,
2803 5526 3082 5584 beneﬂciis
3108 5537 3273 5584 unum
3304 5531 3538 5586 sentires
3558 5528 3776 5584 Deum:

2179 5617 2482 5690 praesertim
2536 5633 2661 5676 cum
2713 5619 2858 5674 scias
2903 5619 3075 5676 multo
3125 5629 3416 5692 antequam
3461 5621 3778 5677 irascereris

2183 5715 2334 5765 tuum
2372 5723 2568 5766 nomen
2604 5723 2726 5766 esse
2756 5710 3094 5780 praedictum.
3148 5711 3301 5780 Quod
3334 5712 3556 5782 quidem
3585 5719 3646 5766 et
3677 5708 3776 5765 Jo-

2181 5803 2380 5874 s‘ephus
2407 5803 2468 5858 in
2499 5803 2791 5860 undecimo
2833 5801 3072 5860 Iudaicae
3111 5803 3454 5875 antiquitatis
3491 5803 3774 5861 male
