4044 6326
276 384 415 451 ηδτ

1163 384 1523 458 EXPOSITIO
1557 388 1781 459 suras
1817 343 2288 458 imane;
2325 394 2458 459 ιω.
2499 386 2661 459 xui.

3392 398 3534 465 1158

275 503 464 570 refert,
482 503 678 575 lcgisse
697 507 896 580 Cynum
921 506 988 565 ab
1010 509 1147 566 isaia
1173 506 1241 567 de
1267 530 1325 569 se
1355 521 1561 569 certum
1591 515 1849 570 vaticina-
1876 518 1927 578 A
1951 502 2256 585 liabyloniae
2279 554 2293 579 ,
2344 521 2399 568 et
2436 512 2603 569 lorica
2655 511 2909 569 resistere
2963 529 3068 569 non
3112 523 3363 586 poterant
3397 534 3413 573 :
3440 519 3538 579 sed

277 603 389 649 tum
411 597 628 651 nomine
655 615 667 652 :
693 606 748 654 et
774 598 975 656 idcirco
995 600 1206 658 Iudaeos
1240 605 1386 672 quasi
1419 603 1709 661 familiares
1733 604 1851 675 plu-

280 686 476 741 rimum
502 687 780 746 dilexisse.
826 690 951 747 Haec
972 700 1173 759 autem,
1204 692 1400 764 inquit,
1427 695 1587 751 tribui
1617 696 1708 751 tibi
1736 711 1858 768 pro-

278 783 398 848 pter
422 776 588 834 Iacob
625 794 841 836 servum
875 799 1074 852 meum,
1111 790 1167 840 et
1193 780 1360 842 ISrael
1391 787 1854 856 electummeum,

278 878 334 925 et
355 871 541 927 vocavi
562 876 615 928 te
635 873 852 929 nomine
873 883 985 942 tuo,
1007 875 1145 932 sicut
1164 876 1351 933 vocavi
1372 874 1661 943 Abraham,
1683 877 1856 948 isaae,

226 1008 235 1016 .
279 970 332 1017 et
358 960 545 1027 Jacob,
573 972 628 1019 et
654 964 822 1020 multo
850 972 976 1021 ante
997 965 1221 1036 praedixi
1247 975 1309 1022 ut
1333 966 1502 1035 lsaac,
1534 975 1588 1025 et
1615 968 1855 1026 Josiam:

281 1070 348 1111 ne
390 1057 657 1127 putareris
700 1057 792 1113 ille
830 1073 948 1115 esse
979 1058 1246 1126 Christus,
1282 1058 1367 1116 cui
1407 1060 1734 1118 assimilatas
1775 1077 1856 1130 es,

281 1154 335 1201 et
364 1148 417 1202 in
443 1147 596 1218 cujus
619 1157 744 1219 typo
774 1156 828 1204 et
853 1150 1087 1221 imagine
1111 1149 1433 1220 praecessisti
1470 1169 1482 1204 :
1519 1170 1539 1202 ι
1563 1140 1644 1206 Tu
1676 1153 1859 1208 autem

283 1252 388 1291 non
420 1238 713 1308 cognovisti
748 1248 855 1303 me,
886 1258 905 1292 ι
944 1238 998 1294 id
1040 1245 1122 1294 est
1161 1240 1449 1295 simulacra
1478 1240 1712 1307 coluisti,
1751 1246 1862 1297 non

285 1329 470 1383 Deum.
507 1344 527 1378 ι
554 1327 778 1385 Accinxi
803 1336 858 1385 tle
892 1327 1272 1396 rfortitndine,
1305 1329 1594 1385 multarum
1622 1333 1863 1403 gentium

284 1419 384 1475 feci
440 1429 561 1476 esse
616 1421 878 1476 victorem
919 1437 935 1476 :
989 1436 1010 1474 ι
1045 1424 1101 1477 et
1152 1432 1260 1477 non
1316 1420 1611 1491 cognovisti
1641 1442 1661 1473 ι
1713 1422 1864 1477 auxi-

285 1509 550 1567 liatorem-
585 1519 755 1567 tuum.
802 1509 862 1566 in
906 1516 1014 1580 quo
1047 1506 1168 1567 loco
1208 1510 1340 1567 satis
1378 1510 1565 1565 mirari
1612 1522 1820 1582 nequeo
1844 1551 1860 1578 ,

286 1616 405 1670 quae
434 1602 659 1657 stultitia
681 1604 753 1657 sit
772 1602 1081 1672 legentium,
1108 1612 1169 1658 ut
1198 1605 1313 1659 haec
1333 1604 1400 1658 ad
1426 1602 1698 1659 Christum
1726 1604 1862 1659 refe-

288 1700 438 1746 rant:
457 1707 553 1762 per
570 1701 733 1764 quem
757 1693 985 1748 mundus
1006 1694 1382 1750 reconciliatus
1402 1696 1484 1749 est
1502 1694 1630 1750 Deo.
1688 1715 1707 1747 ε
1730 1678 1861 1768 Ego,

289 1780 366 1835 ait
385 1779 663 1847 Dominus,
690 1788 745 1837 et
771 1798 879 1837 non
919 1790 1003 1837 est
1041 1784 1270 1854 amplius
1299 1792 1449 1840 extra
1477 1796 1584 1851 me,
1614 1804 1631 1835 ι
1670 1768 1866 1856 praeter

290 1885 589 1927 sermonem
611 1871 805 1944 quippe
829 1882 989 1944 atque
1008 1874 1266 1929 rationem
1284 1874 1646 1946 virtutemque
1668 1892 1862 1942 meum,

292 1968 346 2014 et
363 1962 679 2031 sapientiam
690 1972 815 2033 quae
835 1962 890 2017 in
913 1968 1000 2019 me
1024 1972 1127 2030 est,
1154 1964 1328 2021 nullus
1350 1972 1431 2020 est
1452 1963 1587 2020 alter
1612 1963 1773 2021 Deus.
1801 1966 1869 2021 Et

291 2051 406 2106 haec
438 2050 541 2107 feci
585 2061 666 2107 ut.
690 2041 758 2108 ab
804 2051 1025 2109 Oriente
1066 2060 1123 2110 et
1166 2052 1456 2111 Occidente
1500 2054 1676 2109 omnis
1721 2053 1868 2111 orbis

291 2149 567 2211 agnoscat,
589 2142 793 2199 nullum
811 2156 930 2201 esse
955 2144 1121 2201 alium
1141 2148 1343 2217 absque
1362 2158 1448 2202 me
1473 2146 1660 2202 Deum.
1708 2168 1725 2199 ‹
1755 2148 1867 2219 Ego

292 2232 550 2290 Dominus
573 2241 628 2291 et
656 2246 761 2291 nun
798 2244 882 2290 est
918 2236 1092 2293 alter:
1124 2257 1143 2289 ι
1180 2235 1344 2292 Pater
1375 2238 1518 2293 enim
1551 2238 1603 2292 in
1622 2236 1785 2316 .Filio,
1814 2244 1869 2294 et.

291 2323 457 2382 Filius
481 2327 537 2382 in
564 2327 740 2394 Patre,
778 2331 867 2399 qui
894 2319 1132 2401 loquitur
1161 2331 1215 2386 in
1251 2330 1538 2402 Evangelia
1567 2350 1580 2385 :
1618 2340 1637 2383 ι
1667 2331 1778 2403 Ego
1813 2339 1870 2387 et

292 2416 451 2474 Pater
476 2426 667 2477 -unu'm
695 2438 900 2479 sumus.
942 2442 961 2479 ι
1002 2425 1059 2480 in
1096 2426 1281 2481 Esdrae
1319 2425 1588 2480 volumine
1635 2425 1868 2496 positum

291 2517 376 2562 est
416 2510 697 2580 scripsisse
731 2514 928 2584 Cyrum
973 2514 1041 2569 ad
1078 2528 1268 2571 omnes
1304 2522 1491 2585 gentes
1517 2514 1721 2569 milium
1750 2520 1871 2569 esse

293 2599 474 2664 deum,
509 2602 615 2657 nisi
647 2602 819 2657 solum
854 2604 1023 2660 Deum
1048 2603 1230 2661 lsrael.
1290 2604 1415 2660 Sive
1445 2605 1520 2660 ita
1567 2604 1869 2676 intelligen-

293 2688 422 2742 dum
461 2692 603 2760 quod
650 2696 984 2763 captivorum
1026 2698 1247 2765 laxatio,
1293 2705 1347 2752 et
1392 2698 1489 2753 Dei
1532 2696 1584 2752 in
1615 2698 1871 2768 populum

294 2794 452 2835 suum
479 2782 1019 2853 elamentia,'eunetis
1041 2791 1288 2862 gentibus
1321 2789 1489 2846 Deum
1542 2790 1731 2847 fecerit
1767 2786 1871 2847 no?

296 2870 504 2927 liorem
549 2874 651 2942 Qui
670 2902 675 2909 η·
694 2877 859 2948 igitur
896 2880 989 2935 tibi
1031 2882 1151 2938 dedi
1183 2881 1572 2947 fortitudinem,
1623 2890 1678 2939 et
1724 2881 1870 2938 solus

296 2961 439 3019 Deus
474 2979 619 3021 sum.
653 2968 769 3037 ipse
807 2984 895 3027 res
924 2971 1066 3028 intra
1094 2988 1154 3029 se
1183 2975 1483 3030 contrarias
1510 2973 1670 3041 facio,
1696 2975 1871 3030 lucem

293 3056 632 3123 ettenebras,
662 3060 715 3114 id
735 3071 821 3117 est
839 3063 978 3119 diem
1009 3077 1063 3121 et
1094 3075 1327 3141 noctem,
1353 3080 1539 3138 pacem
1568 3075 1622 3123 et
1646 3067 1871 3134 malum;

294 3144 399 3200 hoc
419 3155 524 3214 est,
546 3150 721 3206 otium
748 3163 801 3207 et
833 3155 1053 3223 bellum,
1067 3170 1166 3227 per
1178 3170 1297 3229 quae
1312 3158 1578 3230 significat
1598 3161 1793 3216 iratum
1814 3175 1872 3216 se

296 3233 469 3293 fuisse
482 3240 679 3309 populo
706 3254 822 3309 suo,
853 3248 1067 3315 quando
1087 3251 1334 3305 tenebras
1354 3250 1685 3322 captivitatis
1710 3251 1874 3306 mala-

296 3341 404 3397 que
426 3332 681 3387 sustinuit
700 3336 1006 3393 servitutis:
1041 3348 1096 3395 et
1119 3350 1334 3396 rursum
1359 3343 1638 3397 miserum]
1660 3342 1874 3411 quandd

296 3419 512 3475 remissi
554 3421 607 3478 in
644 3427 894 3496 patriam,
919 3442 1109 3499 pacem
1145 3438 1199 3484 et
1236 3431 1488 3501 gaudium
1526 3440 1870 3501 receperunt.

907 3536 1132 3596 CAPUT
1190 3536 1274 3596 ιι.

303 3642 413 3719 De_
440 3656 589 3719 uento
631 3649 896 3719 pestilente
946 3662 994 3707 et
1057 3653 1218 3710 calice
1268 3636 1472 3713 aureo':
1506 3657 1572 3712 de
1611 3657 1876 3714 collisione

372 3713 655 3794 _B_abyloit_ia
684 3729 731 3777 et
761 3738 876 3794 rege
904 3723 1017 3794 ejus
1045 3734 1090 3778 et
1115 3722 1379 3794 Chaldwia
1405 3742 1424 3783 :
1446 3725 1502 3783 in
1532 3727 1721 3784 librum
1750 3713 1879 3787 me

372 3785 445 3840 bit
475 3785 654 3842 omnia
678 3785 1059 3848 mala'ven'tura
1083 3792 1388 3867 Babylonis.

377 3896 396 3928 ί
424 3876 550 3932 llaec
587 3879 718 3935 dicit
759 3881 1015 3951 Dominus
1046 3899 1062 3939 :
1092 3884 1231 3942 Ecce
1266 3900 1366 3961 ego
1408 3890 1679 3947 suscitabo
1717 3898 1879 3961 super

308 3978 328 4020 ο
357 3968 681 4042 Babylonem
720 3981 774 4028 et
804 3990 964 4045 super
982 3977 1311 4037 habitatores
1329 3980 1462 4051 ejus,
1488 3984 1579 4055 qui
1599 3999 1693 4040 cor
1720 4000 1881 4042 suum

306 4076 327 4108 ο
355 4057 669 4116 levaverunt
696 4070 883 4119 contra
910 4080 1015 4133 me,
1060 4069 1214 4139 quasi
1248 4081 1465 4126 ventum
1493 4074 1827 4145 pestilentem
1861 4074 1875 4128 :'

306 4163 329 4198 ι
355 4155 409 4203 et
431 4150 641 4206 mittam
664 4152 718 4207 in
742 4153 1064 4224 Babylonem
1085 4156 1448 4224 ventilatores,
1474 4168 1528 4217 et
1548 4161 1882 4219 ventilabnnt

308 4258 326 4291 α
356 4256 497 4308 eam,
523 4248 578 4298 et
594 4244 953 4302 demolientur
966 4256 1162 4303 terram
1181 4250 1298 4321 ejus
1322 4254 1604 4321 :quoniam
1616 4259 1881 4309 venerunt

307 4350 326 4382 ι
355 4344 517 4403 super
531 4349 651 4389 eam
669 4336 905 4408 undique
930 4339 984 4393 in
998 4340 1082 4395 die
1105 4339 1406 4399 alﬂictior‘tis
1418 4345 1535 4415 ejus
1561 4364 1574 4399 :
1602 4360 1707 4400 non
1723 4347 1878 4401 habi-

307 4438 328 4474 t
355 4425 508 4492 tabit,
539 4428 631 4496 qui
670 4428 839 4483 tendit
866 4445 1049 4485 arcum
1075 4447 1251 4498 suum,
1283 4441 1336 4488 et
1363 4446 1471 4490 non
1511 4437 1764 4493 ascendet
1807 4436 1881 4492 lo-

228 4582 245 4596 .
308 4533 328 4568 ο
358 4517 575 4573 ricatus.
620 4519 795 4576 Nolite
830 4534 1055 4591 parcere
1084 4523 1372 4594 juvenibus
1409 4527 1525 4596 ejus
1551 4545 1564 4582 :
1591 4528 1879 4584 interficite

307 4625 328 4659 ι
354 4614 567 4663 omnem
590 4611 835 4665 militiam
866 4612 981 4681 ejus
1011 4633 1022 4668 :
1060 4622 1114 4669 et
1139 4617 1332 4671 cadent
1356 4617 1620 4675 interfecti
1650 4619 1705 4675 in
1733 4622 1877 4675 terra

309 4696 748 4767 «Chaldaeorum,
776 4710 831 4757 et
854 4703 1117 4759 vulnerati
1145 4703 1197 4759 in
1230 4708 1539 4776 regionibus
1569 4709 1721 4781 ejus:
1752 4725 1881 4779 quo-

309 4808 329 4843 ¢
357 4789 502 4844 niam
525 4806 630 4847 non
661 4790 762 4848 fuit
786 4792 1033 4851 viduatus
1064 4796 1248 4864 lsrael,
1278 4808 1334 4855 et
1371 4797 1504 4855 Juda
1550 4816 1579 4856 a
1626 4801 1736 4856 Deo
1780 4816 1878 4857 suo

310 4896 328 4931 α
358 4879 583 4936 Domino
632 4885 963 4939 exercituum
998 4903 1012 4940 :
1045 4896 1185 4942 terra
1232 4898 1411 4944 autem
1449 4906 1633 4947 eorum
1678 4892 1879 4962 repleta

254 4978 261 4985 ‘
312 4985 331 5020 ε
358 4978 442 5026 est
465 4971 656 5027 delicto
678 4988 708 5028 a
735 4984 921 5030 sancto
944 4975 1128 5031 Israel.
1151 4999 1169 5031 ι
1201 4979 1491 5054 (Marinus)
1523 4982 1880 5042 Ventilatores

307 5059 420 5126 isti,
461 5063 554 5133 qui
603 5064 999 5122 vetiti‘laverunt
1048 5067 1381 5142 Babylonem
1448 5081 1503 5129 et
1551 5074 1877 5145 Chaldaeum,

310 5162 451 5220 saepe
478 5153 609 5209 dicti
635 5153 773 5211 Medi
796 5162 1105 5229 suntatque
1127 5160 1322 5228 Persas,
1343 5172 1542 5220 contra
1564 5176 1698 5237 quos
1722 5156 1882 5222 arcus

1960 604 2143 658 hostes
2169 618 2355 658 eorum
2378 602 2610 660 victores
2632 603 2830 675 ubique
2847 604 3156 673 existentes,
3182 621 3279 662 nec
3298 608 3536 676 senibus,

1961 692 2394 759 neCjuvenibus,
2425 692 2519 748 sed
2542 694 2714 763 neque
2744 693 2835 748 uili
2864 690 3011 748 tutati
3038 703 3130 748 aut
3162 694 3312 750 sexui
3340 682 3543 766 peper?

1963 790 2192 838 cerunt:
2232 783 2341 849 imo
2390 798 2602 839 omnem
2649 785 2892 840 militiam
2939 786 3056 858 ejus
3106 787 3535 844 interfecerunt:

1962 875 2212 947 queniam
2243 876 2297 931 in
2326 876 2613 931 vindictam
2643 870 2841 933 furoris
2881 870 3093 949 Domini
3131 874 3199 934 ad
3242 878 3347 935 hoc
3390 881 3540 936 missi

1962 960 2197 1030 fuerant,
2213 972 2274 1019 ut
2286 964 2533 1020 meritam
2561 980 2775 1034 poenam
2795 983 2826 1020 a
2850 962 2955 1022 reis
2975 966 3252 1040 exigerent
3275 985 3289 1022 :
3310 982 3376 1023 eo
3397 968 3541 1038 quod

1960 1050 2212 1124 populum
2239 1052 2333 1108 Dei
2354 1068 2459 1107 non
2482 1052 2821 1124 corripiendo
2840 1052 3257 1125 castigaverant,
3285 1048 3378 1109 sed
3404 1071 3542 1125 pra:-

1963 1144 2138 1199 dando
2166 1143 2596 1209 devastaverant,
2620 1153 2779 1214 atque
2801 1138 3153 1223 internecioni
3179 1145 3549 1215 tradiderant;

1963 1236 2106 1308 quod
2132 1236 2299 1294 lsaias
2325 1237 2557 1293 ostendit
2588 1235 2811 1293 dicens:
2843 1255 2862 1290 ‹
2890 1235 2983 1292 Vae
3013 1230 3182 1292 Assur
3219 1238 3367 1308 virga
3397 1237 3542 1294 furo-

1963 1329 2040 1385 ris
2062 1330 2189 1396 mei,
2211 1334 2266 1385 et
2293 1326 2517 1384 baculus
2544 1329 2657 1399 ipse
2684 1337 2767 1384 est
2797 1330 2848 1383 in
2882 1344 3039 1383 manu
3061 1344 3270 1394 eorum,
3298 1329 3543 1400 indigna-

1965 1419 2041 1475 tio
2062 1432 2201 1475 mea.
2250 1418 2331 1473 Ad
2365 1426 2578 1491 gentem
2608 1415 2849 1473 fallacem
2873 1418 3083 1474 mittam
3107 1434 3248 1484 eum,
3280 1425 3336 1473 et
3359 1427 3544 1472 contra

1965 1508 2219 1581 populum
2247 1507 2446 1563 furoris
2480 1507 2586 1563 mei
2612 1509 2877 1564 mandabo
2906 1506 2983 1563 illi
3021 1512 3080 1563 ut
3124 1507 3332 1564 auferat
3375 1509 3545 1578 spolia

1964 1608 2017 1675 et
2038 1601 2257 1672 diripiat
2277 1588 2533 1672 praedam,
2564 1611 2619 1658 et
2650 1612 2813 1674 ponat
2842 1602 2988 1658 illam
3011 1599 3064 1658 in
3089 1601 3546 1681 conCulcationem

1969 1692 2121 1764 Quasi
2148 1692 2322 1746 lutum
2368 1688 2691 1762 platearum.
2741 1680 2859 1762 ipse
2890 1702 3066 1749 autem
3119 1682 3233 1759 non:
3280 1692 3359 1749 sic
3400 1680 3553 1748 arbi-V

1966 1790 2142 1838 tratus
2186 1784 2288 1846 est,
2338 1782 2394 1836 et
2436 1796 2540 1836 cor
2572 1779 2687 1849 ejus
2735 1797 2839 1835 non
2887 1781 2960 1835 ita
3000 1778 3285 1836 aestimabit
3316 1800 3331 1837 :
3360 1782 3453 1837 sed
3479 1779 3545 1835 ad

1967 1873 2353 1929 conterendum
2383 1872 2485 1926 erit
2510 1887 2605 1927 cor
2626 1871 2760 1942 ejus,
2792 1879 2850 1927 et
2874 1873 2939 1927 ad
2976 1867 3391 1928 internecionem
3419 1889 3548 1945 gen-

1970 1958 2102 2019 tium
2149 1960 2500 2033 plurimarum
2525 2003 2542 2029 ,
2572 1982 2591 2017 ι
2625 1970 2680 2018 et
2715 1962 2920 2032 reliqua
2953 1961 3088 2035 (Ιδά.
3128 1950 3219 2036 ιζ).’
3258 1958 3325 2017 Ει
3375 1961 3496 2017 alibi
3531 1978 3545 2017 :

1973 2075 1992 2106 ‹
2018 2051 2269 2123 Nunquid
2300 2052 2614 2124 gloriabitur
2653 2055 2858 2109 securis
2886 2058 3072 2109 contra
3109 2070 3229 2108 eum
3279 2050 3369 2124 qui
3402 2066 3550 2109 secat

1969 2145 2022 2200 in
2068 2158 2132 2199 ea
2162 2162 2174 2197 :
2204 2152 2299 2198 aut
2341 2143 2601 2198 exaltabit
2647 2158 2796 2199 serra
2840 2151 3024 2199 contra
3048 2159 3168 2197 eum
3199 2152 3229 2197 a
3251 2160 3356 2214 quo
3389 2145 3551 2200 trahi-

1972 2232 2100 2290 tur?
2150 2234 2429 2303 Quomodo
2480 2236 2525 2292 si
2572 2235 2809 2291 eievetur
2855 2236 3003 2307 virga
3049 2244 3235 2291 contra
3283 2235 3546 2292 levantem

1970 2341 2082 2390 se,
2124 2333 2179 2381 et
2233 2325 2501 2382 exaltetur
2552 2325 2775 2382 baculus
2830 2327 2921 2396 qui
2973 2326 3156 2399 utique
3208 2320 3411 2399 lignum
3468 2334 3554 2385 est

1972 2412 2225 2487 (I‘bid.).)
2285 2413 2555 2489 [Hieron.]
2600 2415 2800 2471 Contra
2853 2415 3255 2485 Sennacherib,
3305 2410 3436 2485 sive,
3492 2422 3553 2474 ut

1971 2509 2123 2565 multi
2156 2517 2365 2580 putant,
2396 2510 2886 2566 NabuchodonoSor
2928 2500 3244 2583 gloriantem
3287 2500 3447 2583 atque
3474 2513 3553 2568 di-

1970 2606 2181 2657 centem
2213 2619 2226 2656 :
2264 2621 2281 2653 ι
2312 2602 2369 2657 in
2397 2602 2707 2658 fortitudine
2734 2606 2923 2661 manus
2949 2620 3081 2660 meae
3114 2592 3237 2672 feci,
3282 2598 3428 2662 etin
3474 2622 3554 2662 sa-

1970 2694 2174 2765 pientia
2208 2692 2472 2760 intellexi,
2504 2714 2523 2747 ι
2556 2703 2612 2749 et
2638 2695 2869 2766 reliqua,
2928 2702 3146 2753 sanctus
3178 2694 3439 2773 propheta
3465 2715 3551 2756 re-

1971 2785 2234 2856 spondit:
2266 2785 2312 2842 Ο
2355 2786 2668 2843 stultissime
2708 2786 3036 2863 mortalium,
3077 2786 3173 2844 Dei
3216 2789 3351 2844 iram
3400 2798 3550 2846 tuam

1971 2885 2130 2948 putas
2166 2888 2287 2933 esse
2322 2877 2639 2948 sapientiam
2670 2896 2682 2933 :
2713 2882 2767 2934 et
2791 2876 2934 2935 illius
2955 2878 3252 2950 jussionem
3294 2866 3363 2945 ad
3405 2888 3552 2938 tuam

1976 2969 2149 3024 refers
2182 2968 2599 3025 fortitudinem?
2643 2968 2920 3038 Quomodo
2965 2968 3010 3026 si
3053 2971 3257 3028 securis
3296 2971 3555 3044 glorietur

1973 3057 2160 3114 eontra
2209 3075 2331 3114 eum
2368 3100 2383 3125 ,
2427 3057 2519 3130 qui
2558 3060 2786 3114 securim
2840 3066 3028 3127 tenet,
3068 3052 3122 3119 ei.
3168 3052 3331 3116 serra
3367 3071 3557 3118 contra

1976 3150 2120 3206 illum
2157 3166 2187 3206 a
2214 3167 2320 3223 quo
2344 3151 2597 3217 trahitur,
2626 3158 2680 3205 et
2704 3140 2886 3206 dicant
2908 3154 3101 3208 cuncta
3125 3170 3288 3227 opera
3318 3171 3437 3226 quae
3458 3170 3555 3225 per

1974 3244 2207 3299 securim
2254 3252 2308 3298 et
2356 3256 2564 3299 serram
2598 3244 2772 3309 fiunt,
2815 3260 2910 3298 sua
2958 3256 3072 3300 arte
3118 3241 3355 3315 perlecta
3382 3265 3393 3301 :
3422 3255 3477 3301 et
3510 3247 3557 3302 si

1975 3332 2149 3392 elevet
2182 3335 2449 3407 quispiam
2486 3334 2691 3406 virgam
2728 3342 2782 3390 et
2818 3334 3015 3390 exaltet
3048 3334 3295 3391 baculum
3335 3336 3401 3391 ad
3435 3353 3558 3406 per-

1976 3427 2285 3484 cutiendum
2316 3438 2475 3497 quem
2503 3427 2755 3493 voluerit,
2790 3435 2845 3483 et
2878 3428 2992 3499 ipsa
3030 3428 3176 3499 virga
3199 3425 3287 3485 ac
3332 3428 3558 3489 baculus

1976 3514 2290 3589 glorientur,
2334 3524 2389 3571 et
2428 3516 2609 3571 dicant
2644 3528 2672 3569 a
2709 3530 2769 3571 se
2796 3526 3111 3584 percussum
3142 3533 3285 3587 esse,
3313 3521 3401 3591 qui
3428 3538 3553 3592 per-

1977 3620 2166 3662 cussus
2195 3614 2318 3662 est:
2350 3606 2430 3661 sic
2456 3614 2512 3662 et
2553 3615 2608 3661 tu
2637 3621 2757 3663 cum
2796 3620 3059 3681 organum
3106 3608 3201 3664 Dei
3251 3608 3417 3665 fueris
3459 3627 3555 3665 vo-

1977 3696 2220 3762 luntatis,
2245 3697 2467 3769 erigeris
2497 3696 2550 3754 in
2580 3699 2907 3770 Superbiam,
2927 3706 2981 3755 el
3003 3706 3194 3755 cuncta
3217 3716 3335 3771 qua:
3361 3717 3557 3773 gerun-

1980 3794 2067 3845 tur
2094 3829 2108 3856 ,
2149 3797 2253 3846 tum
2293 3788 2543 3863 gloriaris
2580 3789 2746 3846 fuisse
2784 3789 3015 3846 virtutis.
3076 3790 3341 3861 Quidquid
3375 3802 3555 3853 autem

1979 3881 2200 3953 Assyrio
2229 3881 2445 3947 dicitur,
2475 3890 2530 3936 et
2556 3874 2621 3935 ad
2646 3881 3372 3952 haereticorumsuperbiam,
3405 3891 3459 3939 et
3491 3882 3558 3939 ad

1981 3972 2249 4055 diabolum
2298 3973 2491 4028 referri
2534 3981 2731 4043 potest,
2767 3973 2880 4043 .qui
2930 3972 3154 4040 securis,
3205 3966 3260 4029 et
3311 3989 3461 4030 serra
3505 3980 3581 4030 et‘

1982 4068 2131 4134 virga
2175 4066 2229 4121 in
2268 4066 2563 4135 Scripturis
2608 4064 2945 4137 appellatur:
2979 4080 3043 4120 eo
3089 4065 3230 4135 quod
3272 4083 3368 4137 per
3412 4066 3559 4121 illum

1981 4156 2325 4212 infructuosae
2362 4158 2579 4212 arbores
2615 4156 2979 4221 succidantur,
3004 4165 3058 4211 et
3083 4155 3368 4221 dividatur,
3397 4165 3561 4226 atque

1982 4256 2224 4319 serratur
2244 4248 2638 4303 incredulorum
2663 4246 2881 4312 duritia,
2909 4257 2965 4302 et
2988 4245 3356 4317 percutiantur
3387 4248 3556 4318 virga,

1905 4339 2076 4435 uni
2126 4354 2232 4395 non
2286 4339 2554 4410 recipiunt
2616 4337 2975 4409 disciplinam.
3045 4336 3291 4392 Περι-ειῐεί
3348 4354 3560 4408 quoque

1981 4446 2215 4503 quorum
2252 4447 2315 4487 os
2350 4432 2403 4485 in
2442 4430 2579 4485 ctelo
2612 4429 2828 4500 ponitur
2862 4439 2916 4485 et
2943 4428 3119 4500 lingua
3166 4431 3457 4500 pertransit
3508 4431 3562 4485 in

1982 4531 2151 4589 terra,
2175 4537 2395 4579 sensum
2447 4534 2608 4591 quem
2658 4523 2727 4575 ab
2772 4534 2837 4576 eo
2882 4519 2936 4575 in
2991 4521 3186 4575 bonam"
3228 4530 3435 4592 partem
3473 4537 3563 4576 ac-

1981 4617 2224 4686 ceperint
2276 4614 2569 4669 abutuntur
2624 4613 2680 4668 in
2735 4612 3061 4669 contrarium
3119 4605 3279 4681 atque
3338 4627 3559 4682 perver-

1981 4692 2120 4771 sum,
2152 4714 2212 4759 ut
2240 4704 2528 4774 loquantur
2549 4713 2736 4758 contra
2759 4717 2884 4757 eum
2919 4717 2948 4756 a
2975 4718 3080 4771 quo
3108 4702 3306 4757 conditi
3337 4709 3482 4768 sunt,
3506 4706 3563 4757 et

1982 4794 2175 4867 lingua:
2208 4796 2569 4850 ministerium
2597 4810 2705 4866 quo
2731 4794 3024 4850 laudandus
3055 4802 3137 4849 est
3162 4795 3419 4849 Dominus
3442 4810 3564 4848 veri

1984 4895 2099 4943 tant
2125 4889 2177 4943 in
2212 4888 2620 4959 blasphemiam.
2664 4889 2729 4943 Et
2758 4889 3010 4959 quoniam
3053 4898 3196 4943 terra
3222 4904 3432 4954 eorum,
3461 4888 3562 4943 hoc

1981 4989 2089 5045 est,
2130 4982 2240 5035 vita
2285 4981 2614 5051 temporalis,
2656 4996 2759 5052 qua
2805 4982 2991 5035 vivunt
3028 4981 3079 5035 in
3114 4982 3217 5036 hoc
3249 4981 3446 5036 mundo
3480 4998 3563 5037 re-

1979 5071 2124 5143 picta
2169 5082 2253 5128 est
2293 5074 2494 5127 erroris
2531 5072 2743 5139 delicto,
2790 5073 2844 5127 in
2892 5070 3074 5129 futuro
3114 5070 3324 5127 Domini
3358 5064 3561 5142 judicio

1984 5164 2336 5235 subjiciuntur
2358 5173 2559 5222 aeterno
2592 5173 2880 5221 tormento.

328 5282 3561 5327 Ἢ-ὲ--η-ή--Μ

1220 5398 1518 5477 LIBER
1570 5358 2027 5478 DECIMUS
2083 5399 2634 5478 SEPTIMUS.

1751 5528 2132 5560 ι-ι-Δ--ι-ι-

276 5648 278 5650 τ
384 5621 606 5688 Vellem,
636 5621 682 5679 si
704 5623 939 5694 possem,
962 5620 1275 5684 vaticinium
1297 5627 1544 5685 Ieremia
1568 5632 1754 5685 contra
1778 5626 1884 5684 Ba-

317 5712 564 5785 bylonem
595 5728 705 5770 uno
733 5713 871 5785 libro
898 5718 1370 5787 comprehendere,
1398 5719 1493 5775 sed
1519 5720 1644 5789 quia
1670 5719 1887 5791 prolixi-

320 5808 403 5863 tas
447 5806 712 5865 sermonis
751 5820 857 5863 non
904 5806 1062 5874 sinit,
1108 5809 1165 5864 in
1211 5809 1347 5866 duos
1386 5810 1556 5866 libros
1602 5809 1890 5881 (impertire

1993 5624 2121 5684 illud
2163 5627 2374 5683 decrevi
2408 5643 2421 5681 :
2450 5626 2523 5681 ita
2553 5632 2767 5696 quoque
2803 5629 2867 5682 tit
2889 5631 3011 5696 post
3037 5625 3223 5701 plagas
3243 5622 3566 5682 memoratas

1988 5712 2296 5790 Babylonis,
2327 5733 2462 5787 quas
2482 5718 2628 5786 prior
2657 5717 2792 5771 liber
2817 5724 2880 5771 ex
2911 5725 3061 5787 parte
3083 5725 3288 5782 narrat,
3316 5713 3566 5768 exhorta-

1995 5810 2191 5865 tionem
2233 5809 2506 5879 propheta!
2540 5806 2609 5862 ad
2654 5804 2866 5862 JudanS
2918 5806 3212 5863 secandum
3263 5802 3562 5867 historiam,

2398 5986 2408 5995 ι
2444 5980 2457 5994 \
2487 5980 2575 5995 οδω
