4044 6326
304 352 441 437 1161

1157 370 1524 431 sxrosmo
1563 368 1796 428 sursa
1832 362 2202 424 JEBEMIAM.
2244 393 2312 410 ρ-
2345 363 2476 420 us.
2518 332 2682 420 XVll.

3446 360 3586 418 1162

232 482 259 503 ³
304 494 455 566 virga
482 489 723 547 facinora
745 501 955 554 eorum,
990 494 1046 544 et
1082 486 1139 543 in
1182 486 1406 557 ﬂagellis
1453 485 1771 557 iniquitates
1809 497 1897 540 eo-
1920 486 1974 547 Α
1999 478 2341 552 temperavit,
2372 487 2433 536 ut
2459 458 2581 550 quis
2607 470 2798 535 videns
2849 478 3099 565 decorem
3137 477 3285 544 auri,
3326 460 3469 533 dum,
3493 492 3587 532 ra-

308 598 425 639 rum
466 577 943 637 :.miscricordiam
983 586 1164 633 autem
1212 592 1391 633 meam
1429 592 1539 634 non
1590 577 1897 648 dispergam
1946 654 1955 657 ﬁ
2001 577 2202 630 diantis
2245 577 2447 629 metalli
2489 577 2830 661 pulchritudil

1996 663 2170 721 oculis
2191 664 2362 720 haeret
2386 665 2441 720 in
2470 662 2819 736 specie,'non
2873 663 3180 720 consideret
3215 663 3348 735 quid
3389 662 3591 719 intrin-

269 687 275 691 ·
305 675 373 729 ab
397 673 478 729 eis
501 669 676 745 (Paul.
704 666 991 740 LXXXVIII).
1015 686 1034 721 ι
1084 667 1191 724 Ista
1228 667 1581 725 considerans
1616 666 1739 721 vide
1766 679 1899 736 quo-

194 798 201 803 ι
274 788 279 791 ι
302 767 466 824 modo
491 762 721 821 necdum
747 774 909 835 pmna
953 759 1146 833 dignus
1167 760 1257 827 sit,
1281 758 1375 831 qui
1393 774 1564 831 usque
1583 757 1638 814 in
1661 772 1900 829 prmsens

308 872 518 934 tempus
570 855 862 916 committit
912 854 1121 912 scelera
1153 894 1170 922 ,
1216 868 1318 911 nec
1357 854 1600 926 punitur.
1643 848 1904 908 Visitatio

306 956 504 1026 quippe
550 951 646 1009 Dei
694 965 793 1027 per
828 947 1037 1004 visitati
1084 954 1352 1003 tormenta
1386 951 1738 1002 monstratur.
1791 941 1898 1011 Qui

306 1029 487 1103 autem
511 1058 749 1117 peccans
767 1039 1080 1112 corripitur,
1109 1039 1294 1096 nescio
1322 1038 1453 1110 quid
1473 1038 1524 1093 ei
1546 1042 1807 1095 excurrat
1829 1049 1899 1093 ex

305 1153 486 1211 paena.
508 1138 635 1194 Haec
653 1144 879 1241 propter
891 1135 996 1190 hoc
1021 1133 1165 1205 quod
1184 1132 1387 1241 dictum
1408 1139 1495 1236 est
1519 1147 1535 1186 :
1566 1150 1586 1184 α
1607 1129 1736 1241 quia
1761 1136 1899 1241 tem-

304 1246 405 1302 pus
423 1230 673 1287 vindictae
688 1220 805 1305 ejus
821 1243 851 1283 a
866 1226 1094 1283 Domino
1119 1233 1221 1281 est.
1234 1244 1254 1278 ι
1282 1222 1573 1295 Sequitur:
1605 1240 1624 1274 ι
1646 1220 1901 1278 Retribu-

309 1327 509 1379 tionem
532 1322 646 1393 ipse
661 1319 924 1377 retribuet
943 1317 992 1374 ei
1009 1331 1025 1371 :
1047 1336 1068 1372 ι
1094 1332 1201 1373 non
1226 1331 1323 1387 per
1342 1313 1622 1370 ministros
1637 1312 1903 1369 retribuet

302 1411 560 1486 Babyloni
596 1413 772 1480 Deus,
813 1410 909 1468 sed
953 1410 1068 1481 ipse
1119 1407 1388 1465 retribuet
1430 1408 1577 1478 quod
1636 1413 1895 1461 meretur.

304 1505 438 1563 Volo
467 1505 723 1578 quiddam
752 1502 936 1559 dicere
978 1501 1033 1556 in
1070 1498 1438 1556 additamento
1472 1496 1813 1568 pronominis
1841 1494 1899 1551 in

305 1610 370 1652 co
394 1595 537 1666 quod
574 1594 838 1666 scriptum
859 1600 947 1649 est
967 1593 1076 1663 ipse
1105 1605 1122 1645 :
1157 1609 1177 1643 ι
1207 1589 1325 1661 Ipse
1355 1588 1575 1654 etenim,
1606 1587 1703 1655 ait,
1734 1586 1898 1644 retri-

303 1684 581 1743 butionem
637 1686 903 1742 retribuet
954 1684 1026 1740 ei.
1068 1703 1089 1737 ι
1145 1682 1263 1740 Non
1320 1683 1572 1740 omnibus
1612 1682 1755 1738 Deus
1808 1695 1897 1738 re-

306 1769 512 1832 iribuct
552 1791 672 1847 qua:
707 1783 1005 1841 merentur,
1045 1774 1139 1831 sed
1174 1782 1301 1831 sunt
1324 1773 1546 1845 quidam
1578 1773 1776 1845 quibus
1801 1786 1900 1844 per

286 1868 439 1923 alios
487 1867 739 1932 restituit,
784 1865 899 1923 sive
931 1864 1162 1936 puniens
1204 1880 1323 1936 eos,
1357 1880 1454 1922 seu
1494 1864 1774 1920 medicans
1801 1878 1901 1936 per
1926 1847 1976 1909 Β

285 1957 643 2037 dolorem,ut
665 1957 719 2013 in
742 1957 969 2012 Psalmis
994 1956 1335 2014 continetur:
1356 1975 1375 2009 ι
1396 1956 1542 2012 Misit
1560 1956 1615 2012 in
1642 1971 1737 2013 eos
1755 1950 1905 2012 furo-

304 2064 420 2105 rem
441 2048 536 2106 ira:
555 2065 690 2116 suae,
706 2048 968 2116 furorem,
988 2057 1046 2104 et
1072 2047 1232 2115 iram,
1256 2056 1314 2104 et
1341 2048 1670 2120 angustiam,
1697 2047 1905 2103 immis-

302 2143 512 2200 sionem
552 2158 649 2215 per
693 2141 913 2215 angelos
954 2142 1222 2215 pessimos
1260 2139 1434 2214 (Psal.
1464 2139 1696 2212 Lxxvn).
1728 2158 1749 2193 ι
1808 2139 1905 2197 His

290 2232 411 2293 'non
436 2222 552 2309 ipse
575 2236 845 2303 restituit,
872 2236 965 2292 sed
991 2237 1059 2292 ad
1090 2235 1503 2291 retributionem
1530 2249 1720 2291 eorum
1741 2234 1902 2290 mini-

303 2326 434 2384 stris
464 2342 593 2383 usus
619 2334 707 2382 est
744 2326 956 2397 angelis
999 2325 1270 2397 pessimis,
1304 2333 1362 2381 et
1387 2323 1509 2380 aliis
1535 2320 1766 2380 forsitan
1792 2337 1902 2379 non

302 2432 403 2489 per
418 2417 597 2474 malos
621 2416 842 2489 angelos
864 2416 1062 2483 reddit,
1082 2416 1177 2473 sed
1194 2430 1295 2487 per
1313 2415 1508 2482 bonos,
1532 2422 1593 2470 ut
1617 2414 1670 2469 in
1690 2414 1792 2481 eis,
1806 2415 1901 2485 qui

300 2524 399 2579 per
448 2508 716 2564 sceleribu
793 2508 1110 2579 puniuntur.
1177 2506 1452 2578 Multaque
1500 2505 1806 2562 istiusmodi
1852 2505 1900 2564 si

304 2598 616 2669 Seripturas
639 2601 900 2656 scruteris
926 2598 1190 2657 invenies.
1223 2597 1321 2653 Est
1347 2607 1527 2653 autem
1556 2597 1772 2667 quando
1794 2596 1899 2653 mi-

302 2695 602 2751 nistrorum
632 2693 810 2751 ollicio
838 2694 1098 2761 refutato,
1131 2693 1544 2749 retributionem
1576 2690 1738 2769 Deus
1784 2691 1904 2762 ipse

307 2784 568 2849 restituit,
596 2793 658 2840 ut
681 2798 827 2839 nunc
859 2781 1141 2855 Babyloni.
1173 2780 1361 2839 Timeo
1388 2781 1644 2853 quiddam
1682 2780 1901 2838 obscuri

303 2873 359 2931 in
384 2875 504 2932 loco
529 2874 820 2931 manifesto
845 2874 1209 2945 interponere,
1242 2873 1386 2944 quod
1417 2859 1563 2928 mihi.
1580 2872 1796 2928 videtur
1817 2872 1897 2927 la-

304 2974 420 3024 tere
449 2968 497 3024 si
540 2976 771 3024 tawam.
821 2965 1208 3023 Verumtamen
1243 2964 1551 3022 audendum
1581 2973 1668 3021 est
1706 2964 1901 3022 saltem

302 3075 475 3133 pauca
502 3061 901 3133 perstringere,
931 3058 1147 3130 quando
1181 3068 1306 3115 sunt
1334 3058 1554 3115 vulnera
1596 3057 1794 3124 facilia,
1844 3068 1901 3115 et

302 3163 549 3226 prompta
583 3153 814 3210 curatio.
854 3151 1094 3207 Medicus
1116 3150 1286 3206 mittit
1313 3166 1532 3208 servum
1566 3164 1746 3217 suum,
1772 3150 1899 3205 mit-

304 3236 370 3300 tit
393 3244 739 3315 discipulum,
777 3251 834 3300 et
869 3257 969 3316 per
1018 3258 1142 3299 eum
1186 3241 1533 3314 languentem
1573 3241 1897 3308 medicatur,

302 3351 479 3407 neque
525 3336 668 3392 enim
710 3348 905 3406 magna
948 3344 1074 3391 sunt
1122 3334 1389 3391 vulnera.
1436 3333 1637 3389 Evenit
1682 3346 1902 3404 quoque

304 3425 613 3496 aliquoties,
637 3433 698 3480 ut
728 3424 985 3482 sectionis
1010 3432 1067 3481 et
1095 3422 1225 3478 ferri
1251 3423 1488 3495 indigeat
1520 3422 1612 3492 qui
1653 3432 1900 3490 sanatur,

306 3524 544 3571 attamen
571 3531 680 3570 non
717 3515 832 3586 ipse
868 3514 1113 3571 medicus
1145 3513 1322 3584 pergit
1367 3512 1433 3568 ad
1476 3527 1621 3578 eum,
1674 3514 1771 3571 sed
1811 3514 1903 3569 eli-

307 3622 441 3678 gens
459 3621 627 3662 unum
656 3620 725 3662 ex
750 3603 1049 3675 discipulis,
1078 3605 1172 3674 qui
1192 3614 1387 3660 curare
1414 3603 1613 3669 valeat,
1640 3619 1707 3660 eo
1732 3605 1902 3660 utitur

307 3702 559 3759 ministro
588 3720 600 3754 :
630 3699 845 3772 quando
865 3714 996 3754 vero
1022 3696 1352 3753 insanabiles
1382 3695 1557 3769 plagae
1578 3705 1724 3763 sunt,
1760 3706 1816 3752 et
1843 3698 1900 3752 in

307 3803 555 3851 emortua
583 3806 748 3850 carne
782 3789 892 3846 alta
922 3790 1150 3861 putredo
1179 3787 1479 3855 contabuit,
1521 3796 1576 3854 et
1603 3788 1660 3843 in
1690 3797 1901 3845 tantum

223 3895 239 3913 '
308 3887 453 3943 mala
476 3886 714 3942 valitudo
733 3891 838 3948 est,
864 3890 925 3938 ut
950 3897 1059 3938 non
1082 3881 1245 3947 servi,
1268 3879 1356 3935 vel
1381 3879 1649 3952 discipuli,
1676 3881 1901 3953 quijam

308 3996 477 4053 prope
497 3994 621 4035 eum
646 3993 744 4048 per
769 3975 1051 4033 scientiam
1074 3974 1206 4031 artis
1226 3982 1591 4057 accesserunt,
1612 3974 1709 4032 sed
1732 3976 1903 4047 ipsius

310 4070 555 4144 magistri
583 4070 833 4127 manibus
869 4068 1129 4140 indigeat,
1176 4076 1307 4126 tunc
1337 4068 1455 4141 ipse
1502 4069 1752 4127 manibus
1787 4086 1903 4128 me-

308 4163 462 4220 dicus
484 4162 808 4235 praecinctus
828 4160 1042 4218 lumbos
1071 4160 1141 4217 ad
1163 4160 1461 4217 sectionem
1489 4160 1756 4218 teterrimi
1785 4162 1904 4217 vul-

310 4254 460 4310 neris
488 4252 812 4315 concitatur.
873 4250 1138 4323 Similiter
1165 4253 1351 4323 itaque
1383 4253 1600 4324 quando
1630 4262 1758 4311 sunt
1792 4255 1901 4311 mi-

312 4360 447 4403 nora
488 4355 738 4415 peccata,
766 4358 875 4399 non
915 4343 1152 4399 restituit
1184 4344 1326 4409 Deus
1369 4343 1487 4415 ipse
1524 4345 1899 4415 peccantibus,

200 4442 207 4448 ‘
310 4438 405 4494 sed
420 4437 542 4493 aliis
555 4438 728 4495 utitur
742 4435 1006 4492 ministris
1022 4452 1035 4489 :
1064 4435 1278 4507 quando
1290 4450 1424 4491 vero
1446 4451 1545 4507 per
1561 4438 1758 4495 merita
1779 4455 1899 4507 sua,

1925 3203 1972 3269 C

2001 572 2202 630 diantis
2245 571 2447 629 metalli
2489 560 2894 644 pulchritudine
2924 558 3281 637 delectatur,
3339 581 3395 626 et
3443 577 3591 627 totus

1998 768 2156 812 secus
2177 753 2374 822 latitet,
2396 761 2452 811 et
2474 753 2748 825 accip.ens
2758 753 2981 831 calicem
3000 752 3449 819 bibat,‘nesciens
3462 752 3593 810 cali-

1995 861 2118 904 cem
2153 847 2673 905 Nabuchodonosor.
2702 847 2973 919 Intelliges
3011 857 3195 904 autem
3236 845 3463 904 calicem
3495 862 3595 903 au-

1997 955 2153 998 reum
2178 942 2234 998 in
2266 943 2523 1013 prtesenti
2563 942 2920 1009 nominatum,
2964 942 3010 999 si
3040 942 3441 999 animadvertas
3465 956 3591 1012 pes-

1998 1032 2262 1090 simorum
2284 1034 2596 1105 dogmatum
2618 1034 2787 1091 verba
2799 1033 3101 1100 mortifera,
3122 1032 3337 1105 qualem
3359 1033 3599 1090 habeant

1998 1114 2449 1198 compositionem
2494 1139 2808 1182 sermonum
2832 1162 2850 1192 ,
2899 1123 3113 1195 qualem
3169 1126 3423 1182 decorem
3476 1124 3594 1182 elo-

1962 1280 1967 1285 ,
1998 1218 2263 1290 ῳιθιιῑίω,
2314 1216 2530 1289 qualem
2578 1232 2764 1274 rerum
2803 1216 3162 1284 divisionem,
3205 1225 3262 1273 et
3299 1232 3595 1290 cognosces

1964 1306 1965 1309 “
2002 1319 2277 1384 quomodo
2307 1311 2683 1385 unusquisque
2700 1321 3008 1384 poetarum,
3041 1311 3134 1383 qui
3163 1320 3425 1382 putantur
3453 1312 3595 1384 apud

1999 1419 2128 1461 suos
2147 1404 2515 1472 disertissimi,
2532 1405 2762 1462 calicem
2783 1420 3006 1462 aureum
3031 1405 3437 1475 temperaverit,
3462 1418 3517 1461 et
3540 1406 3598 1461 in

1999 1494 2171 1552 calice
2203 1510 2371 1552 aureo
2394 1510 2665 1553 venenum
2690 1495 2940 1568 injecerit
2986 1494 3324 1561 idololatria,
3346 1504 3418 1576 et,
3435 1509 3615 1552 vene-.

1962 1584 1970 1673 ς
1998 1604 2129 1644 num
2161 1588 2474 1662 turpiloquii
2500 1607 2515 1645 :
2543 1604 2820 1670 venenum,
2857 1605 3047 1647 eorum
3072 1605 3195 1662 quae
3238 1589 3476 1647 animam
3504 1590 3602 1647 ho-

2001 1680 2167 1738 minis
2199 1681 2522 1738 interimunt
2548 1683 2887 1756 dogmatnm,
2909 1698 3177 1740 venenum
3206 1682 3342 1740 falsi
3360 1682 3602 1740 nominis

2002 1772 2265 1843 scientias,
2290 1774 2388 1831 sed
2406 1789 2561 1833 meus
2584 1774 2746 1833 Jesus
2784 1785 3010 1833 econtra
3045 1775 3194 1833 fecit.
3230 1776 3424 1833 Sciens
3454 1776 3602 1834 enim

2004 1879 2230 1922 aureum
2258 1864 2488 1923 calicem
2514 1865 2742 1934 diaboli,
2771 1874 2827 1924 et
2852 1851 3168 1938 praecavens
3189 1881 3259 1923 ne
3291 1865 3491 1937 aliquis
3534 1865 3603 1921 ad

2004 1954 2167 2012 fidem
2197 1971 2353 2014 suam
2387 1956 2637 2025 veniens,
2667 1958 3055 2037 suspicaretur
3073 1958 3240 2014 etiam
3279 1956 3484 2015 Christi
3524 1964 3606 2011 ta-

1970 2040 1975 2046 ’
2002 2049 2111 2106 lem
2136 2064 2259 2106 esse
2286 2050 2534 2117 calicem,
2559 2050 2775 2120 qualem
2803 2049 3110 2122 reliquerit,
3145 2059 3204 2107 et
3226 2064 3328 2122 per
3347 2048 3599 2105 similitu-

2003 2141 2185 2197 dinem
2211 2142 2459 2209 materia:
2483 2141 2803 2199 formidaret
2828 2157 3074 2198 errorem
3101 2160 3114 2196 :
3144 2141 3267 2198 ideo
3288 2141 3519 2207 curavit,
3544 2150 3607 2197 ut

1974 2296 1977 2301 ι
2003 2231 2331 2289 haberemus
2362 2233 2678 2289 thesaurum
2702 2233 2867 2290 istum
2884 2233 2943 2290 in
2970 2232 3116 2289 vasis
3137 2231 3418 2308 ﬁctilibus.
3449 2233 3606 2305 Saepe

2002 2323 2111 2380 vidi
2147 2339 2373 2381 aureum
2402 2323 2627 2382 calicem
2655 2324 2711 2380 in
2739 2324 2969 2397 pulchro
2999 2324 3269 2382 sermonis
3296 2333 3515 2392 ornatu,
3550 2334 3609 2381 et

2005 2415 2320 2487 dogmatum
2344 2430 2553 2473 venena
2578 2400 2964 2484 considerans,
3009 2416 3342 2488 deprehendi
3378 2416 3605 2474 calicem

1977 2582 1981 2586 _
2002 2509 2315 2583 Babylonis.
2339 2530 2358 2563 ι
2378 2507 2532 2568 caui;
2553 2526 2752 2569 aureus
2773 2510 3012 2583 Babylon
3039 2510 3095 2567 in
3116 2526 3282 2566 manu
3295 2508 3543 2566 Domini:
3578 2529 3598 2562 ι

2003 2617 2113 2657 non
2137 2609 2225 2658 est
2247 2615 2463 2672 semper
2486 2601 2626 2658 calix
2665 2616 2867 2658 aureus
2905 2599 3220 2673 Babylonis.
3249 2600 3385 2657 Cum
3419 2609 3605 2657 autem

2009 2693 2221 2750 venerit
2240 2694 2309 2749 ad
2336 2694 2657 2760 vindictam,
2681 2701 2739 2750 et
2760 2693 2819 2749 in
2844 2707 3012 2749 manu
3035 2691 3250 2747 Domini
3275 2691 3455 2763 posita
3490 2692 3607 2746 fue-

1985 2784 2099 2854 grit,
2127 2792 2257 2841 tunc
2294 2784 2526 2842 efﬁcitur
2574 2793 2745 2852 terra,
2787 2799 2910 2857 quae
2941 2783 3218 2856 quondam
3263 2791 3409 2840 tacta
3434 2790 3520 2839 est
3549 2782 3607 2837 in

1986 2872 2105 2945 Job
2128 2892 2141 2928 :
2167 2889 2345 2946 neque
2368 2890 2501 2931 vero
2517 2874 2722 2948 jugiter
2746 2874 2802 2930 in
2826 2889 2991 2931 manu
3018 2874 3235 2937 Domini
3255 2873 3566 2929 continetur
3589 2914 3606 2941 ,

1987 2968 2099 3043 sed
2129 2968 2351 3026 ultionis
2391 2976 2602 3025 tantum
2630 2977 3032 3045 temporecum
3063 2969 3292 3040 ceperit
3331 2967 3383 3024 ei
3420 2967 3607 3023 Domi—

2004 3074 2109 3115 nus
2142 3060 2433 3117 restituere
2462 3061 2609 3131 quod
2636 3067 2901 3128 meretur,
2931 3069 3061 3117 tunc
3091 3060 3151 3116 in
3170 3075 3346 3127 manu
3367 3059 3487 3131 ejus
3513 3058 3607 3115 ﬁet

2004 3148 2284 3207 inebrians
2310 3165 2530 3207 omnem
2569 3159 2794 3209 terram.
2838 3151 2947 3208 Iste
2970 3150 3114 3207 calix
3141 3165 3340 3208 aureus
3366 3149 3606 3221 Babylon

2002 3241 2297 3298 inebriavit
2328 3244 2639 3300 universam
2675 3251 2903 3300 terram.
2944 3242 3231 3312 Quomodo
3263 3250 3450 3298 autem
3486 3241 3606 3297 uni-

1994 3346 2218 3409 versam
2242 3332 2593 3390 inebriaverit
2627 3343 2856 3401 terram,
2893 3332 3057 3389 facile
3095 3333 3259 3399 scies,
3283 3333 3329 3389 si
3356 3332 3607 3389 conside-

2002 3422 2212 3478 raveris
2237 3436 2429 3479 omnes
2465 3423 2715 3480 homines
2754 3423 2956 3479 ebrios.
3011 3422 3352 3479 lnebriamur
3380 3423 3480 3488 ira,
3516 3423 3605 3479 iu-

2002 3514 2286 3571 ebriamur
2312 3515 2559 3593 tristitia,
2589 3516 2925 3573 inebriamur
2965 3524 3022 3571 et
3055 3525 3261 3583 mente,
3301 3516 3608 3572 excidimus

2004 3623 2214 3676 amore,
2242 3602 2701 3680 cencupiscentiis
2720 3618 2777 3665 et
2802 3624 2941 3664 vana
2964 3608 3153 3680 gloria.
3177 3608 3391 3676 Quanta
3406 3610 3601 3679 pocula

2006 3701 2412 3773 temperaverit,
2439 3710 2574 3773 quot
2600 3702 2883 3779 ebrietatis
2904 3702 3214 3774 porrexerit
3234 3702 3451 3768 calices,
3474 3704 3606 3773 quid

2009 3807 2239 3851 necesse
2267 3802 2352 3851 cst
2381 3794 2598 3850 dicere?
2631 3813 2651 3846 ι
2675 3794 2829 3850 Calix
2857 3809 3056 3851 aureus
3069 3794 3309 3866 Babylon
3327 3794 3607 3851 inebrians

2004 3902 2223 3944 omnem
2241 3896 2469 3944 terram.
2492 3907 2511 3940 ι
2532 3887 2921 3945 Animadverte
2936 3903 3154 3945 omnem
3170 3896 3371 3945 terram
3389 3888 3603 3958 plenam

2003 3995 2125 4037 esse
2152 3980 2409 4051 peccatis,
2440 3988 2495 4038 et
2519 3996 2629 4036 non
2666 3995 2877 4052 quaeres
2903 3982 3175 4053 quomodo
3203 3982 3442 4055 Babylon
3478 3999 3603 4040 om-

2005 4086 2131 4127 nem
2156 4079 2358 4127 terram
2388 4072 2759 4141 inebriaverit,
2786 4074 2883 4130 sed
2917 4074 2963 4130 si
2990 4073 3133 4130 forte
3158 4073 3365 4132 videris
3393 4075 3601 4147 justum

2004 4160 2215 4218 ebrium
2243 4179 2351 4220 non
2377 4178 2499 4229 esse
2528 4166 2597 4220 de
2636 4163 2807 4221 calice
2843 4174 3212 4242 peccatorum,
3251 4165 3364 4223 noli
3408 4175 3603 4238 putare

2005 4255 2334 4327 scripturam
2380 4272 2501 4314 esse
2550 4258 2837 4338 mentitam
2876 4272 3011 4338 qua:
3051 4257 3292 4314 dixerit:
3320 4258 3601 4316 lnebrians

2006 4363 2224 4405 omnem
2245 4357 2470 4417 terram,
2504 4333 2629 4406 cum
2649 4350 2751 4408 iste
2778 4333 2892 4408 non
2918 4351 3221 4408 inebriatur
3241 4368 3273 4408 a
3303 4351 3598 4426 Babylone,

2006 4451 2062 4497 et
2085 4451 2269 4500 tamen
2306 4444 2571 4501 consistat
2613 4445 2669 4500 in
2713 4454 2877 4500 terra.
2903 4445 3045 4503 Audi
3093 4446 3220 4516 quia
3263 4444 3448 4516 justus
3490 4463 3600 4502 non

310 4529 499 4622 ingens
527 4528 803 4584 hominem
836 4527 1097 4622 aegritudo
1138 4527 1631 4598 comprehenderit,
1658 4541 1720 4585 ut
1758 4547 1905 4588 nunc
1927 4558 1984 4622 D
2009 4534 2082 4589 sit
2128 4535 2184 4589 in
2236 4544 2384 4591 terra
2416 4552 2431 4592 :
2479 4534 2710 4603 Omnem
2764 4546 2964 4594 terram
2993 4537 3253 4600 inebriat
3308 4539 3447 4595 calix
3497 4540 3601 4595 iste

309 4616 634 4688 Babylonem
679 4631 799 4690 quae
836 4617 1093 4689 gravibus
1128 4618 1362 4689 propriae
1400 4618 1621 4675 malitia:
1649 4628 1734 4676 est
1771 4636 1902 4678 con-

313 4704 461 4765 fossa
487 4707 824 4773 vulneribus,
870 4716 997 4764 tunc
1039 4707 1109 4763 ad
1148 4708 1560 4765 retributionem
1601 4711 1743 4766 Deus
1786 4712 1904 4783 ipse

310 4795 555 4853 festinat.
580 4794 768 4853 Simile
788 4794 1045 4866 quiddam
1070 4795 1199 4852 huic
1233 4796 1279 4852 si
1300 4797 1554 4868 requiris,
1580 4798 1824 4858 invenies
1848 4812 1905 4860 et

311 4891 379 4949 de
412 4889 768 4957 Hierusalem,
794 4906 915 4962 quze
936 4891 986 4947 ei
1015 4892 1313 4949 acciderint
1328 4902 1453 4965 post
1485 4897 1799 4967 prophetas,
1829 4897 1902 4954 ob

313 4985 390 5054 id,
420 4986 548 5058 quia
570 4987 821 5042 insidiata
849 4986 921 5042 sit
942 4986 1178 5045 Christo.
1864 5048 1869 5053 ,

338 5100 341 5105 η
388 5096 409 5129 ι
444 5075 597 5134 Calix
619 5092 820 5135 aureus
846 5076 1087 5149 Babylon
1112 5079 1168 5134 in
1186 5094 1351 5136 manu
1367 5081 1599 5149 Domini,
1621 5083 1901 5141 inebrians

318 5188 339 5224 ι
370 5184 589 5226 omnem
613 5178 836 5228 terram.
867 5169 944 5227 De
970 5172 1097 5229 vino
1129 5173 1247 5245 ejus
1268 5174 1526 5232 biberunt
1550 5192 1742 5234 omnes
1772 5192 1902 5248 gen-

318 5279 341 5325 ¢_
374 5269 475 5328 tes,
502 5269 558 5317 et
588 5262 707 5319 ideo
732 5272 1017 5321 commota:
1035 5274 1199 5323 sunt:
1224 5267 1404 5325 subito
1432 5270 1629 5326 cecidit
1657 5269 1902 5343 Babylon

320 5346 345 5405 ὁ
372 5363 428 5411 et
466 5354 698 5409 contrita
722 5365 824 5412 est.
872 5374 892 5410 ι
945 5356 1145 5432 (θήῃ.)
1182 5357 1682 5419 Nabuchodonosor
1714 5362 1903 5422 volens

314 5443 564 5514 decipere
618 5443 866 5503 homines
906 5461 1005 5519 per
1053 5449 1281 5509 calicem
1320 5450 1612 5531 Babylonis
1636 5455 1903 5524 dolosum,

314 5550 422 5591 non
442 5534 660 5593 miscuit
685 5537 740 5592 in
764 5552 893 5593 vase
919 5538 1094 5608 ﬁctili,
1122 5558 1289 5613 quam
1314 5544 1563 5617 parabat,
1579 5547 1863 5621 potionem
1880 5584 1905 5619 ι.

315 5626 417 5707 sed,
437 5640 609 5698 neque
636 5626 711 5717 ,εει
729 5628 1028 5723 raw"!!!
1053 5632 1910 5723 ,μεμίρι-εξνληςκβο-εερῆιίωιμιοι

315 5735 631 5805 arceram,
644 5719 744 5802 ,vel
758 5780 764 5793 .
772 5728 1023 5817 genam...
1034 5733 1101 5807 et
1121 5719 1265 5817 quod
1412 5732 1683 5805 creauit
1696 5750 1905 5806 amem

316 5818 406 5869 teo
440 5829 455 5869 :
497 5827 687 5898 verum
737 5813 941 5884 eligens
990 5831 1087 5872 vas
1134 5813 1361 5876 aureum
1384 5858 1400 5888 ,
1440 5822 1497 5877 in
1534 5838 1601 5881 eo
1649 5824 1903 5898 poculum

597 5895 873 5970 Partica.
916 5906 1078 5973 CXI.

2010 4642 2229 4683 aureus.
2260 4628 2448 4685 Justus
2473 4644 2605 4684 vero
2629 4644 2755 4685 cum
2784 4631 2856 4685 sit
2880 4645 3043 4701 super
3064 4638 3290 4696 terram,
3314 4646 3601 4688 conversa-

2011 4719 2215 4774 tionem
2241 4719 2299 4774 in
2329 4719 2483 4776 etelis
2506 4718 2689 4784 liabet,
2721 4727 2776 4774 et
2822 4728 3043 4792 propter
3067 4721 3172 4777 hoc
3200 4736 3309 4777 non
3346 4722 3602 4788 convenit

2008 4810 2237 4867 ulterius
2274 4810 2426 4881 justo
2471 4810 2623 4867 dici:
2661 4831 2679 4865 ι
2713 4811 2880 4867 Terra
2928 4827 3008 4873 es.
3050 4819 3107 4868 et
3158 4811 3214 4866 in
3244 4820 3446 4868 terram
3492 4813 3597 4869 ibis

2009 4900 2177 4973 (Gen.
2209 4903 2318 4974 ιη).
2357 4923 2377 4956 ι
2422 4900 2531 4967 Sed
2573 4902 2620 4959 si
2676 4918 2899 4961 necesse
2950 4911 3057 4971 est,
3102 4903 3367 4982 audenter
3406 4905 3594 4976 loqui:

2008 4991 2144 5049 dicit
2160 4990 2311 5062 justo
2350 4991 2497 5050 Deus
2542 4993 2721 5049 adhuc
2769 4993 3086 5050 consistenti
3114 5008 3275 5066 super
3320 5001 3525 5051 terram
3577 5014 3590 5050 :

2001 5084 2210 5142 leum
2236 5101 2318 5153 es,
2341 5094 2397 5143 et
2427 5086 2482 5142 in
2506 5086 2707 5144 cmlum
2736 5088 2842 5144 ibis
2873 5106 2886 5143 :
2915 5095 3100 5159 portat
3127 5088 3273 5144 enim
3302 5088 3594 5160 imaginem

2002 5179 2262 5236 caelestis.
2294 5178 2484 5251 Igitur,
2512 5187 2575 5234 ut
2594 5178 2940 5245 concludam,
2967 5178 3110 5236 calix
3134 5195 3333 5237 aureus
3361 5179 3595 5236 inebriat

2002 5285 2221 5328 omnem
2269 5278 2491 5337 terram,
2545 5269 2601 5324 id
2646 5279 2731 5326 est
2774 5286 2966 5327 omnes
3012 5271 3083 5326 ab
3125 5286 3191 5329 eo
3226 5270 3592 5338 linehnialiur.

2003 5362 2244 5434 quandiu
2270 5369 2417 5417 terra
2437 5376 2701 5437 sumus}:
2730 5360 2773 5419 A
2790 5360 2924 5425 .vino
2952 5358 3591 5433 ejusbibertultigtaitcu

2003 5463 2227 5539 propter
2252 5455 2358 5521 hoc
2379 5460 2665 5527 commotae
2680 5463 2853 5520 metu
2877 5473 2897 5509 ι
2913 5454 3071 5519 sieta
3089 5452 3594 5525 inbiszquiibihuut

2005 5547 2175 5619 iam
2194 5546 2289 5617 qui
2329 5545 2513 5617 inlusa
2538 5545 2775 5615 marini.
2790 5546 3155 5623 ιίίιηοεβῃιιιεὰ
3164 5542 3511 5615 superatum
3534 5553 3594 5601 ei

2191 5652 2543 5707 εωθμεμιῑληι-
2559 5637 2806 5707 bﬂmiutl
2838 5636 3143 5707 amitis!!!“
3330 5631 3594 5711 :oorponis

2006 5732 3331 5811 Wuncillanms.pedesucaputaetempora
3358 5739 3569 5797 me

1996 5836 2153 5894 vata,
2175 5841 2240 5884 os
2276 5826 2618 5894 dissolutum,
2641 5827 2880 5899 linguam
2904 5824 3295 5895 signiﬁcantem
3315 5829 3593 5877 sermones

3067 5913 3147 5977 37
