4044 6326
567 470 704 530 i163

1196 470 1257 525 B.
1297 465 1549 524 RABANI
1586 464 1804 522 MAUBI
1840 460 2156 518 ARCHIEP.
2195 456 2501 517 MOGUNT.
2542 448 2827 516 OPERUM
2862 454 3040 513 PARS
3075 454 3162 513 lli.

3664 442 3839 517 ηθι

564 587 722 656 ebrii,
751 592 804 643 et
829 584 1155 643 haerentibus
1188 582 1344 638 labiis
1385 582 1550 638 verba
1586 578 1831 650 przecisa.
1876 570 2135 633 Similiter
2159 583 2213 644 Α
2239 574 2472 630 resinam
2498 572 2825 644 correptioni
2850 569 3159 644 Babylonis,
3207 566 3254 628 si
3279 574 3549 644 quomodo
3584 580 3841 634 sanare-'-

561 688 647 737 est
676 679 857 735 videre
884 691 979 733 eos
1006 675 1098 747 qui
1134 676 1199 731 de
1237 674 1406 731 calice
1442 688 1607 728 aureo
1634 670 1867 726 biberint
1906 662 2134 739 Babylo-

562 772 669 839 nis,
700 769 966 843 quomodo
1001 774 1337 832 moveantur,
1358 762 1626 837 quomodo
1667 760 1946 818 instabiles
1983 776 2134 833 gres-

561 880 624 921 su
686 863 825 930 sint,
874 860 1144 932 quomodo
1188 858 1460 915 debilitata
1509 866 1709 922 mente,
1756 863 1812 911 et
1845 852 2133 910 ﬂuctuante

561 963 756 1010 conatu
787 946 920 1006 nihil
956 950 1097 1006 firmi
1132 956 1366 1014 teneant,
1391 946 1484 1002 sed
1513 960 1725 1016 semper
1747 940 1801 1000 in
1827 942 2133 1000 turbatione

561 1052 788 1116 agantur
808 1040 1021 1097 incerti.
1041 1060 1058 1092 ι
1068 1032 1324 1095 Biberunt
1336 1044 1542 1109 gentes,
1555 1043 1834 1106 propterea
1848 1034 2132 1091 commota;

559 1145 702 1204 sunt,
759 1143 813 1191 et
859 1135 1037 1191 subito
1077 1130 1269 1188 cecidit
1303 1130 1542 1203 Babylon
1591 1136 1643 1184 et
1686 1128 1919 1184 contrita
1966 1134 2067 1182 est.
2103 1145 2125 1179 ι

559 1226 782 1297 Quando
804 1233 1023 1298 repente
1062 1222 1257 1280 cecidit
1296 1219 1802 1291 Babylon?videtur
1830 1216 1961 1273 mihi
2000 1210 2127 1288 pro-

556 1323 778 1393 phetare
813 1316 1330 1374 conSummationem‘
1368 1313 1552 1368 mhndi
1600 1311 1778 1367 subito
1831 1311 2065 1366 futuram
2113 1326 2127 1362 :

556 1412 820 1484 quomodo
833 1408 975 1492 enim
996 1404 1188 1465 dieb'us
1200 1404 1384 1461 diluvii
1410 1396 1763 1460 comedeban't
1782 1410 1837 1458 et
1855 1402 2126 1492 bibebant,

554 1503 805 1559 emebant
853 1506 908 1557 et
941 1489 1277 1564 vendebant,
1328 1496 1643 1567 piantabant
1687 1492 1743 1549 et
1791 1489 2130 1549 aedificabant

554 1594 705 1669 (Luc.
732 1594 886 1668 xvn),
919 1593 1090 1649 donec
1113 1591 1261 1648 venit
1286 1586 1565 1655 diluvium,
1596 1597 1651 1645 et
1681 1587 1802 1644 tulit
1830 1596 2036 1653 omnes,
2074 1595 2131 1644 et

550 1685 729 1742 subito
746 1686 894 1741 venit
935 1680 1233 1745 inundatio,
1265 1678 1513 1735 similiter
1541 1686 1717 1734 autem
1761 1682 1816 1733 et
1856 1678 1907 1733 in
1938 1677 2128 1734 diebus

551 1778 689 1835 Loth
741 1798 753 1833 :
795 1777 875 1835 sic
911 1785 967 1833 et
993 1776 1384 1832 consummatio
1426 1774 1610 1829 mundi
1660 1790 1766 1831 non
1804 1788 1902 1845 per
1946 1778 2127 1844 partes

551 1871 663 1936 iiet,
701 1869 794 1925 sed
820 1877 1063 1939 repente.
1090 1862 1228 1921 Huic
1254 1862 1638 1921 confbrendum
1669 1864 1876 1919 aestimo
1907 1864 1959 1919 id
1985 1863 2129 1934 quod

551 2047 661 2103 sola
698 2046 837 2101 tubos
874 2044 1089 2101 Jericho
1130 2045 1322 2100 civitas
1351 2060 1633 2111 corruens,
1662 2046 1839 2100 subito
1860 2028 2129 2114 disperiit,

550 2148 603 2197 et
634 2137 791 2209 juxta
831 2137 971 2194 hanc
1011 2135 1415 2194 similitudinem
1463 2136 1789 2209 Babylonem
1818 2151 2032 2207 quoque
2070 2135 2128 2192 in

548 2230 1068 2289 consummationem
1118 2231 1298 2286 saeculi
1351 2242 1600 2285 casuram
1645 2243 1796 2293 esse,
1841 2236 1896 2283 et
1946 2226 2125 2282 subito

546 2324 960 2389 eonterendam,
1000 2329 1056 2377 et
1108 2322 1223 2378 hzec
1276 2322 1493 2392 quidem
1546 2321 1614 2377 de
1659 2320 2125 2376 consummatione

547 2417 689 2473 dicta
710 2423 853 2472 sunt.
884 2414 942 2470 Si
964 2428 1093 2471 vero
1116 2414 1332 2470 Veneris
1354 2414 1420 2469 ad
1445 2415 1732 2469 adventum
1776 2412 1987 2468 Domini
2016 2411 2125 2469 mei

543 2508 671 2567 Jesu
692 2507 914 2573 Christi,
941 2515 998 2563 et
1023 2506 1226 2561 videris
1251 2521 1505 2578 magnum
1533 2521 1667 2577 opus
1692 2505 1827 2576 ejus,
1854 2503 2124 2575 quomodo

544 2604 867 2661 subverterit
887 2602 1065 2659 omnia
1093 2601 1330 2675 gentium
1361 2596 1428 2657 de
1452 2600 1606 2657 idolis
1632 2601 1902 2672 dogmata,
1929 2608 1989 2655 ut
2008 2612 2125 2655 cre-

543 2695 731 2750 dentes
776 2694 843 2750 de
880 2694 1079 2749 erroris
1116 2693 1379 2747 eximeret
1411 2691 1558 2763 jugo,
1601 2690 1866 2763 intelliges
1902 2692 2027 2761 quia
2065 2689 2121 2745 in

543 2794 786 2857 tempore
814 2783 1080 2856 passionis
1109 2781 1227 2851 ejus
1259 2783 1496 2855 Babylon
1535 2784 1802 2855 extemplo
1832 2782 2039 2839 corruit
2066 2789 2122 2838 et

543 2877 772 2933 contrita
828 2884 932 2932 est.
977 2875 1359 2945 Unusquisque
1420 2883 1665 2930 nostrum
1703 2875 2010 2931 consideret
2062 2890 2122 2932 se

543 2969 737 3038 ipsum,
784 2976 839 3023 et
880 2966 1279 3023 animadvertat
1319 2964 1644 3037 Babylonem
1677 2967 1730 3021 in
1760 2982 1857 3023 suo
1901 2974 2122 3039 pectore

542 3059 830 3113 corruisse.
872 3056 931 3113 Si
956 3064 1137 3111 autem
1167 3056 1221 3111 in
1246 3054 1475 3124 alicujus
1503 3057 1665 3111 corde
1688 3070 1794 3112 non
1825 3055 2020 3113 cecidit
2042 3057 2121 3111 ci-

544 3148 679 3201 vitas
713 3146 1072 3214 confusionis,
1116 3147 1243 3202 huic
1282 3147 1536 3201 necdum'
1576 3146 1820 3203 Christus
1879 3147 2115 3205 advenit.

547 3242 804 3297 Veniente
838 3240 1034 3312 quippe
1079 3254 1166 3305 eo,
1189 3238 1429 3311 Babylon
1459 3254 1618 3294 ruere
1649 3241 1955 3307 consuevit,
1989 3255 2116 3311 pro-

2236 672 2343 729 tur,
2391 662 2635 721 fecerunt
2686 663 2831 735 quod
2879 664 3202 735 imperatum
3250 662 3447 733 fuerat,
3483 679 3845 739 acceperunt

2234 757 2468 812 resinam
2497 756 2565 811 ad
2588 757 2985 827 correptioncm
3011 757 3151 828 ejus,
3174 759 3455 819 audientes
3478 777 3642 831 posse
3673 763 3837 829 fieri,

2234 846 2543 920 utBabylon
2569 846 2834 920 reciperet
2857 849 3178 916 sanitatem;
3202 858 3258 904 et
3277 849 3404 921 quia
3425 853 3568 922 quod
3588 864 3841 924 putave-

2234 946 2375 1005 rant,
2415 954 2522 994 non
2552 946 2892 1009 repererunt,
2940 924 3177 1011 Babylon
3219 941 3417 1013 quippe
3450 944 3502 1000 in
3537 949 3836 1018 proposita

2232 1030 2431 1084 malitia
2472 1046 2846 1101 perseverans,
2896 1028 3073 1088 noluit
3116 1049 3174 1089 se
3213 1034 3394 1090 curari
3420 1076 3434 1103 ,
3472 1038 3837 1095 satisfaciunt

2230 1110 2357 1175 boni
2388 1118 2580 1175 medici
2606 1128 2660 1175 et
2686 1121 2913 1177 dicunt':

2306 1230 2324 1264 ι
2359 1211 2675 1268 Curavimus
2697 1212 3044 1283 Babylonem,
3073 1224 3127 1270 et
3159 1232 3267 1272 non
3295 1219 3378 1271 est
3396 1226 3608 1273 sanata.
3648 1217 3829 1275 Dere-

2238 1309 2258 1352 t
2289 1299 2595 1372 linquamus
2622 1316 2764 1368 eam,
2796 1309 2851 1357 et
2888 1318 3076 1358 eamus
3118 1305 3484 1381 unusquisque
3520 1307 3572 1363 in
3610 1317 3831 1363 terram

2236 1404 2255 1441 ι
2287 1404 2463 1456 suam,
2496 1389 2750 1462 quoniam
2789 1392 3035 1461 pervenit
3055 1406 3224 1462 usque
3256 1394 3322 1449 ad
3361 1396 3527 1453 caelos
3550 1396 3830 1466 judicium

2236 1498 2256 1535 ι
2282 1482 2422 1555 ejus,
2452 1491 2508 1539 et
2528 1483 2793 1538 eievatum
2820 1488 2903 1539 est
2925 1499 3096 1554 usque
3110 1485 3179 1539 ad
3200 1485 3421 1543 nubes.»
3451 1487 3655 1560 (θήρ.)
3686 1489 3831 1544 Vide

2229 1582 2431 1643 autem,
2463 1573 2643 1641 homo,
2668 1586 2736 1628 ne
2764 1574 2979 1645 quando
3022 1572 3226 1647 angelis
3252 1575 3531 1649 praecipiat
3558 1578 3734 1643 Deus,
3770 1587 3833 1632 ut

2228 1669 2296 1724 ad
2329 1666 2641 1740 languorem
2672 1667 2865 1723 anima:
2912 1658 3020 1724 luat
3058 1664 3479 1725 medicaminum
3515 1668 3831 1741 emplastra

2227 1757 2538 1824 conficiant,
2565 1759 2611 1813 si
2639 1756 2905 1827 Quomodo
2936 1759 3110 1830 possis
3133 1759 3201 1814 ab
3226 1760 3578 1831 aegrotatione
3606 1760 3828 1815 sanari.

2226 1848 2293 1903 Et
2324 1849 2679 1918 respondeant
2704 1847 2876 1921 angeli
2900 1862 2914 1902 :
2939 1847 3257 1904 Curavimus
3280 1848 3436 1904 istam
3461 1848 3829 1922 Babylonem,

390 1948 397 1953 “
504 1996 507 1997 ν
550 1959 811 2027 scriptum
841 1936 925 2011 est
949 1957 1001 2011 in
1025 1950 1151 2011 Iesu
1180 1953 1324 2013 Nave
1347 1953 1531 2027 (Iosue
1556 1955 1676 2026 vn),
1705 1953 1919 2024 quando
1940 1971 1967 2007 a
1991 1968 2121 2009 voce

2227 1939 2574 1997 ostendentes
2597 1956 2629 1995 a
2670 1941 3012 2011 passionibus
3051 1940 3333 1996 confusam
3365 1940 3602 1998 animam
3637 1938 3829 2013 suam,

2229 2038 2282 2085 et
2318 2046 2426 2085 non
2460 2038 2542 2085 est
2572 2038 2779 2086 sanata.
2824 2029 2942 2085 Non
2978 2028 3263 2087 scientiam
3307 2030 3441 2087 artis
3465 2046 3597 2099 suae,
3642 2049 3830 2104 neque

2227 2121 2421 2177 resinae
2448 2121 2557 2175 vim
2582 2120 2960 2187 criminantur,
2984 2122 3079 2177 sed
3103 2130 3153 2177 te
3193 2122 3283 2191 qui
3314 2125 3602 2194 praeceptis
3623 2141 3828 2182 eorum

2226 2211 2452 2281 obsequi
2484 2211 2724 2279 noluisti,
2758 2211 2999 2267 dicentes
3030 2229 3042 2265 :
3086 2211 3405 2269 Curavimus
3441 2213 3785 2289 Babylonem
3810 2259 3825 2282 ,

2225 2308 2405 2358 et'non
2429 2310 2511 2358 est
2530 2311 2750 2370 sanata;
2780 2302 3148 2374 relinquamus
3171 2318 3313 2359 eam.
3345 2322 3364 2356 ι
3400 2302 3694 2363 Steterunt
3722 2326 3828 2364 tne-

2224 2394 2331 2450 dici
2360 2392 2460 2450 sub
2514 2409 2709 2466 magno
2739 2392 2947 2450 medico
2982 2394 3157 2467 angeli
3196 2393 3310 2460 Dei,
3343 2395 3589 2454 volentes
3617 2415 3824 2454 curare

2224 2484 2621 2542 imbecillitates
2648 2496 2879 2553 nostras,
2921 2486 3163 2543 volentes
3204 2486 3439 2543 animam
3477 2489 3724 2547 liberare
3747 2493 3826 2548 di-

2222 2582 2444 2648 vinitus,
2460 2583 2555 2638 sed
2568 2598 2665 2637 nos
2687 2581 2788 2653 ipsi
2804 2581 3111 2653 repellimus
3123 2597 3217 2638 eos
3230 2580 3356 2637 dum
3369 2582 3611 2639 consiliis
3626 2600 3822 2640 eorum

2222 2688 2329 2729 non
2354 2672 2762 2743 acquiescimus.
2785 2690 2804 2723 (
2824 2672 2883 2727 In
2906 2680 3103 2728 terram
3121 2686 3295 2737 suam,
3319 2692 3338 2726 ι
3365 2675 3465 2729 hoc
3486 2683 3589 2738 est,
3607 2676 3822 2732 credita

2221 2769 2379 2823 nobis
2406 2776 2489 2824 est
2517 2783 2549 2821 a
2575 2766 2799 2823 Domino
2822 2762 3109 2835 medicina,
3144 2774 3204 2827 ut
3231 2764 3468 2825 animam
3495 2785 3820 2829 curarentus

2222 2861 2547 2916 humanam:
2574 2859 2918 2916 adhibunnus
2940 2859 3293 2929 adiutorium,
3317 2863 3681 2919 medicamina
3715 2864 3816 2920 im-

2219 2947 2516 3020 posuimus.
2540 2946 2763 3004 Multum
2791 2958 3079 3005 contumax
3101 2958 3203 3018 est,
3231 2967 3339 3007 non
3365 2952 3479 3006 vult
3496 2954 3816 3023 observare,

2220 3041 2365 3114 quod
2404 3040 2652 3107 dicimus,
2702 3041 2935 3097 studium
2982 3050 3227 3099 nostrum
3254 3059 3362 3099 non
3404 3044 3661 3115 Sequitur
3690 3046 3819 3101 en‘e-

2220 3143 2359 3191 ctus.
2394 3150 2415 3188 t
2443 3133 2831 3205 Reiinquamus
2875 3149 2996 3191 eam
3016 3177 3031 3203 ,
3062 3142 3119 3191 et
3152 3136 3409 3193 abeamus
3444 3140 3819 3210 unusquisque

2222 3225 2277 3280 in
2298 3231 2497 3280 terram
2518 3239 2693 3292 suam,
2722 3240 2741 3279 ι
2769 3212 3124 3283 ddmesticum
3145 3232 3199 3281 et
3214 3227 3491 3298 proprium
3512 3230 3814 3300 negotium.

543 3339 662 3402 pter
695 3331 797 3386 hoc
824 3293 893 3385 aid
931 3293 1242 3385 orationum
1271 3293 1518 3399 praesidia
1555 3328 1921 3401 confugientes
1942 3293 2120 3401 'pretite
2145 3293 2192 3361 ο
2218 3312 2386 3383 CW8:
2411 3315 2593 3383 homo:
2624 3317 2908 3388 ιιθίιιιααάο
2926 3316 3197 3387 τειὶιιίιιιθι
3216 3306 3268 3372 δε
3289 3317 3551 3384 medicus:
3578 3319 3700 3375 Sive
3723 3336 3816 3374 ³η·

546 3433 603 3481 ut
625 3423 805 3481 veniat
830 3424 986 3480 Jesus
1022 3424 1077 3479 in
1104 3424 1267 3480 corda
1297 3431 1499 3489 vestra,
1526 3431 1580 3478 et
1608 3432 1849 3479 conterat
1886 3418 2116 3495 Babylo-

544 3531 687 3582 nem,
710 3525 766 3571 et
796 3514 962 3572 faciat
1004 3530 1161 3571 ruere
1205 3528 1417 3569 omnem
1463 3510 1723 3569 malitiam
1771 3514 1906 3585 ejus,
1938 3522 1996 3569 ut
2035 3531 2120 3571 re-

542 3608 770 3664 :ediﬂcet
793 3623 892 3678 pro
918 3608 1025 3674 his,
1046 3622 1164 3677 quae
1193 3607 1450 3661 subversa
1473 3613 1686 3670 sunt,et
1702 3612 1800 3676 pro
1825 3602 2115 3677 Babylone,

543 3714 664 3770 qua:
690 3698 868 3754 fuerat
896 3706 1021 3754 ante
1045 3705 1378 3762 constructa,
1411 3696 1465 3750 in
1494 3697 1609 3765 ipso
1631 3695 1911 3766 principali
1940 3696 2121 3751 cordis

544 3792 713 3846 nostri
742 3789 1073 3845 Hierusalem
1099 3789 1373 3844 civitatem
1392 3796 1634 3843 sanctam
1651 3785 1764 3843 Dei.

622 3901 642 3934 ι
686 3881 894 3937 Uluiate
939 3894 1102 3952 super
1127 3896 1269 3947 eam,
1300 3880 1466 3936 tollite
1505 3880 1740 3936 resinam
1767 3878 1837 3935 ad
1879 3878 2119 3935 dolorem

548 3993 566 4024 ‹
599 3972 737 4043 ejus,
765 3972 812 4027 si
836 3968 976 4026 forte
1001 3979 1239 4027 sanetur.
1290 3989 1310 4024 ι
1361 3970 1572 4027 Uluiate
1616 3985 1779 4042 super
1819 3985 1973 4037 eam,
2016 3972 2121 4027 hoc

542 4072 647 4129 est,
669 4064 907 4135 plangite
930 4078 1070 4119 eam.
1093 4062 1295 4118 Deinde
1321 4061 1447 4134 quia
1471 4063 1650 4117 omnis
1675 4062 1853 4117 anima
1880 4061 2120 4130 recipere

542 4163 721 4225 potest
758 4156 1008 4221 salutem,
1054 4163 1111 4209 et
1146 4168 1323 4225 neque
1347 4169 1453 4209 una
1478 4154 1617 4223 apud
1646 4152 1813 4208 Deum
1854 4164 1949 4208 esr
1975 4153 2120 4207 insa-

544 4245 739 4301 nabilis
763 4263 777 4298 :
807 4246 1009 4301 idcirco
1028 4246 1310 4301 consilium
1331 4246 1424 4299 dat
1451 4246 1553 4309 his,
1581 4245 1671 4314 qui
1698 4253 1921 4314 possunt
1945 4254 2115 4301 trans-

544 4335 880 4405 migrationis
922 4335 978 4389 in
1012 4333 1366 4401 Hierusalem,
1390 4341 1446 4389 et
1473 4334 1764 4390 testimonii
1788 4334 1988 4389 habere
2034 4350 2120 4389 re-

546 4428 722 4483 sinam
750 4427 817 4481 ad
846 4426 1138 4497 emplastra
1168 4425 1436 4491 facienda,
1479 4434 1541 4480 ut
1566 4433 1847 4480 assumant
1885 4427 2119 4483 medica-

544 4519 712 4584 mina,
760 4526 816 4574 et
863 4526 1063 4588 quanto
1122 4517 1302 4573 valent
1344 4518 1522 4574 studio
1564 4518 1782 4574 sanitati
1832 4519 2121 4576 restituant

542 4609 889 4681 Babylonem.
934 4609 1049 4665 Hoc
1083 4610 1425 4681 experiamur
1462 4616 1518 4665 et
1556 4624 1655 4665 nos
1684 4608 1880 4676 facere,
1931 4612 2119 4683 depre-

541 4708 729 4757 cantes
754 4700 944 4767 Deum,
969 4708 1031 4755 ut
1057 4701 1211 4757 nobis
1238 4702 1330 4757 det
1353 4702 1589 4757 resinam
1612 4701 1949 4769 rationalem,
1977 4712 2032 4758 et
2050 4704 2118 4759 de

542 4791 789 4847 rationali
824 4794 1002 4847 resina
1051 4793 1319 4848 discamus
1372 4794 1423 4847 ei
1486 4794 1749 4864 malagma
1798 4796 2114 4865 imponere,

541 4893 596 4938 et
625 4884 827 4948 olenm,
854 4892 912 4939 et
952 4883 1315 4954 alligaturam,
1358 4892 1413 4939 et
1437 4886 1777 4954 imponentes
1802 4887 2115 4958 colligemus

544 4975 764 5030 vulnera
794 4974 1099 5046 Babylonis,
1141 4975 1414 5029 imitantes
1444 4973 1770 5041 Samariten,
1811 4983 1871 5031 ut
1895 4986 2115 5033 sanetur

541 5068 743 5123 misera
770 5067 982 5132 civitas,
1000 5074 1059 5122 et
1088 5073 1273 5122 curata
1316 5068 1526 5121 desinat
1569 5083 1689 5122 esse
1730 5068 1870 5138 quod
1912 5068 2109 5126 fuerat.

539 5158 689 5213 Istud
731 5164 817 5212 est
853 5157 998 5226 quod
1035 5158 1113 5212 ait
1163 5174 1179 5211 :
1229 5156 1427 5227 Accipe
1472 5158 1708 5213 resinam
1756 5160 2114 5229 correptionis

541 5248 681 5317 ejus,
711 5248 757 5303 si
777 5247 1046 5318 quomodo
1089 5249 1385 5305 sanabitur.
1416 5250 1517 5305 Ubi
1557 5256 1683 5304 sunt
1718 5250 1981 5318 haeretici,
2021 5253 2115 5310 ubi

544 5347 690 5405 sunt,
713 5339 803 5410 qui
843 5346 1065 5396 naturas
1105 5341 1366 5413 quasdam
1393 5341 1825 5407 introdueentes,
1867 5350 2117 5399 asserunt

543 5445 665 5487 esse
689 5432 967 5486 materiam
992 5431 1401 5504 desperabilem,
1432 5447 1554 5500 quae
1589 5432 1804 5501 penitus
1833 5444 1937 5489 non
1980 5435 2117 5491 reei—

543 5526 659 5599 piat
675 5523 942 5579 salutem?
959 5524 1017 5581 Si
1048 5535 1134 5581 est
1155 5533 1349 5580 natura
1378 5538 1498 5594 quae
1520 5531 1727 5593 pereat,
1754 5541 1874 5597 quae
1900 5527 2003 5582 alia
2033 5535 2115 5583 ta-

543 5615 609 5673 lis
654 5615 761 5672 erit
802 5617 1165 5688 utBabyion?
1203 5624 1440 5673 attamen
1473 5630 1650 5687 neque
1686 5618 1847 5674 istam
1889 5619 2116 5689 despicit

543 5706 702 5765 Deus.
733 5706 997 5775 Praecepit
1017 5707 1161 5761 enim
1214 5706 1478 5774 medicis:
1490 5717 1551 5763 ut
1580 5709 1845 5780 accipiant
1877 5712 2115 5768 resinam

544 5814 704 5871 super
723 5797 1073 5869 Babylonem,
1104 5798 1151 5854 si
1179 5800 1450 5868 quomodo
1470 5807 1707 5855 sanetur.
1746 5798 1973 5869 Quidam
2016 5803 2116 5874 igi-

544 5906 612 5946 ur
645 5902 851 5956 eorum,
903 5893 996 5961 qui
1044 5891 1358 5950 mandatum
1402 5900 1748 5962 acceperant,
1777 5893 2108 5963 accipientes

2222 3409 2371 3481 gelus
2394 3402 2510 3481 Dei,
2557 3411 2671 3466 sive
2701 3410 3009 3481 quicunque
3036 3406 3335 3476 hominum,
3371 3410 3457 3466 cui
3487 3413 3703 3469 credita
3733 3422 3815 3468 est

2220 3514 2350 3559 cura
2373 3517 2684 3559 sermonum
2713 3504 2781 3558 ad
2810 3503 3000 3558 salutis
3029 3498 3382 3558 medicamina
3409 3503 3728 3559 deferenda.
3758 3502 3811 3558 Si

2225 3597 2367 3653 enim
2409 3600 2459 3653 te
2500 3596 2925 3668 derelinquerint
2954 3602 3009 3650 et
3031 3595 3286 3661 dixerint,
3308 3612 3326 3647 ι
3346 3595 3625 3651 Abeamus
3653 3613 3811 3651 unus-

2220 3687 2450 3758 quisque
2466 3688 2518 3741 in
2535 3695 2733 3741 terram
2752 3700 2925 3750 suam,
2941 3682 3065 3755 quia
3080 3682 3530 3755 appropinquabit
3544 3685 3600 3740 in
3615 3687 3807 3741 coelum

2212 3776 2476 3847 judicium
2488 3776 2602 3848 ejus
2621 3798 2641 3831 ‹
2665 3796 2677 3832 :
2696 3778 3040 3835 manifestum
3057 3786 3160 3845 est,
3177 3782 3301 3848 quia
3320 3778 3594 3835 abscessio
3625 3797 3809 3837 eorum

2223 3870 2603 3926 condemnatio
2652 3879 2742 3926 tua
2789 3873 2880 3938 sit,
2917 3878 2977 3925 ut
3022 3869 3436 3926 irremediabilis
3465 3872 3809 3945 nolentisque
3860 3930 3872 3947 ,

2221 3961 2422 4017 curari.
2449 3962 2583 4018 Cum
2608 3970 2787 4018 autem
2809 3963 3168 4029 deseruerint,
3198 3963 3327 4033 quid
3355 3962 3449 4017 tibi
3480 3962 3630 4019 aliud
3652 3981 3809 4020 even-

2221 4064 2403 4112 turum
2447 4065 2551 4122 est,
2577 4056 2680 4111 nisi
2714 4056 2860 4126 quod
2882 4056 3018 4112 solet
3043 4056 3130 4111 his
3152 4056 3420 4124 accidere,
3451 4057 3602 4127 quia
3642 4058 3809 4113 medi-

2221 4149 2299 4205 cis
2317 4150 2697 4219 desperantur,
2713 4158 2926 4206 utentes
2945 4148 3217 4207 voluntate
3239 4149 3409 4205 morbi
3429 4151 3532 4217 sui,
3549 4152 3609 4204 ut
3633 4154 3703 4206 ad
3719 4169 3809 4223 pe-

2214 4238 2335 4309 jora
2370 4236 2785 4318 demerguntur?
2805 4239 2965 4294 Fiunt
2987 4240 3070 4294 bis
3094 4238 3315 4305 similia,
3337 4246 3391 4295 et
3432 4238 3486 4294 in
3511 4250 3805 4298 consuetu-

2221 4331 2345 4385 dine
2364 4330 2517 4386 istius
2538 4331 2661 4385 vita:
2682 4347 2713 4384 a
2731 4329 3083 4401 prudentibus
3106 4328 3348 4385 medicis.
3366 4329 3587 4385 Accedit
3608 4331 3809 4403 aliquis

2219 4434 2409 4477 eorum
2428 4421 2879 4491 adiunguentem,
2908 4428 3168 4491 quantum
3198 4436 3288 4475 ars
3311 4423 3533 4491 patitur,
3562 4430 3619 4476 et
3652 4424 3808 4478 indu-

2219 4510 2352 4565 stria
2381 4509 2662 4565 medicinae
2688 4524 2797 4565 non
2816 4516 3012 4564 cessat.
3043 4509 3152 4565 Sed
3180 4511 3225 4565 si
3250 4518 3343 4565 aut
3363 4511 3626 4582 aegritudo
3659 4521 3805 4569 tanta

2222 4603 2314 4669 sit,
2366 4607 2424 4656 ut
2472 4609 2735 4675 repugnet
2771 4600 3058 4670 curationi,
3095 4610 3188 4657 aut
3240 4603 3353 4673 ipse
3398 4604 3667 4661 invalidus
3712 4622 3808 4678 per

2224 4695 2614 4767 impatientiam
2664 4695 2864 4751 doloris
2908 4705 3098 4754 contra
3135 4694 3302 4752 faciat
3330 4708 3490 4766 quam
3533 4695 3802 4766 jubetur:

2223 4787 2477 4857 relinquit
2504 4786 2742 4843 medicus
2766 4787 3058 4857 desperans
3099 4787 3403 4847 istiusmodi
3445 4788 3724 4845 hominem
3753 4792 3805 4843 et

2219 4880 2425 4936 recedit
2455 4896 2468 4933 :
2507 4894 2575 4935 ne
2602 4878 2746 4935 inter
2781 4892 2973 4934 manus
2995 4894 3123 4935 suas
3148 4880 3421 4951 expirans,
3450 4896 3676 4936 causam
3724 4880 3806 4935 in-

2219 4976 2413 5031 teritus
2444 4973 2561 5045 ejus
2584 4974 2652 5028 ad
2679 4988 2738 5028 se
2758 4983 3086 5043 retorqueat.
3113 4973 3203 5029 Sic
3234 4974 3397 5045 igitur
3430 4978 3485 5028 et
3507 4978 3621 5038 nos,
3650 4989 3721 5029 ne
3748 4975 3801 5030 in

2216 5079 2529 5125 sanctorum
2553 5070 2864 5139 angelorum
2891 5071 3160 5135 manibus,
3192 5071 3285 5142 qui
3316 5070 3385 5125 ad
3404 5069 3678 5125 curandos
3707 5083 3804 5124 nos

2216 5174 2251 5215 a
2277 5158 2505 5215 Domino
2554 5158 2806 5215 destinati
2834 5168 2959 5216 sunt
2993 5159 3313 5227 moriamur,
3344 5160 3660 5231 relinquunt
3706 5174 3803 5214 nos

2218 5252 2565 5321 desperantes
2590 5251 2827 5306 animam
2846 5258 3108 5318 nostram,
3123 5260 3177 5307 et
3206 5248 3386 5306 aiunt:
3412 5270 3430 5302 ί
3454 5246 3569 5305 Non
3588 5259 3674 5306 est
3694 5266 3805 5306 ma-

2218 5342 2396 5413 iagma
2437 5347 2712 5413 imponere
2732 5385 2747 5409 ,
2778 5350 2952 5413 neque
2978 5341 3176 5411 oleum,
3205 5342 3379 5413 neque
3410 5340 3755 5412 alligaturam
3785 5358 3798 5395 :

2218 5435 2346 5505 quia
2370 5435 2818 5505 apprdpinquavit
2836 5435 2975 5491 cado
2990 5428 3255 5507 judiéiuni
3275 5435 3413 5505 ejus,
3430 5434 3697 5490 elevatum
3719 5430 3805 5493 est

2222 5538 2396 5595 usque
2437 5527 2504 5580 ad
2536 5535 2702 5582 astra.
2734 5545 2754 5582 ι
2786 5522 2889 5595 Qui
2922 5520 3147 5600 parvum
3195 5514 3359 5581 habet
3383 5524 3665 5597 peccatum
3696 5536 3803 5578 non

2221 5628 2396 5686 usque
2444 5612 2511 5671 ad
2560 5614 2757 5673 cetera
2808 5616 2863 5672 et
2907 5612 3084 5673 sidera
3126 5612 3389 5687 judicium
3428 5618 3587 5673 suum
3623 5610 3802 5675 elfert,

2220 5708 2477 5779 pusillum
2495 5709 2641 5764 enim
2669 5712 2725 5765 et
2747 5700 2948 5765 hutnile
2971 5716 3073 5765 est.
3098 5704 3199 5777 Qui
3222 5714 3356 5765 vero
3384 5707 3581 5765 crescit
3610 5698 3663 5762 in
3687 5716 3803 5759 sce-

2221 5800 2356 5864 lere,
2374 5799 2573 5855 crescit
2594 5806 2649 5854 et
2684 5799 2737 5855 in
2773 5800 2996 5871 judicio,
3023 5800 3290 5871 simulque
3318 5815 3438 5855 cum
3463 5795 3610 5854 vitiis
3638 5808 3805 5864 auge-

2223 5899 2312 5947 tur
2333 5900 2389 5948 et
2428 5902 2587 5963 pazna
2620 5910 2633 5946 :
2662 5901 2718 5949 et
2741 5894 2867 5964 quia
2898 5892 2953 5950 in
2989 5902 3198 5952 tantum
3226 5890 3509 5969 delinquit,
3555 5898 3615 5947 ut
3652 5886 3803 5961 judiy
