4044 6326
294 368 437 434 1165

1170 376 1533 438 EXPOSITIO
1573 372 1792 437 su‘psa
1830 362 2193 435 inustum.
2235 407 2308 421 —
2343 362 2472 436 LlB.
2510 360 2675 436 xvu.

3398 388 3535 447 1166

292 496 437 552 cium
458 493 573 575 ejus
599 478 768 566 usque
796 497 864 553 ad
892 472 1131 553 coelestia
1167 498 1492 566 Sublevetur,
1539 509 1594 557 et
1621 516 1720 571 per
1766 500 1868 555 im-
1892 502 1946 562 Α
1969 514 2091 555 nem
2115 478 2407 557 humilibus
2423 497 2578 571 quasi
2608 496 2840 563 brucbo,
2866 498 2993 567 quia
3018 498 3087 554 ad
3113 499 3536 559 devastationem

292 578 546 654 pietatem
592 602 743 641 suam
794 587 1051 643 resistens
1105 588 1245 654 Deo,
1297 586 1365 643 ad
1420 590 1698 661 superiora
1736 604 1865 647 con-

294 678 534 744 scendat,
567 679 771 757 profert
794 678 934 735 Deus
939 678 1198 747 judicium
1223 671 1397 751 suum,
1422 681 1478 736 in
1498 681 1868 738 humiliatione

295 765 410 835 ejus
424 767 633 836 judicii,
656 768 795 840 quod
818 770 1112 827 exaltatum
1141 778 1223 827 est
1244 788 1275 827 a
1296 782 1600 843 peccatore,
1621 780 1675 826 et
1692 772 1870 843 profe-

294 869 420 917 rens
430 860 688 931 judicium
711 883 890 926 suum,
903 866 1149 923 humiliat
1167 867 1381 937 quidem
1401 876 1764 938 peccatorem,
1778 883 1868 924 re-

290 942 485 1013 tribuit
525 963 702 1033 autem
724 956 870 1033 justo
909 952 1068 1029 digna
1098 958 1203 1012 vita
1230 952 1345 1031 ejus
1379 958 1434 1025 in
1467 955 1682 1019 Christo
1717 940 1867 1016 .lesu.

300 1064 318 1097 σ
354 1042 585 1102 Protulit
609 1044 865 1103 Dominus
878 1046 1119 1117 justitias
1142 1046 1372 1117 nostras,
1398 1050 1577 1106 venite
1599 1058 1654 1104 et
1680 1064 1869 1109 narre-

294 1152 414 1193 mus
448 1138 500 1193 in
534 1137 661 1194 Sion
696 1155 830 1212 opus
858 1138 1070 1196 Domini
1101 1140 1197 1196 Dei
1223 1141 1414 1197 nostri.
1462 1162 1481 1195 ι
1514 1132 1710 1213 (0rig.)
1754 1132 1870 1199 VOx

293 1227 408 1285 haec
436 1226 744 1301 angeldrum
778 1222 989 1288 Domini
1020 1240 1121 1298 est,
1154 1244 1246 1288 aut
1274 1243 1581 1291 sanctorum
1606 1232 1870 1305 praedica-

295 1329 493 1388 torum,
517 1323 608 1393 qui
636 1323 879 1381 videntes
925 1323 1281 1382 incurabilem
1305 1342 1424 1383 esse
1451 1325 1664 1397 plagam
1691 1312 1868 1397 Baby-

291 1410 449 1479 lonis,
479 1415 764 1471 hortantur
794 1432 852 1471 se
881 1415 1111 1471 invicem
1155 1425 1215 1471 ut
1245 1417 1564 1491 annunticnt
1589 1431 1724 1485 opus
1766 1404 1873 1473 Do-
1901 1418 1905 1421 ’

292 1504 423 1558 mini
454 1498 548 1559 Dei
588 1506 780 1569 nostri,
820 1512 875 1563 et
906 1507 1133 1562 virtutes
1173 1503 1287 1576 ejus
1323 1502 1376 1562 in
1416 1504 1646 1573 ecclesia,
1685 1508 1871 1564 catho-

292 1594 415 1660 lica,
463 1611 582 1666 quae
614 1597 806 1654 merito
848 1594 978 1654 Sion
1020 1598 1237 1675 dicitur,
1266 1598 1369 1655 hoc
1398 1609 1497 1662 cst,
1528 1594 1803 1675 speculum
1852 1614 1867 1651 :

293 1683 417 1755 quia
439 1685 523 1741 illa
546 1685 653 1743 sola
678 1688 912 1759 pertinet
933 1686 1000 1744 ad
1023 1689 1525 1761 contemplationem
1549 1686 1728 1744 vultus
1751 1688 1866 1756 Dei,

291 1792 412 1831 cum
444 1778 644 1834 sanctis
674 1766 895 1851 angelis,
927 1780 1018 1852 qui
1049 1789 1172 1836 sunt
1202 1781 1255 1836 in
1282 1778 1437 1837 celo.
1480 1780 1745 1836 Caeterum
1781 1778 1869 1836 illa

1968 587 2085 656 ejus
2106 586 2524 645 innumerabiles
2552 586 2823 661 coptraxit
2848 588 3117 644 exercitus
3142 606 3156 643 :
3184 590 3277 658 qui
3301 605 3419 645 eam
3450 608 3543 647 su-

1966 687 2219 749 perantes
2260 693 2360 749 pro
2398 678 2620 735 victoria
2666 677 2769 735 sibi
2802 693 3056 751 concessa
3091 695 3310 743 carmen
3354 683 3542 739 trium-

1968 771 2127 841 phale
2157 772 2449 843 gaudentes
2480 772 2790 827 cantabant.
2815 772 2970 840 Quod
2992 781 3174 829 autem
3209 774 3341 829 dicit
3386 776 3542 832 babi-

1970 872 2115 920 tasse
2134 863 2459 934 Babylonem
2504 880 2664 935 super
2692 880 2861 935 aquas
2900 866 3116 932 multas,
3147 866 3383 923 ostendit
3424 882 3542 923 eam

1972 951 2091 1009 ﬁeri
2121 953 2459 1026 locupletem,
2499 954 2555 1009 in
2600 954 2887 1020 thesauris,
2936 954 3050 1009 sive
3079 970 3340 1025 aquarum
3375 956 3546 1013 abun~

1973 1042 2209 1097 dantiam
2245 1043 2318 1099 ibi
2350 1058 2489 1108 esse,
2520 1035 2858 1121 interﬂuente
2880 1058 2978 1118 per
3001 1044 3231 1104 mediam
3274 1044 3548 1119 Euphrate

1972 1128 2210 1201 ﬂumine,
2255 1136 2609 1195 historialitcr
2636 1136 2854 1203 indicat,
2895 1140 2980 1199 vel
3010 1141 3407 1211 multitudinem
3451 1155 3548 1212 po-

1971 1225 2220 1295 pulorum
2249 1226 2299 1281 in
2330 1242 2396 1291 ea
2422 1246 2541 1293 esse
2572 1232 2781 1302 tropice
2802 1231 3090 1303 signiﬁcat.
3131 1231 3335 1304 (0ros.)
3377 1232 3545 1288 Nam~

1972 1330 2076 1387 que
2094 1310 2444 1393 Babyloniam
2472 1338 2504 1379 a
2522 1320 2779 1379 Nemrotb
2800 1323 3014 1395 gigante
3034 1322 3334 1391 fundatam,
3360 1339 3394 1378 a
3411 1323 3550 1380 Nino

1970 1406 2057 1461 vel
2097 1404 2456 1467 Semiramide
2499 1406 2828 1483 reparatam'
2856 1404 3013 1468 multi
3067 1414 3371 1485 prodidere.
3425 1413 3549 1469 Hac

1971 1503 2149 1572 campi
2172 1502 2395 1573 planitie
2417 1503 2655 1575 undique
2682 1504 2991 1574 conspicua,
3016 1514 3210 1563 natura
3246 1506 3351 1562 loci
3394 1505 3547 1561 latis-

1971 1584 2130 1657 sima,
2150 1601 2449 1647 castrorum
2478 1584 2615 1649 i'acie
2642 1594 2910 1653 manibus
2932 1595 3154 1667 paribus
3174 1611 3272 1666 per
3283 1596 3548 1666 quadrum

1970 1679 2248 1752 dieposita,
2275 1700 2553 1740 murorum
2582 1683 2699 1754 ejus
2722 1687 2810 1741 vix
2839 1686 3109 1743 credibilis
3130 1676 3302 1747 relatu
3322 1686 3551 1744 ﬁrmitas

1970 1779 2028 1828 et
2056 1774 2388 1843 magnitudo,
2416 1775 2468 1831 id
2491 1784 2577 1832 est
2614 1776 2898 1833 latitudine
2940 1779 3248 1835 cubitorum
3284 1782 3553 1851 quinqua—

292 1869 566 1924 terrestris
595 1847 925 1929 llieru—Salem
944 1847 1114 1940 atque
1154 1868 1304 1936 Sion,
1336 1871 1507 1942 magis
1536 1870 1867 1950 Babyloniae,
1897 1847 2143 1957 Bﬂginta,
2164 1862 2447 1921 altitudine
2473 1877 2666 1938 quater
2686 1878 2858 1925 tanta.
2874 1868 3142 1928 Caeterum
3164 1847 3399 1930 ambitus
3423 1847 3552 1944 qua-

292 1974 451 2030 quam
490 1960 641 2027 Sion,
672 1956 756 2017 vel
784 1956 1116 2017 Hierusalem
1144 1963 1381 2028 nomine,
1412 1974 1634 2034 propter
1671 1962 1873 2018 erroris

292 2052 373 2107 sui
398 2051 707 2108 scandalum
740 2053 1037 2125 nuncupari
1075 2061 1285 2124 potest;
1317 2040 1382 2110 de
1410 2071 1515 2125 qua
1552 2070 1647 2125 per
1678 2051 1869 2110 Isaiam

291 2142 533 2199 dicitur:
570 2162 588 2196 σ
623 2144 715 2201 Va!
759 2146 906 2218 genti
953 2144 1238 2217 peccatrici
1260 2144 1454 2217 p0pnlo
1481 2142 1631 2218 gravi
1677 2142 1872 2217 iniqui-

292 2243 422 2303 tate,
474 2236 664 2293 semini
692 2252 943 2309 nequam,
978 2234 1103 2294 liliis
1129 2236 1429 2299 sceleratis.
1457 2236 1872 2308 Dercliquerunt

292 2326 597 2395 Dominum,
636 2328 1144 2401 blasphemaverunt
1174 2314 1419 2387 sanctum
1453 2324 1637 2394 lsraei,
1678 2324 1874 2393 abalie-

291 2420 400 2475 nati
424 2428 552 2476 sunt
574 2430 892 2477 retrorsum.
924 2412 982 2477 in
1012 2434 1117 2492 quo
1142 2421 1439 2491 percutiam
1460 2436 1578 2489 vos,
1603 2419 1742 2475 ultra
1772 2417 1868 2474 ad-

291 2512 480 2567 dentes
498 2510 1014 2583 praevaricatlonem.
1069 2496 1238 2569 Omne
1266 2523 1429 2582 caput
1453 2492 1784 2581 languidam,
1816 2516 1872 2564 et

290 2615 449 2656 omne
476 2615 570 2656 cor
598 2612 835 2657 mcerens
857 2614 887 2656 a
916 2600 1098 2675 planta
1128 2601 1280 2674 pedis
1302 2616 1474 2671 usque
1494 2596 1562 2656 ad
1588 2599 1864 2663 verticem,

292 2710 399 2751 non
438 2700 520 2751 est
552 2695 607 2751 in
647 2712 712 2752 eo
753 2698 974 2755 sanitas.
1013 2696 1219 2754 Vulnus
1241 2704 1295 2753 et
1317 2694 1474 2762 livor,
1504 2704 1558 2751 et
1588 2694 1744 2771 plaga
1786 2688 1872 2751 tu-

291 2799 445 2840 mens
466 2799 572 2840 non
595 2795 677 2842 est
706 2785 1097 2858 circumligata,
1126 2801 1223 2842 nec
1254 2794 1441 2842 curata
1470 2772 1867 2850 medicamine,

291 2889 391 2930 nec
415 2874 524 2929 fota
545 2873 683 2931 oleo.
712 2875 880 2931 Terra
902 2883 1079 2931 vestra
1110 2870 1346 2943 deserta,
1387 2874 1633 2930 civitates
1672 2876 1869 2929 vestrae

291 2968 400 3038 igni
421 2980 732 3026 succensze:
761 2969 1034 3041 regionem
1065 2977 1301 3025 vestram
1321 2982 1507 3024 coram
1528 2967 1680 3023 vobis
1709 2965 1868 3021 alieni

291 3060 570 3131 deserant,
617 3067 671 3115 et
714 3050 1061 3125 desolabitur,
1108 3061 1249 3117 sicut
1282 3060 1536 3125 vastitate
1581 3056 1781 3123 hostili,
1813 3065 1869 3113 et

288 3148 693 3219 derelinquetur
712 3144 821 3205 tilia
837 3144 967 3205 Sion
989 3151 1127 3205 sicut
1140 3149 1516 3206 umbracuium
1539 3149 1593 3209 in
1614 3146 1792 3213 vinea,
1809 3136 1866 3203 et

288 3238 427 3295 sicut
467 3238 741 3310 tugurium
776 3240 832 3296 in
874 3234 1268 3307 cucumerario,
1313 3239 1455 3295 sicut
1503 3233 1697 3295 civitas
1744 3251 1863 3308 quae

287 3340 531 3386 vastatur
568 3330 701 3403 (Isa.
735 3330 798 3403 l)‘.
839 3349 860 3385 ι
892 3329 1372 3388 lrremediabilium
1409 3344 1538 3401 ergo
1575 3327 1865 3399 descriptio

286 3423 569 3478 vulnerum
608 3418 935 3479 diuturnam'
955 3421 1322 3492 captivitatem
1364 3416 1621 3491 exprimit
1651 3410 1866 3474 Iudam—

286 3523 430 3572 rum.

364 3622 386 3659 ι
446 3604 636 3663 Acuite
684 3606 927 3677 sagittas,
965 3600 1187 3677 implete
1223 3602 1543 3677 pharetras,
1586 3601 1868 3662 suscitavit

293 3717 315 3751 α
345 3697 602 3754 Dominus
633 3687 880 3770 spiritum
911 3682 1186 3754 Medorum
1220 3712 1425 3769 regum,
1458 3704 1512 3751 et
1541 3704 1729 3754 contra
1763 3696 1867 3753 Ba-

296 3807 318 3841 α
353 3789 601 3861 bylonem
632 3802 785 3844 mens
812 3790 953 3859 ejus,
981 3788 1246 3862 utpcrdat
1278 3803 1399 3843 eam
1443 3806 1458 3843 :
1494 3790 1750 3860 quoniam
1784 3789 1867 3845 ul-

240 3894 251 3907 '
294 3900 313 3932 ι
350 3881 425 3935 tio
472 3880 680 3935 Domini
725 3888 823 3937 est.
841 3881 971 3936 ultio
995 3880 1174 3952 templi
1208 3879 1309 3937 sui.
1340 3878 1515 3951 Super
1535 3896 1719 3937 muros
1763 3880 1866 3936 Ba-

296 3989 316 4024 ι
348 3971 557 4044 bylonis
599 3973 771 4029 levate
798 3973 1033 4044 signum,
1065 3982 1254 4045 augete
1280 3973 1582 4029 custodiam
1631 3989 1645 4029 :
1691 3970 1866 4029 ieVate

296 4080 316 4115 ι
351 4063 614 4127 custodes,
660 4071 715 4118 et
736 4072 1034 4134 prmparate
1062 4062 1305 4132 insidias,
1336 4065 1461 4136 quia
1484 4063 1868 4136 cogitavityDo-

246 4144 257 4149 ’
296 4177 315 4211 ε
346 4159 542 4224 minus,
574 4168 628 4214 et
654 4158 780 4214 fecit
802 4174 1131 4229 quiscunque
1153 4156 1365 4217 locutus
1388 4167 1470 4216 est
1492 4167 1677 4216 contra
1710 4157 1865 4213 habi-

296 4268 316 4303 α
348 4259 551 4306 ratores
579 4250 885 4322 Babylonis.
911 4252 1041 4320 Qum
1079 4249 1295 4310 habitas
1321 4268 1482 4322 super
1515 4267 1683 4322 aquas
1722 4249 1863 4306 mul-

297 4360 316 4396 ι
362 4351 445 4403 tas
470 4342 707 4414 locuples
728 4342 782 4398 in
814 4344 1106 4408 thesauris,
1132 4345 1279 4398 venit
1322 4343 1444 4399 finis
1486 4350 1610 4398 tuus
1656 4341 1863 4413 pedalis

295 4450 317 4486 α
355 4434 687 4504 prmcisionis
728 4444 853 4491 tum.
895 4435 1105 4491 Juravit
1151 4433 1740 4491 Dominus-exercitum
1766 4448 1865 4504 per

294 4543 315 4579 ι
344 4526 579 4580 animam
624 4541 806 4592 suam,
863 4526 1116 4596 quoniam
1172 4526 1390 4596 replebo
1448 4534 1525 4595 te
1557 4522 1863 4580 hominibus
1888 4561 1942 4621 Β

198 4634 201 4635 '
294 4638 315 4672 ι
344 4619 495 4689 quasi
532 4618 759 4683 brucho,
807 4626 864 4673 et
903 4633 1065 4688 super
1096 4625 1148 4673 te
1192 4619 1429 4673 celeuma
1470 4617 1796 4674 cantabitur.
1837 4628 1855 4671 δ

288 4711 577 4784 (Μωιιυε.)
604 4711 682 4766 Ad
709 4709 891 4765 Medos
918 4719 973 4766 et
996 4710 1191 4767 Persas
1236 4720 1537 4767 vastatores
1578 4712 1864 4782 Babylonis

286 4802 543 4873 loquitur,
564 4810 635 4873 [ut
663 4808 962 4873 praeparent
1005 4817 1152 4856 arma
1198 4817 1292 4858 sua
1334 4803 1399 4857 ad
1435 4802 1861 4861 interticiendam

289 4910 430 4959 eam,
456 4904 616 4964 atque
638 4894 1015 4949 destruendam
1038 4894 1091 4948 in
1114 4894 1368 4949 ultionem
1391 4895 1571 4965 p0puii
1598 4893 1711 4950 Dei.
1733 4893 1862 4962 Quae

289 4985 430 5041 enim
455 4986 709 5039 Dominus
730 4984 981 5056 cogitavit
1003 4996 1162 5053 super
1180 4979 1525 5054 Babylonem,
1549 4992 1602 5039 et
1625 4996 1721 5056 per
1742 4986 1863 5056 pro-

288 5077 480 5146 phetas
499 5077 693 5134 suosei
725 5092 783 5133 se
816 5077 1082 5133 facturum
1123 5079 1481 5133 comminatus
1501 5082 1604 5144 est,
1643 5079 1863 5135 omnino

290 5186 453 5241 Opere
481 5171 767 5249 complevit
793 5185 808 5225 :
835 5170 908 5226 ita
933 5178 995 5225 ut
1016 5168 1081 5226 de
1124 5182 1315 5238 magna
1361 5171 1623 5242 potentia,
1653 5180 1707 5226 et
1751 5187 1866 5227 am-

287 5260 549 5332 plitudine
589 5263 761 5333 regni,
794 5264 862 5319 ad
888 5271 1172 5334 angustum
1222 5260 1405 5331 tinem,
1447 5262 1534 5331 vel
1578 5263 1751 5335 magis
1797 5264 1865 5319 ad

291 5352 517 5408 nihilum
551 5366 672 5409 eam
714 5356 1053 5425 perduceret.
1099 5352 1291 5412 Jurare
1319 5353 1462 5411 enim
1497 5355 1695 5411 dicitur
1723 5355 1865 5412 Deus

291 5459 392 5515 per
418 5444 651 5501 animam
678 5460 829 5501 suam
853 5464 867 5501 :
897 5463 1003 5502 non
1026 5449 1170 5516 quod
1195 5458 1346 5503 more
1374 5445 1610 5502 humano
1638 5461 1757 5501 cum
1780 5444 1867 5518 ju-

293 5544 539 5591 ramento
583 5536 783 5607 aliquid
829 5538 1104 5606 decernat,
1142 5541 1235 5596 sed
1281 5546 1341 5595 ut
1385 5528 1669 5597 consilium
1710 5554 1865 5596 suum

296 5633 457 5695 atque
477 5625 699 5684 verbum
720 5627 933 5695 stabile,
960 5639 1016 5684 et
1036 5628 1250 5686 llrmum
1270 5645 1390 5688 esse
1418 5630 1571 5687 nobis
1586 5632 1863 5687 ostendat:

296 5716 422 5786 quia
458 5734 478 5769 ρ
505 5717 697 5775 caelum
725 5728 780 5776 et
810 5730 952 5777 terra
982 5724 1312 5790 transibunt,
1336 5723 1501 5781 verba
1531 5732 1711 5780 autem
1747 5738 1866 5779 mea

300 5810 407 5868 non
441 5815 746 5872 transibunt
780 5814 929 5888 (Luc.
972 5816 1105 5889 xxi).
1154 5838 1172 5872 ι
1203 5818 1448 5890 Repievit
1473 5835 1601 5893 ergo
1634 5815 1867 5888 Babylo-

1890 3201 1939 3267 C

1971 1952 2271 2026 dringentis
2324 1958 2595 2030 octoginta
2667 1960 2858 2017 stadiis
2904 1962 3324 2020 circumvenitur
3366 1956 3553 2022 murus

1945 2044 2151 2104 'coctili
2176 2049 2344 2106 latere
2384 2061 2547 2122 atque
2588 2051 2849 2110 interfuso
2878 2055 3143 2113 bitumine
3185 2068 3497 2130 compactus
3533 2074 3552 2115 :

1948 2136 2116 2196 ‘fossa
2137 2141 2473 2199 extrinsecus
2491 2140 2600 2198 late
2619 2153 2831 2214 patens,
2849 2146 2967 2203 vice
2994 2149 3170 2205 amnis
3191 2142 3550 2217 circumﬂuit;

1976 2249 2006 2289 a
2038 2234 2214 2289 fronte
2254 2250 2534 2290 murorum
2572 2246 2788 2291 centum
2816 2244 2987 2308 porta:
3016 2254 3193 2297 aerem.
3223 2240 3343 2310 ipsa
3370 2249 3550 2297 autem

1956 2322 2197 2385 latitudo
2220 2329 2272 2383 in
2304 2328 2772 2387 consummatione
2803 2332 3089 2402 pinnarum
3126 2341 3356 2411 utroque
3382 2335 3553 2393 latere

1972 2414 2294 2479 habitaculis
2315 2424 2656 2485 defcnSorum
2692 2443 2845 2499 atque
2871 2430 3145 2499 dispositis
3187 2432 3363 2489 media
3388 2433 3554 2489 inter-

1975 2508 2233 2584 capedine
2254 2514 2336 2570 sui
2358 2517 2574 2575 vicenas
2586 2508 2875 2589 quadrigas
2893 2521 3057 2591 capit.
3083 2523 3285 2579 Domus
3302 2523 3555 2579 intrinse-

1974 2602 2070 2661 cus
2111 2617 2305 2677 quater
2330 2611 2555 2682 geminae
2593 2606 2946 2669 habitationis
2987 2614 3185 2691 minaci
3226 2616 3554 2687 proceritate

1972 2692 2268 2765 mirabiles,
2286 2709 2341 2755 et
2361 2708 2537 2757 tamen
2562 2701 2856 2773 iliafmagna
2869 2702 3130 2777 Babylon,
3146 2704 3233 2759 illa
3248 2706 3420 2775 prima
3431 2713 3557 2776 post

1973 2789 2373 2861 reparationem
2418 2782 2640 2850 humani
2683 2795 2903 2866 generis
2950 2797 3197 2863 condita,
3228 2813 3371 2854 nunc
3416 2813 3554 2869 pene

1973 2879 2136 2934 etiam
2160 2882 2277 2937 sine
2296 2899 2445 2938 mora
2467 2880 2626 2949 victa,
2660 2894 2817 2956 capta
2858 2894 2914 2941 et
2942 2887 3201 2945 subversa
3237 2895 3340 2943 est.
3382 2885 3555 2958 Cyrus

1972 2969 2139 3042 igitur
2165 2973 2373 3029 cunctis
2394 2975 2677 3031 adversum
2705 2980 2842 3047 quos
2868 2977 3005 3033 ierat
3026 2977 3361 3048 perdomitis,
3388 2976 3552 3049 Assy-

1971 3060 2100 3126 rios,
2129 3069 2185 3117 et
2227 3062 2576 3135 Babyloniam
2592 3065 2771 3136 .petit,
2818 3076 3052 3138 gentem,
3097 3068 3396 3138 urbemque
3422 3076 3554 3124 tunc

1971 3152 2181 3209 cunctis
2201 3148 2591 3227 opulentiorem
2618 3173 2630 3209 :
2664 3155 2758 3211 sed
2780 3152 3037 3227 impetum
3065 3153 3182 3228 ejus
3205 3156 3441 3215 Gindeus
3458 3156 3551 3215 ilu-

1967 3244 2107 3313 vius,
2137 3246 2387 3303 secunda:
2409 3255 2534 3318 post
2551 3242 2863 3320 Euphraten
2901 3238 3292 3321 magnitudinis
3318 3249 3551 3324 interce-

1964 3336 2063 3423 pit.
2099 3332 2235 3393 Nam
2280 3334 2446 3395 unum
2472 3338 2746 3411 regiorum
2775 3355 3036 3412 equorum
3072 3341 3309 3401 candore
3352 3339 3554 3398 forma-

1965 3444 2072 3503 que
2118 3426 2471 3487 excellentem
2526 3429 2893 3487 transmeandi
2940 3423 3135 3499 fiducia
3181 3445 3501 3500 persuasum
3530 3472 3547 3497 ,

1966 3533 2073 3590 qua
2102 3533 2200 3589 per
2229 3522 2478 3590 rapacem
2505 3516 2715 3574 alveum
2758 3512 2947 3579 offensi
2968 3508 3104 3573 vado
3131 3520 3366 3577 vortices
3390 3521 3552 3577 attol-

1964 3604 2233 3676 lebantur,
2263 3610 2542 3683 abreptum
2586 3608 3087 3681 prtecipitatumque
3116 3616 3399 3665 merserat.
3434 3608 3550 3665 Rex

1966 3700 2138 3759 iratus
2157 3698 2346 3757 ulcisci
2374 3696 2429 3756 in
2456 3710 2669 3757 amnem
2700 3699 2908 3771 statuit,
2932 3706 3244 3754 contestans
3271 3712 3418 3764 eum,
3454 3698 3549 3769 qui

1966 3810 2110 3852 nunc
2145 3802 2253 3873 tam
2296 3788 2611 3864 praeclarum
2640 3808 2836 3873 equum
2873 3793 3190 3858 voravisset,
3217 3790 3434 3847 feminis
3458 3791 3552 3848 vix

1966 3905 2138 3961 genua
2189 3870 2517 3961 tingentibus
2556 3870 2934 3961 permeabilem
2972 3885 3380 3955 relinquendum
3408 3903 3420 3938 :
3447 3898 3550 3941 nec

1963 3981 2268 4053 peragendo
2295 3978 2530 4050 'segnior
2569 3975 2670 4035 fuit
2717 3995 2730 4030 :
2789 3976 2913 4032 totis
2950 3976 3122 4048 copiis
3153 3977 3361 4047 perpeti
3402 3992 3547 4034 anno

1966 4070 2172 4133 Ginden
2204 4066 2421 4125 ﬂuvium
2451 4085 2548 4141 per
2586 4054 2809 4141 magnas
2832 4064 3109 4127 concisum
3153 4066 3548 4139 deductumque

1966 4162 2140 4218 fossas
2165 4162 2217 4215 in
2247 4158 2671 4231 quadringentos
2690 4157 2970 4230 sexaginta
3007 4158 3186 4214 alveos
3208 4158 3545 4217 comminuit.

1965 4253 2045 4309 Eo
2064 4269 2226 4326 opere
2248 4252 2532 4327 prrcdoctis
2559 4247 2853 4307 fossaribus
2874 4246 3037 4306 etiam
3066 4248 3374 4322 Euphraten
3390 4248 3546 4320 longe

1967 4344 2377 4408 validissimum,
2422 4350 2477 4397 et
2506 4341 2735 4397 mediam
2767 4339 3115 4413 Babyloniam
3148 4337 3546 4396 interﬂuentem

1966 4420 2248 4513 dcrivayit,
2279 4451 2344 4490 ac
2375 4430 2453 4491 sic
2493 4432 2811 4489 mcabilibus
2839 4431 2988 4487 vadis
3018 4426 3218 4487 siccum
3253 4431 3417 4485 etiam
3452 4445 3549 4500 pa-

1968 4529 2203 4584 tentibus
2246 4520 2380 4581 alvei
2427 4525 2671 4597 partibus
2713 4523 2817 4579 iter
2861 4523 3009 4588 fecit,
3064 4523 3312 4591 cepitque
3356 4518 3546 4575 urbem

1966 4637 2128 4692 quam
2154 4621 2391 4674 humano
2415 4633 2575 4688 opere
2602 4617 2774 4671 extrui
2790 4617 3051 4687 potuisse,
3075 4615 3157 4669 vel
3180 4616 3412 4669 humana
3436 4613 3547 4692 vir-

1966 4687 2077 4769 tute
2102 4711 2307 4768 destrui
2333 4725 2510 4783 posse,
2543 4720 2833 4778 utrumque
2874 4724 3009 4778 pene
3058 4705 3368 4763 incredibile
3405 4687 3545 4776 aphd

1967 4804 2224 4861 mortales
2263 4808 2399 4857 erat.
2435 4802 2513 4857 lbi
2541 4809 2668 4856 tunc
2693 4800 2914 4857 Crtcsus
2945 4816 3039 4854 rex
3069 4797 3338 4870 Lydorum
3375 4792 3546 4852 famo-

1967 4913 2058 4952 sus
2090 4895 2299 4967 opibus,
2328 4909 2450 4949 cum
2476 4892 2545 4949 ad
2568 4892 2933 4948 auxiliandum
2956 4890 3263 4962 Babyloniis
3284 4889 3540 4955 venisset,

1965 4986 2141 5043 victus
2162 4985 2388 5042 sollicite
2415 4984 2470 5040 in
2503 4998 2724 5056 regnum
2742 4982 2955 5054 refugit.
2979 4980 3151 5053 Cyrus
3167 4991 3345 5035 autem
3360 4989 3543 5049 postea

1969 5097 2129 5152 quam
2147 5076 2493 5151 Babyloniam
2519 5086 2579 5132 ut
2598 5075 2769 5133 hostis
2796 5074 3013 5134 invasit,
3046 5082 3104 5129 ut
3133 5073 3306 5129 victor
3327 5072 3538 5136 evertit,

1969 5180 2030 5227 ut
2057 5187 2151 5227 rex
2181 5171 2461 5243 disposuit,
2504 5167 2702 5225 bellum
2740 5164 3011 5222 transtulit
3042 5166 3095 5221 in
3140 5164 3362 5237 Lydiam
3402 5183 3414 5218 :
3448 5162 3541 5218 ubi

1971 5263 2261 5321 contritum
2296 5260 2558 5332 superiori
2603 5258 2719 5328 jam
2738 5258 2924 5330 prtelio
2958 5255 3252 5312 exercitum
3277 5253 3427 5309 nullo
3454 5271 3545 5310 ne-

1971 5356 2115 5428 gotio
2143 5355 2433 5427 superavit,
2464 5353 2635 5424 ipsum
2658 5351 2820 5407 etiam
2843 5350 3086 5406 Crtesum
3118 5349 3275 5419 cepit,
3309 5354 3545 5418 raptum-
3580 5336 3583 5343 ’

1973 5465 2078 5519 que
2120 5456 2176 5504 et
2224 5448 2334 5502 vita
2375 5456 2429 5501 et
2474 5444 2801 5515 patrimonio
2845 5440 3082 5499 donavit.
3127 5440 3232 5497 Sed
3274 5457 3372 5495 nec.
3415 5437 3543 5495 illud

1973 5539 2239 5596 silendum
2269 5537 2522 5602 arbitror,
2553 5535 2696 5607 quod
2724 5535 3079 5590 descendente
3106 5531 3308 5588 Arbato
3335 5544 3460 5600 rege
3488 5528 3542 5582 in

1972 5631 2155 5688 Medos
2175 5638 2382 5701 partem
2402 5628 2555 5701 regni
2578 5642 2743 5699 penes
2768 5644 2825 5684 se
2851 5627 3122 5682 retinuere
3145 5622 3377 5680 Chaldaei
3408 5638 3420 5674 :
3452 5618 3543 5688 qui

1972 5721 2318 5795 Babyloniam
2346 5719 2449 5778 sibi
2477 5720 2733 5776 adversus
2776 5719 2956 5776 Medos
2990 5712 3416 5774 vindicaverunt.
3464 5709 3541 5763 lta
3610 5780 3619 5783 _

1970 5829 2275 5890 Babvloniae
2315 5820 2562 5892 potum-*3
2603 5809 2752 5889 apud
2797 5809 3012 5881 Medos,
3058 5808 3360 5883 proprietas
3404 5800 3543 5873 apud
