4044 6326
522 335 651 394 Hii

1161 332 1220 401 Β.
1262 328 1516 386 ΒΑΒΑΝῙ
1554 326 1773 386 MAUBI
1812 325 2129 385 ARCHIEP.
2170 322 2483 385 MOGUNT.
2521 322 2807 384 GPERUM
2845 324 3024 382 PARS
3060 326 3145 382 ill.

3656 328 3844 383 1173

521 474 539 504 α
577 467 641 508 eo
668 451 812 522 quod
833 462 937 506 non
960 444 1337 512 sitbabitatOr,
1356 446 1515 501 simul
1546 453 1605 500 ut
1634 445 1815 499 leones
1841 443 2054 511 rugiant
2079 459 2093 495 :
2124 443 2176 504 Δ
2200 443 2573 525 confusionem
2612 443 2669 498 in
2707 441 2918 525 inferno
2945 443 3221 498 habebunt
3259 450 3597 513 perpetuam.
3640 446 3842 503 Unde

518 564 537 591 1
584 540 862 596 excutient
882 551 1068 596 comas
1098 537 1245 592 velut
1294 536 1457 591 catuli
1510 535 1749 590 leonum.
1801 532 2097 593 ln.calore

520 654 541 686 ι
587 649 775 689 eorum
809 646 1006 703 ponam
1042 637 1203 701 potus
1226 644 1413 684 eorum
1440 668 1455 694 ,
1510 636 1567 683 et
1603 627 1881 683 incbriabo
1909 642 2002 682 eos
2040 634 2101 681 ut

523 746 542 779 ι
589 728 885 797 sopiantur,
916 732 973 781 et
996 723 1265 779 dormiant
1292 728 1539 778 somnum
1582 721 1971 790 sempiternum
1999 758 2015 786 ,
2044 727 2100 773 et

522 837 541 868 ε
585 831 690 872 non
730 822 1063 886 consurgant
1091 853 1106 880 ,
1158 813 1290 868 dicit
1335 813 1610 867 Dominus.
1662 812 1935 866 Deducam
2002 824 2099 866 eos

520 927 543 959 ι
589 907 744 977 quasi
793 920 961 978 agnos
998 905 1066 960 ad
1103 906 1373 959 victimam
1401 943 1415 969 ,
1460 914 1516 963 et
1554 905 1707 973 quasi
1754 904 1950 958 arietes
1975 915 2099 956 cum

522 1018 542 1048 ι
590 998 775 1052 hzedis.
816 1016 835 1049 ι
868 998 943 1051 De
974 997 1077 1051 hoc
1106 1003 1329 1050 marcet
1351 995 1518 1049 Isaias
1547 995 1600 1048 in
1631 994 1768 1049 libro
1806 1008 1905 1049 suo
1933 994 2095 1047 dicit:

528 1110 547 1143 ι
594 1091 743 1145 Onus
773 1090 972 1145 deserti
1017 1088 1203 1143 maris.
1246 1086 1397 1168 Sicut
1422 1087 1668 1143 turbines
1705 1086 1772 1140 ab
1797 1085 1983 1141 Africo
2002 1099 2097 1139 ve-

520 1184 675 1239 niunt
702 1196 717 1237 :
740 1184 807 1238 de
830 1184 1045 1237 deserto
1071 1182 1240 1245 venit,
1273 1188 1327 1235 et
1358 1182 1424 1235 de
1463 1188 1605 1233 terra
1641 1178 1886 1234 horribili
1917 1193 1931 1234 :
1959 1177 2099 1231 visio

519 1279 652 1331 dura
694 1275 1012 1331 annuntiata
1054 1284 1137 1328 est
1178 1274 1330 1328 mihi.
1364 1293 1382 1325 ι
1436 1271 1790 1341 Perspicuum
1841 1275 1925 1324 est
1970 1281 2100 1337 ergo

517 1369 661 1438 quod
709 1368 982 1423 desertum
1028 1378 1183 1421 mare
1226 1365 1462 1437 Babylon
1491 1363 1793 1434 appellatur
1823 1380 1834 1415 :
1867 1360 2101 1416 Ieremia

517 1460 609 1516 hic
628 1460 735 1515 hoc
759 1460 1025 1531 probante
1044 1473 1111 1513 ex
1134 1472 1366 1528 persona
1397 1456 1643 1520 Domini,
1660 1456 1873 1510 dicente
1903 1470 1916 1507 :
1948 1472 1967 1504 ι
1995 1454 2099 1508 De.

516 1562 721 1609 sertum
759 1553 954 1609 faciam
996 1566 1145 1607 mare
1172 1549 1309 1619 ejus,
1351 1558 1407 1605 et
1434 1550 1650 1604 siccabo
1678 1557 1876 1603 terram
1916 1546 2059 1601 illius
2084 1586 2098 1611 ,

516 1653 571 1700 et
599 1644 704 1699 erit
732 1645 972 1715 Babylon
1000 1644 1053 1697 in
1081 1643 1316 1697 tumulos
1337 1656 1646 1696 arenarum.
1684 1660 1704 1691 ι
1734 1638 1880 1692 Mare
1922 1645 2098 1692 autem

2203 520 2384 590 sermo
2406 534 2758 606 propheticus
2789 520 3043 588 admonet
3070 533 3272 597 ﬁdeles,
3300 542 3361 588 ut
3386 536 3785 605 egrediantur
3813 580 3833 605 ,

2200 633 2256 681 et
2283 633 2536 695 separent
2569 640 2628 681 se
2657 626 2724 680 de
2744 639 2935 680 eorum
2960 626 3241 690 societate,
3268 639 3336 680 ne
3363 624 3504 681 forte
3527 642 3673 682 cum
3706 629 3835 687 illis

2199 727 2442 789 pereant.

2278 828 2295 861 ι
2342 808 2673 881 Egredimini
2700 810 2774 864 de
2807 809 2987 865 medio
3038 807 3155 877 ejus
3197 809 3426 880 populus
3477 824 3649 873 meus
3682 852 3705 878 ,
3756 818 3827 867 ut

2207 914 2227 951 α
2269 901 2438 969 salvet
2490 902 2861 971 unusquisque
2906 901 3142 955 animam
3186 914 3340 955 suam
3380 902 3449 957 ab
3472 902 3557 956 ira
3588 902 3827 960 furoris

2207 1011 2226 1043 ι
2274 990 2505 1055 Domini,
2534 999 2589 1046 et
2631 1005 2701 1046 ne
2742 991 2883 1046 forte
2917 991 3193 1046 mollescat
3218 1006 3314 1046 cor
3332 999 3600 1058 vestrum,
3638 1001 3710 1047 et
3742 994 3820 1048 ti-

2207 1101 2227 1137 t
2270 1086 2461 1139 meatis
2490 1085 2736 1139 auditum
2768 1087 2859 1156 qui
2891 1086 3140 1141 audietur
3168 1087 3220 1141 in
3249 1094 3414 1153 terra,
3442 1096 3499 1143 et
3523 1088 3737 1143 veniet
3758 1088 3817 1143 in

2206 1196 2227 1231 α
2269 1194 2410 1233 anno
2440 1179 2642 1235 auditio
2669 1220 2682 1244 ,
2725 1186 2782 1234 et
2814 1188 2935 1250 post
2966 1179 3110 1235 hunc
3136 1195 3336 1235 annum
3362 1181 3572 1235 auditio
3596 1190 3662 1235 et
3700 1182 3815 1235 ini-

2209 1292 2227 1325 ι
2269 1274 2449 1344 quitas
2473 1273 2526 1327 in
2557 1281 2726 1339 terra,
2746 1279 2799 1329 et
2816 1274 3123 1329 dominator
3146 1289 3308 1345 super
3330 1274 3808 1330 dominatorem.»

2203 1367 2348 1438 Opus
2388 1374 2470 1420 est
2507 1380 2636 1437 ergo
2675 1366 2965 1443 unicuique
3013 1365 3103 1437 qui
3170 1365 3285 1420 vult
3340 1365 3580 1420 animam
3640 1381 3812 1420 suam

2203 1458 2405 1515 salvam
2434 1452 2632 1521 facere,
2657 1464 2719 1511 ut
2756 1468 2814 1512 se
2855 1463 3160 1526 sequestret
3195 1454 3260 1509 de
3293 1455 3638 1524 perditorum
3676 1471 3819 1511 con-

2203 1549 2391 1615 sortio,
2426 1552 2481 1604 et
2504 1556 2817 1604 revereatur
2842 1561 3146 1603 sermonem
3180 1546 3390 1602 Domini
3409 1589 3423 1613 ,
3444 1547 3515 1603 de
3547 1548 3811 1603 vindicta

2203 1650 2547 1713 peccatorum
2579 1640 2759 1696 futura
2799 1640 3181 1697 comminantis
3204 1682 3218 1706 ,
3260 1640 3351 1711 qui
3381 1641 3631 1712 quotidie
3664 1657 3816 1712 prte-

514 1745 739 1808 propter
781 1736 1182 1791 multitudinem
1230 1732 1649 1789 inhabitantium
1688 1730 1904 1785 dicitur.
1948 1727 2104 1783 Unde
2134 1800 2172 1808 _
2206 1717 2491 1791 dicatuE-in
2519 1736 2839 1800 ecclesia,et
2864 1734 3081 1789 auditur
3101 1734 3169 1789 ab
3186 1733 3459 1799 omnibus,
3490 1731 3813 1805 scripturis

516 1800 571 1883 ξεῖ
617 1800 780 1897 ὲ¹¹Ρ¹³³
830 1826 1051 1897 Εεγριί
1099 1825 1386 1879 "milime
1439 1824 1577 1879 mari
1632 1830 1941 1893 comparala
1994 1827 2098 1876 est»
2132 1800 2178 1861 Β
2208 1827 2409 1882 sanctis
2445 1827 2511 1881 de
2543 1842 2684 1881 anno
2729 1825 2785 1879 in
2835 1840 3035 1879 annum
3087 1825 3142 1878 id
3173 1824 3345 1893 ipsum
3385 1800 3810 1887 attestan-tibus,

516 1920 670 1974 Hanc
700 1929 882 1974 autem
916 1919 1175 1974 Dominus
1202 1934 1301 1988 per
1323 1918 1597 1973 exercitus
1626 1916 1900 1971 Medorum
1940 1922 2103 1985 atque

516 2010 808 2065 Persarum
862 2026 998 2081 quos
1046 2011 1133 2066 hic
1182 2010 1427 2065 leonibus
1492 2016 1772 2079 comparat
1813 2015 1870 2062 et
1907 2006 2103 2087 catulis

516 2103 732 2158 leonum
754 2100 1055 2170 destruxit,
1088 2112 1143 2157 et
1184 2105 1394 2174 redegit
1426 2104 1481 2157 in
1530 2102 1763 2181 tumulos
1785 2115 2098 2164 arenarum,

514 2209 574 2255 ut
601 2200 943 2270 postmodum
975 2197 1128 2253 ﬁeret
1155 2198 1416 2252 habitatio
1452 2198 1776 2258 draconum,
1809 2198 1864 2249 et
1892 2202 2101 2263 stupor,

514 2298 570 2346 et
599 2284 788 2346 sibiius
828 2290 1158 2356 videntium,
1190 2298 1247 2346 et
1294 2286 1609 2344 mirantium
1656 2288 1932 2342 interitum
1963 2285 2100 2355 ejus,

514 2396 583 2436 eo
610 2383 753 2451 quod
784 2396 892 2436 non
941 2381 1011 2435 sit
1062 2381 1117 2436 in
1165 2396 1229 2435 eo
1260 2381 1549 2437 habitator.
1588 2380 1647 2435 In
1677 2388 1812 2434 testu
1843 2390 1971 2449 ergo
1998 2379 2101 2432 tri-s

513 2473 850 2527 bulationum
891 2486 1111 2527 suarum
1147 2472 1403 2528 biberunt
1447 2472 1668 2528 calicem
1702 2472 1796 2525 im
1844 2470 2099 2535 Domini,

2207 1918 2351 1991 quod
2402 1918 2564 1989 iudex
2616 1918 2851 1974 caelestis
2893 1919 3141 1973 dicturus
3190 1917 3260 1971 sit
3302 1916 3359 1972 in
3386 1927 3644 1973 extremo
3675 1932 3808 1972 exa-

2206 2012 2372 2077 mine,
2399 2006 2484 2065 his
2507 2009 2596 2079 qui
2621 2009 2687 2063 ad
2709 2008 2986 2063 sinistram
3028 2004 3148 2073 ejus
3173 2014 3338 2061 erunt
3363 2023 3377 2060 :
3412 2026 3432 2059 t
3461 2006 3755 2061 Discedite
3779 2018 3810 2058 a

2206 2120 2314 2168 me,
2347 2101 2637 2165 maledicti,
2670 2102 2724 2156 in
2750 2101 3222 2172 lgnemteternum,
3237 2100 3329 2169 qui
3350 2106 3703 2169 prteparatus
3728 2105 3808 2153 est

2206 2197 2420 2252 diabolo
2454 2202 2512 2251 ct
2553 2193 2760 2269 angelis
2792 2193 2913 2264 ejus
2940 2192 3159 2267 (Matth.
3201 2190 3355 2265 xxv).
3404 2210 3427 2246 ι
3480 2189 3603 2246 Non
3661 2191 3806 2245 enim

2207 2289 2364 2343 debet
2407 2301 2504 2343 cor
2522 2282 2771 2343 noStrum
2810 2287 2866 2341 in
2906 2284 3188 2365 desideriis
3215 2287 3398 2340 carnis
3431 2283 3800 2347 mollescere,

2205 2388 2260 2434 et
2282 2395 2381 2434 nos
2407 2392 2600 2449 segnes
2621 2379 2677 2433 in
2701 2392 2863 2449 opere
2908 2378 3052 2434 bono
3094 2376 3342 2444 reddere,
3378 2376 3476 2432 sed
3500 2376 3687 2446 magis
3710 2390 3805 2447 per

2207 2472 2451 2527 auditum
2480 2471 2741 2527 sollicitos
2770 2472 2827 2526 in
2854 2470 3209 2526 meditatione
3232 2468 3369 2539 legis
3397 2468 3517 2534 Dei,
3557 2478 3617 2523 et
3663 2479 3799 2524 stre—

511 2574 567 2620 et
595 2565 849 2620 inebriati
886 2572 1031 2630 sunt,
1082 2565 1157 2619 ita
1212 2574 1271 2619 ut
1326 2566 1656 2637 sopirentur,
1698 2571 1755 2618 et
1805 2562 2117 2618 dormirent
2206 2578 2343 2619 nues
2371 2564 2423 2617 in
2452 2564 2714 2619 exercitio
2746 2563 3009 2617 virtutum
3046 2562 3303 2617 exhibere
3328 2603 3344 2628 ,
3383 2560 3511 2631 quia
3536 2562 3799 2632 iniquitas

484 2709 490 2717 .
511 2674 702 2713 somno
730 2658 1082 2728 sempiterno,
1104 2674 1204 2713 nec
1224 2667 1614 2729 consurgerent
1647 2657 1898 2727 amplius.
1918 2656 2103 2729 Mysti-

511 2762 575 2805 ce
604 2761 785 2805 autem
806 2764 962 2804 mare
988 2750 1150 2820 hujus
1185 2752 1365 2806 sarculi
1393 2752 1662 2822 significat
1690 2754 2100 2818 turbulentiam,

513 2840 655 2909 quod
688 2841 949 2896 Dominus
979 2842 1253 2897 desertum
1297 2842 1471 2910 ponit,
1516 2859 1638 2897 cum
1677 2857 1891 2899 cessare
1938 2843 2103 2899 faciet

513 2931 696 2986 luxum
723 2933 840 3002 ejus
865 2973 880 2999 ,
932 2942 986 2987 et
1017 2934 1424 3003 dissipabuntur
1465 2934 1637 3005 iniqui
1665 2936 1757 3004 qui
1788 2934 2103 2991 confusione

512 3036 760 3076 errorum
798 3030 855 3076 et
907 3023 1163 3077 vitiorum
1215 3024 1592 3079 deserviebant
1644 3040 1659 3079 :
1707 3026 2103 3095 veniebantque

511 3129 673 3183 super
701 3126 797 3170 eos
830 3116 1050 3185 maligni
1082 3116 1326 3184 spiritus,
1375 3117 1499 3171 amvi
1535 3125 1595 3172 ut
1633 3119 1797 3172 catuli
1845 3118 2060 3173 leontrm
2084 3160 2100 3185 ,

513 3224 635 3263 cum
684 3208 839 3263 leone
868 3208 1083 3264 diabolo
1107 3249 1122 3275 ,
1165 3209 1258 3277 qui
1297 3209 1560 3280 rugiendo
1606 3210 1804 3265 circuit
1852 3225 2100 3281 quaerens
2130 3180 2176 3244 C

510 3316 674 3370 quem
702 3302 947 3365 devoret,
992 3310 1048 3356 et
1093 3301 1439 3356 inebriabunt
1466 3316 1561 3357 eos
1589 3310 1719 3373 potu
1749 3303 2003 3359 vindicta:
2044 3311 2101 3358 et

512 3396 736 3451 ultionis
764 3395 984 3464 futuras,
1014 3404 1075 3451 ut
1100 3410 1297 3467 sopore
1320 3396 1514 3451 mortis
1542 3404 1761 3452 aeterna;
1778 3396 2056 3452 dormiant
2081 3439 2096 3464 ,

511 3502 613 3543 nee
665 3487 805 3543 ultra
853 3490 921 3543 ad
974 3489 1142 3544 vitam
1194 3494 1502 3561 resurgant,
1548 3490 1645 3546 sed
1698 3490 1828 3544 ﬂant
1879 3490 2097 3546 victima

509 3580 689 3651 gladio
740 3581 953 3637 Domini
985 3583 1198 3648 occisa,
1230 3592 1287 3638 et
1311 3583 1559 3640 habitent
1602 3599 1729 3640 cum
1773 3586 2100 3641 draconibus

509 3672 844 3743 spiritalibus
885 3675 939 3729 in
988 3675 1109 3730 lacu
1159 3674 1358 3730 inferni
1403 3676 1458 3730 in
1500 3682 1837 3747 perpetuum.
1867 3677 1946 3732 De
1995 3677 2098 3732 hoc

511 3772 567 3820 et
590 3765 874 3836 sequentia
903 3765 1067 3822 etiam
1097 3775 1362 3822 narrent:

586 3876 606 3908 σ
648 3856 928 3924 Quomodo
954 3867 1110 3927 capta
1140 3867 1226 3913 est
1252 3857 1478 3923 Sesaoh,
1500 3866 1557 3913 et
1582 3860 1973 3929 comprehensa
2015 3871 2099 3916 est

516 3965 536 3999 ι
575 3948 775 4018 inclyta
801 3949 1068 4004 universae
1105 3950 1300 4004 terrae?
1328 3949 1609 4017 Quomodo
1630 3949 1773 4006 facta
1798 3960 1883 4007 est
1906 3952 1959 4007 in
1986 3959 2100 4008 stu-

512 4057 536 4089 ι
580 4042 771 4109 poreui
821 4039 1059 4112 Babylon
1090 4041 1236 4096 inter
1263 4042 1486 4111 gentes?
1514 4043 1774 4098 Ascendit
1803 4059 1963 4115 super
1996 4046 2099 4100 Ba-

510 4149 532 4183 ι
578 4131 829 4203 hylonem
870 4148 1054 4199 mare,
1082 4133 1428 4189 multitudine
1474 4133 1739 4191 ﬂuctuum
1764 4135 1881 4204 ejus
1908 4148 2096 4207 operta

512 4236 533 4275 α
576 4229 680 4277 est.
734 4222 914 4279 Factae
944 4232 1071 4279 sunt
1100 4224 1354 4281 civitates
1379 4225 1501 4294 ejus
1532 4228 1584 4281 in
1623 4236 1920 4298 stuporem,
1947 4237 2095 4284 terra

512 4329 533 4363 ι
579 4312 947 4368 inhabitabilis
976 4322 1033 4368 et
1054 4314 1293 4380 deserta,
1319 4316 1376 4369 in
1404 4330 1511 4385 qua
1534 4316 1716 4371 nullus
1745 4319 1968 4382 habitet,
1996 4332 2097 4375 nec

512 4417 533 4451 ι
581 4408 821 4456 transeat
843 4416 942 4470 per
977 4418 1099 4457 eam
1131 4403 1276 4458 illius
1306 4405 1561 4460 hominis.
1586 4406 1652 4461 Et
1675 4406 1909 4463 visitabo
1936 4424 2097 4479 super

511 4509 532 4542 ι
574 4490 745 4546 Belin
770 4491 1068 4563 Babylone,
1109 4502 1166 4549 et
1206 4494 1417 4565 ejiciam
1462 4499 1605 4568 quod
1648 4500 2001 4557 absorbuerat
2030 4504 2097 4559 de

511 4599 531 4635 ι
569 4598 668 4640 ore
693 4583 832 4655 ejus,
864 4593 1053 4641 etnon
1094 4586 1364 4643 continent
1410 4589 1481 4644 ad
1527 4606 1652 4646 eum
1699 4592 1840 4647 ultra
1884 4602 2089 4665 gentes.

509 4693 528 4726 ι
575 4673 854 4745 Siquidem
884 4685 939 4733 et
966 4692 1155 4733 taurus
1184 4677 1476 4751 Babylonis
1503 4691 1740 4738 corruet.
1768 4703 1785 4735 θ
1820 4684 1973 4752 Quod
1997 4701 2094 4741 au-

506 4774 613 4821 tem
644 4766 850 4824 Sesach
880 4769 995 4839 ipsa
1026 4770 1099 4825 sit
1122 4770 1364 4842 Babylon
1388 4813 1404 4838 ,
1451 4788 1614 4844 supra
1655 4774 1768 4845 jam
1812 4784 2090 4832 ostensum

502 4868 605 4913 est.
646 4859 925 4927 Quomodo
952 4871 1135 4918 autem
1175 4864 1458 4920 sobversio
1495 4848 1786 4938 Babylonis
1816 4867 1957 4924 facta
1997 4870 2091 4935 sit,

503 4966 665 5021 quam
712 4970 881 5021 mare,
915 4956 1021 5011 hoc
1046 4964 1133 5019 est
1157 4998 1172 5023 ,
1223 4958 1512 5014 multitudo
1558 4961 1875 5030 populorum
1933 4961 2093 5016 simul

503 5060 626 5101 cum
674 5046 785 5101 Deo
830 5063 945 5113 suo,
979 5049 1064 5105 vel
1092 5046 1361 5105 subvertit
1405 5058 1568 5120 atque
1619 5053 1925 5117 destruxit,
1970 5052 2084 5122 jam

504 5136 701 5205 saepius
729 5136 929 5195 dictum
955 5149 1041 5196 est
1063 5180 1078 5207 ,
1124 5156 1271 5197 nunc
1312 5156 1482 5212 pauca
1510 5141 1578 5198 de
1603 5143 1859 5214 allegoria
1897 5145 2088 5199 subro«

502 5242 713 5298 gemus.
743 5227 946 5287 Sesach
972 5233 1120 5288 enim
1148 5234 1346 5306 byssus
1380 5235 1548 5301 sacci,
1579 5237 1696 5291 sive
1722 5252 1915 5291 manus
1941 5238 2084 5292 sacci

504 5321 891 5391 interpretatur
921 5362 937 5387 ,
993 5326 1133 5381 sicut
1181 5327 1421 5399 Babylon
1483 5329 1748 5384 confusio.
1796 5329 1963 5400 Capta
2004 5339 2088 5385 est

502 5430 635 5485 ergo
661 5414 884 5483 Sesach,
917 5428 972 5473 et
1000 5420 1054 5474 in
1089 5432 1365 5491 stuporem
1396 5423 1537 5480 facta
1566 5436 1649 5482 est
1671 5426 1932 5497 Babylon,
1959 5440 2083 5483 eum

501 5509 576 5566 illi
606 5511 697 5580 qui
723 5511 1040 5567 idololatriae
1068 5530 1287 5583 operam
1314 5516 1516 5572 dabant
1548 5558 1562 5583 ,
1595 5526 1649 5572 et
1680 5512 1912 5574 diversis
1934 5519 2083 5576 vitiis

499 5604 790 5676 matteipati
822 5616 1003 5673 erant,
1021 5607 1273 5664 fluctibus
1300 5613 1513 5677 venturi
1534 5611 1719 5681 judicii
1761 5615 2081 5670 subverten-

500 5704 607 5763 tur,
635 5707 690 5754 et
716 5713 895 5756 seram
925 5707 1148 5770 agentes
1170 5701 1567 5770 pmnitentiam,
1597 5718 1721 5760 cum
1758 5706 1850 5761 Bel
1872 5705 1964 5775 qui
1994 5706 2082 5759 in-

499 5799 829 5867 terpretattu'
865 5800 1141 5862 vetustas,
1190 5793 1293 5851 hoc
1328 5804 1420 5853 est
1444 5838 1459 5864 ,
1509 5808 1633 5855 cum
1675 5800 1899 5873 antiquo
1926 5800 2085 5861 hoste

2206 2664 2368 2710 teme
2394 2654 2828 2709 remunerahitur
2848 2655 2902 2708 in
2924 2668 3086 2724 ptena
3108 2652 3386 2724 gehennae,
3413 2660 3469 2708 et
3487 2653 3801 2708 dominator

2207 2760 2368 2818 super
2393 2747 2788 2802 dominatorem
2812 2746 3031 2811 veniet,-
3062 2751 3126 2800 ut
3168 2744 3263 2816 qui
3307 2744 3654 2816 potentiores
3691 2743 3797 2797 fuco

2205 2844 2335 2895 tum
2385 2840 2440 2895 in
2490 2838 2731 2911 peccatis
2753 2877 2769 2906 ,
2826 2837 3135 2909 potentiora
3191 2842 3464 2893 tormenta
3517 2835 3798 2909 patiantur
3860 2870 3865 2879 .

2206 2932 2361 3005 (Sap.
2392 2932 2490 3004 vr).

2281 3040 2299 3075 ι
2339 3023 2634 3094 Propterea
2663 3035 2791 3078 ecce
2816 3021 2934 3078 dies
2960 3022 3221 3088 veniunt,
3260 3029 3316 3077 et
3353 3019 3589 3077 visitabo
3632 3033 3795 3092 super

2212 3132 2232 3170 α
2278 3118 2546 3188 sculptilis
2577 3116 2889 3188 Babylonis,
2915 3122 2970 3172 et
2998 3115 3177 3171 omnis
3221 3122 3367 3170 terra
3395 3116 3515 3187 ejus
3564 3113 3790 3170 confun-

2212 3231 2232 3263 ι
2276 3212 2433 3267 detur
2452 3252 2466 3276 ,
2494 3217 2549 3265 et
2572 3210 2813 3266 universi
2840 3208 3113 3265 interfecti
3142 3206 3260 3280 ejus
3285 3209 3484 3264 cadent
3515 3208 3576 3263 in
3623 3206 3792 3263 medio

2210 3324 2229 3357 ι
2272 3300 2409 3376 θ]υε’,
2439 3313 2493 3359 et
2524 3302 2823 3360 laudabunt
2844 3318 3007 3375 super
3034 3302 3364 3376 Babylonem
3388 3302 3511 3358 coeli
3546 3309 3608 3357 et
3630 3310 3784 3363 terra,

2211 3411 2230 3451 t
2274 3405 2329 3453 et
2352 3397 2534 3452 omnia
2557 3411 2678 3467 quae
2712 3397 2767 3453 in
2803 3398 2883 3453 eis
2910 3404 3037 3453 sunt
3067 3414 3082 3451 :
3116 3396 3243 3467 quia
3294 3396 3362 3451 ab
3406 3392 3671 3466 aquilone
3711 3407 3788 3447 ve-

2210 3510 2229 3543 r
2272 3491 2428 3545 niunt
2457 3492 2505 3546 ei
2528 3490 2835 3562 praedones,
2866 3491 2943 3546 ait
2971 3491 3252 3548 Dominus.
3274 3488 3344 3544 Et
3368 3488 3648 3560 quomodo
3676 3488 3784 3543 fecit

2209 3601 2227 3633 ι
2270 3581 2531 3655 Babylon,
2557 3590 2617 3637 ut
2645 3585 2904 3638 caderent
2930 3583 3096 3639 occisi
3124 3570 3179 3637 in
3207 3578 3391 3647 lsrael,
3421 3582 3501 3636 sic
3525 3580 3599 3635 de
3618 3580 3783 3649 Baby-

2208 3694 2228 3728 ι
2271 3675 2395 3732 ioue
2421 3676 2620 3730 cadent
2646 3676 2814 3731 occisi
2866 3674 2922 3729 in
2968 3675 3226 3730 universa
3264 3682 3431 3728 terra.
3472 3691 3490 3723 ι
3532 3670 3671 3726 Dies
3707 3668 3781 3723 isti

2203 3767 2319 3823 dies
2344 3765 2716 3821 retributionis
2744 3768 2873 3820 sunt
2897 3804 2911 3830 ,
2944 3758 3161 3835 quando
3184 3762 3349 3833 iudex
3376 3760 3624 3815 cmlestis
3656 3757 3783 3828 judi-

2202 3858 2351 3914 cabit
2374 3858 2565 3913 orbem
2596 3866 2755 3912 terrae
2785 3856 2840 3911 in
2859 3856 3090 3926 justitia,
3120 3865 3175 3911 et
3200 3853 3426 3927 populos
3464 3853 3516 3907 in
3542 3853 3779 3907 civitate.

2203 3952 2355 4006 Tunc
2392 3950 2760 4005 visitahuntur
2788 3947 3059 4020 scnlptilia
3082 3942 3393 4020 Babylonis,
3422 3947 3527 4000 hoc
3568 3952 3679 4011 est,
3716 3943 3780 3997 si-

2200 4043 2443 4097 mulacra
2487 4054 2754 4106 errorum,
2787 4054 2922 4111 quos
2946 4040 3187 4095 haeretici
3232 4039 3285 4093 in
3312 4026 3664 4112 dogmatibus
3685 4036 3782 4092 suis

2202 4136 2477 4191 finxerunt
2507 4178 2521 4202 ,
2566 4144 2626 4191 'et
2672 4137 2849 4191 omnis
2916 4144 3136 4191 terrena
3168 4120 3538 4190 'coni'ersatio
3604 4142 3782 4189 eorum

2198 4226 2579 4293 Confundetur,
2610 4226 2959 4298 universique
2997 4234 3246 4282 errantes
3271 4267 3285 4293 ,
3332 4234 3387 4281 et
3439 4224 3496 4280 in
3539 4238 3777 4280 errorem

2199 4319 2479 4375 mittentes
2502 4359 2516 4385 ,
2560 4319 2755 4374 eadem
2779 4320 2954 4393 gladio
2981 4318 3233 4375 vindicta:
3274 4316 3509 4374 Domini.
3546 4318 3620 4374 Et
3663 4333 3780 4389 quo-

2200 4411 2360 4466 modo
2406 4408 2645 4482 Babylon
2690 4411 2951 4482 Spirital’is
2988 4411 3122 4467 fecit
3148 4453 3162 4478 ,
3207 4420 3267 4466 ut
3311 4411 3569 4466 caderent
3626 4408 3775 4465 occisi

2203 4503 2256 4558 in
2287 4503 2481 4575 populo
2515 4504 2608 4560 Dci
2628 4546 2642 4571 ,
2688 4505 2767 4559 sic
2794 4514 3009 4575 queque
3052 4503 3196 4558 illius
3231 4503 3564 4559 habitatores
3596 4503 3777 4556 cadent

2201 4598 2367 4653 occisi
2395 4600 2447 4653 in
2474 4600 2725 4653 universa
2756 4606 2920 4652 terra.
2956 4596 3108 4654 Unde
3146 4595 3443 4651 laudabunt
3490 4602 3657 4665 sdper
3691 4593 3775 4648 Bn-

2199 4690 2451 4763 bylonem
2478 4690 2601 4747 coeli
2635 4697 2690 4746 et
2718 4696 2890 4754 terra,
2936 4697 2992 4743 et
3031 4690 3211 4744 omnia
3255 4704 3375 4760 (λικε
3412 4690 3465 4743 ἱη
3503 4687 3581 4743 eis
3620 4697 3772 4746 sunt,

2199 4783 2325 4853 quia
2355 4785 2538 4854 praedo
2562 4782 2943 4837 universarum
2970 4781 3212 4851 gentium
3242 4781 3558 4837 devastatus
3583 4790 3689 4835 est.

2276 4896 2295 4927 ‹
2340 4875 2441 4943 Qui
2475 4874 2689 4946 fugistis
2719 4875 2955 4946 gladium
2981 4914 2995 4939 ,
3022 4874 3227 4933 venite.
3277 4874 3446 4929 nolite
3492 4880 3662 4938 stare,
3704 4884 3772 4925 re-

2204 4989 2223 5023 ι
2269 4968 2569 5025 cordamini
2598 4967 2784 5038 procul
2823 4966 3070 5033 Domini,
3098 4974 3153 5021 et
3187 4964 3484 5022 Jerusalem
3526 4965 3771 5020 ascendat

2200 5081 2217 5113 ‹
2263 5076 2427 5130 super
2450 5075 2547 5115 cor
2571 5066 2832 5114 vestrum:
2872 5078 2892 5111 ι
2938 5058 3200 5113 Hortatur
3222 5058 3480 5129 propheta
3508 5056 3767 5114 lsraelitas

2194 5153 2283 5224 qui
2329 5152 2551 5207 fuerunt
2590 5152 2645 5207 in
2684 5148 2981 5223 Babylone,
3029 5160 3091 5206 ut
3132 5151 3179 5205 si
3221 5149 3423 5205 vellent
3459 5148 3590 5205 εειἨί
3641 5146 3764 5211 ﬁeri,

2194 5245 2451 5299 recedant
2488 5244 2630 5305 inde,
2677 5250 2733 5297 et
2782 5242 3134 5297 recordentur
3170 5224 3249 5296 Ide
3297 5240 3443 5295 terra
3482 5240 3762 5311 longinqua

2193 5335 2379 5405 templi
2424 5334 2655 5401 Domini,
2700 5340 2755 5388 et
2780 5332 3077 5390 Jerusalem
3120 5332 3358 5388 civitatis
3386 5335 3501 5397 eius
3529 5334 3761 5393 deserar,

2194 5426 2475 5495 magisque
2500 5424 2756 5481 festinent
2802 5424 2927 5480 illuc
2972 5425 3244 5491 transire,
3290 5438 3450 5494 quam
3489 5420 3765 5501 Babylonis

2191 5518 2513 5575 vastationis
2566 5516 2859 5590 participes
2913 5532 3074 5583 esse,
3129 5515 3196 5571 ad
3241 5516 3383 5587 quod
3427 5510 3507 5572 illi
3554 5510 3763 5587 respou—

2172 5597 2318 5671 ident
2350 5635 2363 5670 :

2266 5728 2285 5759 ι
2324 5704 2549 5762 Confusi
2578 5719 2763 5761 sumus
2785 5704 3037 5775 quoniam
3067 5702 3371 5759 audivimus
3400 5701 3755 5773 opprobrium,

2196 5814 2215 5856 t
2259 5799 2470 5875 operuit
2510 5796 2804 5873 ignominia
2848 5796 3018 5855 facies
3070 5805 3305 5866 nostras,
3338 5794 3464 5871 quia
3510 5792 3758 5877 venerunt
