4044 6326
356 376 494 431 1175

1227 350 1594 417 EXPOSITIO
1627 352 1854 414 SUPER
1895 348 2259 409 JEREMIAM.
2295 384 2368 396 —
2403 352 2533 412 LIB.
2571 348 2736 413 XVII.

3483 352 3625 413 11⁵14

360 512 380 545 ι
423 488 584 551 alieni
631 501 794 559 super
837 479 1319 553 sanctiﬁcationem
1387 475 1579 531 domus
1637 472 1872 529 Domini.
1914 491 1931 524 ι
1965 470 2019 532 Α
2042 470 2285 537 bnretur,
2316 472 2441 543 quia
2467 472 2624 529 fortis
2650 480 2733 528 est
2755 470 2919 539 Deus,
2944 472 3036 543 qui
3060 470 3324 549 judicavit
3344 472 3509 529 illam.
3559 473 3630 531 Et

359 582 690 649 Et'ubescere
714 593 773 636 se
795 576 982 632 dicunt
1015 577 1234 644 propter
1262 566 1610 649 opprobrium
1637 565 1939 621 vicinarum

360 644 597 750 gentium
623 712 639 739 ,
667 684 785 742 quae
810 650 1142 727 insultabant
1173 659 1279 715 illis
1304 658 1459 730 quasi
1488 644 1718 750 captivis
1746 696 1763 723 ,
1799 655 1941 750 sicut

361 743 417 821 in
463 763 647 821 Esdra:
691 759 829 825 libro
876 756 1096 828 legitur,
1131 766 1197 807 eo
1242 747 1385 821 quod
1444 745 1656 803 devulsi
1709 746 1820 801 sint
1875 743 1943 798 de

363 865 507 913 terra
546 868 643 909 sua
680 858 735 907 et
767 848 922 917 sedes
970 857 1159 900 eorum
1204 841 1431 897 desertae
1481 836 1943 907 sanetiﬁcatioque

362 945 543 1017 templi
590 939 807 999 Domini
847 936 1143 1001 destructa,
1192 931 1388 1003 quibus
1441 930 1637 985 iterum
1682 928 1942 1000 propheta

360 1035 651 1107 respondet
691 1049 704 1086 :

438 1143 457 1175 ί
492 1122 781 1193 Propterea
826 1133 955 1176 ecce
986 1115 1102 1177 dies
1151 1114 1391 1180 veniunt,
1442 1113 1518 1167 ait
1561 1110 1861 1166 Dominus:
1891 1118 1947 1164 et

366 1232 387 1265 ‹
415 1211 643 1267 visitabo
662 1225 824 1281 super
849 1206 1114 1283 sculptilia
1150 1205 1456 1277 Babylonis,
1478 1211 1533 1259 et
1553 1203 1605 1256 in
1632 1202 1780 1256 omni
1804 1208 1947 1255 terra

367 1328 387 1363 ι
416 1308 531 1378 ejus
557 1308 758 1381 mugiet
781 1300 1109 1365 vulneratus.
1150 1299 1207 1356 Si
1250 1297 1553 1354 ascenderit
1596 1295 1834 1368 Babylon
1890 1295 1946 1349 in

368 1418 387 1450 ι
422 1396 641 1460 coelum,
687 1404 743 1459 et
770 1391 1067 1448 ﬁrmaverit
1094 1392 1147 1445 in
1176 1388 1388 1445 excelso
1431 1386 1597 1441 robur
1651 1400 1831 1449 suum,
1879 1384 1946 1438 ad

367 1508 384 1541 ι
424 1503 511 1543 me
533 1486 757 1549 veniunt
779 1492 1081 1540 vastatores
1100 1479 1234 1550 ejus,
1258 1480 1334 1534 ait
1365 1476 1641 1533 Dominus.
1693 1472 1809 1532 Vox
1831 1476 1945 1531 cla-

368 1595 386 1627 ι
428 1576 598 1632 moris
620 1576 687 1630 de
708 1573 1001 1646 Babylone,
1055 1579 1110 1628 et
1155 1570 1410 1627 contritio
1454 1584 1649 1640 magna
1694 1567 1758 1622 de
1802 1575 1948 1622 terra

369 1688 387 1721 ι
424 1667 821 1731 Chaldaeorum,
851 1666 1105 1736 quoniam
1148 1662 1377 1719 vastavit
1418 1660 1675 1716 Dominus
1714 1658 1946 1731 Babylo-

369 1778 388 1809 ε
426 1775 571 1827 nem,
599 1768 654 1812 et
678 1757 912 1829 perdidit
940 1770 1007 1811 ex
1036 1771 1099 1810 ea
1136 1769 1325 1810 vocem
1369 1767 1643 1825 magnam,
1691 1758 1748 1804 et
1787 1765 1947 1805 sana-

2040 561 2243 619 ﬁebunt
2270 570 2324 619 et
2356 564 2610 637 plangent
2633 580 2693 621 se
2718 579 2881 635 super
2910 560 3058 620 illam
3086 581 3267 651 ‘eges
3302 572 3484 634 terrae,
3534 566 3628 638 qui

2039 671 2163 711 eum
2194 654 2282 710 illa
2312 653 2561 711 fornicati
2593 664 2719 711 sunt
2738 663 2794 712 et
2824 655 2877 710 in
2909 654 3114 711 deliciis
3138 655 3391 710 vixerunt
3429 654 3625 729 (Apoc.
3654 708 3659 711 .

2039 747 2226 820 xvm).
2276 767 2295 799 ι
2350 747 2417 802 Et
2442 755 2565 818 post
2590 748 2865 819 aliquanta
2890 747 3188 821 subju'ngit,
3223 747 3444 805 dicens:
3478 768 3496 801 ι
3524 747 3631 805 Ex-

2041 838 2178 894 sulta
2203 852 2364 909 super
2382 852 2524 905 eam,
2554 838 2774 906 coelum,
2807 860 2826 892 ι
2860 848 2913 895 et
2947 838 3118 895 sancti
3151 838 3380 912 apostoli
3415 846 3470 894 et
3501 854 3628 910 pro-

2040 930 2236 1001 pheta),
2274 948 2291 981 ι
2327 929 2582 1000 quoniam
2600 929 2865 1000 judicavit
2903 928 3045 985 Deus
3075 928 3337 1001 judicium
3388 937 3632 985 vestrum

2043 1019 2110 1074 de
2136 1018 2245 1073 illa.
2284 1040 2301 1071 ι
2357 1017 2512 1072 Nulla
2560 1027 2645 1075 est
2682 1014 2841 1073 enim'
2874 1019 2978 1076 nisi
3023 1019 3220 1075 diaboli
3255 1020 3467 1087 civitas,
3511 1035 3634 1092 quae

2044 1128 2261 1168 onmem
2290 1111 2524 1166 animam
2568 1111 2747 1182 capiat
2795 1110 3144 1179 immundam,
3195 1112 3252 1167 in
3296 1128 3403 1183 qua
3457 1113 3636 1168 omnis

2046 1203 2385 1259 immunditia
2421 1218 2517 1273 per
2548 1203 2734 1259 orbem
2755 1211 3142 1258 commoratur.
3172 1223 3190 1254 ί
3210 1202 3280 1257 Ει
3301 1212 3637 1260 mercatores

2048 1304 2207 1350 terrae
2242 1293 2307 1350 de
2327 1295 2527 1351 virtute
2561 1294 2871 1350 deliciarum
2901 1291 3016 1364 ejus
3042 1293 3238 1349 divites
3269 1293 3396 1350 facti
3419 1303 3564 1351 sunt.
3610 1314 3630 1346 ι

2047 1390 2255 1447 Divites
2280 1389 2520 1462 peccatis
2555 1389 2686 1444 dicit
2711 1405 2824 1455 eos,
2857 1388 2950 1458 qui
2981 1403 3079 1458 pro
3125 1386 3455 1442 abundantia
3502 1396 3639 1444 tem-

2048 1486 2240 1555 porali,
2274 1485 2475 1543 infelici
2518 1471 2762 1542 mercatu
2811 1484 3023 1543 animas
3080 1482 3440 1539 committant.
3503 1481 3640 1536 Nam

2048 1576 2299 1631 nimietas
2326 1574 2572 1640 luxnriaa,
2604 1589 2870 1646 pauperes
2918 1572 3098 1645 potius
3126 1588 3289 1642 quam
3326 1572 3519 1627 divites
3561 1572 3640 1625 fa-

2049 1666 2144 1721 cit.
2177 1684 2195 1716 ι
2226 1665 2403 1731 Exite,
2426 1664 2626 1736 inquit,
2649 1666 2715 1720 de
2751 1664 2839 1718 illa
2863 1663 3095 1735 populus
3120 1679 3294 1728 meus,
3336 1671 3391 1717 et
3419 1678 3487 1718 ne
3516 1678 3643 1733 par-

2055 1758 2243 1828 ticipes
2272 1758 2389 1812 sitis
2425 1757 2742 1813 delictorum
2773 1754 2911 1825 ejus.
2944 1775 2963 1808 ι
3000 1755 3092 1811 Sic
3121 1765 3174 1810 et
3195 1755 3361 1812 lsaias
3393 1774 3407 1809 :
3439 1776 3458 1807 ‹
3487 1754 3644 1811 Exite

370 1870 388 1903 ε
425 1853 557 1907 bunt
585 1851 774 1905 ﬂuctus
799 1865 1007 1915 eorum,
1035 1847 1189 1919 quasi
1219 1860 1373 1915 aqua:
1423 1843 1607 1898 multm
1639 1858 1652 1897 :
1681 1842 1827 1899 dedit
1862 1858 1948 1898 so-
1972 1830 2024 1891 Β
2052 1850 2116 1905 de
2144 1850 2320 1904 medio
2341 1857 2550 1914 eorum,
2582 1857 2637 1903 et
2670 1847 3005 1902 immundum
3028 1862 3095 1903 ne
3127 1846 3415 1918 tetigeritis
3440 1865 3453 1900 :
3487 1862 3647 1901 mun-

368 1964 387 1997 ‹
422 1945 592 2015 nilum
622 1959 723 2000 vox
752 1959 964 2009 eorum,
995 1941 1120 2011 quia
1168 1941 1526 2026 venit.super
1563 1955 1704 2006 eam,
1750 1938 1804 1993 id
1842 1947 1946 2005 est,

369 2055 389 2089 ι
420 2052 581 2107 super
600 2035 926 2108 Babylonem
954 2032 1157 2105 praedo,
1181 2041 1237 2089 et
1260 2032 1584 2103 apprehensi
1609 2039 1736 2088 sunt
1782 2029 1963 2106 fortes.

370 2150 389 2184 ‹
424 2129 560 2199 ejus,
587 2138 641 2186 et
661 2129 925 2192 emarcuit
952 2144 1112 2187 arcus
1160 2142 1372 2192 eorum,
1430 2125 1556 2195 quia
1614 2123 1770 2179 fortis
1810 2122 1951 2177 ultor

369 2240 388 2274 ε
424 2222 684 2283 Dominus
710 2221 941 2277 reddens
970 2218 1238 2277 retribuit.
1273 2217 1339 2271 Et
1367 2216 1648 2271 inebriabo
1676 2214 1951 2285 principes

370 2336 388 2369 ι
423 2316 538 2387 ejus
567 2322 621 2372 et
666 2315 936 2385 sapientes
983 2311 1121 2382 ejus,
1145 2313 1310 2367 duces
1333 2308 1467 2379 ejus,
1507 2318 1563 2364 et
1608 2308 1952 2379 magistratus

371 2429 389 2463 ι
423 2412 559 2485 ejus,
585 2417 641 2466 et
669 2408 837 2465 fortes
858 2406 995 2477 ejus,
1036 2414 1092 2463 et
1123 2405 1395 2462 dormient
1439 2402 1706 2463 somnium
1755 2400 1953 2473 sempi-

373 2519 391 2555 ς
432 2511 658 2565 ternum,
694 2510 750 2573 et
776 2514 885 2576 non
916 2506 1391 2573 expergescentur,
1433 2497 1509 2550 ait
1554 2511 1650 2553 rex
1696 2493 1953 2549 Dominus

375 2609 391 2641 ι
426 2591 761 2659 exercituum
792 2605 987 2657 nomen
1016 2588 1152 2661 ejus.
1187 2587 1312 2645 Haec
1342 2586 1472 2641 dicit
1504 2584 1763 2639 Dominus
1792 2597 1951 2649 exer—

374 2701 392 2735 (
426 2682 627 2739 cituum
650 2701 662 2735 :
687 2678 869 2749 Murus
900 2679 1192 2753 Babylonis
1222 2678 1310 2733 ille
1337 2677 1633 2735 altissimus
1660 2674 1956 2730 suﬁ‘usione

375 2791 393 2825 ι
432 2772 761 2837 sulfodietur,
788 2783 842 2835 et
865 2782 1033 2845 portae
1062 2774 1177 2843 ejus
1197 2772 1425 2828 excelsae
1470 2770 1579 2845 igni
1624 2770 1953 2825 comburen-

374 2883 394 2919 ί
432 2872 544 2930 tur,
573 2872 628 2923 et
651 2864 862 2925 labores
888 2864 1205 2937 populorum
1235 2847 1302 2919 ad
1333 2864 1605 2930 nihilum,,
1626 2871 1681 2918 et
1709 2863 1953 2935 gentium

376 2973 394 3006 ι
428 2954 481 3009 ἰη
528 2955 651 3027 igne
678 2940 836 3013 erunt
868 2962 923 3010 et
948 2952 1299 3023 disperibunt.
1333 2972 1352 3006 ι
1390 2953 1683 3009 Enumerat
1733 2952 1952 3007 univer-

371 3059 461 3103 sas
500 3044 705 3116 plagas,
755 3059 875 3114 qua:
926 3051 1330 3114 superventuraz
1375 3051 1530 3099 erant
1567 3042 1851 3114 Babyloni,
1900 3048 1955 3099 et

369 3136 638 3197 universis
656 3136 1006 3211 optimatibus
1030 3136 1166 3203 ejus,
1198 3134 1425 3189 ducibus
1447 3139 1502 3189 et
1522 3134 1946 3204 magistratibus,

371 3237 423 3299 et
449 3229 701 3285 universo
720 3227 935 3300 populo,
963 3227 1107 3299 quod
1135 3226 1365 3283 diversis
1388 3227 1663 3298 suppliciis
1698 3226 1953 3282 interem-
1977 3196 2026 3261 (ἶ

367 3321 446 3391 pti
492 3319 775 3391 dormituri
826 3318 936 3379 sint
982 3333 1174 3379 somno
1214 3319 1404 3375 mortis
1448 3318 1810 3388 sempiternae,
1857 3331 1957 3373 nec

269 3418 277 3427 '
371 3412 510 3465 ultra
539 3411 663 3469 inde
690 3411 1077 3483 experrecturi.
1103 3409 1327 3481 Mystice
1361 3417 1541 3464 autem
1589 3410 1706 3469 haec
1750 3411 1951 3477 omnia,

374 3501 583 3558 ruinam
620 3502 838 3573 perﬁdae
862 3502 1215 3575 pronuntiant
1241 3501 1494 3569 civitatis,
1525 3517 1689 3572 quam
1713 3502 1956 3559 diabolus

374 3593 441 3645 ab
470 3591 622 3648 initio
648 3592 973 3659 construxit,
1017 3600 1075 3647 et
1111 3606 1207 3664 per
1241 3606 1407 3663 quam
1454 3600 1642 3648 contra
1681 3593 1953 3649 civitatem

374 3683 469 3738 Dei
499 3682 681 3749 sedqu
705 3683 980 3755 pugnavit,
1014 3684 1160 3755 quod
1186 3684 1358 3749 erutis
1389 3683 1456 3741 de
1481 3692 1655 3741 morte
1681 3686 1884 3741 sanctis
1904 3694 1960 3741 et

373 3772 557 3835 electis
580 3772 695 3843 Dei,
736 3772 897 3844 impia
931 3772 1123 3829 civitas
1149 3772 1206 3828 in
1232 3781 1494 3829 aeternum
1524 3774 1845 3847 supplicium
1870 3778 1958 3839 de-

374 3873 666 3935 mergatur,
706 3865 785 3923 De
820 3864 923 3927 hac
956 3864 1174 3933 civitate
1203 3871 1259 3921 et
1281 3861 1519 3923 Joannes
1542 3864 1598 3919 in
1637 3865 1956 3938 Apocalypsi

375 3953 702 4019 sullicienter
741 3956 1058 4026 disputavit,
1105 3957 1332 4015 dicens:
1371 3975 1390 4007 ιι
1419 3954 1540 4013 Vidi
1582 3958 1832 4029 angelum
1864 3959 1958 4014 de-

375 4048 721 4119 scendentem
745 4049 813 4116 de
832 4049 995 4117 ctelo,
1024 4050 1313 4115 habentem
1339 4057 1662 4122 potestatem
1685 4067 1955 4123 magnam,

374 4149 429 4195 et
461 4150 606 4198 terra
644 4142 941 4203 illumiaata
969 4150 1053 4207 est
1074 4159 1111 4207 At
1138 4143 1306 4215 gloria
1354 4142 1494 4213 ejus,
1540 4152 1598 4200 et
1637 4143 1959 4200 exclamavit

377 4231 430 4289 iu
466 4231 592 4299 forti
631 4248 782 4299 voce,
810 4235 998 4298 dicens
1035 4253 1050 4290 :
1085 4233 1311 4301 Cecidit,
1348 4234 1546 4290 cecidit
1580 4234 1819 4308 Babylon
1868 4236 1956 4291 illa

377 4339 595 4396 magna,
620 4337 678 4381 et
710 4324 851 4391 facta
870 4334 955 4382 est
974 4327 1236 4393 habitatio
1258 4326 1671 4398 daamoniorum,
1699 4338 1753 4387 et
1779 4340 1959 4387 custo-

375 4417 464 4473 dia
486 4419 663 4481 omnis
691 4420 912 4490 spiritus
948 4420 1232 4489 immundi,
1276 4430 1332 4481 et
1359 4423 1602 4479 custodia
1644 4425 1821 4481 omnis
1864 4440 1957 4480 vo-

378 4510 539 4569 lucris
579 4512 859 4578 immundi,
881 4520 938 4569 et
961 4513 1199 4580 odibilis,
1220 4515 1346 4586 quia
1361 4515 1429 4571 de
1464 4516 1546 4571 ira
1584 4516 1958 4585 fornicationis

377 4602 494 4671 ejus
520 4602 772 4667 biberunt
798 4618 988 4663 omnes
1010 4612 1223 4676 gentes,
1247 4613 1302 4665 et
1320 4621 1476 4677 reges
1500 4617 1659 4671 terrae
1687 4625 1812 4671 cum
1860 4611 1951 4665 illa

377 4690 630 4778 fornicati
647 4700 794 4759 sunt.
816 4701 872 4750 et
894 4704 1224 4757 mercatores
1243 4705 1402 4754 terra:
1424 4699 1490 4754 de
1502 4701 1704 4761 virtute
1720 4702 1948 4763 delicia-

380 4800 498 4840 rum
549 4784 669 4856 ejus
694 4785 885 4843 divites
908 4785 1039 4843 facti
1068 4797 1213 4847 sunt.
1246 4789 1314 4846 Et
1339 4791 1517 4849 audivi
1555 4792 1719 4851 aliam
1766 4809 1950 4855 vocem

379 4874 445 4928 de
475 4874 612 4931 omlo
640 4875 952 4937 dicentem:
987 4876 1141 4939 Exite
1166 4877 1235 4935 de
1276 4879 1366 4935 illa
1410 4882 1639 4950 populus
1678 4898 1850 4949 meus,
1897 4892 1955 4939 ut

381 4981 480 5022 nec
514 4967 801 5037 participes
828 4967 948 5025 sitis
966 4968 1283 5029 delictorum
1311 4971 1450 5041 ejus,
1478 4980 1534 5028 et
1557 4973 1623 5033 de
1636 4972 1812 5044 plagis
1838 4972 1955 5042 ejus

379 5072 486 5113 non
525 5058 822 5129 accipiatis,
868 5058 1121 5129 quoniam
1156 5069 1517 5128 pervenerunt
1566 5072 1791 5132 peccata
1845 5060 1959 5130 ejus

380 5164 549 5221 usque
569 5150 637 5206 ad
663 5150 877 5219 etclam,
898 5159 956 5207 et
982 5152 1293 5209 recordatus
1331 5162 1417 5211 est
1462 5155 1722 5210 Dominus
1764 5156 1960 5227 iniqui-

382 5252 549 5298 tatum
581 5245 718 5315 ejus.
750 5244 979 5305 Reddite
1005 5245 1080 5300 illi
1099 5245 1240 5300 sicut
1259 5246 1374 5316 ipsa
1398 5246 1651 5312 reddidit,
1691 5254 1748 5301 et
1787 5247 1960 5318 dupli-

381 5345 501 5391 cate
529 5337 759 5406 duplicia
788 5340 1086 5397 secundum
1125 5353 1288 5409 opera
1336 5336 1454 5406 eius
1483 5353 1497 5409 ς
1526 5338 1582 5395 in
1620 5338 1817 5408 poculo
1850 5355 1958 5409 quo

382 5427 597 5483 miscuit
624 5428 834 5491 miseite
856 5429 931 5485 illi
960 5430 1178 5499 duplum
1203 5447 1218 5484 :
1250 5412 1513 5500 quantum
1532 5427 1856 5498 gloriﬁcavit
1876 5443 1956 5493 se,

381 5527 436 5572 et
470 5519 523 5574 in
551 5518 758 5584 deliciis
782 5518 903 5588 fuit,
936 5530 1144 5577 tantum
1176 5522 1296 5577 date
1326 5520 1404 5576 illi
1427 5529 1753 5577 tormentum
1792 5530 1847 5578 et
1879 5522 1960 5577 lu-

382 5620 545 5666 ctum.
577 5610 713 5679 Quia
746 5612 801 5669 in
829 5615 993 5671 corde
1020 5630 1119 5671 suo
1138 5615 1273 5671 dicit
1298 5632 1310 5668 :
1337 5613 1512 5669 Sedeo
1540 5615 1748 5685 regina,
1771 5624 1826 5671 et
1872 5616 1956 5673 vi-

381 5702 485 5757 dua
513 5717 619 5761 non
645 5718 790 5771 sum,
818 5713 875 5761 et
893 5705 1093 5761 luctum
1122 5721 1228 5767 non
1258 5705 1475 5771 videbo,
1497 5704 1617 5762 ideo
1646 5707 1701 5761 in
1730 5721 1835 5761 una
1872 5706 1960 5762 die

380 5793 597 5867 venient
624 5793 792 5873 plagae
813 5797 951 5873 ejus,
982 5813 1130 5855 mors
1159 5806 1214 5854 et
1238 5797 1437 5866 luctus,
1486 5808 1541 5855 et
1589 5798 1761 5856 fames
1810 5813 1960 5857 com-

2051 1940 2252 1996 damini
2289 1940 2379 2011 qui
2413 1939 2565 1995 fertis
2602 1955 2727 1995 vasa
2756 1940 3001 2006 Domini;
3031 1960 3049 1991 ι
3091 1939 3452 2010 praenuntiata
3486 1938 3643 1994 ruina

2049 2034 2360 2105 Babylonis,
2400 2034 2606 2089 inducit
2641 2035 3022 2091 discessionem
3054 2032 3372 2089 electorum.
3408 2030 3538 2098 Quae
3558 2036 3644 2084 est

2049 2125 2340 2196 Babylonis
2374 2125 2564 2180 ruina?
2593 2126 2728 2181 Cum
2757 2126 2901 2180 enim
2944 2124 3260 2181 discesserit
3293 2122 3445 2179 Lota
3478 2118 3648 2177 Sodo-

2051 2219 2176 2282 mis,
2210 2216 2450 2273 funditus
2483 2217 2735 2274 tollentur
2763 2214 3091 2289 (Gen.x1x).
3131 2214 3381 2280 Reddite,
3415 2212 3491 2267 ait
3539 2210 3638 2276 illi,

2054 2308 2195 2364 sicut
2222 2308 2337 2378 ipsa
2360 2306 2593 2362 reddidit
2617 2307 2791 2363 vobis.
2815 2307 2894 2362 De
2916 2306 3162 2361 Ecclesia
3182 2304 3327 2359 enim
3361 2312 3561 2358 exeunt
3586 2302 3640 2356 in

2052 2401 2312 2457 mundum
2333 2399 2504 2470 plaga:
2542 2399 2781 2455 visibiles
2818 2407 2872 2453 et
2930 2397 3245 2453 invisibiles.
3310 2415 3328 2447 ι
3354 2394 3419 2450 Et
3466 2394 3644 2465 dupli-

2055 2500 2176 2547 cate
2204 2492 2437 2563 duplicia
2461 2491 2755 2547 secundum
2778 2506 2943 2562 opera
2965 2490 3102 2561 ejus.
3144 2510 3161 2542 ι
3189 2488 3269 2543 Ita
3290 2504 3410 2559 qua:
3433 2495 3647 2558 tempo—

2055 2584 2260 2640 ralibus
2280 2582 2800 2650 fruebatnrdeliciis,
2820 2582 3105 2639 tormentis
3118 2582 3392 2637 crucietur
3402 2579 3642 2635 aeternis.

2134 2694 2153 2731 α
2190 2676 2426 2731 Verbum
2502 2677 2644 2746 quod
2703 2675 2961 2747 praecepit
3021 2673 3284 2731 Jeremias
3344 2670 3641 2743 prophetis,

2062 2789 2081 2822 ‹
2117 2769 2321 2823 Saraiae
2356 2768 2467 2823 ﬁlio
2502 2767 2680 2823 Neria:
2729 2767 2988 2831 Maassim,
3047 2781 3170 2822 cum
3218 2775 3467 2838 pergeret
3518 2778 3644 2818 cum

2063 2883 2082 2917 ι
2121 2862 2383 2919 Sedecbia
2412 2877 2539 2933 rege
2570 2862 2625 2917 in
2653 2860 3002 2933 Babylonem,
3036 2860 3089 2915 in
3118 2874 3261 2914 anno
3315 2868 3509 2935 quarto
3558 2872 3649 2912 rev

2064 2975 2081 3007 ι
2119 2955 2210 3026 gni
2236 2954 2373 3025 ejus.
2403 2952 2625 3009 Saraias
2653 2962 2834 3008 autem
2857 2961 2977 3008 erat
3025 2952 3280 3023 princeps
3323 2950 3640 3023 prophetiae.

2024 3034 2027 3039 λ
2063 3065 2082 3099 ‹
2118 3046 2186 3103 Ει
2225 3046 2444 3117 scripsit
2476 3044 2743 3102 Jeremias
2786 3059 2945 3099 omne
2986 3043 3209 3111 malum,
3265 3040 3408 3113 quod
3450 3050 3643 3097 ventu-

2063 3160 2081 3195 ι
2119 3156 2237 3195 rum
2259 3149 2376 3195 erat
2404 3156 2566 3211 super
2601 3138 2930 3211 Babylonem
2988 3138 3042 3195 in
3097 3137 3235 3194 libro
3281 3154 3410 3204 uno,
3464 3137 3646 3193 omnia

2064 3252 2083 3286 ‹
2117 3234 2280 3287 verba
2303 3233 2437 3291 haec.
2461 3246 2581 3302 quae
2612 3232 2816 3302 scripta
2868 3238 2993 3286 sunt
3046 3238 3239 3286 contra
3294 3229 3643 3302 Babylonem.

2062 3350 2082 3384 ι
2113 3331 2180 3386 Et
2227 3331 2365 3386 dixit
2399 3328 2669 3386 Jeremias
2690 3330 2756 3384 ad
2780 3327 2992 3385 Saraim
3018 3346 3038 3383 ί
3062 3326 3197 3384 Cum
3222 3324 3438 3381 veneris
3465 3324 3519 3379 in
3550 3321 3648 3376 Ba-

2069 3443 2089 3477 c
2128 3424 2397 3495 bylonem,
2420 3429 2477 3478 et
2501 3422 2705 3479 videris
2727 3429 2782 3475 et
2821 3420 3018 3495 legeris
3064 3420 3246 3476 omnia
3295 3416 3463 3473 verba
3510 3415 3648 3479 hrec,

2063 3530 2082 3563 ι
2115 3511 2262 3567 dices
2290 3530 2301 3564 :
2330 3509 2577 3576 Domine,
2604 3520 2666 3565 tu
2695 3509 2907 3565 locutus
2928 3524 2989 3565 es
3019 3518 3206 3564 contra
3237 3506 3416 3562 locum
3465 3506 3648 3568 istum,

2066 3622 2084 3657 ι
2120 3614 2175 3660 ut
2201 3605 2540 3675 disperderes
2561 3618 2704 3668 eum,
2730 3617 2831 3658 nec
2870 3603 2957 3666 sit,
2999 3602 3090 3672 qui
3137 3602 3192 3655 in
3230 3615 3296 3654 eo
3327 3599 3536 3654 habitet
3580 3600 3649 3651 ab

2068 3716 2085 3748 ε
2123 3695 2338 3751 homine
2367 3709 2536 3766 usque
2557 3694 2624 3748 ad
2646 3708 2832 3764 pecus,
2858 3700 2914 3765 et
2939 3701 2999 3749 ut
3020 3691 3091 3747 sit
3110 3698 3371 3762 perpetua
3394 3687 3648 3743 solitudo.

2064 3807 2085 3842 ι
2121 3786 2366 3857 Cumque
2391 3784 2745 3857 compleveris
2763 3783 2941 3856 legere
2982 3780 3181 3845 librum
3223 3780 3410 3846 istum,
3454 3777 3652 3850 ligabis

2068 3897 2086 3931 ‹
2121 3878 2188 3932 ad
2239 3893 2365 3933 eum
2412 3877 2664 3949 lapidem,
2719 3884 2776 3932 et
2818 3875 3071 3948 projicies
3110 3874 3260 3929 illum
3311 3874 3365 3929 in
3406 3871 3646 3928 medium

2066 3990 2085 4024 ί
2124 3970 2454 4041 Euphraten,
2480 3968 2700 4035 etdices
2727 3988 2738 4022 :
2773 3967 2863 4029 Sic
2884 3970 3263 4038 submergetur
3296 3963 3569 4037 Babylon,
3593 3970 3651 4016 et

2068 4082 2089 4147 ε
2120 4078 2226 4121 non
2250 4069 2541 4132 consurget
2561 4076 2591 4114 a
2614 4059 2753 4116 faeie
2774 4058 3098 4129 alnictionis,
3123 4073 3285 4131 quam
3311 4072 3411 4129 ego
3444 4054 3652 4115 adduco

2066 4146 2086 4206 ά
2119 4167 2283 4224 super
2304 4166 2446 4219 eam,
2474 4160 2531 4209 et
2548 4151 2888 4227 dissolvetur.
2920 4170 2940 4206 δ
2984 4148 3300 4224 (Mannum)
3341 4147 3459 4204 Non
3503 4146 3648 4207 enim

2060 4245 2353 4307 secundum
2382 4244 2664 4301 historiam
2686 4243 2924 4315 Babylon
2946 4243 3001 4305 in
3032 4241 3342 4311 Euphraten
3362 4239 3648 4297 submersa

2057 4346 2161 4404 est,
2183 4337 2311 4395 licet
2348 4347 2471 4409 post
2510 4337 3014 4396 submersionemin
3041 4335 3385 4413 solitudinem
3432 4332 3651 4391 redacta

2059 4433 2149 4499 sit,
2180 4433 2276 4490 sed
2295 4434 2557 4503 propheta
2577 4432 2832 4503 spiritalis
2870 4431 3157 4503 Babylonis
3196 4430 3475 4487 interitum
3492 4436 3655 4485 teter-
3753 4440 3762 4449 ‘

2060 4540 2189 4583 num
2215 4525 2456 4594 praedicit
2475 4523 2719 4581 futurum
2739 4538 2858 4592 quae
2883 4522 2937 4577 in
2963 4520 3287 4592 profundum
3331 4518 3531 4575 inferni
3574 4516 3650 4573 si-

2059 4616 2170 4675 mul
2200 4630 2320 4668 cum
2344 4614 2588 4684 principe
2607 4628 2705 4668 suo
2745 4612 2957 4668 diabolo
2985 4612 3041 4667 in
3078 4610 3166 4667 die
3198 4609 3389 4681 judicii
3433 4608 3649 4663 demer-

2055 4707 2226 4777 genda
2242 4707 2364 4762 erit.
2382 4705 2496 4763 Hoc
2513 4709 2655 4763 enim
2673 4712 2728 4759 et
2747 4704 3021 4774 propheta;
3034 4702 3088 4758 in
3104 4701 3284 4757 Veteri
3305 4699 3652 4755 Testamento

2056 4798 2349 4867 praeconati
2369 4804 2512 4861 sunt,
2543 4796 2684 4867 quod
2711 4804 2767 4851 et
2797 4794 2929 4850 Novi
2952 4792 3286 4849 Testamenti
3330 4790 3653 4861 praedicato-

2060 4903 2150 4945 res
2175 4887 2327 4942 ﬁrma
2349 4886 2612 4945 et'veraei
2638 4886 2948 4943 narratione
2972 4884 3268 4941 declarant.
3312 4881 3467 4939 Unde
3485 4879 3654 4937 Joan-

2060 4994 2159 5037 nes
2188 4979 2243 5034 in
2263 4978 2584 5049 Apocalypsi
2616 4994 2712 5035 sua
2755 4984 2960 5042 narrat,
3009 4976 3231 5031 dicens:
3267 4992 3286 5026 ι
3313 4974 3381 5029 Et
3434 4972 3653 5031 sustulit

2065 5079 2204 5127 unos
2232 5069 2454 5139 angelus
2475 5067 2630 5123 fortis
2650 5067 2879 5137 lapidem
2902 5065 3056 5135 quasi
3098 5064 3354 5123 molarem
3395 5077 3652 5133 magnum

2062 5168 2119 5215 et
2139 5160 2290 5215 misit
2310 5160 2363 5214 in
2385 5174 2555 5227 mare,
2584 5159 2769 5216 dicens
2793 5176 2806 5214 :
2832 5157 2946 5214 Hoc
2969 5157 3174 5227 impetu
3195 5156 3440 5213 mittetur
3478 5154 3652 5225 Baby-

2064 5251 2154 5306 lon
2173 5252 2369 5308 civitas
2404 5251 2496 5305 illa
2525 5266 2741 5322 magna,
2781 5257 2836 5305 et
2882 5249 3023 5307 ultra
3062 5263 3170 5304 non
3216 5248 3537 5303 invenietur.
3585 5246 3653 5302 Et

2064 5357 2168 5397 vox
2193 5340 2616 5397 cithartedomm
2636 5349 2691 5396 et
2711 5340 3058 5407 musicorum,
3080 5348 3137 5396 et
3156 5339 3288 5396 tibia
3315 5339 3647 5403 canentium,

2064 5440 2121 5488 et
2140 5433 2265 5487 tuba
2289 5447 2397 5487 non
2422 5432 2670 5487 audietur
2718 5433 2772 5487 in
2818 5440 2871 5487 te
2915 5433 3169 5503 amplius.
3209 5440 3266 5488 et
3283 5432 3374 5491 lux
3412 5432 3649 5488 lucernae

2064 5538 2172 5577 non
2198 5524 2401 5583 lueebit
2570 5524 2836 5594 amplius:
2864 5536 2923 5582 et
2962 5542 3066 5585 vox
3103 5526 3287 5597 sponsi
3324 5533 3381 5583 et
3434 5539 3649 5596 sponsa:

2064 5630 2171 5670 non
2196 5615 2443 5672 audietur
2468 5602 2692 5686 posthac
2718 5617 2775 5672 in
2801 5625 2872 5683 te,
2897 5618 3023 5686 quia
3044 5626 3375 5674 mercatores
3395 5615 3474 5671 tui
3490 5621 3649 5671 erant

2064 5705 2335 5776 principes
2364 5712 2543 5771 terrae,
2587 5706 2709 5776 quia
2752 5706 2809 5760 iu
2854 5706 3128 5769 veneﬁciis
3172 5709 3278 5765 tuis
3329 5710 3649 5762 erraverunt

2064 5811 2254 5854 omnes
2272 5805 2478 5871 gentes,
2511 5798 2641 5853 etin
2668 5814 2731 5853 ea
2752 5800 2973 5870 sanguis
2995 5790 3378 5872 prophetarum
3421 5805 3475 5854 et
3519 5810 3646 5859 san-
