4044 6326
555 342 693 400 H79

1186 339 1249 393 Β.
1291 339 1544 397 RABANI
1582 339 1804 398 MAURI
1835 336 2155 396 ARCHIEP.
2191 333 2500 399 ιοαυιιτ.
2513 332 2797 401 01³38111
2831 332 3014 403 PARS
3049 332 3137 390 Ill.

3664 336 3843 392 υεο

553 457 856 511 debuerunt
882 452 1018 521 alios
1045 459 1369 511 mstentare.
1405 454 1555 511 Mare
1580 462 1761 513 autem
1800 467 2000 509 meum
2030 453 2123 509 ba-
2149 456 2204 521 Α
2225 448 2590 522 presbyteros,
2618 448 2713 521 qui
2747 448 3007 511 talentum
3031 449 3184 504 verbi
3212 448 3306 517 Dei
3345 451 3402 511 iu
3424 458 3573 511 terra
3600 449 3842 507 fodien-

550 549 735 621 ptismi
762 547 1062 615 lavacrum,
1091 547 1176 603 vel
1222 550 1696 618 compunctionem
1740 548 2123 618 iacrymarum.

2229 550 2312 607 tce
2344 540 2758 607 absconderant,
2778 541 2832 601 iu
2854 556 3014 603 suum
3036 541 3337 601 dominium
3356 540 3591 611 subiicit.
3610 542 3681 598 Et
3709 554 3840 599 tres

554 641 680 698 Haec
705 640 922 712 quidem
944 635 1132 697 omnia
1155 638 1395 696 Chaldaei
1437 641 1709 712 spiritales
1732 652 1831 711 per
1877 638 2128 699 inertiam
2224 630 2508 701 ianitores,
2532 631 2647 687 sive
2685 631 2937 688 custodes
2957 630 3206 691 vestibuli
3239 650 3252 686 :
3280 631 3398 688 illos
3432 632 3685 697 videlicet
3732 636 3833 705 ja-

553 733 937 806 magistrorum
969 732 1037 787 de
1058 733 1219 787 domo
1268 732 1480 787 Domini
1531 731 1749 787 auferre
1791 729 2038 786 nituntur
2071 737 2131 789 et

552 824 934 896 confringere:
965 823 1040 878 ita
1061 831 1249 878 utnon
1277 833 1554 880 remaneat
1592 832 1754 890 testa,
1808 837 1915 892 qua
1960 822 2131 893 possit

552 917 818 990 igniculus
840 914 973 971 ferri
993 915 1059 970 de
1076 915 1345 971 incendio.
1371 915 1506 972 Nam
1530 925 1585 973 et
1603 918 1818 974 diversa
1838 933 1968 974 vasa
2011 930 2133 986 qua

552 1017 859 1076 enumerat,
896 1009 1109 1064 diversa
1129 1007 1301 1063 cilicia
1325 1010 1379 1064 in
1408 1011 1798 1069 ecclesiasticis
1849 1012 2131 1071 ordinibus

553 1100 844 1156 insinuant.
918 1099 1043 1154 Hac
1098 1114 1312 1170 quoque
1364 1102 1587 1172 maligni
1638 1103 1859 1172 spiritus
1911 1103 1979 1157 de
2036 1100 2133 1156 Dei

553 1192 771 1248 servitio
800 1189 1128 1256 auferentes,
1158 1190 1214 1244 in
1240 1206 1396 1246 suum
1420 1207 1574 1246 usum
1602 1188 1992 1262 ncquissimum
2012 1204 2129 1247 ver-

554 1294 667 1339 tere
694 1284 930 1339 student.
954 1268 1116 1339 Unde
1143 1283 1550 1359 dicitquotquot
1562 1294 1742 1341 autem
1757 1302 1922 1341 aurea
1944 1300 2131 1350 aurea,

552 1383 606 1439 et
623 1383 887 1445 quotquot
905 1384 1159 1444 argentea
1186 1383 1467 1446 argentea,
1490 1376 1611 1431 tulit
1634 1377 1892 1447 magister
1906 1376 2132 1440 militiae,

450 1540 457 1543 δ
553 1469 678 1538 quia
716 1477 828 1523 tam
867 1483 1085 1524 sensum
1135 1469 1451 1538 pretiosum,
1498 1485 1662 1539 quam
1719 1471 1884 1526 etiam
1932 1468 2131 1539 eloquii

556 1566 917 1624 venustatem,
947 1558 1119 1614 hostis
1145 1574 1374 1629 nequam
1401 1561 1467 1615 de
1488 1561 1649 1615 domo
1686 1560 1899 1617 Domini
1924 1560 2136 1616 auferre

551 1647 786 1714 molitur,
833 1655 889 1703 et
910 1662 1094 1704 secum
1120 1648 1179 1704 in
1204 1648 1574 1707 confusionem
1601 1650 1821 1706 dueere.

2190 761 2199 773 .
2229 723 2454 789 nitores,
2484 723 2577 794 qui
2601 724 2800 785 ostium
2821 723 2945 791 ﬁdei
2966 724 3179 794 aperire
3196 723 3516 791 debuerant,
3544 735 3601 785 et
3623 735 3838 783 tenen-

2231 821 2315 877 tes
2342 814 2548 871 clavem
2592 814 2853 881 scientia,
2882 828 2982 879 nec
3015 816 3117 888 ipsi
3147 816 3494 885 introierunt,
3536 833 3640 877 nec
3680 819 3832 876 alios

2230 904 2454 965 introire
2476 906 2853 979 permiserunt.
2875 907 3026 967 Etde
3050 908 3269 967 civitate
3290 910 3599 973 eunuchum
3622 928 3829 980 unum,

2231 997 2321 1068 qui
2351 1006 2470 1053 erat
2504 998 2787 1067 praefectus
2815 1015 2974 1071 super
2999 1000 3145 1057 viros
3166 1000 3476 1075 bellatores.
3516 1003 3829 1062 Eunuchus

2232 1087 2334 1147 iste
2371 1089 2640 1161 significat
2671 1106 2765 1147 eos
2809 1107 2946 1163 quos
2987 1092 3113 1151 alibi
3136 1092 3414 1165 Scriptura
3438 1110 3591 1153 sacra
3621 1100 3830 1156 stultas

2232 1178 2466 1255 virgines
2509 1179 2739 1252 appellat
2786 1180 3001 1255 (Matth.
3038 1182 3191 1267 xxvi,
3221 1185 3313 1256 qui
3338 1200 3466 1241 vasa
3494 1186 3617 1243 oleo
3646 1203 3825 1244 vacua

2233 1271 2289 1327 in
2318 1274 2567 1331 manibus
2596 1274 2817 1342 habent,
2845 1276 3182 1341 continentes
3208 1277 3456 1335 videlicet
3489 1294 3549 1334 se
3588 1294 3630 1349 ag
3673 1282 3826 1337 coitu

2233 1365 2520 1434 corporali,
2562 1382 2661 1423 nec
2704 1374 2882 1425 tamen
2919 1367 3091 1427 oleum
3122 1370 3305 1441 gratia:
3341 1378 3397 1426 et
3428 1371 3825 1428 misericordiae

2235 1452 2287 1508 in
2327 1464 2542 1524 pectore
2582 1473 2680 1512 suo
2729 1459 2929 1517 habere
2962 1460 3232 1517 volebant.
3282 1463 3385 1532 Qui
3422 1463 3626 1521 frustra
3655 1484 3824 1539 super

2235 1545 2381 1603 viros
2427 1546 2718 1605 bellatores
2780 1550 3219 1619 constituuntur,
3268 1569 3396 1613 cum
3446 1559 3822 1627 arrogantiam

2234 1653 2537 1709 praecavere
2560 1655 2664 1715 non
2697 1638 3042 1699 meditantur.
3075 1643 3219 1700 Tulit
3242 1653 3298 1701 et
3325 1654 3533 1718 septem
3561 1649 3719 1705 viros
3758 1651 3823 1705 de

629 1757 647 1791 ι
692 1738 767 1794 De
797 1739 1064 1795 columnis
1100 1748 1279 1795 autem
1306 1740 1491 1799 decem
1542 1748 1597 1797 et
1629 1749 1754 1796 octo
1790 1739 1955 1797 cubiti
1982 1749 2132 1799 erant

2238 1730 2324 1785 his
2375 1731 2465 1801 qui
2502 1731 2754 1787 videbant
2780 1731 2974 1793 faciem
3022 1734 3165 1804 regis
3197 1754 3211 1790 :
3245 1735 3369 1792 illos
3407 1737 3675 1809 profecto,
3730 1741 3823 1810 qui

555 1850 573 1887 ι
614 1830 912 1887 altitudinis
940 1831 995 1887 in
1022 1831 1270 1887 columna
1299 1847 1423 1897 una,
1455 1841 1509 1887 et
1534 1831 1806 1893 funiculus
1851 1832 2133 1891 duodecim
2160 1833 2209 1894 B
2235 1836 2358 1879 Cum
2386 1823 2705 1894 baptismate
2726 1822 2925 1887 Christi
2962 1827 3328 1895 erant'abluti,
3374 1837 3433 1887 et
3473 1831 3671 1901 spiritu
3701 1848 3823 1902 sep-

556 1941 575 1975 t
611 1924 913 1978 arbitorum
933 1921 1343 1977 circuibateam.
1364 1921 1533 1977 Porro
1554 1922 1983 1995 grossitudoejus
2001 1938 2134 1992 qua-

558 2029 578 2064 t
617 2019 739 2066 tuor
764 2010 1075 2083 digitorum,
1117 2021 1172 2066 et
1200 2012 1526 2073 intrinsecus
1554 2028 1720 2067 vacua
1751 2020 1891 2079 erat,
1940 2022 1997 2071 et
2037 2027 2130 2068 ca-

557 2120 576 2155 ι
616 2101 800 2173 pitella
848 2115 1009 2173 super
1054 2110 1344 2174 utramque
1390 2118 1550 2162 terea.
1603 2103 1845 2164 Altitudo
1897 2104 2132 2176 capitelli

561 2215 579 2246 ι
616 2195 776 2251 unius
794 2195 1032 2264 quinque
1059 2196 1386 2262 cubitorum.
1416 2204 1471 2255 et
1504 2196 1762 2255 retiacula
1787 2206 1842 2253 et
1867 2197 2133 2270 malogra-

557 2308 579 2339 ι
607 2296 735 2343 nata
764 2303 927 2358 super
967 2303 1222 2345 coronam
1258 2289 1316 2344 in
1356 2289 1582 2347 circuitu
1625 2289 1806 2347 omnia
1836 2304 2009 2356 aenea,
2056 2289 2133 2347 si-

555 2397 574 2430 ι
607 2379 808 2449 militer
835 2379 1100 2436 columnte
1128 2379 1371 2438 alterius.
1409 2381 1478 2437 Et
1505 2380 1724 2439 fuerunt
1763 2381 2131 2451 malogronata

554 2485 573 2519 ι
608 2468 899 2539 nonaginta
948 2483 1046 2527 sex
1086 2469 1478 2539 dependentia,
1524 2478 1579 2528 et
1628 2470 1812 2529 omnia
1868 2472 2132 2544 malogra-

555 2577 573 2608 ι
615 2564 744 2614 nata
775 2565 994 2615 centum
1042 2557 1316 2615 retiaculis
1357 2559 1853 2619 circumdabantur.
1908 2581 1927 2613 ι
1978 2560 2133 2627 Quod
2160 2587 2176 2597 -

551 2656 732 2709 autem
751 2648 1008 2706 descrth
1034 2648 1293 2707 facturam
1316 2648 1686 2711 columnarum
1714 2666 1836 2707 cum
1871 2652 2133 2721 capitellis

550 2741 682 2806 suis,
709 2750 765 2798 et
799 2732 1074 2798 reti'aculis
1094 2743 1566 2813 dmalogranatls,
1584 2745 1818 2803 ostendit
1844 2747 2133 2817 mysticum

501 2853 514 2866 ν
551 2846 686 2903 Opus
710 2845 830 2889 esse
860 2850 873 2886 :
900 2832 1025 2902 quia
1065 2833 1488 2891 sicutcoltunnte
1527 2835 1833 2905 significant
1861 2836 2130 2904 doctores,

552 2922 625 2977 ita
649 2932 706 2981 et
717 2924 985 2992 capitella,
1013 2925 1115 2981 boc
1135 2932 1241 2991 est,
1258 2940 1510 2994 suprema
1532 2941 1660 2997 pars
1686 2941 1871 2987 eorum
1893 2944 2131 2998 praecor-

554 3015 639 3071 dia
700 3027 827 3075 sunt
872 3017 1109 3081 lideiium
1144 3018 1458 3084 doctorum,
1515 3026 1570 3075 et
1622 3020 1880 3077 retiacula
1920 3022 2161 3083 diversa

551 3106 843 3165 cbrismata
876 3109 1186 3177 exprimunt
1214 3109 1449 3178 Spiritus
1476 3112 1651 3167 sancti
1689 3128 1702 3164 :
1738 3112 1879 3167 sicut
1919 3120 1977 3167 et
2022 3128 2135 3173 ma-

2235 1914 2434 1971 tiformi
2479 1916 2790 1982 santiftcati,
2837 1918 3191 1988 perdiderunt
3231 1921 3459 1992 gratiam
3507 1939 3681 1993 quam
3730 1926 3825 1980 ba-

2208 2008 2482 2061 -buerunt.
2515 2005 2667 2063 Unde
2702 2016 2757 2065 et
2782 2016 2985 2078 septem
3018 2010 3298 2082 spiritibus
3320 2013 3677 2083 aequioribus
3708 2026 3819 2071 tra-

2232 2099 2350 2165 diti,
2378 2115 2484 2155 non
2507 2097 2619 2170 jam
2645 2099 2788 2172 regis
2816 2100 3154 2168 ctelestis,’et
3176 2103 3387 2181 Domini
3415 2105 3680 2167 virtutum
3702 2123 3825 2165 sen-

2231 2205 2351 2251 sum
2370 2198 2425 2249 et
2449 2191 2703 2247 mandata
2727 2192 3029 2267 intuentur,
3060 2193 3157 2253 sed
3184 2195 3327 2265 regis
3350 2195 3600 2263 vitiorum
3628 2198 3823 2255 volun-

2232 2288 2399 2341 tatem
2424 2281 2716 2354 adimplere
2743 2290 3022 2345 eonantur.
3051 2283 3119 2343 Et
3142 2284 3375 2345 scribam
3402 2286 3713 2361 principem
3727 2291 3822 2345 mi-

2232 2369 2408 2436 litum,
2433 2386 2592 2440 quem
2621 2371 2758 2427 libcr
2784 2374 2989 2447 liegum
3021 2372 3229 2444 Sopbar
3244 2386 3519 2449 nuncupat
3541 2396 3556 2432 :
3575 2381 3674 2452 qui
3704 2397 3820 2452 pro-

2230 2460 2395 2517 babat
2444 2462 2665 2519 tirones.
2717 2463 2927 2535 Sopbar
2970 2465 3355 2537 interpretatur
3403 2469 3693 2541 dissipans,
3743 2472 3820 2526 vel

2232 2554 2477 2613 dividens
2531 2573 2544 2608 :
2594 2556 2907 2627 signiﬁcans
2944 2572 3056 2631 eos,
3102 2559 3193 2631 qui
3240 2560 3402 2619 rudes
3451 2561 3505 2617 in
3555 2562 3816 2630 Ecclesia,

2231 2660 2367 2715 quos
2418 2646 2485 2700 ad
2531 2646 2778 2713 militiam
2822 2647 3025 2711 Christi
3071 2649 3282 2709 nutrire
3325 2650 3644 2723 debuerant,
3700 2669 3819 2729 pra-

2231 2738 2313 2798 vis
2370 2738 2634 2810 exemplis
2699 2739 3020 2811 dissipantes
3048 2781 3063 2808 ,
3129 2756 3161 2798 a
3220 2749 3362 2811 coitu
3422 2743 3662 2801 ﬁdelium
3728 2761 3817 2819 per

2231 2845 2473 2889 errorem
2502 2839 2860 2906 sequestram.
2913 2851 2932 2885 ι
2978 2832 3046 2891 Et
3084 2832 3364 2908 sexaginta
3409 2834 3556 2905 viros
3606 2835 3676 2891 de
3728 2850 3817 2909 po-

2231 2923 2356 2994 pulo
2388 2933 2563 2991 terrae,
2596 2924 2708 2983 sive
2737 2938 2768 2983 e
2801 2922 2980 2995 vulgo,
3008 2925 3100 2997 qui
3121 2925 3325 2987 inventi
3362 2923 3581 2989 fuerant
3608 2927 3663 2989 in
3691 2928 3817 2982 civi-

2236 3024 2364 3083 tate,
2409 3036 2427 3070 ›
2460 3015 2563 3071 hoc
2584 3025 2684 3083 est,
2716 3015 2909 3077 stultos
2932 3026 3264 3089 operatores,
3298 3017 3391 3087 qui
3431 3019 3623 3081 merito
3678 3018 3814 3087 vulgi

2234 3109 2452 3165 nomine
2504 3116 2881 3181 nuncupantur
2914 3149 2927 3163 .
2959 3109 3084 3185 quia
3128 3109 3416 3167 utilitatem
3466 3109 3813 3167 consiliorum

554 3196 831 3266 logranata
864 3199 1127 3260 bonarum
1149 3198 1406 3255 vi'rtututn
1436 3201 1742 3270 exprimunt
1766 3202 2123 3263 suavitatem:
2156 3189 2202 3254 C
2233 3200 2534 3259 divinorum
2579 3199 2819 3266 discere,
2867 3207 2922 3255 et
2966 3198 3124 3263 [actis
3170 3199 3395 3271 implere
3443 3200 3810 3271 neglexerant.

558 3305 678 3359 qua:
701 3290 883 3347 omnia
917 3290 1172 3360 spiritalis
1197 3290 1712 3358 Nabuchodonosor,
1744 3294 1847 3353 hoc
1901 3303 2002 3359 est,
2035 3296 2133 3355 bna

554 3383 654 3441 stis
666 3383 921 3453 antiquus
940 3398 1038 3453 per
1060 3383 1336 3443 ministros
1348 3397 1477 3445 suos
1496 3384 1565 3439 de
1588 3384 1783 3455 tetnplo
1805 3385 1899 3447 Dei
1922 3386 2135 3447 auferre

555 3482 802 3537 conatur.
854 3472 911 3533 Si
949 3473 1073 3543 quis
1105 3481 1287 3535 autem
1308 3473 1422 3537 hanc
1444 3474 1655 3544 plenius
1689 3490 1848 3537 nosse
1883 3475 2130 3544 voluerit,

554 3564 694 3638 legat
734 3580 873 3637 opus
918 3575 1181 3635 nostrum,
1218 3566 1364 3643 quod
1416 3567 1475 3628 in
1506 3566 1898 3641 eamsitinnem
1928 3568 2134 3644 Regum

554 3659 839 3717 voluminis
876 3675 1057 3732 nupta:
1101 3661 1368 3717 edidimus
1408 3668 1508 3717 :et
1542 3661 1616 3717 ibi
1657 3662 1788 3732 quid
1810 3663 1934 3719 inde
1959 3665 2134 3733 sancti

556 3747 745 3807 Patres
780 3752 1065 3817 senserint.
1091 3753 1227 3812 satis
1255 3760 1315 3811 ut
1340 3767 1464 3809 reor
1481 3751 1825 3822 explanatum
1855 3753 2128 3815 inveniet:

631 3861 651 3897 ι
682 3842 753 3898 Et
780 3843 903 3900 tulit
925 3845 1186 3915 magister
1207 3843 1413 3907 militiae
1434 3842 1646 3903 Saraim
1660 3844 1995 3905 sacerdotem
2014 3846 2132 3915 pri-

558 3950 579 3987 ι
620 3949 789 4001 mum,
819 3942 874 3990 et
895 3932 1224 4006 Sopbauiam
1249 3936 1588 3997 sacerdotem
1613 3937 1939 4002 secundum,
1958 3944 2134 4001 eum

558 4044 577 4082 t
602 4027 863 4085 custodes
890 4031 1163 4097 vestibuli,
1210 4039 1268 4088 et
1309 4031 1378 4089 de
1403 4032 1623 4095 civitate
1654 4032 1775 4095 tulit
1799 4032 2131 4100 eunuchum,

562 4136 583 4171 ι
618 4135 787 4177 unum
821 4122 915 4192 qui
943 4132 1061 4181 erat
1087 4123 1406 4194 prmpositus
1436 4138 1599 4193 super
1641 4123 1787 4183 viros
1825 4122 2132 4190 bellatores,

555 4227 575 4265 ι
610 4218 667 4266 et
690 4219 897 4281 septem
934 4212 1077 4271 viros
1125 4214 1193 4273 de
1214 4213 1304 4271 bis
1352 4213 1442 4282 qui
1474 4213 1725 4277 videbant
1747 4213 1940 4275 iaciam
1968 4215 2132 4284 regis,

556 4320 577 4355 ι
613 4304 704 4371 qui
742 4303 942 4360 inventi
970 4304 1175 4361 suntin
1215 4304 1456 4369 civitate,
1486 4312 1541 4359 et
1568 4304 1803 4365 scribam
1832 4306 2134 4377 principem

560 4409 577 4441 ι
613 4391 865 4457 militum,
910 4395 999 4462 qui
1022 4392 1281 4462 probabat
1310 4394 1552 4451 tirones:
1582 4404 1640 4453 et
1673 4396 1949 4468 sexaginta
1988 4397 2135 4455 viros

561 4503 582 4534 ι
616 4484 683 4538 de
718 4483 919 4553 populo
956 4494 1138 4552 teme,
1167 4486 1259 4556 qui
1294 4487 1503 4545 inventi
1541 4496 1669 4544 sunt
1701 4488 1755 4543 in
1784 4489 1959 4547 medio
2001 4490 2135 4545 civi-

2235 3291 2345 3350 llos
2387 3291 2657 3356 videlicet;
2708 3306 2897 3349 omnes
2927 3290 3121 3349 tollens
3172 3290 3527 3349 Nabuzardan
3567 3291 3811 3360 princeps

2233 3384 2485 3456 militum,
2515 3382 2670 3439 duxit
2690 3382 2757 3441 ad
2776 3398 2957 3454 regem
2975 3382 3265 3459 Babylonis
3288 3383 3344 3453 iu
3368 3382 3657 3457 Beblatha.
3686 3381 3811 3441 Pcr-

2220 3474 2508 3543 ettssitque
2555 3488 2650 3528 eos
2677 3487 2769 3527 rex
2792 3474 3110 3545 Babylonis;
3142 3483 3198 3529 et
3225 3474 3496 3528 interfecit
3534 3474 3588 3533 iu
3627 3472 3812 3531 Rebla-

2234 3566 2328 3639 tba
2367 3566 2421 3645 in
2454 3571 2597 3629 terra
2648 3565 2836 3631 Etuatb
2865 3580 2879 3627 :
2905 3566 3035 3642 quia
3061 3566 3313 3641 antiquus
3354 3565 3525 3648 hostis
3558 3584 3682 3627 cum
3728 3582 3812 3639 per

2233 3663 2528 3736 nequitiam
2559 3676 2713 3721 suam
2742 3661 2902 3717 talem
2925 3660 3163 3733 praedam
3205 3659 3274 3715 ab
3318 3658 3544 3723 ecclesia
3584 3657 3811 3714 evellcns

2235 3755 2397 3829 tollit,
2447 3756 2550 3825 hoc
2585 3755 2694 3815 voti
2744 3755 2931 3823 ambit,
2960 3753 3064 3811 boc
3092 3761 3205 3813 toto
3227 3752 3405 3827 studio
3453 3752 3586 3827 agit,
3645 3761 3705 3807 ut
3755 3750 3812 3806 ad

2234 3857 2507 3919 perpetua:
2542 3847 2737 3906 mortis
2755 3844 3182 3907 interfectionem
3208 3859 3302 3901 eos
3338 3844 3619 3913 perducat.
3674 3843 3814 3911 Quos

2233 3941 2469 4017 percutit
2514 3956 2610 3997 rex
2639 3939 2970 3999 confusionis
2995 3940 3053 3997 in
3101 3937 3364 3997 Beblatha
3398 3954 3419 3997 ;
3453 3936 3557 4003 hoc
3607 3943 3716 4003 est,
3765 3936 3810 3990 in

2233 4032 2555 4099 mulitudine
2610 4031 2874 4089 scelerum
2924 4039 2979 4087 et
3026 4043 3210 4089 amore
3260 4025 3614 4099 voluptatum.
3663 4024 3810 4083 Unde

2236 4127 2518 4197 Scriptura
2540 4126 2669 4182 dicit
2697 4143 2712 4183 :
2738 4143 2759 4178 ι
2787 4125 2922 4185 Lata
2950 4132 3005 4179 et
3029 4122 3267 4196 spatiosa
3291 4132 3376 4177 est
3398 4122 3504 4188 via,
3532 4135 3653 4193 quae
3673 4119 3814 4175 ducit

2236 4221 2303 4277 ad
2330 4228 2578 4285 mortem,
2619 4227 2676 4281 et
2713 4217 2868 4283 multi
2908 4224 3057 4284 sunt,
3108 4215 3200 4286 qui
3227 4215 3432 4271 intrant
3474 4228 3572 4285 per
3613 4227 3758 4269 eam.
3794 4231 3809 4262 ι

2235 4314 2304 4375 Ει
2354 4311 2645 4371 translatus
2674 4317 2758 4365 est
2787 4308 2927 4371 Juda
2956 4310 3024 4365 de
3073 4316 3218 4364 terra
3244 4322 3343 4362 sua
3367 4324 3381 4361 :
3410 4320 3535 4361 cum
3582 4304 3682 4369 illi,
3730 4302 3813 4374 qui

2234 4405 2633 4471 confessionem
2691 4404 2927 4469 nominis
2972 4402 3067 4471 Dei
3112 4402 3171 4456 in
3212 4398 3445 4457 ecclesia
3494 4397 3816 4461 videbantur

2237 4499 2440 4561 habere
2479 4511 2577 4568 per
2604 4495 2808 4555 scelera
2846 4502 2902 4553 et
2944 4501 3169 4565 peccata
3215 4491 3553 4565 multiplicia,
3580 4489 3649 4561 de
3676 4500 3814 4545 terra

556 4592 576 4629 ι
613 4552 754 4631 tatis.
773 4552 1113 4639 'l‘ulitautem
1250 4576 1606 4639 Nabuzardan
1628 4584 1884 4651 magister
1908 4580 2129 4648 militiai.
2158 4552 2212 4615 Β
2518 4552 2780 4649 translati
2817 4552 2875 4643 in
2910 4552 3137 4658 regnum
3168 4552 3500 4651 confusionis
3528 4552 3583 4638 et
3602 4556 3815 4640 erroris

554 4686 572 4718 ι
605 4675 660 4725 et
699 4667 886 4729 eduxit
901 4683 1000 4729 eos
1028 4668 1097 4725 ad
1118 4684 1294 4739 regem
1334 4670 1623 4742 Babylonis
1660 4671 1716 4727 in
1740 4670 2022 4731 llebiatha.
2066 4673 2134 4729 Et

552 4777 570 4819 ι
602 4760 869 4829 percussit
897 4775 990 4817 eos
1021 4776 1114 4816 rex
1152 4760 1478 4832 Babylonis,
1516 4770 1572 4819 et
1618 4760 1890 4818 interfecit
1940 4778 2034 4821 eos
2074 4763 2129 4819 in

553 4870 572 4909 ι
608 4852 871 4913 Beblatba
892 4853 953 4913 in
972 4863 1120 4911 terra
1143 4853 1357 4921 Etnatb,
1385 4863 1440 4911 et
1464 4854 1754 4915 translatus
1791 4865 1874 4917 est
1895 4854 2038 4917 Iuda
2060 4858 2127 4914 de

554 4962 574 4995 ι
611 4953 755 5001 terra
806 4960 925 5007 sua.
954 4964 977 5005 ι
1007 4944 1126 5006 Bion
1173 4946 1345 5003 solum
1382 4946 1526 5005 enim
1571 4946 1880 5016 populares,
1927 4948 2021 5009 sed
2072 4957 2129 5005 et

546 5034 732 5100 fortes,
761 5045 817 5092 et
840 5036 1111 5110 principes
1144 5037 1198 5093 in
1228 5023 1469 5093 Ecclesia
1501 5037 1747 5095 diabolus
1772 5039 2043 5110 decipere,
2072 5047 2127 5095 et

548 5127 782 5195 peccatis
808 5128 1082 5196 captivare
1101 5129 1319 5199 satagit.
1353 5127 1504 5183 Unde
1542 5129 1608 5185 de
1634 5130 1756 5199 ipso
1785 5129 1838 5187 in
1867 5128 1968 5189 Job
1987 5134 2126 5189 seri-

548 5227 698 5290 ptum
715 5227 836 5281 cst:
866 5238 888 5272 .c
920 5220 1277 5283 Escaieorum
1291 5221 1475 5277 electa
1503 5230 1629 5278 sunt
1653 5221 1792 5292 (Job.
1810 5224 1957 5294 ω.»
1987 5223 2131 5281 Tulit

551 5327 764 5382 quoque
810 5312 1043 5381 Saraim,
1094 5316 1187 5384 qui
1239 5315 1633 5385 interpretatur
1672 5315 1906 5381 vinctus.
1950 5331 2132 5373 sacer-

554 5408 733 5465 dotem
782 5408 1017 5478 primurn
1048 5426 1063 5463 :
1094 5424 1221 5466 eum
1278 5409 1512 5479 primmn
1560 5409 1820 5466 Ecclesia:
1863 5410 2127 5477 ordinem,

551 5499 719 5570 quiin
744 5500 1010 5570 episcopis
1036 5510 1138 5565 est,
1166 5517 1351 5558 amore
1369 5502 1657 5573 voluptatis
1705 5512 1934 5560 terrenae
1968 5514 2023 5559 et
2046 5504 2127 5558 viv

553 5595 750 5648 tiorum
791 5602 981 5648 catena
1019 5595 1358 5666 constringit.
1392 5581 1538 5652 Tulit
1561 5612 1774 5668 quoque
1799 5597 2049 5653 similiter
2076 5606 2133 5653 et

448 5747 456 5756 ,
552 5684 906 5757 Sophoniam,
936 5683 1030 5755 qui
1053 5684 1441 5756 interpretatur
1483 5687 1848 5753 absconditus,
1880 5686 2130 5742 sacerdo-

550 5788 659 5843 lem
684 5779 999 5851 secundum,
1046 5794 1177 5839 cum
1206 5780 1430 5839 secundi
1448 5780 1657 5843 ordinis
1688 5780 1855 5848 viros,
1895 5781 2002 5841 hoc
2024 5788 2131 5853 est,

2233 4681 2621 4739 abducuntur:
2658 4679 2761 4737 sub
2803 4692 2911 4749 quo
2960 4675 3187 4749 imperio
3224 4673 3531 4749 quicunque
3573 4673 3816 4745 nequiter

2195 4770 2531 4831 'servientes
2586 4768 3086 4842 perseveraverint,
3136 4783 3239 4822 nec
3310 4766 3664 4823 merebuntur
3726 4779 3815 4836 per

2228 4865 2414 4922 Jesum
2440 4864 2693 4923 ducatum
2721 4860 2936 4930 regredi
2959 4861 3013 4917 in
3033 4868 3237 4919 terram
3266 4856 3425 4920 Juda,
3453 4856 3815 4928 templumque

2230 4958 2441 5015 Domini
2467 4955 2667 5011 ibidem
2697 4952 3062 5010 retedilicare;
3103 4950 3158 5005 bi
3184 4958 3309 5020 post
3341 4963 3636 5005 au'utnnam
3680 4962 3814 5020 pra‘.

2231 5051 2401 5108 sentis
2431 5050 2554 5106 vitae
2582 5047 2863 5107 tradentur
2900 5045 2955 5100 in
3005 5057 3279 5101 carcerem
3309 5041 3502 5097 mortis
3524 5049 3809 5113 pet-petum,

2234 5141 2323 5198 ubi
2353 5139 2552 5197 vermis
2574 5152 2763 5197 eorum
2784 5151 3059 5207 nunquam
3072 5133 3353 5197 morietur,
3377 5142 3433 5191 et
3463 5132 3603 5204 ignis
3628 5144 3810 5189 eorum

2234 5249 2345 5290 non
2395 5232 2790 5302 exstinguetur,
2847 5226 3263 5300 implebiturque
3312 5226 3367 5289 in
3400 5224 3481 5284 eis
3528 5224 3622 5287 illa
3676 5221 3811 5279 beati

2234 5323 2387 5381 Petri
2436 5322 2725 5385 sententia,
2774 5333 2898 5379 cum
2945 5317 3119 5373 dicit:
3152 5336 3172 5371 ι
3202 5315 3397 5375 Melius
3450 5314 3650 5386 quippe
3705 5319 3814 5369 erat

2234 5430 2341 5471 non
2364 5426 2695 5484 cognoscere
2714 5411 2857 5469 viam
2874 5407 3124 5478 iustitiae,
3145 5422 3309 5477 quam
3338 5414 3463 5467 post
3488 5405 3810 5477 agnitionem

2229 5504 2349 5575 eius
2390 5511 2688 5560 retrorsum
2732 5499 2973 5555 converti
3023 5495 3109 5569 (II
3163 5493 3283 5565 Pet.
3339 5495 3400 5569 ιι)
3451 5497 3519 5554 ab
3562 5511 3630 5552 eo
3677 5492 3810 5566 quod

2230 5592 2336 5654 illis
2384 5592 2638 5648 traditum
2685 5599 2769 5646 est
2807 5597 2997 5646 sancto
3045 5588 3335 5657 mandato,
3402 5608 3421 5643 ι
3475 5587 3600 5659 quia
3651 5595 3814 5642 attes-

2226 5692 2382 5740 tante
2416 5680 2698 5738 Veritate:
2749 5698 2766 5732 ι
2804 5679 3007 5737 Servus
3053 5678 3145 5750 qui
3196 5679 3303 5736 scit
3339 5678 3669 5743 voluntatem
3716 5674 3812 5729 Do-

2228 5777 2365 5841 mini
2390 5775 2495 5845 sui,
2521 5784 2577 5834 et
2600 5789 2709 5835 non
2727 5773 2876 5843 facit,
2925 5773 3201 5857 vapulabit
3228 5772 3416 5841 multis
3447 5790 3463 5829 :
3494 5769 3592 5851 qui
3633 5776 3813 5837 autem
