4044 6326
323 394 452 450 “81

1166 385 1528 445 EXPOSITIO
1564 385 1789 444 SUPER
1829 381 2191 441 JEREMIAM.
2219 413 2290 425 --
2327 381 2454 438 LIB.
2496 382 2676 438 XVIII.

3448 385 3583 440 “89.

324 510 514 572 nescit,
557 513 613 560 et
656 520 763 560 non
805 505 956 569 facit,
985 502 1258 574 vapulabit
1297 502 1483 571 paucis
1525 500 1679 570 (Luc.
1722 498 1841 569 xu).
1885 517 1902 547 ›
1936 500 1988 559 Α
2013 496 2101 564 qui
2129 510 2222 548 eos
2245 493 2446 547 lumine
2473 491 2712 547 scientia:
2737 490 2995 560 privatos,
3029 492 3429 550 inconfuaionis
3464 509 3584 563 per—

401 619 418 650 c
453 601 555 654 Iste
593 607 675 653 est
708 598 953 668 populus,
982 611 1141 664 quem
1173 594 1449 648 transtulit
1477 592 1902 647 Nabuchodono-

331 711 349 744 ι
393 708 483 747 sor
507 693 558 746 in
583 706 723 744 anno
767 690 1016 758 septimo,
1052 687 1264 741 Jndaaos
1290 687 1391 739 tria
1431 685 1596 738 millia
1624 693 1681 738 et
1715 684 1903 753 viginti

332 801 350 833 ε
390 791 517 837 tres.
583 781 643 835 In
704 795 849 833 anno
889 787 1094 832 «octavo
1158 777 1368 831 decimo
1409 775 1908 830 Nabuchodonosor

333 893 349 926 ι
397 873 667 928 transtulit
690 873 758 927 de
793 869 1128 924 Hierusalem
1169 869 1380 922 animas
1424 869 1763 936 octingentas
1809 866 1906 920 tri-

334 985 352 1018 ι
385 969 530 1039 ginta
556 969 706 1021 duas.
745 966 803 1020 In
847 979 988 1018 anno
1021 964 1438 1018 vieesimotertio
1475 963 1903 1017 Nabuchodono-

335 1078 352 1109 ‹
399 1075 509 1125 sor,
555 1058 828 1112 transtulit
873 1056 1228 1109 Nabuzardan
1265 1056 1521 1124 magister
1560 1055 1780 1119 militiae,
1815 1054 1907 1108 .Iu-

335 1166 351 1198 ι
388 1149 626 1202 timorum
649 1149 855 1201 animas
878 1147 1242 1215 septingentas
1263 1147 1615 1217 quadraginta
1647 1149 1902 1216 quinque.

333 1257 350 1289 ‹
381 1239 579 1293 Omnes
598 1253 728 1308 ergo
751 1238 943 1292 animae
963 1246 1194 1306 quatuor
1216 1237 1381 1290 millia
1412 1247 1700 1291 scxcentae.
1739 1259 1755 1289 ι
1788 1238 1908 1291 Tri-

326 1333 426 1385 bus
452 1331 676 1396 vicibus,
733 1339 791 1384 ut
818 1331 1095 1400 Scriptura
1132 1333 1336 1402 Regum
1379 1341 1432 1386 et
1464 1332 1907 1400 Paralipomenon

329 1429 624 1488 testantur",
674 1422 1164 1477 Nabnelmdonosor
1206 1424 1439 1476 vastavit
1489 1431 1689 1476 terram
1732 1423 1903 1476 .luda:

326 1518 428 1571 hoc
453 1526 555 1582 est,
589 1518 762 1586 primo
785 1532 903 1571 cum
953 1517 1216 1581 .loachim,
1248 1519 1336 1586 qni
1365 1526 1416 1570 et
1445 1517 1701 1570 Eliachim
1740 1517 1910 1570 nomi-

328 1617 482 1663 natus
511 1615 611 1673 est,
643 1609 806 1662 tilium
829 1608 987 1662 Josize
1014 1610 1154 1679 regis
1175 1609 1310 1662 .luda
1358 1617 1667 1677 superatum
1692 1617 1754 1662 et
1795 1608 1911 1661 vin-

328 1708 470 1754 ctum
513 1702 718 1755 catenis
761 1702 912 1755 duxit
939 1701 990 1754 in
1025 1701 1369 1771 Babylonem,
1396 1715 1518 1754 cum
1546 1701 1694 1753 vasis
1720 1701 1910 1754 donms

328 1793 564 1857 Domini,
587 1808 705 1862 quae
735 1794 912 1862 posuit
935 1794 1199 1863 intemplo
1226 1809 1342 1847 suo.
1369 1792 1618 1846 Secundo
1642 1809 1764 1847 cum
1791 1792 1911 1845 Joa-

2005 593 2176 654 petuae
2223 583 2612 652 captivitatem,
2645 582 2690 635 si
2719 595 2777 634 se
2809 588 2936 636 ante
2971 596 3078 635 non
3107 585 3468 649 correxerint,
3498 598 3584 638 nec

2006 691 2110 746 que
2163 673 2482 742 semetipsos
2531 687 2629 741 per
2670 672 3046 740 paenitentiam
3090 671 3456 739 liberaverint,
3486 672 3582 726 ab-

2007 774 2167 828 ducet
2209 771 2524 840 redigetque
2572 769 2626 822 in
2669 783 2943 823 carcerem
2991 767 3208 832 inferni,
3238 769 3329 823 ubi
3365 768 3585 824 aeternis

2006 863 2256 918 claustris
2285 860 2522 914 damnati
2547 868 2766 929 gemunt
2800 859 2852 912 in
2891 869 3225 928 perpetuum.

2081 971 2102 1002 t
2138 953 2202 1006 Et
2233 951 2434 1004 factum
2465 959 2549 1004 est
2581 949 2635 1002 in
2669 949 2940 1002 tricesimo
2964 949 3194 1017 septimo
3233 961 3376 1002 anno
3405 954 3584 1001 trans-

2013 1065 2031 1096 ε
2067 1045 2403 1115 migrationis
2429 1042 2673 1097 Joachim
2705 1042 2845 1111 regis
2872 1039 3022 1095 Judze
3046 1042 3361 1111 duodecimo
3377 1054 3582 1104 mense,

2014 1156 2032 1187 ε
2069 1136 2324 1190 vicesima
2348 1136 2538 1204 quinta
2558 1134 2647 1190 die
2674 1133 2896 1197 mensis,
2921 1133 3152 1186 elevavit
3179 1131 3584 1186 Evihnerodach

2016 1247 2034 1278 ι
2064 1243 2166 1281 rex
2199 1226 2485 1296 Babylonis
2529 1225 2646 1294 ipso
2671 1241 2813 1276 anno
2841 1223 2992 1292 regni
3041 1223 3120 1277 sui
3144 1231 3306 1292 caput
3344 1221 3584 1278 .Ioachim

2015 1336 2033 1368 ί
2065 1317 2204 1386 regis
2243 1316 2411 1378 Judze,
2453 1321 2509 1369 et
2548 1315 2876 1373 eduxiteum
2921 1315 2985 1368 de
3021 1314 3178 1366 domo
3225 1313 3479 1377 careeris,
3535 1317 3588 1364 et.

2017 1428 2033 1460 ι
2072 1409 2281 1462 locutus
2319 1416 2400 1461 est
2426 1423 2547 1461 cum
2583 1423 2648 1461 eo
2676 1407 2840 1470 bona,
2878 1411 2932 1460 et
2974 1406 3150 1474 posuit
3179 1406 3431 1460 thronum
3474 1406 3589 1474 ejus

2017 1521 2034 1553 ι
2068 1515 2229 1570 super
2257 1503 2475 1555 thronos
2510 1517 2719 1571 regum,
2769 1500 2861 1569 qni
2887 1508 3039 1554 erant
3068 1507 3186 1568 post
3222 1512 3279 1552 sc
3321 1499 3374 1552 in
3420 1498 3592 1568 Baby-

2017 1615 2034 1647 ι
2071 1597 2214 1658 Ione,
2235 1603 2285 1648 et
2315 1596 2544 1649 mutavit
2572 1595 2892 1648 vestimenta
2914 1593 3148 1647 carceris
3173 1590 3306 1659 ejus,
3335 1599 3387 1645 et
3410 1603 3591 1645 corneo

2017 1709 2035 1740 ι
2066 1689 2224 1743 debat
2249 1704 2440 1758 panem
2467 1703 2651 1742 coram
2682 1703 2746 1742 eo
2770 1701 2984 1756 semper
3018 1685 3229 1739 cunctis
3253 1683 3442 1737 diebus
3469 1682 3594 1737 vita:

2020 1800 2036 1830 ι
2077 1795 2206 1844 suae,
2235 1787 2289 1834 et
2328 1780 2532 1833 cibaria
2576 1780 2693 1848 ejus
2718 1780 2920 1833 cibaria
2954 1760 3212 1848 perpetua
3240 1777 3506 1831 dabantur
3543 1775 3594 1828 ei

329 1885 470 1938 chim
525 1892 879 1953 cognomento
907 1881 1219 1937 Jechouiam
1251 1884 1420 1937 filium
1463 1883 1576 1951 ejus
1604 1883 1763 1936 simul
1790 1899 1908 1937 cum

2023 1891 2040 1923 ι
2081 1888 2108 1925 a
2142 1887 2267 1944 rege
2297 1872 2605 1942 Babylonis,
2649 1878 2849 1926 statuta
2878 1886 2975 1939 per
3017 1870 3256 1940 singulos
3280 1868 3396 1922 dies
3429 1882 3596 1937 usque

331 1983 520 2039 matre,
568 1983 622 2028 et
666 1975 927 2028 eunuchis
977 1973 1340 2058 principibus.
1361 1983 1521 2044 atque
1556 1974 1728 2028 servis
1769 1973 1906 2042 ejus,

331 2065 605 2120 transtulit
642 2066 695 2119 in
728 2066 1071 2137 Babylonem,
1113 2065 1401 2134 asportatis
1442 2065 1597 2118 simul
1635 2065 1912 2134 pretiosis-

333 2155 483 2210 simis
518 2157 661 2211 vasis
687 2157 879 2210 domus
909 2157 1140 2211 Domini.
1199 2155 1380 2212 Tertio
1428 2173 1547 2210 cum
1591 2157 1910 2211 Sedechiam

329 2249 488 2318 cepit,
539 2249 814 2318 oculisque
863 2251 1108 2320 privavit,
1151 2249 1285 2303 filios
1339 2249 1454 2321 cjns
1504 2249 1794 2313 interfecit,
1849 2263 1912 2302 ac

329 2339 579 2397 meliores
622 2356 864 2410 quosque
910 2342 1126 2405 occidit,
1169 2357 1269 2394 nec
1323 2349 1407 2395 est
1433 2343 1691 2394 misertus
1734 2341 1910 2394 adole—

327 2431 526 2485 scentis
564 2440 616 2486 et
641 2432 882 2501 virginis,
907 2433 1052 2486 senis
1077 2438 1130 2486 et
1157 2431 1437 2502 decrepiti,
1469 2442 1524 2487 et
1543 2431 1783 2486 incendit
1812 2432 1909 2485 do-

331 2537 478 2576 mum
527 2523 760 2587 Domini,
803 2541 1094 2595 murosque
1139 2525 1476 2580 Hierusalem
1525 2524 1789 2579 destruxit
1818 2541 1829 2576 :
1857 2531 1910 2577 et

330 2615 590 2684 quidquid
637 2618 930 2686 pretiosum
977 2619 1150 2673 fuerat
1194 2614 1480 2672 demolitus
1529 2625 1631 2671 est.
1685 2616 1742 2671 Si
1789 2618 1911 2686 quis

333 2715 511 2762 autem
537 2710 772 2765 evaserit
803 2710 1034 2781 gladium
1059 2711 1256 2766 ductus
1292 2718 1373 2766 est
1401 2710 1450 2765 in
1475 2709 1820 2782 Babylonem,
1858 2716 1912 2786 et

331 2801 551 2855 servivit
581 2803 690 2871 regi
711 2809 766 2857 et
791 2803 914 2858 ﬁliis
943 2802 1075 2871 ejus.
1106 2803 1257 2858 Unde
1275 2801 1708 2870 Ieremiasjnxta
1729 2813 1909 2856 terna-

332 2890 472 2943 rium
513 2905 797 2948 numerum
835 2903 1116 2949 enumerat
1153 2894 1560 2949 translationem
1600 2893 1906 2949 Iudaeorum

331 2981 397 3034 de
445 2989 590 3036 terra
626 2999 743 3038 sua.
784 2983 966 3039 Primo
995 2985 1094 3039 tria
1133 2985 1299 3039 millia
1346 2995 1400 3038 et
1434 2985 1619 3055 viginti
1646 2993 1776 3039 tres.
1812 2984 1908 3039 Se-

330 3071 504 3125 cundo
535 3075 1130 3145 octingentasotriginta
1179 3076 1332 3130 duas.
1383 3075 1569 3130 Tertio
1601 3076 1907 3146 septingen-

329 3173 410 3219 tas
426 3167 777 3238 quadraginta
799 3168 1054 3236 quinque.
1083 3168 1358 3222 Summam
1384 3183 1568 3222 eorum
1591 3175 1908 3237 computans

2023 1985 2042 2018 ‹
2073 1968 2148 2046 ad
2178 1967 2318 2020 diem
2367 1966 2556 2019 mortis
2608 1979 2740 2027 suae,
2784 1964 2995 2018 eunetis
3030 1963 3221 2017 diebus
3246 1962 3369 2014 vita:
3396 1974 3524 2013 suae.
3570 1977 3588 2010 ι

2016 2059 2166 2126 Quod
2227 2057 2636 2112 Evilmerodach
2696 2071 2864 2125 nepos
2928 2053 3423 2110 Nabuchodonosor
3501 2066 3598 2104 rex

2014 2151 2302 2222 Babylonis
2335 2159 2492 2220 caput
2522 2148 2764 2203 Joaehim
2793 2149 2932 2216 regis
2958 2146 3092 2201 Iuda
3111 2146 3363 2209 elevavit,
3389 2152 3443 2198 et
3465 2144 3598 2198 edn-

2015 2242 2095 2295 xit
2128 2255 2249 2294 eum
2291 2239 2358 2293 de
2402 2240 2561 2293 domo
2589 2238 2827 2292 carceris
2855 2237 3255 2304 honoribusque
3280 2243 3443 2303 atque
3476 2231 3594 2300 opi-

2013 2333 2114 2386 bus
2159 2331 2488 2395 sublimat-it,
2522 2330 2652 2400 quid
2705 2328 3023 2398 spiritaliter
3053 2326 3322 2397 significet
3367 2340 3474 2379 non
3516 2323 3598 2377 in-

2013 2421 2170 2474 venio
2209 2437 2221 2474 :
2253 2420 2354 2474 nisi
2382 2420 2523 2489 quod
2583 2419 2739 2474 nobis
2771 2417 3071 2472 manifestis
3106 2416 3323 2471 indiciis
3375 2416 3596 2474 demon-

2015 2517 2149 2566 strat
2198 2518 2473 2579 potentem
2523 2524 2642 2564 esse
2690 2510 3050 2573 divinitatem,
3083 2508 3222 2562 sicut
3277 2521 3375 2577 per
3406 2506 3598 2570 bonos,

2015 2603 2086 2656 ita
2113 2603 2276 2656 etiam
2315 2617 2414 2670 per
2437 2601 2606 2656 malos
2637 2616 2734 2654 sua
2763 2615 3020 2672 eyercere
3039 2601 3264 2670 judicia.
3297 2597 3430 2652 Nam
3461 2598 3600 2652 sicut

2014 2694 2330 2748 Sedeehiam
2372 2694 2821 2764 incorrigihilem,
2874 2702 2929 2746 et
2975 2692 3306 2761 propheticis
3356 2689 3600 2744 admoni-

2013 2787 2248 2842 tionibus
2288 2787 2686 2842 inohedicntem
2746 2800 2844 2856 per
2891 2783 3387 2838 Nabuchodonosor
3443 2779 3600 2835 catei-

2012 2888 2122 2934 tate
2145 2888 2198 2934 et
2221 2881 2537 2949 captivitate
2559 2879 2837 2933 damnavit
2860 2888 3122 2949 perpetua
3163 2892 3180 2932 -:
3223 2877 3298 2930 ita
3329 2889 3427 2946 per
3455 2871 3600 2928 Evi‘.~

2010 2972 2302 3025 merodach
2341 2970 2584 3025 Joachim
2614 2986 2816 3040 regem,
2842 2970 2967 3024 licet
2993 2979 3246 3040 peccator
3266 2968 3450 3031 fuerit,
3481 2973 3599 3018 tan-

2010 3076 2172 3130 quam
2201 3063 2380 3132 populi
2408 3062 2488 3116 sui
2534 3061 2694 3116 saluti
2725 3071 2779 3115 et
2811 3063 3096 3116 salvaﬁoni
3131 3061 3375 3114 civitatis
3399 3072 3596 3113 consu-

2010 3153 2148 3219 lens,
2172 3154 2518 3224 semetipsum
2541 3169 2604 3207 ac
2625 3162 2852 3208 matrem
2873 3169 3023 3207 suam
3045 3152 3266 3206 tradidit
3289 3151 3398 3221 regi
3415 3149 3596 3219 Baby-

329 3255 458 3310 dicit
503 3249 620 3312 esse
652 3259 858 3312 animas
905 3269 1139 3329 quatuor
1179 3259 1344 3313 millia
1397 3267 1702 3314 sexcentas.
1753 3257 1906 3325 Quod

2013 3246 2148 3301 Ionis
2187 3245 2580 3307 abducendum,
2636 3253 2760 3315 post
2799 3246 3194 3315 correptionem
3236 3242 3352 3311 ejus
3391 3240 3601 3296 miseri-

329 3343 456 3399 licet
504 3346 856 3402 historialiter
882 3358 1104 3421 propter
1127 3360 1351 3422 peccata
1378 3353 1562 3422 populi
1599 3353 1671 3406 ita
1706 3349 1906 3407 factum

330 3435 492 3489 fuerit
520 3455 532 3489 :
560 3447 736 3492 tamen
784 3441 1097 3509 spiritaliter
1123 3443 1318 3508 innuit,
1364 3446 1506 3514 quod
1563 3453 1771 3511 omnes,
1817 3445 1907 3513 qui

331 3534 535 3580 sanctae
548 3527 826 3584 Trinitatis
846 3531 1002 3586 fidem
1029 3549 1128 3603 per
1149 3549 1388 3589 errorem
1415 3537 1676 3606 potluunt,
1696 3551 1756 3589 ac
1782 3551 1909 3605 qna-

332 3624 456 3669 tuor
484 3618 876 3686 evangeliorum
919 3621 1217 3676 doctrinam
1263 3639 1478 3678 servare
1526 3640 1630 3678 non
1677 3639 1904 3679 consen-

332 3707 515 3773 tiunt,
573 3709 1062 3781 perfeotionemque
1113 3716 1373 3770 bonorum
1429 3733 1652 3786 operum
1705 3719 1908 3773 habere

332 3799 653 3870 despiciunt,
706 3806 926 3860 olmoxii
960 3819 1085 3862 sunt
1143 3811 1391 3866 servituti
1435 3813 1576 3882 regis
1603 3811 1904 3883 Babylonis,

2009 3337 2205 3391 cordia:
2245 3336 2439 3390 intuitu
2480 3338 2748 3406 respexit,
2790 3345 2955 3407 atque
2985 3337 3051 3391 de
3105 3335 3284 3405 pretiis
3338 3334 3599 3397 liberans,

2011 3427 2176 3496 quieti
2219 3443 2283 3481 ac
2326 3428 2516 3481 honori
2543 3429 2801 3482 restituit.
2842 3427 3027 3482 Justus
3070 3429 3212 3481 enirn
3235 3435 3322 3480 est
3341 3424 3599 3478 Dominus

2010 3518 2063 3572 in
2087 3520 2336 3573 omnibus
2363 3522 2468 3574 viis
2518 3522 2652 3584 suis,
2699 3530 2755 3574 et
2794 3530 3012 3576 sanctus
3045 3522 3097 3574 i-o
3139 3520 3392 3576 omnibus
3422 3518 3600 3586 operi-

2013 3611 2113 3664 bus
2152 3611 2282 3664 suis.
2318 3612 2463 3665 Unde
2493 3629 2613 3666 cum
2647 3611 2874 3681 flagellat
2899 3628 2995 3666 nos
3022 3626 3226 3680 aequus,
3255 3625 3378 3665 eum
3420 3617 3596 3662 autem

2013 3703 2339 3769 consolatur,
2377 3706 2686 3761 misericors
2711 3721 2831 3761 esse
2859 3706 3138 3777 probatur.

353 3939 3560 3966 ...Ἦ

1280 4046 1575 4123 LIBER
1628 4006 2096 4128 OCTAVUS
2161 4053 2638 4130 DECIMUS.

407 4259 656 4314 Ultimam
682 4240 892 4331 pactem
935 4261 1180 4320 Ieremia:
1217 4266 1515 4336 prophetae,
1563 4283 1680 4338 qua:
1731 4269 1911 4338 appel-

333 4353 474 4409 latur
518 4356 971 4425 Lamentationes,
1020 4372 1178 4432 prout
1229 4364 1488 4418 Dominus
1542 4363 1773 4435 Spiritus
1827 4366 1907 4419 sui

333 4449 527 4513 gratia,
583 4463 689 4517 quo
745 4452 858 4520 ipse
911 4453 1175 4521 propheta
1225 4453 1438 4509 locutus
1485 4465 1565 4511 est
1613 4471 1710 4510 nos
1761 4453 1912 4510 illus-

2019 4271 2374 4341 omnipotens,
2431 4273 2520 4344 qui
2556 4281 2636 4329 est
2663 4314 2676 4340 ,
2723 4281 2777 4328 et
2822 4273 2910 4342 qni
2943 4281 3076 4336 erat,
3131 4272 3303 4343 ct.qui
3338 4281 3595 4328 venturus

2017 4373 2119 4418 est.
2154 4386 2171 4417 ι
2221 4365 2329 4420 Sed
2360 4381 2532 4436 neque
2571 4369 2673 4422 hoc
2702 4366 2964 4421 silendum
3013 4366 3246 4420 arbitror
3284 4367 3424 4436 quod
3469 4367 3596 4434 ipsa:

2016 4455 2468 4526 Lamentationes,
2499 4465 2557 4523 ut
2575 4459 2767 4514 "beatus
2793 4457 3152 4530 Hieronymus
3176 4467 3425 4523 testatur,
3452 4457 3590 4528 apud

335 4543 489 4630 trareﬁ
530 4538 776 4605 voluerit,
803 4537 1123 4596 'secundum
1179 4544 1458 4599 historiam
1512 4555 1562 4600 et
1614 4547 1908 4601 secundum
1938 4572 1988 4630 Β
2016 4551 2269 4608 Πτυὺγροδ
2294 4553 2602 4623 alphabetes
2640 4561 2782 4616 sunt,
2809 4560 2862 4607 et
2892 4553 3048 4607 metri
3099 4551 3217 4622 lege
3257 4552 3588 4620 composite.

336 4629 619 4697 mysticum
665 4645 879 4686 sensum
925 4634 1240 4703 cXposituri,
1289 4638 1522 4708 primum
1575 4639 1910 4693 innotescere

334 4721 601 4788 cupimus,
650 4725 813 4791 quod,
849 4724 1003 4792 juxta
1045 4730 1303 4796 quosdam
1348 4733 1462 4800 ipsa
1486 4735 1696 4802 pars'in
1745 4751 1908 4788 unum

335 4810 527 4864 librum
559 4830 680 4867 cum
710 4825 904 4870 caetera
940 4819 1217 4888 prophetia
1263 4819 1514 4877 Jcremise
1547 4823 1907 4895 conjungitur,

335 4905 473 4973 apud
504 4907 760 4975 quosdam
787 4921 919 4963 vero
955 4914 1330 4979 sequestratim
1362 4915 1600 4983 ponitur,
1639 4926 1693 4970 et
1731 4931 1826 4988 per
1855 4932 1911 4971 se

333 4993 453 5047 libri
486 5011 679 5050 nomen
722 4997 927 5053 habere
972 5011 1259 5056 censetur:
1294 5005 1433 5066 sicut
1466 5015 1521 5061 et
1570 5006 1704 5060 liber
1744 5005 1907 5071 Rulli,

328 5087 480 5157 juxta
531 5094 812 5159 quosdam,
856 5110 976 5168 eum
1009 5094 1146 5149 libro
1183 5095 1431 5152 Judieum
1455 5097 1723 5169 jungitur,
1772 5101 1910 5168 apud

335 5181 466 5236 alios
487 5197 613 5238 vero
635 5201 878 5239 seorsum
905 5188 1143 5256 ponitur,
1178 5196 1236 5241 ut
1255 5189 1447 5258 prisca:
1474 5191 1605 5261 legis
1631 5191 1749 5246 libri
1772 5193 1910 5260 apud

336 5270 590 5329 Hzebreos
643 5279 832 5347 viginti
867 5287 1099 5348 quatuor
1136 5296 1256 5335 esse
1308 5283 1744 5339 den‘ionstrentur
1769 5301 1781 5338 :
1808 5301 1912 5354 quo

339 5359 438 5411 sub
492 5376 716 5419 numero
759 5368 947 5437 viginti
1003 5377 1232 5437 quatuor
1276 5372 1514 5426 seniores
1561 5373 1911 5445 Apocalypsis

334 5445 555 5504 Joannis
597 5452 819 5519 inducit,
847 5459 1158 5516 'adorantes
1190 5461 1419 5532 Agnum,
1451 5473 1504 5515 et
1533 5480 1760 5519 coronas
1786 5481 1912 5519 suas

333 5545 625 5608 prostratis
651 5545 889 5603 vultibus
909 5549 1197 5609 offerentes
1225 5570 1404 5609 coram
1429 5566 1670 5627 quatuor
1708 5559 1912 5613 anima-

333 5631 473 5687 libus
499 5635 726 5691 oculatis
751 5646 875 5693 ante
921 5651 973 5695 et
1011 5654 1174 5710 retro,
1209 5648 1259 5701 id
1295 5656 1397 5711 cst,
1432 5633 1482 5701 in
1507 5649 1832 5717 prmteritum
1858 5657 1912 5703 et

332 5720 388 5780 in
413 5721 652 5780 futurum
679 5733 1113 5804 respicientibus,
1145 5749 1200 5793 et
1228 5741 1494 5796 indefessa
1527 5758 1657 5796 voce
1681 5742 1913 5796 claman-

286 5820 292 5824 '
334 5814 498 5884 tibus,
547 5835 565 5869 ί
616 5817 865 5890 Sanctus,
911 5837 1148 5897 sanctus,
1196 5839 1435 5900 sanctus,
1466 5831 1737 5907 ‘Dominus
1767 5833 1912 5892 Deus

2014 4642 2341 4699 Memor-atus
2370 4661 2499 4716 ergo
2525 4648 2711 4700 doctor
2745 4653 2800 4699 et
2833 4646 3100 4714 interpres
3130 4644 3323 4697 divinic
3355 4643 3508 4710 legis,
3543 4643 3594 4694 in

2011 4736 2233 4804 epistola
2259 4736 2323 4788 ad
2364 4735 2668 4790 Marcellam
2706 4737 2777 4790 ita
2809 4736 2971 4789 refert
3002 4750 3015 4787 :
3053 4753 3070 4784 ι
3107 4735 3257 4788 Scire
3289 4733 3449 4786 debes
3470 4747 3597 4801 qua-

2012 4833 2132 4878 tuor
2146 4825 2380 4893 psalmos
2403 4827 2694 4880 secundum
2718 4828 2964 4880 ordinem
2988 4824 3337 4880 Hebraeorum
3362 4824 3593 4891 incipere

2010 4915 2419 4980 elcnientorum,
2459 4916 2796 4971 tricesimum
2827 4925 3063 4982 sextum,
3110 4916 3463 4971 centesimum
3490 4928 3590 4966 un—

2012 5007 2297 5071 decimum,
2325 5017 2377 5062 et
2402 5010 2752 5063 centesimum
2785 5018 3034 5063 octavum
3066 5009 3352 5070 decimum,
3385 5015 3438 5060 et
3471 5022 3594 5060 ccu-

2013 5097 2261 5151 tesimum
2288 5099 2755 5168 quadragesimum
2793 5106 3064 5167 quartum.
3097 5098 3373 5165 Iflebesque
3407 5111 3590 5149 verum

2011 5187 2150 5240 scire
2194 5187 2244 5240 in
2291 5189 2558 5258 prioribus
2596 5189 2817 5257 psalmis
2865 5188 3093 5258 singulis
3119 5187 3315 5242 litteris
3354 5187 3591 5255 singulos

2011 5277 2325 5341 versiculos,
2362 5277 2450 5346 qni
2477 5279 2724 5332 trimetro
2771 5279 3000 5331 iambico
3025 5292 3178 5332 versu
3205 5285 3452 5332 constant
3476 5291 3593 5330 esse

2012 5370 2296 5431 subnexus,
2339 5369 2620 5423 inferiores
2661 5384 2790 5423 vero
2828 5377 3140 5423 tetrametro
3185 5370 3414 5423 iambico
3445 5382 3596 5423 cons-

2015 5469 2152 5523 tare,
2180 5460 2336 5513 sicuti
2377 5469 2428 5513 et
2465 5461 2867 5514 Deutcronomii
2901 5463 3172 5515 canticum
3200 5463 3456 5530 scriptum
3487 5466 3589 5513 est.

2012 5549 2069 5604 In
2102 5552 2397 5605 centesimo
2432 5568 2648 5622 quoque
2672 5561 2865 5606 octavo
2889 5555 3099 5608 decimo
3127 5555 3335 5623 psalmo
3357 5551 3595 5621 singulas

2012 5644 2222 5698 litteras
2270 5645 2450 5698 octoni
2500 5659 2690 5698 versus
2737 5653 3056 5714 sequuntur,
3096 5656 3149 5700 et
3199 5645 3252 5700 in
3303 5643 3592 5699 centesimo

2013 5737 2426 5808 quadragesimo
2449 5747 2658 5806 quarto,
2695 5739 2920 5810 singulis
2946 5740 3137 5794 litteris
3162 5738 3354 5810 singuli
3401 5750 3590 5790 versus

2014 5831 2212 5903 gemini
2245 5830 2587 5902 deputantur.
2623 5830 2760 5888 Sunt
2787 5833 2881 5907 qui
2910 5841 2966 5888 et
2993 5833 3125 5890 alios
3155 5831 3473 5906 putanthoc
3506 5845 3594 5892 or-
