4044 6326
467 387 596 443 1191

1094 382 1156 435 Β.
1197 375 1450 435 MBAN]
1488 371 1706 430 MAURI
1741 366 2062 424 ARClllEP.

2166 363 2410 423 OGUNT.
2450 361 2734 420 OPERUM
2770 358 2947 416 PARS
2983 359 3070 415 lll.
3099 358 3102 360 ’

3573 353 3771 409 1192

467 523 486 555 ι
521 497 818 556 Ecclesiam
843 504 1006 550 utam.
1044 492 1567 561 i'Propter'peccata
1602 485 1782 558 populi
1816 481 2035 540 hostilis
2061 493 2113 553 Α
2209 481 2368 535 Mem.
2403 497 2422 530 ι
2457 479 2534 534 De
2560 477 2774 533 excelso
2806 474 2952 531 misit
2987 475 3162 545 ignem
3210 474 3264 527 in
3315 470 3532 527 ossibus
3561 469 3770 537 meis,

457 581 730 654 exercitus
755 582 1048 643 devastavit
1071 581 1326 652 templum
1355 579 1594 643 Domini,
1623 585 1678 632 et
1701 590 1914 630 omnem
1943 589 2040 627 or-

465 692 651 735 natum
680 679 796 748 ejus
819 675 1033 747 dejecit,
1061 673 1206 743 quod
1235 687 1335 726 nec
1367 669 1607 741 ingredi,
1639 683 1740 722 nec
1766 667 1837 721 in'
1859 664 2039 733 aliquo

465 769 778 838 contingere
803 764 1003 821 debuit.
1032 762 1248 832 Repulit
1267 762 1411 816 enim
1436 758 1692 814 Dominus
1719 757 2042 811 tabernacu-

467 860 579 915 lum
601 873 776 923 suum,
808 857 861 910 in
884 869 991 926 quo
1009 853 1272 909 habitavit
1291 852 1431 907 inter
1455 851 1724 914 homines,
1745 856 1801 904 et
1822 845 2042 900 tradidit

468 951 521 1007 in
551 950 912 1020 captivitatem
940 947 1166 1001 virtutes
1192 958 1398 1009 eorum,
1427 950 1481 997 et
1499 938 1926 1013 pulchritudines
1947 951 2040 992 eo-

472 1057 594 1098 rum
619 1042 674 1096 in
699 1055 888 1096 manus
914 1036 1116 1093 inimici
1141 1055 1154 1091 :
1182 1044 1237 1092 et
1261 1034 1524 1092 conclusit
1564 1033 1621 1088 in
1662 1031 1839 1103 gladio
1883 1043 2044 1100 popu-

471 1131 584 1186 lum
607 1145 794 1196 suum,
819 1138 874 1184 et
904 1127 1274 1184 haereditatem
1307 1140 1459 1182 suam
1482 1123 1703 1196 sprevit.
1734 1121 1841 1179 Sed
1862 1129 1918 1176 et
1947 1133 2047 1175 nos

475 1221 522 1276 si
575 1236 679 1276 non
728 1219 1195 1275 observaverimus
1243 1216 1531 1296 diligenter
1579 1214 1813 1272 claustra
1870 1210 2048 1266 cordis

475 1309 668 1373 nostri,
693 1316 748 1363 et
773 1324 870 1380 per
891 1309 1122 1379 aliquem
1152 1322 1407 1364 sensuum
1433 1312 1740 1361 nostrorum
1765 1302 1934 1357 hostis
1953 1317 2049 1355 an-

478 1394 657 1469 tiquus
683 1408 951 1470 patentem
979 1398 1246 1454 invenerit
1284 1397 1563 1451 introitum
1583 1435 1598 1459 ,
1627 1393 1926 1465 ingreditur
1953 1406 2049 1461 per

475 1491 842 1562 suggestiones
888 1503 1084 1559 pravas
1140 1495 1197 1542 et
1233 1486 1448 1541 illicitas
1492 1480 1956 1552 concupiscentias
1995 1480 2050 1533 in

474 1580 772 1636 sacrarium
817 1579 1011 1634 anima:
1052 1585 1281 1644 nostrae,
1310 1576 1403 1631 ubi
1437 1582 1623 1629 sancta
1647 1571 1905 1627 ‘Trinitas
1956 1585 2058 1640 per

477 1670 637 1726 ﬁdem
657 1685 840 1725 veram
865 1669 1114 1724 habitare
1141 1665 1451 1730 consuevit,
1479 1673 1534 1719 et
1562 1661 1757 1732 spoliat
1791 1659 1920 1714 illud
1958 1661 2056 1713 de-

475 1777 603 1817 core
629 1761 929 1831 sapientiaa,
957 1767 1014 1815 et
1040 1766 1233 1814 ornatu
1252 1758 1533 1821 virtutum,
1560 1754 1870 1824 erimusque
1892 1751 2057 1807 mise-

479 1854 677 1909 rabiles
700 1862 754 1908 et
782 1853 928 1907 omni
958 1851 1271 1906 confusione
1291 1848 1612 1920 dignissimi.

551 1945 718 2012 Capit.
756 1962 776 1995 ι
808 1942 996 1998 Omnis
1029 1940 1257 2013 populus
1291 1941 1408 2010 ejus
1436 1955 1687 2012 gemens,
1720 1947 1775 1994 et
1811 1947 2061 2008 quaerens

498 2053 516 2084 ‹
550 2048 763 2102 panem.
791 2033 1062 2088 Dederunt
1082 2032 1317 2102 pretiosa
1347 2045 1573 2101 quaeque
1595 2044 1694 2100 pro
1720 2029 1859 2093 cibo,
1890 2027 1955 2082 ad
1983 2041 2063 2082 re-

485 2140 504 2173 ι
536 2121 875 2177 focillandam
903 2121 1157 2176 animam.
1188 2121 1320 2176 Vide
1339 2160 1353 2187 ,
1383 2119 1626 2185 Domine,
1665 2127 1722 2174 et
1755 2119 2060 2182 considera,

487 2233 506 2266 ‹
540 2214 794 2285 quoniam
833 2213 975 2269 facta
1005 2228 1123 2268 sum
1157 2212 1298 2267 vilis.
1338 2231 1356 2263 ι
1389 2211 1601 2278 Quanta
1639 2208 1780 2263 mala
1809 2217 1967 2278 passa
1993 2207 2064 2262 sit

486 2320 617 2376 gens
636 2303 962 2370 Judaeorum,
985 2303 1039 2357 in
1069 2302 1235 2368 fame,
1261 2300 1588 2371 pestilentia,
1613 2307 1667 2353 et
1693 2298 1865 2363 clade,
1894 2295 2060 2351 divini

479 2403 756 2466 exponunt
781 2393 903 2449 libri
931 2402 986 2449 et
1005 2393 1222 2463 Josephi
1247 2409 1352 2448 non
1382 2399 1524 2446 tacet
1553 2391 1798 2446 historia.
1829 2389 2061 2459 Spirita-

483 2484 608 2540 liter
634 2500 762 2542 vero
799 2499 898 2555 per
929 2498 1151 2554 panem,
1186 2481 1497 2552 jucunditas
1544 2481 1793 2536 humana:
1834 2477 2064 2532 delecta-

491 2581 653 2638 tionis
679 2579 952 2649 recipitur.
995 2574 1147 2632 Unde
1185 2583 1241 2630 et
1278 2589 1423 2628 nunc
1461 2573 1730 2643 Pmpbeta
1779 2584 1900 2625 cum
1939 2584 2065 2639 syn-

493 2687 673 2742 agogas
691 2671 930 2740 perditos
941 2683 1119 2724 mores
1135 2665 1375 2734 deﬁeret,
1401 2665 1568 2720 dixit:
1592 2682 1610 2715 ι
1631 2663 1819 2720 Omnis
1839 2660 2065 2731 populus

485 2759 601 2830 ejus
625 2778 842 2834 gemens
862 2769 919 2816 et
940 2775 1187 2832 qumrens
1208 2774 1423 2830 panem.
1447 2776 1466 2808 ι
1483 2757 1656 2812 Prava
1677 2755 1872 2825 quippe
1890 2752 2066 2808 homi-

487 2866 616 2906 num
641 2851 924 2907 multitudo
944 2850 1217 2922 aﬂligitur,
1241 2850 1366 2920 quia
1391 2863 1498 2903 non
1521 2847 1587 2902 ad
1611 2854 1818 2910 votum,
1839 2844 1905 2898 de
1928 2857 2066 2914 prae-

491 2941 660 2995 sentis
686 2941 809 2996 vitae
825 2941 1163 3011 jucunditate
1188 2941 1437 3005 satiatur,
1461 2939 1554 2993 sed
1575 2945 1629 2991 et
1656 2937 1888 3006 pretiosa
1920 2949 2067 3004 quaa-

491 3049 594 3102 que
629 3049 724 3102 pro
757 3035 878 3089 cibo
917 3035 1010 3089 dat
1039 3052 1052 3087 :
1086 3035 1213 3103 quia
1246 3033 1476 3086 virtutes
1503 3031 1700 3086 mentis
1735 3030 1790 3084 in
1825 3027 2065 3099 appetitu

486 3124 813 3177 transitoria;
839 3121 1213 3178 delectationis
1241 3121 1493 3185 inclinat,
1537 3128 1592 3174 et
1621 3117 1910 3174 refocillari
1951 3117 2066 3170 ani~

2149 589 2167 623 ι
2205 579 2261 626 et
2284 569 2516 624 erudivit
2539 584 2646 624 me.
2686 566 2955 637 Expandit
2996 574 3110 620 rete
3149 563 3372 634 pedibus
3398 562 3559 628 meis,
3590 577 3770 617 con-

2150 681 2169 713 ι
2203 663 2368 718 vertit
2395 675 2483 717 me
2511 669 2829 716 retrorsum.
2854 658 3038 713 Posuit
3065 672 3152 712 me
3179 656 3472 712 desolatam
3500 663 3624 711 tota
3657 653 3771 711 die

2153 772 2172 805 ‹
2208 767 2442 808 maerore
2474 750 2796 807 confectam.
2829 768 2848 801 ι
2880 748 3033 815 Quod
3055 748 3122 803 de
3146 747 3286 802 caelo
3309 745 3765 816 misisseiignem

2149 846 2203 900 in
2231 844 2444 901 ossibus
2473 842 2590 913 ejus
2624 842 2700 896 ait
2729 859 2742 894 :
2775 854 3067 910 supernam
3104 839 3393 893 vindictam
3436 852 3562 894 esse
3607 836 3768 893 insi-

2149 946 2298 1000 nuat,
2336 950 2456 1006 quae
2482 948 2576 990 eos
2615 932 2840 988 internis
2865 931 3155 987 cruciando
3190 930 3502 1001 castigavit,
3538 937 3763 1000 quate-

2152 1040 2254 1080 nus
2295 1021 2780 1094 agnoscerentcui
2823 1021 2989 1084 omni
3019 1025 3178 1075 modo
3217 1018 3406 1088 subjici
3449 1020 3761 1084 deberent,

2152 1125 2267 1172 rete
2292 1116 2515 1186 pedibus
2533 1115 2646 1170 suis
2667 1113 2944 1184 expandit,
2964 1113 3091 1183 quia
3112 1127 3207 1168 eos
3226 1111 3561 1189 voluptatem
3583 1129 3761 1167 suam

2153 1223 2323 1280 usque
2367 1207 2437 1264 ad
2480 1206 2641 1262 ﬁnem
2673 1207 2799 1261 vitae.
2828 1205 2982 1274 sequi
3011 1219 3118 1259 non
3149 1203 3413 1275 permisit.
3457 1203 3764 1258 Convertit

2155 1317 2249 1358 eos
2269 1307 2600 1364 retrorsum,
2630 1305 2691 1353 ut
2719 1297 2960 1352 dolorem
2985 1311 3084 1366 pro
3110 1294 3321 1350 luxuria
3352 1295 3626 1350 sentirent
3643 1334 3665 1359 ,
3703 1302 3764 1348 et

2157 1394 2380 1450 desolati
2438 1392 2733 1448 amicorum
2782 1389 3004 1455 solatio,
3055 1389 3253 1444 malum
3300 1388 3442 1459 quod
3495 1388 3767 1444 fecerant

2157 1484 2303 1541 omni
2335 1493 2576 1553 tempore
2602 1482 2727 1536 vitae
2760 1480 2904 1536 inter
2931 1480 3116 1535 hostes
3148 1478 3485 1550 plangerent.
3511 1477 3766 1549 Mystice

2159 1582 2338 1628 autem
2365 1571 2546 1626 anima
2570 1570 2809 1641 peccatis
2831 1569 3062 1626 obnoxia
3089 1569 3213 1624 dum
3235 1584 3335 1640 pro
3363 1568 3764 1638 iniquitatibus

2160 1667 2272 1722 suis
2300 1681 2332 1719 a
2367 1663 2595 1720 Domino
2619 1663 2943 1735 corripitur,
2974 1661 3019 1717 si
3049 1661 3317 1717 introrsus
3347 1661 3567 1717 rediens
3595 1659 3764 1714 salu-

2159 1759 2245 1815 bri
2277 1757 2462 1814 dolore
2504 1757 2921 1826 compungitur,
2966 1755 3285 1811 abstinendo
3328 1769 3387 1810 se
3429 1769 3461 1808 a
3501 1755 3768 1825 peccatis

2083 1860 2132 1923 Β
2160 1860 2374 1905 omnem
2403 1845 2586 1902 luxum
2610 1845 2895 1916 pristinum
2934 1843 2990 1898 in
3015 1841 3269 1914 lacrymis
3295 1843 3481 1909 vertit,
3508 1850 3564 1898 et
3597 1852 3767 1897 tanto

2161 1939 2358 1997 fortius
2397 1937 2814 2010 eonstringendo
2861 1936 3206 2006 semetipsam
3246 1935 3492 2006 plangit,
3540 1942 3768 2005 quanto

2163 2033 2338 2088 laxius
2357 2049 2470 2104 per,
2487 2031 2640 2086 varia
2668 2029 2935 2085 desideria
2963 2043 3022 2084 se
3049 2028 3252 2084 diutius
3285 2042 3501 2083 errasse
3531 2027 3763 2082 recolit.

2237 2123 2385 2178 Nun.
2448 2141 2467 2174 ‹
2520 2119 2807 2192 Evigilavit
2857 2118 3042 2191 jugum
3100 2118 3441 2187 iniquitatum
3498 2131 3760 2172 mearum

2169 2239 2188 2272 ι
2226 2221 2280 2274 in
2321 2233 2481 2273 manu
2511 2214 2650 2285 ejus,
2687 2213 2981 2270 convoluta:
3025 2219 3252 2292 suntet
3298 2210 3563 2281 imposita:
3612 2210 3762 2266 collo

2170 2332 2189 2366 ι
2229 2328 2368 2369 meo.
2402 2311 2680 2367 Inﬁrmata
2709 2317 2795 2364 est
2816 2308 2990 2362 virtus
3027 2321 3166 2372 mea,
3202 2305 3347 2360 dedit
3367 2319 3454 2360 me
3480 2304 3760 2359 Dominus

2171 2423 2188 2455 ι
2224 2404 2280 2458 in
2325 2418 2525 2459 manu.
2551 2401 2617 2457 de
2642 2415 2748 2471 qua
2778 2413 2884 2454 non
2919 2407 3106 2471 potero
3145 2410 3385 2466 surgere.
3421 2413 3440 2446 ι
3477 2394 3759 2462 Evigilare

2156 2493 2346 2564 jugum
2387 2493 2736 2562 iniquitatum
2776 2504 2997 2566 suarum
3038 2467 3093 2541 in
3133 2501 3296 2540 manu
3325 2484 3537 2539 Domini
3568 2485 3752 2539 dicit:

2165 2587 2291 2656 quia
2313 2593 2524 2654 tempus
2545 2584 2635 2639 diu
2657 2582 2849 2638 delata:
2866 2580 3115 2636 vindictae
3135 2578 3350 2633 tandem
3371 2577 3424 2632 in
3447 2592 3568 2631 eam
3591 2578 3760 2632 adve-

2164 2675 2263 2731 nit.
2290 2674 2454 2742 Quasi
2485 2673 2721 2729 dormire
2748 2671 2894 2727 enim
2927 2678 3012 2724 est
3048 2669 3102 2724 in
3128 2683 3354 2738 corpore
3379 2668 3641 2737 nequitiae
3671 2683 3757 2722 se-

2166 2784 2295 2825 cure
2322 2776 2377 2822 et
2409 2766 2669 2836 impunite
2691 2765 2970 2834 quiescere
2997 2775 3011 2815 :
3039 2765 3093 2816 et
3115 2761 3269 2832 quasi
3297 2759 3523 2828 vigilare
3545 2767 3633 2815 est
3655 2775 3755 2835 pro
3795 2812 3802 2817 .

2167 2857 2455 2913 commisso
2499 2853 2711 2925 piaculo
2754 2866 2944 2922 poenas
2989 2849 3210 2905 ultionis
3257 2847 3537 2903 Sentiendo
3582 2848 3754 2902 susti-

2167 2964 2298 3007 nere
2325 2964 2339 3003 :
2369 2947 2513 3003 unde
2537 2944 2852 3002 convolutas
2875 2949 2931 2998 et
2952 2941 3232 3012 impositas
3258 2939 3393 2994 collo
3423 2954 3521 2994 suo
3552 2937 3755 3009 iniqui-

2168 3049 2307 3096 tates
2329 3055 2456 3095 suas
2484 3037 2703 3100 asserit,
2741 3050 2840 3105 pro
2882 3048 2989 3105 quo
3013 3033 3167 3101 vigor
3190 3031 3406 3086 virtutis
3457 3027 3580 3098 ejus
3607 3028 3757 3084 defc-

2168 3132 2346 3188 ecrit:
2385 3130 2514 3200 quia
2562 3126 2834 3183 cumulum
2881 3131 3267 3195 peccatorum,
3318 3135 3438 3192 quae
3496 3119 3758 3175 diuturno

487 3227 630 3267 mam
659 3213 879 3280 nititur,
917 3214 1040 3283 quia
1076 3211 1348 3282 perversis
1399 3211 1511 3264 suis
1537 3208 1818 3264 desideriis
1849 3205 2062 3263 satisfa-

2171 3233 2412 3292 tempore
2441 3217 2608 3273 variis
2635 3214 3154 3286 transgressionibus
3184 3210 3418 3282 collegit,
3447 3209 3757 3280 opprimere

486 3318 610 3357 cere
639 3312 886 3358 conatur.
919 3303 1071 3359 Unde
1094 3302 1230 3358 bene
1250 3315 1373 3356 mox
1397 3315 1530 3356 voce
1560 3299 1704 3354 illius
1730 3299 1914 3354 electae
1934 3297 2066 3351 mul-

488 3391 730 3448 titudinis
751 3393 997 3449 subditur
1019 3412 1033 3447 :
1056 3412 1075 3444 ‹
1103 3392 1258 3460 Vide,
1273 3393 1518 3458 Domine,
1535 3401 1589 3449 et
1610 3392 1917 3455 considera,
1939 3389 2065 3460 quia

487 3482 665 3560 factus
703 3499 820 3538 sum
857 3484 997 3539 vilis.
1035 3503 1053 3534 ι
1083 3483 1217 3538 Vilis
1258 3484 1454 3554 quippe
1494 3483 1644 3554 plebs
1683 3483 1779 3537 Dei
1819 3480 2063 3544 edicitur,

487 3573 703 3642 quando
749 3589 1038 3644 pravorum
1093 3590 1318 3629 numero
1374 3582 1651 3628 crescente
1699 3574 1753 3628 in
1797 3573 1908 3638 eis,
1961 3584 2082 3635 non,

488 3678 699 3717 summa
726 3673 782 3719 et
805 3665 1065 3731 caelestia,
1102 3667 1197 3721 sed
1233 3651 1441 3734 abjecta
1471 3673 1527 3720 et
1557 3673 1772 3720 terrena
1807 3671 2066 3719 sectatur.

557 3755 777 3812 Lamed.
812 3777 830 3809 ι
857 3757 902 3814 Ο
923 3773 1018 3814 vos
1045 3774 1256 3825 omnes,
1287 3759 1380 3828 qui
1409 3757 1650 3812 transitis
1679 3771 1776 3827 per
1807 3756 1971 3820 viam,
1995 3762 2071 3808 at-

491 3867 510 3900 (
549 3849 752 3905 tendite
789 3859 844 3906 et
875 3851 1086 3916 videte,
1132 3851 1178 3905 si
1206 3859 1292 3905 est
1329 3849 1481 3905 dolor
1511 3849 1650 3904 sicut
1694 3847 1845 3904 dolor
1893 3863 2064 3902 meus.

492 3958 511 3991 ι
549 3940 816 4006 Quoniam
841 3940 1190 3995 vindemiavit
1214 3956 1318 4004 me,
1353 3948 1410 3994 ut
1444 3940 1654 3996 locutus
1689 3946 1771 3994 est
1811 3939 2071 3994 Dominus

493 4051 512 4082 ‹
549 4031 604 4084 in
633 4031 720 4086 die
748 4031 843 4086 irae
871 4031 1070 4085 furoris
1110 4030 1214 4085 sui.
1254 4049 1273 4082 ι
1307 4029 1593 4100 Proprium
1623 4038 1708 4085 est
1745 4029 1847 4083 hoc
1880 4027 2067 4083 dolen-

489 4121 618 4176 tium
641 4130 702 4175 ut
720 4121 962 4177 laborem
1000 4135 1155 4175 suum
1177 4135 1241 4175 eo
1259 4119 1518 4189 majorem
1542 4120 1751 4175 caeteris
1779 4104 2065 4184 aestiment,

486 4235 594 4288 quo
615 4219 844 4275 aliorum
862 4218 1173 4290 passionem
1201 4234 1307 4273 non
1328 4224 1659 4288 cognoscunt
1680 4234 1692 4269 :
1717 4216 1842 4286 quia
1864 4222 2067 4285 quanto

488 4312 662 4380 magis
687 4311 929 4365 dolorem
955 4326 1112 4364 suum
1153 4311 1420 4376 sentiunt,
1451 4318 1600 4364 tanto
1630 4309 1808 4363 minus
1842 4307 2068 4361 aliorum

487 4400 616 4452 huic
649 4399 924 4468 adaequari
960 4399 1320 4453 consentiunt.
1354 4399 1700 4454 Vindemiare
1729 4397 1782 4451 in
1810 4396 1897 4450 die
1927 4394 2072 4448 furo-

489 4489 566 4543 ris
597 4488 679 4542 sui
705 4488 824 4542 illos
858 4488 1134 4543 dominum
1160 4487 1289 4543 dicit
1314 4507 1328 4542 :
1353 4489 1478 4558 quia
1512 4487 1736 4559 justitiaa
1765 4501 1950 4541 norma
1989 4485 2069 4539 di-

487 4586 692 4644 ctante,
722 4579 924 4635 laboris
954 4579 1039 4634 sui
1065 4579 1425 4648 fructumjam
1454 4594 1550 4635 eos
1577 4587 1783 4634 metere
1808 4579 2065 4634 decrevit.
2094 4616 2148 4677 Β

487 4668 594 4724 Sed
618 4670 720 4726 hoc
745 4670 1197 4725 considerandum
1230 4679 1342 4736 est,
1379 4685 1546 4742 quare
1573 4686 1668 4726 eos
1701 4679 1942 4736 tantum,
1974 4669 2067 4739 qui

485 4769 768 4817 transeunt
793 4763 937 4817 viam
974 4762 1042 4816 ad
1072 4762 1440 4832 aspiciendum
1471 4763 1710 4817 dolorem
1743 4777 1899 4818 suum
1930 4762 2068 4814 invi-

483 4859 579 4905 tet.
630 4852 732 4918 Qui
781 4853 926 4907 enim
978 4861 1303 4922 praesentem
1348 4852 1515 4906 vitam
1562 4868 1670 4908 non
1722 4851 1877 4922 quasi
1922 4851 2067 4904 viam

484 4951 802 5009 transeunt,
855 4941 952 4998 sed
1000 4944 1154 5014 quasi
1197 4944 1264 4998 ad
1298 4944 1530 5014 patriam
1577 4945 1832 5009 tendunt,
1863 4942 2067 4997 luctum

483 5035 664 5089 cordis
698 5034 996 5090 electorum
1033 5036 1380 5092 considerare
1406 5037 1672 5092 nesciunt.
1709 5036 1830 5090 illos
1855 5050 1982 5104 ergo
2007 5042 2067 5088 ut

483 5124 721 5181 dolorem
769 5142 924 5182 suum
973 5129 1319 5185 considerent
1357 5129 1633 5199 exquirit,
1681 5142 1816 5196 quos
1861 5127 1918 5181 in
1965 5127 2067 5182 hoc

483 5216 685 5269 mundo
725 5219 950 5289 contigit
986 5220 1223 5274 animam
1255 5235 1358 5275 non
1391 5221 1592 5274 ﬁxisse.
1628 5218 1764 5273 Hinc
1793 5233 1892 5288 per
1916 5218 2068 5274 Salo-

485 5319 698 5359 monem
734 5307 974 5363 dicitur:
1011 5331 1029 5361 ι
1066 5310 1230 5381 Aperi
1276 5326 1340 5366 os
1384 5319 1530 5364 tuum
1576 5318 1746 5375 muto,
1787 5317 1842 5364 et
1887 5309 2066 5364 causis

485 5395 724 5451 Omnium
764 5397 997 5454 ﬁliorum
1042 5400 1136 5470 qui
1180 5408 1458 5458 transeunt
1508 5401 1690 5472 (Prov.
1726 5402 1896 5474 χχχι).
1932 5400 2067 5457 Muti

487 5486 630 5542 enim
652 5487 902 5543 dicuntur
921 5489 1012 5560 qui
1033 5491 1441 5560 praedicatorum
1464 5492 1642 5547 verbis
1663 5493 1887 5547 dicendo
1911 5493 2068 5547 mini-

489 5596 577 5636 me
619 5582 914 5648 resistunt,
956 5583 1046 5652 qui
1091 5583 1256 5638 etiam
1284 5592 1723 5652 pcrtranseuntes
1756 5592 1910 5648 sunt,
1941 5584 2066 5652 quia

491 5672 840 5730 intentionem
880 5676 1077 5732 mentis
1112 5676 1166 5732 in
1206 5689 1391 5731 amore
1434 5678 1558 5732 vita:
1594 5675 1875 5747 praesentis
1901 5676 2066 5746 ﬁgere

492 5763 861 5836 dedignantur.

2171 3329 2229 3369 se
2267 3319 2320 3367 et
2361 3309 2634 3365 inﬁrmum
2680 3307 2858 3361 facere
2905 3303 3086 3359 sentit.
3138 3300 3290 3357 Unde
3331 3300 3592 3368 scriptum
3632 3305 3752 3354 est:

2171 3403 2409 3459 Funibus
2445 3405 2790 3472 peccatorum
2823 3409 3041 3451 suorum
3084 3391 3454 3461 unusquisque
3486 3391 3755 3446 constrin-
3798 3432 3815 3448 .

2166 3481 2314 3565 "gitur
2338 3493 2355 3559 (
2381 3491 2538 3546 Prov.
2566 3491 2654 3560 v);
2680 3488 2805 3558 quia
2845 3486 3119 3541 districtus
3153 3482 3340 3552 judex,
3375 3479 3591 3536 facinus
3616 3481 3755 3551 quod

2170 3601 2268 3656 per
2293 3581 2661 3655 pcnnitentiam
2685 3595 2792 3634 non
2819 3577 3130 3648 corrigitur,
3153 3572 3383 3628 inultum
3404 3589 3525 3629 esse
3553 3588 3756 3642 nequa-

2172 3691 2333 3746 quam
2362 3674 2582 3744 patitur.
2613 3671 2690 3727 De
2719 3685 2826 3740 quo
2864 3669 3028 3724 etiam
3059 3667 3114 3721 in
3150 3665 3250 3722 Joh
3281 3664 3477 3736 legitur
3507 3682 3520 3717 :
3561 3682 3581 3714 ι
3624 3663 3753 3717 Μι-

2171 3765 2282 3820 lum
2325 3771 2606 3834 peccatum
2660 3760 2982 3831 impunitum
3029 3755 3270 3812 dimittit.
3313 3774 3334 3806 ι
3370 3753 3522 3821 Quod
3575 3762 3753 3807 autem

2171 3857 2416 3927 sequitur
2441 3873 2454 3908 :
2485 3871 2504 3905 ‹
2538 3853 2695 3908 Dedit
2721 3867 2806 3906 me
2836 3849 3095 3906 Dominus
3124 3848 3179 3902 in
3210 3863 3372 3901 manu
3410 3846 3478 3900 de
3511 3859 3620 3914 qua
3649 3860 3755 3898 non

2171 3958 2360 4022 potero
2413 3961 2665 4017 surgere,
2713 3964 2731 3996 ι
2784 3945 2887 3999 hoc
2940 3943 3052 3998 sive
3101 3939 3332 3996 validam
3387 3939 3755 4008 captivitatem

2171 4039 2576 4103 Chaldaeorum,
2617 4051 2708 4091 seu
2739 4034 3104 4090 Romanorum
3146 4031 3308 4086 nimis
3334 4027 3547 4084 Iudaeos
3569 4029 3756 4098 oppri-

2172 4139 2410 4188 mentem
2441 4129 2695 4185 ostendit.
2739 4125 3066 4197 Spiritaliter
3111 4135 3289 4179 autem
3332 4121 3563 4185 indicat,
3612 4120 3755 4190 quod

2171 4234 2414 4280 extrema
2443 4221 2608 4286 ultio,
2651 4218 2901 4274 omnibus
2931 4215 3110 4286 impiis
3137 4225 3194 4269 et
3218 4210 3595 4284 peccatoribus
3635 4210 3757 4263 inli-

2172 4318 2297 4372 nita:
2325 4311 2651 4370 calamitatis
2683 4313 2785 4375 sit,
2813 4325 2912 4366 nec
2946 4307 3234 4378 aliquando
3257 4322 3286 4361 a
3308 4302 3602 4360 cruciando
3636 4317 3757 4357 mo-

2171 4407 2326 4463 lestia
2362 4413 2536 4461 cesset
2567 4422 2581 4459 :
2614 4404 2739 4472 quia
2769 4394 2824 4456 in
2865 4400 3230 4456 exterioribus
3274 4395 3514 4452 tenebris
3552 4395 3757 4448 vermis

2173 4497 2460 4567 impiorum
2507 4509 2614 4550 non
2661 4493 2924 4556 moritur,
2953 4500 3010 4546 et
3037 4490 3176 4562 ignis
3203 4504 3309 4543 non
3339 4487 3717 4556 exstinguetur
3743 4503 3754 4539 :

2173 4590 2264 4645 ubi
2293 4589 2384 4658 qui
2414 4585 2580 4643 semel
2605 4582 2907 4656 ingreditur
2926 4581 3149 4637 ulterius
3169 4579 3280 4650 jam
3301 4578 3480 4650 egredi
3504 4593 3610 4632 non
3633 4592 3756 4647 per-

2175 4683 2424 4738 mittitur.
2452 4679 2607 4747 Quod
2635 4679 2751 4748 ipsa
2776 4675 2991 4732 Veritas
3015 4675 3068 4729 in
3099 4673 3390 4740 Evangelio
3415 4671 3650 4728 ostendit
3677 4669 3757 4723 di-

2175 4788 2306 4829 cens
2341 4787 2356 4826 :
2393 4791 2412 4824 ι
2447 4772 2576 4827 Esto
2615 4768 2960 4825 consentiens
2989 4765 3302 4822 adversario
3341 4773 3433 4820 tuo
3459 4765 3600 4826 cito,
3627 4761 3754 4815 dum

2175 4879 2234 4918 es
2262 4865 2316 4917 in
2350 4863 2437 4916 via
2467 4878 2588 4917 cum
2617 4877 2706 4926 eo,
2735 4875 2802 4914 ne
2831 4857 2970 4913 forte
2997 4859 3180 4913 tradat
3206 4867 3259 4913 te
3289 4853 3634 4911 adversarius
3673 4850 3758 4918 ju-

2175 4955 2301 5019 dici,
2323 4962 2379 5008 et
2390 4952 2554 5020 judex
2577 4952 2756 5006 tradat
2781 4958 2833 5005 te
2861 4950 3133 5015 ministro,
3159 4957 3216 5004 et
3243 4949 3294 5003 in
3326 4959 3598 5002 carcerem
3630 4945 3753 4998 mit-

2172 5045 2324 5099 taris.
2348 5044 2514 5098 Amen
2541 5043 2660 5098 dico
2681 5042 2776 5096 tibi
2800 5057 2907 5097 non
2929 5043 3078 5096 exies
3102 5041 3227 5095 inde
3248 5041 3418 5095 donec
3441 5037 3635 5093 reddas
3661 5051 3756 5090 no-

2170 5136 2450 5192 vissimum
2477 5136 2832 5204 quadrantem
2873 5131 3092 5205 (Matth.
3121 5130 3200 5203 v).
3237 5150 3256 5184 ›
3289 5125 3754 5197 Quemadmodum

2172 5242 2301 5299 ergo
2326 5227 2400 5282 ibi
2428 5226 2759 5298 intelligitur,
2789 5225 2884 5282 ubi
2915 5224 3116 5281 dictum
3144 5233 3266 5280 est:
3302 5243 3321 5275 ι
3356 5221 3584 5294 Oportet
3627 5235 3753 5276 eum

2171 5333 2431 5390 regnare,
2471 5318 2642 5373 donec
2671 5328 2838 5388 ponat
2861 5333 3048 5373 omnes
3074 5315 3325 5371 inimicos
3351 5328 3478 5369 suos
3511 5310 3610 5366 sub
3653 5322 3750 5382 pe-

2173 5411 2328 5466 dibus
2352 5410 2465 5464 suis
2503 5408 2555 5478 (I
2600 5408 2720 5462 Cor.
2769 5408 2886 5479 xv),
2929 5422 3142 5477 semper
3185 5405 3334 5460 illum
3377 5411 3748 5473 regnaturum,

2173 5498 2426 5568 quoniam
2467 5513 2677 5567 semper
2714 5495 2787 5550 illi
2818 5503 2980 5551 erunt
3019 5495 3224 5551 inimici
3254 5495 3353 5550 sub
3388 5491 3631 5563 pedibus,
3676 5491 3751 5544 ita

2172 5596 2227 5642 et
2264 5588 2350 5643 hic
2380 5588 2549 5656 accipi
2575 5595 2751 5656 potest
2775 5587 3000 5651 dictum,
3034 5607 3050 5638 ε
3073 5584 3188 5642 Non
3219 5585 3368 5640 exies
3395 5584 3541 5647 inde,
3577 5581 3749 5636 donec

2168 5675 2345 5731 solvas
2367 5675 2714 5731 novissimum
2743 5677 3123 5745 quadrantem,
3154 5694 3172 5726 ι
3198 5690 3411 5740 semper
3427 5685 3533 5725 non
3562 5669 3746 5724 exitu-

2165 5784 2286 5823 rum
2301 5783 2441 5835 esse,
2457 5767 2581 5836 quia
2599 5781 2809 5835 semper
2825 5767 2982 5821 solvit
2997 5765 3344 5822 novissimum
3367 5761 3740 5833 quadrantem,
