4044 6326
353 321 498 378 H95

1212 312 1578 372 EXPOSITIO
1616 311 1842 368 SUPER
1879 311 2243 368 JEREMIAM.
2282 344 2352 354 —
2389 313 2517 370 LIB.
2550 313 2736 372 XVIII.

3459 317 3602 378 ιιυι

347 436 478 494 dum
532 430 888 506 sempiternas
942 442 1134 503 pmnas
1180 437 1518 485 terrenorum
1573 434 1919 498 peccatorum
1947 427 1999 486 Α
2024 437 2216 494 poenas
2243 424 2525 496 condignae
2552 426 2802 483 vindictae
2827 427 2976 484 luere
3000 427 3148 486 facit.
3167 429 3321 486 Unde
3348 437 3404 487 et
3431 430 3606 504 sequi-

348 527 468 584 luit.

421 621 664 679 Samech.
693 639 713 672 ‹
744 618 982 675 Abstulit
1006 631 1196 674 omnes
1220 614 1534 686 magnificos
1561 627 1711 669 meos
1739 611 1924 687 DomiT

355 731 376 766 ‹
410 728 513 769 nus
539 713 606 768 de
639 711 816 768 medio
835 711 963 777 mei,
989 708 1204 764 vocavit
1241 707 1526 762 adversum
1568 720 1655 760 me
1694 713 1922 774 tempus,

355 825 376 857 ι
408 813 470 860 ιιι
510 811 815 860 contereret
857 802 1060 858 electos
1099 814 1270 856 meos.
1313 817 1334 853 ι
1382 796 1619 854 Abstulit
1666 795 1926 859 Dominus

350 897 663 969 magnificos
701 895 871 965 plebis
915 892 1152 949 Iudaica:
1201 893 1257 948 in
1305 899 1543 962 tempore
1595 889 1925 962 captivitatis

349 1004 480 1056 sum,
505 988 720 1059 quando
743 987 1034 1058 prophetas
1060 996 1115 1042 et
1145 985 1473 1050 sacerdotes,
1494 998 1722 1054 quorum
1749 999 1850 1054 ope
1871 991 1928 1038 et

349 1079 594 1134 doctrina
630 1077 864 1134 maxime
896 1072 1181 1134 Sustentati
1220 1083 1376 1141 sunt,
1407 1083 1628 1146 propter
1664 1073 1927 1128 malitiam

347 1187 535 1228 eorum
565 1180 620 1227 et
648 1170 913 1228 scelerum
942 1169 1335 1225 multitudinem
1353 1209 1368 1233 ,
1406 1168 1547 1238 apud
1579 1165 1698 1222 illos
1727 1166 1926 1221 habere

348 1277 456 1318 non
487 1263 764 1333 permisit,
793 1263 934 1318 sicut
971 1260 1233 1331 propheta
1258 1258 1447 1315 Daniel
1475 1259 1530 1314 in
1555 1257 1800 1314 oratione
1829 1271 1926 1311 sua

348 1361 600 1421 testatur,
628 1353 851 1410 dicens:
884 1369 905 1404 ι
940 1352 1188 1417 Domine,
1219 1365 1327 1406 non
1354 1357 1440 1406 est
1466 1350 1521 1406 in
1550 1358 1793 1419 tempore
1821 1347 1926 1403 hoc

348 1443 615 1516 princeps,
641 1458 743 1499 nec
766 1444 1026 1515 propheta
1058 1451 1113 1499 et
1154 1442 1282 1509 dux,
1326 1458 1500 1512 neque
1531 1441 1924 1506 holocaustum,

348 1547 526 1604 neque
547 1532 896 1598 sacrificium,
921 1547 1094 1603 neque
1123 1533 1425 1597 incensum,
1450 1545 1625 1602 neque
1643 1530 1797 1586 locus
1816 1529 1929 1598 pri—

347 1625 625 1679 mitiarum
654 1639 839 1680 coram
868 1631 941 1689 te,
967 1631 1028 1678 ut
1055 1623 1327 1693 possimus
1353 1621 1595 1677 invenire
1620 1619 1929 1676 misericor-

2030 524 2139 570 tur.
2177 535 2196 568 ι
2222 516 2290 571 Ει
2316 505 2502 572 oculus
2526 533 2680 574 meus
2708 519 2980 576 deducens
3017 536 3213 592 aquam
3237 539 3250 576 :
3279 521 3405 592 quia
3443 523 3605 595 longe

2026 607 2201 664 fac'tus
2250 619 2335 664 est
2384 627 2415 664 a
2467 624 2556 666 me
2606 611 2940 679 consolator,
2996 624 3318 671 convertens
3367 617 3605 672 animam

2027 716 2222 756 meam.
2254 701 2404 757 Facti
2432 711 2556 758 sunt
2585 704 2678 760 filii
2707 705 2813 761 mei
2840 701 3344 777 perditi,'quoniam
3378 707 3606 767 invaluit

2027 791 2297 848 inimicus.
2346 813 2367 845 ι
2411 793 2536 848 ideo
2579 809 2790 864 quoque
2834 793 2990 850 fletus
3031 794 3220 868 ingens
3265 791 3472 852 anima)
3503 796 3603 854 do-

1999 884 2188 941 lentis
2219 886 2561 952 describitur,
2597 887 2721 956 quia
2765 896 2885 957 post
2927 904 3121 943 vanam
3165 889 3405 944 laetitiam
3443 890 3604 959 hujus

2026 975 2210 1030 mundi
2243 977 2420 1032 omnis
2455 977 2753 1032 consolatio
2775 971 3055 1047 praesentis
3080 980 3204 1035 vitae
3231 981 3306 1036 illi
3338 980 3602 1046 aufertur,

2028 1064 2234 1127 fructus
2265 1066 2531 1122 malorum
2565 1082 2790 1136 operum
2830 1070 3208 1140 dissipabitur,
3238 1081 3294 1127 et
3329 1073 3475 1128 solus
3503 1073 3605 1127 ini-

2027 1157 2198 1212 micus
2227 1157 2370 1212 inter
2400 1153 2668 1214 tormenta
2691 1159 2841 1214 varia
2874 1159 3017 1216 illius
3041 1161 3368 1218 dominatur.

2100 1245 2233 1302 Phe.
2271 1267 2290 1300 ι
2322 1248 2594 1319 Expandit
2623 1248 2753 1305 Sion
2797 1266 2992 1308 manus
3035 1267 3189 1317 suas,
3236 1268 3344 1307 non
3381 1263 3464 1310 est
3512 1254 3605 1323 qui

2034 1359 2052 1393 ι
2087 1339 2394 1395 consoletur
2431 1356 2570 1396 eam.
2607 1339 2884 1398 Mandavit
2911 1342 3169 1396 Dominus
3206 1343 3489 1398 adversum
3517 1342 3608 1397 Ja-

2035 1448 2054 1481 ‹
2089 1430 2220 1496 cob,
2252 1430 2308 1485 in
2337 1431 2568 1486 circuitu
2592 1430 2711 1501 ejus
2735 1433 2918 1487 hostes
2947 1433 3081 1503 ejus.
3114 1433 3275 1488 Facta
3303 1441 3385 1488 est
3413 1432 3607 1487 Hieru-

2035 1537 2053 1570 ι
2089 1521 2257 1576 salem
2293 1523 2449 1592 quasi
2488 1521 2687 1593 polluta
2739 1526 3034 1579 menstruis
3075 1525 3217 1580 inter
3265 1539 3377 1579 eos.
3426 1543 3444 1575 ι
3491 1524 3609 1579 Cir—

2010 1612 2280 1668 »cumdata
2323 1611 2454 1668 Sion
2483 1613 2798 1684 captivitate
2836 1615 3240 1681 Chaldaeorum,
3269 1617 3515 1686 quaesivit
3550 1632 3609 1670 se

349 1712 492 1768 diam
525 1711 686 1785 (Dan.
714 1712 820 1785 ιιι).
851 1732 870 1764 ι
898 1712 991 1780 Sic
1027 1722 1083 1768 et
1127 1713 1196 1768 ab
1235 1711 1415 1766 anima
1451 1710 1715 1766 diabolica
1740 1709 1928 1764 fraude
1955 1783 1986 1785 ᾗ
2028 1702 2400 1758 consolantem
2427 1711 2481 1759 et
2509 1719 2616 1758 non
2643 1704 2879 1772 invenit,
2905 1721 2971 1760 eo
2993 1707 3135 1776 quod
3165 1707 3448 1763 Dominum
3487 1722 3610 1776 pec-

349 1781 574 1874 decepta
599 1843 615 1869 ’
660 1781 946 1875 po‘quuam
975 1816 1094 1859 eam
1125 1801 1376 1858 inimicus
1418 1800 1564 1856 ίιιιυε
1591 1800 1859 1870 captivam
1893 1814 1925 1854 ε
1952 1783 2001 1843 Β
2029 1793 2164 1848 catis
2192 1792 2530 1864 exigentibus
2556 1809 2744 1849 verum
2773 1810 2880 1850 non
2908 1797 3106 1851 meruit
3130 1797 3331 1853 habere
3365 1798 3610 1853 consola-

349 1903 491 1950 statu
520 1902 682 1952 rectae
711 1895 858 1960 ﬁdei,
883 1903 940 1951 et
960 1902 1123 1950 rectae
1157 1901 1214 1949 et
1243 1893 1397 1950 bonae
1422 1892 1850 1948 conversationis
1870 1892 1926 1946 in

349 1983 720 2042 confusionem
747 1985 948 2042 erroris
976 1985 1292 2051 abduxerit,
1337 1992 1646 2040 sancton
1670 1984 1929 2054 praedica-

350 2085 526 2132 torum
554 2077 855 2133 doctrinam
877 2085 934 2132 et
959 2076 1204 2147 exempla
1229 2090 1260 2131 a
1284 2085 1578 2145 conspectu
1602 2075 1782 2131 cordis
1812 2073 1930 2143 ejus

347 2181 446 2239 per
466 2169 788 2226 oblivionem
813 2169 992 2225 aufert
1022 2187 1036 2224 :
1063 2185 1258 2239 nempe
1281 2176 1342 2224 ut
1365 2183 1487 2224 eam
1509 2168 1792 2239 spoliatam
1821 2169 1929 2224 vir-

347 2259 573 2327 tutibus,
605 2259 816 2317 facilius
840 2261 896 2316 in
919 2269 1068 2317 terra
1095 2260 1271 2315 aliena
1291 2260 1584 2330 possideat,
1616 2274 1686 2315 ne
1715 2274 1815 2330 per
1845 2274 1931 2317 re-

347 2352 714 2408 cordationem
767 2353 886 2408 sani
921 2352 1188 2424 dogmatis
1231 2359 1285 2408 et
1328 2351 1760 2410 melioratiohem
1790 2349 1931 2408 vitae

348 2441 416 2497 ad
439 2449 639 2499 statum
661 2443 950 2515 pristinum
976 2454 1301 2502 revertatur.

325 2578 328 2580 ν
418 2535 539 2589 Ain.
598 2547 623 2588 ‹·
665 2536 926 2592 Torcular
970 2537 1201 2593 calcavit
1251 2537 1512 2592 Dominus
1561 2535 1753 2608 virgini
1805 2534 1931 2590 filia:

357 2640 377 2674 ι
411 2621 548 2679 Juda
568 2665 583 2690 ,
615 2624 819 2682 idcirco
848 2642 948 2698 ego
976 2626 1212 2698 plorans.
1252 2648 1269 2680 ι
1309 2626 1530 2699 Legitur
1558 2642 1688 2700 ergo
1715 2628 1782 2684 de
1813 2635 1927 2683 tor-

350 2710 522 2767 culari
547 2712 604 2767 in
627 2713 765 2769 Isaia
787 2716 1048 2786 propheta
1075 2717 1363 2772 Dominum
1392 2717 1595 2774 dixisse
1629 2732 1644 2771 :
1681 2737 1701 2770 ι
1733 2716 1932 2773 Torcu-

350 2798 435 2854 lar
456 2800 661 2858 calcavi
684 2803 852 2871 solus,
881 2813 938 2861 et
963 2807 1031 2862 de
1056 2807 1306 2878 gentibus
1334 2823 1440 2864 non
1467 2818 1550 2864 est
1577 2809 1663 2864 vir
1693 2824 1926 2875 mecum,

351 2891 553 2947 calcavi
579 2908 674 2950 eos
700 2895 756 2950 in
783 2895 964 2952 furore
991 2912 1144 2964 meo,
1184 2907 1241 2953 et
1279 2898 1591 2956 conculcavi
1623 2913 1717 2956 eos
1753 2899 1808 2954 in
1849 2900 1932 2955 ira

350 2997 491 3039 mea.
515 2983 585 3039 Et
605 3000 854 3056 aspersus
872 2995 955 3044 est
971 2989 1192 3060 sanguis
1213 3004 1403 3046 eorum
1429 3005 1592 3060 super
1610 2991 1932 3048 vestimenta

349 3087 488 3138 mea,
516 3083 570 3130 et
593 3077 776 3132 omnia
812 3079 1126 3136 indumenta
1153 3095 1272 3136 mea
1296 3081 1596 3151 inquinavi.
1632 3082 1756 3138 Dies
1784 3083 1933 3138 enim

349 3163 568 3222 ultionis
602 3168 656 3223 in
685 3169 848 3226 corde
882 3185 1036 3238 meo,
1075 3187 1250 3228 annus
1277 3173 1652 3230 retributionis
1678 3190 1813 3232 mea:
1841 3190 1930 3232 ve-

347 3255 430 3310 nit
467 3255 602 3328 (Isa.
634 3260 811 3332 um).
852 3280 872 3314 ι
908 3261 1203 3318 Dicendum
1232 3273 1317 3321 est
1344 3265 1526 3337 itaque
1553 3268 1618 3322 de
1651 3269 1928 3337 torculari,

349 3345 490 3412 quod
513 3343 670 3414 juxta
699 3347 994 3419 Scriptura:
1023 3361 1227 3408 sanctae
1271 3356 1718 3412 consuetudinem
1761 3358 1934 3413 inter-

351 3436 476 3492 dum
495 3453 596 3508 pro
615 3439 819 3496 ultione
839 3450 1000 3512 atque
1032 3443 1308 3513 suppliciis
1326 3447 1546 3515 ponitur
1561 3457 1931 3517 peccatorum,

350 3525 621 3584 interdum
645 3530 701 3585 in
742 3535 1156 3604 congregatione
1187 3549 1451 3591 novorum
1495 3537 1786 3594 fructuum.
1827 3539 1934 3596 Pro

351 3622 529 3688 pmnis
558 3623 777 3690 ponitur
812 3634 974 3696 atque
1005 3628 1312 3692 tormentis,
1333 3636 1395 3684 ut
1431 3627 1696 3685 Jeremias
1718 3632 1772 3685 in
1798 3647 1935 3702 prte-

353 3708 494 3763 senti
519 3708 902 3767 lamentatione
921 3716 1182 3787 plangens
1207 3719 1547 3774 eversionem
1571 3720 1931 3791 Hierusalem,

353 3798 626 3871 loquitur:
657 3820 676 3854 ‹
713 3801 975 3860 Torcular
1001 3807 1232 3864 calcavit
1259 3810 1519 3866 Dominus
1568 3813 1764 3883 virgini
1810 3814 1934 3871 filia:

353 3889 491 3946 Juda
517 3910 530 3946 :
557 3891 680 3950 ideo
701 3907 803 3966 ego
821 3895 996 3966 ploro.
1025 3917 1045 3951 ι
1078 3897 1137 3954 In
1165 3899 1360 3956 bonam
1386 3911 1592 3972 partem
1623 3904 1934 3961 scribuntur

353 3983 553 4040 Psa’lmi
576 4001 676 4057 pro
717 3989 1075 4048 torcularibus
1107 4002 1332 4050 octavus
1358 4003 1413 4049 et
1442 3997 1801 4068 octogesimus
1827 4007 1934 4054 ter-

354 4075 506 4131 tius:
534 4077 589 4132 in
627 4093 734 4148 quo
770 4081 1023 4137 torculari
1057 4092 1112 4140 et
1148 4085 1306 4141 malis
1339 4087 1630 4158 supplicia,
1678 4097 1733 4144 et
1776 4089 1932 4147 bonis

354 4166 574 4234 praemia
612 4181 644 4222 a
681 4167 962 4228 Salvatore
987 4173 1284 4232 calcantur.
1332 4176 1490 4235 Solus
1526 4179 1642 4249 ipse
1680 4181 1929 4250 calcavit,

354 4254 664 4329 nullumque
706 4259 895 4317 habuit
932 4264 1254 4333 adjutorem.
1308 4267 1492 4338 Neque
1540 4272 1685 4327 enim
1734 4273 1927 4344 angeli,

355 4354 446 4400 aut
471 4349 799 4421 archangeli,
825 4354 1025 4419 throni,
1051 4357 1478 4430 dominationes,
1509 4369 1603 4416 aut
1626 4362 1734 4417 ulla
1773 4363 1932 4420 caele-

355 4436 516 4542 stium
545 4447 874 4509 potestatum
901 4445 1200 4504 humanum
1229 4464 1424 4520 corpus
1450 4453 1707 4520 assumit,
1745 4463 1801 4511 et
1828 4470 1928 4525 pro
1953 4481 2008 4542 D

354 4528 509 4584 nobis
533 4545 693 4600 passa
718 4541 823 4601 est,
851 4544 907 4591 et
929 4539 1266 4596 conculcavit
1289 4542 1630 4601 adversarias
1657 4545 1931 4604 fortitudi-

355 4633 452 4672 nes
475 4629 636 4689 atque
663 4625 952 4693 contrivit,
995 4630 1092 4684 sed
1133 4630 1224 4687 ille
1265 4632 1413 4689 solus
1455 4635 1549 4705 qui
1593 4635 1834 4706 loquitur
1872 4638 1929 4693 in

355 4709 562 4778 psalmo
587 4727 620 4795 ι.
636 4729 655 4762 ‹
680 4710 898 4769 Salvum
926 4731 1014 4772 me
1038 4717 1146 4785 fac,
1172 4719 1422 4788 Domine,
1451 4724 1706 4794 quoniam
1733 4725 1931 4782 defecit

356 4810 574 4858 sanctus
605 4800 779 4876 (Psal.
813 4805 924 4878 xl);
958 4825 978 4860 ι
1011 4808 1067 4862 in
1093 4815 1330 4878 ;tantum.
1361 4820 1422 4868 ut
1461 4815 1625 4870 etiam
1654 4816 1932 4874 confiden-

355 4894 602 4963 tissimus
621 4904 677 4952 et
703 4896 759 4952 in
798 4897 903 4954 ﬁde
930 4899 1270 4959 firmissimus
1305 4905 1579 4975 apostolus
1621 4907 1818 4963 Petrus
1856 4909 1930 4964 ti-

353 5000 506 5042 more
531 4987 850 5058 perterritus
878 4989 1116 5062 fugeret,
1147 4992 1256 5050 imo
1287 4995 1571 5052 Dominum
1598 5005 1683 5054 ter
1707 5008 1930 5072 negaret

356 5077 572 5143 (Matth.
600 5079 771 5152 xxvi).
804 5079 1064 5138 Torcular
1097 5099 1225 5155 ergo
1253 5085 1495 5142 calcavit
1521 5088 1781 5144 Dominus
1821 5090 1933 5146 vir-

360 5163 470 5236 gini
497 5169 618 5220 filiae
639 5169 775 5227 Iuda
803 5173 1018 5244 quando
1041 5174 1141 5230 viti
1174 5159 1519 5234 infructuosae
1542 5177 1849 5234 Judaeorum
1877 5188 1934 5235 et

359 5255 449 5310 diu
474 5255 642 5310 sterili
663 5262 1030 5326 permanenti,
1054 5265 1142 5312 cut
1163 5280 1260 5328 per
1281 5266 1475 5314 Isaiam
1504 5269 1699 5324 dicitur
1728 5288 1742 5325 :
1773 5288 1793 5322 ‹
1819 5270 1930 5326 Ex-

282 5345 286 5421 μ
360 5349 607 5419 spectavi
626 5358 689 5405 ut
713 5349 918 5408 faceret
943 5368 1094 5418 uvas,
1127 5363 1183 5408 et
1207 5355 1334 5411 fecit
1353 5355 1632 5413 labruscas
1655 5357 1874 5432 (Iram),
1905 5381 1924 5415 ι

360 5439 688 5510 captivitatis
703 5445 1105 5512 oppressionem
1133 5449 1472 5517 praeparavit.
1498 5448 1720 5521 Mysticc
1748 5462 1928 5510 autem

359 5531 552 5586 animae
574 5532 858 5589 virtutibus
877 5534 1175 5593 infecundae
1194 5547 1249 5594 et
1264 5540 1422 5596 bonis
1445 5542 1695 5612 operibus
1722 5559 1927 5613 vacuae,

361 5634 463 5677 nec
485 5621 609 5677 fidei
632 5620 868 5679 fructum
890 5626 1147 5697 gignenti,
1173 5630 1431 5687 Dominus
1453 5633 1690 5689 torcular
1714 5635 1888 5692 calcat
1911 5655 1924 5692 :
1950 5625 1956 5632 ’

363 5711 576 5783 quando
603 5726 723 5770 eam
751 5728 851 5784 pro
881 5717 1162 5774 sterilitate
1185 5735 1304 5784 sua,
1336 5730 1392 5778 et
1411 5723 1682 5782 otiositate
1710 5727 1928 5784 inimica

833 5806 1105 5868 Parnm.
1150 5809 1313 5871 CXI.
1395 5895 1402 5904 ἡ

2035 1891 2230 1948 torem,
2261 1884 2354 1955 qui
2378 1900 2498 1939 eam
2523 1885 2742 1940 tradidit
2766 1886 3010 1942 hostibus
3030 1888 3143 1942 suis
3164 1889 3231 1943 ad
3257 1889 3606 1958 puniendum,

2031 1976 2287 2044 quoniam
2317 1976 2419 2032 sibi
2452 1973 2692 2045 subjecta
2731 1992 2851 2032 esse
2893 1977 3064 2033 noluit
3103 1979 3169 2034 ad
3204 1979 3560 2036 obediendum
3594 2000 3607 2034 :

2033 2067 2107 2122 ita
2135 2076 2192 2122 et
2218 2069 2398 2123 anima
2431 2069 2699 2138 credentis
2734 2069 2996 2136 hominis,
3034 2086 3154 2140 quae
3187 2071 3457 2140 quondam
3498 2082 3613 2126 erat

2033 2159 2308 2229 speculum
2350 2149 2480 2226 Dei,
2510 2169 2567 2214 et
2607 2161 2998 2231 supplantatrix
3032 2163 3312 2228 vitiorum,
3353 2179 3476 2218 cum
3514 2179 3612 2232 pro

2033 2250 2187 2306 malis
2215 2249 2430 2306 meritis
2457 2250 2688 2306 traditur
2715 2251 3048 2322 spiritalibus
3089 2253 3377 2324 nequitiis,
3407 2253 3611 2308 frustra

2002 2361 2004 2363 ’
2031 2342 2335 2399 forinsecus
2362 2343 2558 2414 quaerit
2584 2343 2978 2399 consolatorem
2998 2385 3013 2412 ,
3049 2359 3169 2416 quae
3201 2345 3493 2416 spiritalem
3523 2347 3607 2400 in-

2001 2434 2202 2491 terius
2244 2433 2958 2504 perdidit‘consolationem.
2993 2455 3012 2489 ‹
3049 2437 3212 2494 Facta
3256 2447 3370 2506 est,
3414 2440 3610 2509 inquit,

2033 2523 2374 2582 Hierusalem
2398 2526 2555 2596 quasi
2583 2526 2786 2598 polluta
2815 2529 3107 2584 menstruis
3133 2529 3273 2584 inter
3296 2545 3407 2585 eos.
3443 2549 3461 2580 ι
3486 2529 3610 2586 Pol-

2033 2615 2146 2671 luta
2186 2616 2522 2672 Hierusalem
2569 2618 2767 2674 dicitur
2813 2628 3090 2675 menstrua
3153 2619 3395 2676 foeditate
3442 2622 3609 2692 :quia

2033 2709 2445 2780 sanguinolenta
2473 2724 2635 2781 opera
2675 2720 2732 2766 et
2764 2710 3000 2767 carnalia
3032 2712 3297 2768 desideria
3333 2713 3504 2768 noluit
3531 2715 3610 2768 vi-

2002 2825 2004 2827 >
2034 2808 2150 2856 tare
2174 2800 2228 2856 in
2258 2817 2425 2873 prava
2452 2803 2877 2859 conversatione.
2906 2803 3179 2860 Menstrua
3215 2805 3358 2860 enim
3396 2805 3613 2862 foeditas

2032 2900 2136 2960 est,
2164 2907 2287 2948 cum
2320 2908 2418 2964 per
2446 2893 2683 2966 singulos
2707 2908 2920 2951 menses
2945 2896 3130 2966 gravia
3159 2887 3322 2966 atque
3350 2896 3614 2966 torpentia

2034 2983 2321 3039 mulierum
2356 2998 2583 3054 corpora
2622 2986 2884 3042 immundi
2914 2987 3192 3058 sanguinis
3231 2986 3492 3044 effusione
3525 3002 3614 3042 re-

2038 3075 2319 3148 levantur:
2349 3093 2456 3148 quo
2473 3087 2714 3148 tempore
2737 3079 2782 3134 si
2797 3079 2880 3134 vir
2904 3079 3094 3135 coierit
3113 3095 3234 3136 cum
3256 3080 3504 3146 muliere,
3531 3081 3612 3136 di-

2039 3175 2236 3222 cuntur
2263 3167 2507 3238 concepti
2530 3166 2675 3223 fetus
2699 3167 2890 3222 vitium
2918 3169 3138 3224 seminis
3166 3169 3402 3235 trahere,
3435 3170 3510 3223 ita
3553 3179 3615 3224 ut

2002 3282 2004 3284 τ
2034 3257 2237 3328 leprosi
2267 3266 2320 3313 et
2358 3257 2712 3330 elephantiaci
2753 3274 2820 3314 ex
2867 3259 2970 3314 hac
3006 3260 3356 3329 conceptione
3389 3275 3616 3315 nascan-

2036 3359 2146 3417 tur,
2182 3360 2237 3407 et
2270 3350 2412 3407 foeda
2445 3352 2500 3406 in
2530 3361 2760 3423 utroque
2794 3368 2927 3408 sexu
2957 3368 3214 3425 corporea
3243 3357 3508 3426 pravitate
3533 3357 3616 3411 vel

2034 3444 2367 3498 enormitatc'
2398 3444 2764 3498 membrorum
2798 3445 2976 3501 sanies
3016 3455 3266 3517 corrupta
3307 3449 3613 3519 degeneret.

2035 3530 2355 3600 Praecipitur
2387 3547 2516 3602 ergo
2547 3531 2602 3586 in
2633 3532 2750 3603 lege
2775 3533 2990 3588 Domini
3030 3534 3212 3604 (Leuit.
3250 3536 3345 3608 xv)
3398 3537 3529 3592 viris
3558 3548 3617 3592 ut

2035 3638 2142 3678 non
2172 3622 2342 3677 solum
2378 3623 2431 3677 in
2458 3623 2648 3678 alienis
2671 3623 3005 3692 mulieribus,
3034 3627 3130 3680 sed
3164 3627 3219 3681 in
3261 3628 3372 3682 suis
3401 3644 3616 3697 quoque

2035 3714 2230 3782 quibus
2280 3712 2531 3767 videntur
2576 3713 2818 3785 legaliter
2855 3715 3150 3788 conjungi,
3198 3715 3479 3786 Scriptura
3535 3717 3616 3771 di-

2035 3811 2190 3859 cente
2222 3820 2236 3858 :
2275 3821 2294 3854 ι
2329 3803 2568 3860 Crescite
2592 3814 2646 3859 et
2679 3805 3140 3876 multiplicamini,
3171 3817 3235 3880 et
3266 3809 3470 3879 replete
3509 3819 3616 3864 ter-

2035 3912 2175 3964 ram,
2195 3917 2213 3949 ι
2235 3897 2468 3953 discrete
2493 3898 2812 3954 concubitus
2834 3900 3082 3955 noverint
3110 3910 3371 3972 tempore,
3401 3903 3614 3971 quando

2034 3985 2364 4053 coeundum,
2395 3987 2678 4056 quandove
2717 3989 2786 4043 ab
2827 3990 3085 4044 uxoribus
3115 3991 3490 4046 abstinendum
3522 3993 3611 4047 sit.

2035 4081 2186 4150 Quod
2226 4081 2444 4152 quidem
2484 4089 2540 4136 et
2571 4081 2858 4152 Apostolus
2897 4091 2952 4136 et
2987 4082 3339 4140 Ecclesiastes
3376 4093 3612 4139 sonant:

2041 4193 2059 4228 ι
2097 4174 2331 4246 Tempus
2356 4175 2724 4245 amplexandi,
2759 4183 2813 4231 et
2837 4183 3049 4246 tempus
3075 4177 3230 4248 longe
3256 4178 3372 4232 fieri
3404 4180 3472 4234 ab
3499 4194 3616 4233 am-

2034 4265 2276 4336 plexibus
2309 4265 2363 4336 (Ι
2407 4265 2528 4320 Cor.
2574 4281 2681 4332 vn;
2725 4266 2902 4322 Eccle.
2935 4269 3041 4339 ιιι).
3091 4289 3109 4321 ι
3149 4267 3347 4323 Caveat
3390 4284 3518 4340 ergo
3558 4277 3616 4324 et

2032 4372 2170 4412 uxor
2196 4372 2264 4412 ne
2299 4356 2439 4414 forte
2467 4359 2610 4413 victa
2634 4358 2901 4412 desiderio
2927 4358 3154 4413 coeundi
3191 4358 3378 4414 illiciat
3412 4361 3609 4427 virum,

2032 4456 2088 4503 et
2106 4448 2330 4504 maritus
2352 4464 2420 4503 ne
2439 4447 2548 4503 vim
2578 4447 2740 4504 faciat
2763 4448 2944 4515 uxori,
2973 4457 3169 4520 putans
3199 4451 3344 4505 omni
3373 4460 3614 4522 tempore

2034 4539 2332 4610 subjectam
2351 4540 2453 4594 sibi
2475 4555 2596 4594 esse
2616 4539 2810 4595 debere
2830 4541 3062 4612 conjugii
3085 4541 3432 4612 voluptatem.
3461 4543 3612 4598 Unde
3685 4581 3689 4586 .

2032 4639 2090 4687 et
2131 4629 2330 4686 Paulus
2376 4631 2490 4684 ait:
2535 4649 2555 4682 ‹
2597 4630 2670 4686 Ut
2710 4632 2922 4686 noverit
2961 4634 3328 4702 unusquisque
3373 4643 3611 4687 vestrum

2031 4721 2307 4791 possidere
2325 4736 2421 4775 vas
2442 4735 2598 4774 suum
2622 4720 2676 4774 in
2696 4723 2981 4776 sanctitate
3001 4730 3055 4778 et
3073 4723 3326 4792 pudicitia
3351 4722 3404 4795 (I
3428 4721 3608 4778 Thess.

2035 4811 2130 4883 ιν).
2172 4831 2192 4864 ι
2225 4810 2454 4866 Pulchre
2479 4812 2534 4866 in
2567 4811 2707 4866 Sixti
2731 4811 3073 4884 Pythagorici
3102 4814 3439 4870 sententiolis
3473 4815 3610 4870 dici-
3657 4813 3660 4816 ’

2035 4909 2122 4957 tur
2151 4919 2165 4956 :
2195 4901 2420 4958 Adulter
2459 4910 2544 4958 est
2571 4903 2755 4958 uxoris
2791 4904 3025 4974 propriae
3051 4912 3274 4972 amator
3312 4906 3607 4964 ardentior.

2036 4991 2208 5058 Quem
2244 4991 2440 5047 librum
2481 4992 2699 5063 quidam
2739 4991 2793 5046 in
2835 4990 3086 5047 Latinam
3115 4992 3349 5065 linguam
3378 4995 3608 5051 transfe-

2034 5083 2192 5149 rens,
2237 5085 2494 5158 martyris
2537 5083 2677 5140 Sixti
2715 5085 2934 5142 nomine
2963 5084 3131 5141 voluit
3159 5085 3460 5154 illustrare,
3501 5103 3610 5144 non

2035 5179 2389 5236 considerans
2434 5179 2489 5235 in
2531 5187 2645 5235 toto
2688 5179 2998 5245 volumine,
3039 5176 3184 5248 quod
3211 5178 3267 5233 in
3313 5179 3444 5234 duas
3483 5195 3610 5251 par-

2036 5279 2119 5326 tes
2164 5269 2365 5326 frustra
2419 5271 2688 5335 diviserit,
2740 5269 2941 5324 Christi
2993 5283 3186 5323 nomen
3237 5277 3293 5324 et
3340 5270 3610 5339 apostolo-

2034 5375 2156 5414 rum
2202 5360 2422 5415 omnino
2477 5360 2713 5416 reticeri.
2761 5359 2870 5416 Nec
2923 5361 3120 5415 mirum
3171 5362 3311 5430 quod
3354 5364 3609 5434 gentilem

2032 5451 2410 5522 philosophum
2445 5453 2500 5507 in
2527 5461 2822 5524 martyrem
2852 5462 2907 5509 et
2941 5454 3196 5509 Romanae
3226 5455 3375 5511 urbis
3404 5459 3610 5527 episco-

2034 5561 2163 5615 pum
2207 5546 2578 5612 transtulerit,
2633 5562 2753 5602 cum
2803 5547 3020 5602 Eusebii
3059 5563 3270 5618 quoque
3311 5548 3608 5604 Caesarien-

2032 5637 2108 5692 sis
2158 5636 2390 5706 primum
2439 5653 2538 5707 pro
2583 5636 2813 5707 Origene
2858 5638 3051 5693 librum
3098 5639 3361 5712 Pamphili
3407 5643 3608 5706 marty-

2033 5729 2109 5785 ris
2147 5730 2407 5786 vocabulo
2447 5731 2680 5790 notarit,
2721 5739 2778 5777 ιιι
2826 5729 3034 5779 facilius
3079 5725 3173 5778 tali
3213 5726 3488 5782 laudatore
3536 5729 3604 5784 li-

3094 5817 3172 5876 38
