4044 6326
527 331 663 393 H95

1124 328 1188 385 B.
1234 326 1484 383 RABANI
1526 326 1748 387 MAURI
1783 320 2448 391 ARCHIEI’..MOGUNT.
2482 325 2769 383 OPERUM
2818 326 2996 384 PARS
3032 330 3117 385 Ill.
3216 345 3221 351 '

3674 328 3839 386 H96

519 450 649 505 bros
672 403 1016 517 impiissimos
1037 446 1156 518 περὶ
1180 443 1361 517 ἄρχῶ
1382 439 1641 495 Romanis
1666 437 1979 494 conciliaret
2003 452 2098 491 au-
2123 439 2174 501 Α
2201 438 2299 494 Est
2335 441 2478 494 enim
2527 441 2785 507 amicitia,
2830 452 2889 497 ut
2938 444 3159 513 quidam
3205 444 3301 510 ait,
3322 445 3463 499 nihil
3493 446 3669 501 aliud
3712 447 3834 501 1nisi

520 539 691 594 ribus.

591 626 749 683 Sede.
783 644 802 678 ι
835 623 1022 681 Justus
1044 632 1128 680 est
1154 625 1412 681 Dominus
1430 625 1559 694 quia
1576 639 1637 679 os
1661 621 1777 691 ejus
1797 622 1865 678 ad
1888 624 2102 677 iracun-

527 738 547 769 ι
582 718 725 773 diam
745 715 1053 786 provocari.
1070 714 1286 779 Audite,
1303 716 1551 778 obsecro,
1573 712 1803 769 universi
1827 712 2028 782 populi,
2048 720 2105 767 ct

527 828 546 860 ι
579 808 757 862 videte
792 804 1032 862 dolorem
1078 814 1276 865 meum.
1316 804 1565 874 Virgines
1605 816 1739 859 meae
1784 810 1840 857 et
1872 800 2103 869 juvenes

527 920 547 952 ι
584 898 688 953 mei
718 898 967 953 aliicrunt
992 896 1047 951 in
1070 896 1456 965 captivitatem.
1486 914 1505 947 ι
1541 894 1884 961 Querimonia
1912 891 2102 947 ilebilis

522 991 835 1061 perdueitur
881 988 949 1043 ad
995 987 1321 1058 agnitionem
1370 986 1655 1042 sententiae
1698 985 1831 1055 justi
1880 982 2097 1052 judicis.

521 1082 815 1152 Postquam
852 1079 997 1134 enim
1034 1079 1149 1133 haec
1182 1078 1524 1133 lamentatrix
1555 1076 1921 1132 calamitatem
1945 1088 2101 1129 suam

524 1171 893 1236 enumeravit,
938 1169 1131 1224 merito
1177 1183 1236 1222 se
1286 1168 1424 1222 hanc
1466 1168 1577 1237 pati
1617 1165 2096 1222 commemoravit:

522 1264 647 1333 quia
684 1263 861 1333 justus
901 1262 1064 1331 judex
1112 1276 1217 1315 non
1263 1260 1425 1314 aliam
1466 1259 1616 1315 ferre
1663 1267 1881 1329 potest,
1935 1272 2101 1327 quam

518 1353 719 1421 justam
774 1351 1119 1406 sententiam.
1158 1368 1177 1399 ι
1209 1347 1394 1423 Justus
1436 1358 1550 1412 est,
1583 1349 1788 1417 inquit,
1815 1347 2097 1412 Dominus,

522 1444 647 1513 quia
695 1458 757 1498 os
796 1442 911 1513 ejus
948 1441 1015 1496 ad
1054 1439 1385 1495 iracundiam
1423 1440 1709 1508 provocavi
1733 1480 1747 1503 ,
1785 1459 1803 1490 ι
1846 1440 1948 1493 hoc
1995 1446 2097 1503 est,

517 1531 718 1601 justum
739 1530 1008 1600 iudicem,
1057 1539 1111 1585 et
1154 1538 1344 1583 natura
1372 1527 1711 1593 clementem,
1758 1528 1892 1582 meis
1918 1527 2101 1597 pravis

524 1625 733 1680 meritis
768 1621 999 1692 compuli
1031 1622 1220 1678 duram
1251 1627 1437 1675 contra
1467 1633 1552 1672 me
1580 1618 1721 1672 ferre
1750 1616 2097 1672 sententiam.

522 1715 761 1770 Membra
784 1714 928 1769 enim
955 1711 1208 1777 hominis,
1234 1711 1373 1765 sicut
1394 1720 1450 1765 et
1470 1708 1693 1764 all‘ectus
1710 1708 1963 1773 humani,
1989 1716 2100 1762 tro-

2203 529 2442 582 omnium
2467 528 2768 584 divinarum
2788 532 3250 601 humanarumque
3267 548 3445 587 rerum
3469 551 3609 588 cum
3644 535 3833 591 benc-

2202 620 2435 676 volentia
2463 627 2523 676 et
2564 621 2830 677 charitate
2856 624 3161 678 consensio.
3190 623 3343 678 Unde
3367 632 3424 678 et
3453 634 3617 679 recte
3680 627 3833 679 scri-

2202 721 2351 782 ptum
2378 723 2505 769 est:
2546 731 2567 765 t
2605 712 2796 770 Amico
2826 714 2967 770 ﬁdeli
3010 715 3161 770 nulla
3207 725 3291 771 est
3335 720 3727 788 comparatio,
3773 731 3825 775 et

2203 816 2310 859 non
2339 811 2428 859 est
2450 804 2608 873 digna
2626 806 2943 875 penderatio
2965 808 3082 861 auri
3103 815 3159 861 et
3184 810 3393 877 argenti
3416 820 3621 865 contra
3658 809 3823 863 borri-

2204 902 2373 950 tatem
2403 892 2528 949 ﬁdei
2551 893 2693 949 illius
2721 893 2919 966 (Exod.
2947 896 3043 963 vt).
3084 912 3105 948 ι
3126 896 3283 963 Quod
3300 906 3490 953 ‘autem
3522 900 3705 964 dicit,
3732 915 3820 953 sa-

2202 988 2452 1042 cerdotes
2470 996 2531 1041 et
2553 1001 2708 1043 senes
2740 987 2794 1042 in
2838 989 2971 1043 urbe
3000 998 3368 1059 consumptos,
3398 993 3661 1046 ostendit
3686 995 3816 1061 quia

2200 1077 2274 1133 ob
2297 1076 2617 1132 telmitatcm
2659 1077 2854 1143 victus,
2884 1076 3027 1133 fame
3064 1087 3123 1133 et
3152 1078 3243 1133 siti
3292 1081 3605 1148 perierunt,
3667 1083 3818 1138 sicut

2200 1165 2260 1223 in
2283 1167 2563 1223 obsidione
2584 1168 2817 1223 hostium
2850 1165 3260 1239 Jerosol'ymitm,
3298 1179 3358 1225 ut
3402 1172 3668 1229 historic
3697 1186 3814 1228 tra-

2204 1258 2368 1324 dunt,
2411 1258 2608 1327 saepius
2638 1259 2882 1329 ccutigit.
2922 1258 3144 1330 Itystice
3184 1270 3404 1327 autem,
3444 1264 3644 1318 anitna
3690 1279 3815 1332 qua:

2203 1348 2565 1419 voluptatibus
2586 1358 2643 1404 et
2667 1349 2951 1406 desideriis
2990 1351 3172 1406 carnis
3198 1351 3465 1416 innititur,
3493 1353 3811 1409 sacerdotii

2202 1439 2517 1511 dignitatem
2549 1449 2608 1495 et
2630 1440 2997 1496 maturitatem
3023 1440 3256 1507 consilii,
3286 1452 3510 1512 propter
3536 1443 3812 1513 indigen-

2205 1532 2333 1585 tiam
2360 1531 2659 1601 sapientiee,
2682 1540 2740 1586 et
2759 1531 2995 1601 impiam
3022 1531 3280 1588 virtutum
3306 1530 3482 1602 perdit
3519 1552 3536 1587 :
3594 1552 3617 1584 ς
3648 1534 3812 1588 Mun-

2202 1625 2305 1679 dus
2331 1624 2476 1680 enim
2504 1624 2697 1679 transit
2740 1633 2795 1679 et
2833 1623 3287 1693 concupiscientia
3318 1624 3372 1695 (ι
3420 1624 3602 1679 iam.
3634 1625 3727 1695 tt).
3784 1646 3806 1678 ι

2201 1713 2467 1785 Egyptus
2491 1728 2629 1770 vane
2671 1713 3040 1778 auailiabitur,
3086 1723 3143 1769 et
3176 1714 3408 1770 baculus
3448 1717 3811 1772 arundinetis

523 1807 643 1877 pice
691 1806 800 1859 Deo
850 1801 1255 1879 adscribuntur,
1301 1816 1407 1854 non
1460 1798 1718 1869 proprie:
1768 1798 1897 1868 quia
1939 1798 2101 1852 incir—
2128 1802 2176 1874 Β
2203 1819 2366 1879 atque
2426 1804 2736 1865 confractus
2782 1812 3056 1878 mpm-“ge
3098 1808 3387 1864 ίηηίιεηιθε
3430 1808 3688 1875 lacerat,
3746 1824 3811 1863 ,ε

524 1894 906 1962 cumscriptum
920 1890 1099 1945 lumen
1123 1899 1177 1944 et
1204 1890 1464 1943 immensa
1489 1886 1741 1956 majestas
1758 1886 2102 1943 lineamentis

525 1984 802 2053 corporeis
823 1980 1193 2037 circumscribi
1224 1996 1330 2035 non
1356 1980 1526 2034 novit.
1560 1996 1579 2030 t
1614 1978 1829 2055 Audite,
1861 1979 1958 2043 ait,
1984 1979 2104 2033 uui-

526 2074 668 2127 versi
705 2072 910 2143 populi,
938 2080 993 2126 et
1020 2071 1196 2127 videte
1222 2071 1459 2126 dolorem
1489 2085 1688 2135 meum,
1713 2069 1838 2138 quia
1868 2070 2105 2141 virgines

507 2178 659 2228 .tneze
705 2171 759 2217 et
797 2160 1022 2231 juvenes
1077 2161 1180 2217 mei
1226 2160 1474 2216 abierunt
1531 2160 1587 2215 in
1640 2160 2024 2231 captivitatem.
2077 2179 2097 2213 ι

522 2251 790 2307 Plurimos
832 2252 900 2307 ad
940 2251 1229 2306 videndum
1257 2250 1496 2307 dolorem
1526 2266 1683 2305 suum
1714 2251 1907 2305 invitat
1935 2270 1948 2304 :
1972 2252 2103 2320 quia

523 2341 886 2397 calamitatem
916 2356 1070 2396 suam
1100 2341 1241 2397 ultra
1278 2344 1496 2398 modum
1526 2342 1785 2411 grandem
1813 2359 1935 2398 esse
1962 2342 2107 2397 msti-

524 2444 657 2499 mat,
688 2444 747 2489 ut
779 2435 1009 2490 aliorum
1037 2436 1412 2505 compassione
1434 2435 1766 2490 anxietatem
1801 2451 1953 2490 suam
1979 2452 2108 2505 quo-

472 2518 479 2521 ’
524 2524 808 2579 dummodo
830 2523 1045 2595 leviget,
1079 2523 1207 2578 dum
1236 2524 1602 2580 consolatores
1634 2535 1690 2580 et
1738 2525 2107 2583 sublevatores

524 2616 784 2691 angustia:
809 2630 921 2670 sua:
953 2615 1054 2669 sibi
1086 2614 1323 2670 adhibet.
1354 2615 1499 2669 Talis
1537 2626 1617 2671 est
1654 2616 1799 2670 enim
1842 2632 1971 2671 usus
2006 2617 2108 2670 hl-

524 2706 667 2759 mani
693 2704 937 2769 allectus,
955 2714 1017 2760 ut
1037 2704 1237 2760 doloris
1257 2706 1361 2770 sui,
1384 2706 1719 2778 sivegaudii,
1746 2706 1881 2762 alios
1904 2718 2109 2777 quierat

523 2811 641 2851 esse
670 2795 984 2865 participes,
1013 2803 1279 2865 quatenus
1306 2811 1495 2851 eorum
1516 2796 1709 2852 solatio
1737 2798 1948 2852 illatum
1971 2814 2110 2853 onus

525 2888 755 2943 tristitia:
796 2888 911 2942 sive
936 2886 1137 2942 lmtitia:
1170 2886 1381 2943 facilius
1406 2898 1584 2957 portet
1620 2888 1772 2962 (Luc.
1810 2892 1922 2961 xv).
1958 2890 2111 2946 Unde

524 2979 577 3032 in
615 2977 903 3049 Evangelio
934 2976 1025 3031 ille
1053 2977 1143 3046 qui
1172 2992 1328 3031 ovem
1356 2979 1624 3048 perditam
1666 2980 1982 3049 requisivit,
2014 2996 2110 3034 seu

525 3067 716 3123 mulier
749 3083 869 3137 qua).
895 3068 1207 3122 drachmam
1250 3067 1515 3136 perditam
1545 3068 1781 3133 invenit,
1808 3077 2110 3123 couvocaut

2206 1910 2425 1956 manum
2471 1914 2657 1954 eorum
2710 1897 2952 1970 perforat
2979 1937 2993 1964 ,
3038 1914 3149 1956 nec
3198 1911 3437 1969 unquam
3488 1901 3808 1971 perfectam

2204 1990 2617 2062 prosperitatcm
2640 1989 2753 2044 suis
2773 1989 3107 2045 amatoribus
3133 1989 3383 2046 conferre
3424 1998 3640 2060 potest.

2277 2080 2402 2137 Res.
2460 2098 2480 2132 ι
2532 2080 2684 2146 Vide,
2728 2080 2978 2146 Dtnninc,
3015 2080 3278 2149 quoniam
3324 2079 3571 2146 tribulor,
3610 2090 3812 2138 venter

2211 2193 2230 2227 ι
2270 2188 2428 2229 meus
2463 2172 2819 2228 conturbatus
2844 2179 2947 2227 est.
2990 2170 3331 2227 Subversum
3375 2181 3459 2227 est
3482 2185 3586 2226 cor
3618 2187 3809 2228 meum

2208 2286 2232 2320 ί
2274 2267 2328 2321 in
2364 2265 2709 2335 memetipsa,
2734 2265 2990 2335 quosdam
3036 2265 3393 2320 amaritudine
3434 2266 3601 2336 plena
3662 2283 3806 2322 sum.

2212 2378 2233 2409 ι
2278 2357 2436 2413 Foris
2455 2357 2712 2413 interﬁcit
2734 2357 3039 2428 gladius,et
3062 2357 3206 2415 domi
3228 2368 3380 2413 hers
3411 2358 3614 2414 similis
3645 2370 3755 2414 est.
3786 2378 3803 2411 ι

2210 2450 2349 2518 Quid
2374 2458 2457 2505 est
2490 2451 2631 2520 quod
2669 2451 2929 2521 propheta
2968 2465 3035 2506 ex
3080 2464 3317 2520 persona
3342 2449 3517 2521 plebis
3563 2450 3806 2521 loquens

2210 2543 2278 2598 ad
2309 2542 2600 2598 videndum
2626 2541 3028 2597 tribulationem
3056 2556 3206 2596 suam
3254 2541 3540 2596 Dominum
3578 2542 3805 2605 invitat,

2210 2634 2482 2703 θίδίφώ
2521 2634 2864 2699 anxietatem
2916 2648 3070 2688 suam
3097 2632 3319 2687 nimiam
3365 2640 3422 2688 et
3472 2634 3807 2689 itnmensam

2204 2740 2532 2797 agnoscens,
2565 2727 2733 2796 ipsius
2749 2725 3263 2795 solummodcqrem
3284 2734 3339 2779 et
3365 2725 3803 2781 misericortiam

2205 2817 2317 2873 sibi
2332 2818 2626 2873 subvenire
2659 2817 2916 2888 exoptat?
2936 2816 3009 2871 Et
3026 2816 3285 2887 quoniam
3308 2825 3556 2872 ventrem
3577 2830 3804 2873 uultur-

2202 2910 2398 2963 -hatnm
2424 2918 2482 2965 et
2525 2925 2622 2965 cor
2657 2925 2813 2965 suum
2861 2909 2917 2964 in
2963 2908 3255 2979 semetipso
3296 2910 3617 2965 subversum
3678 2928 3802 2967 esse

2200 3009 2479 3068 testatur,
2534 3003 2662 3058 hinc
2729 3002 2893 3057 etiam
2950 3015 3057 3056 non
3118 3001 3477 3056 amaritudine
3524 3014 3594 3055 cx
3648 3014 3802 3072 parte

2216 3101 2435 3156 tactam,
2472 3095 2566 3148 sed
2618 3093 2877 3163 repletam
2924 3108 2983 3147 se
3038 3107 3313 3158 asserens,
3369 3093 3510 3147 intus
3556 3092 3801 3163 forisque

524 3160 730 3215 amicas
781 3168 835 3214 et
870 3159 1077 3213 vicinas
1096 3200 1111 3224 ,
1141 3167 1197 3212 ut
1227 3166 1394 3226 testes
1431 3159 1687 3214 assistant
1714 3170 1769 3215 et
1802 3161 1984 3231 gaudii
2017 3176 2103 3215 cu.
2134 3181 2181 3245 ρ
2212 3185 2376 3239 55mm
2406 3159 2795 3239 calamim'esc
2817 3184 3099 3255 {mgnum
3121 3184 3406 3239 enim.
3432 3182 3571 3239 Huic
3597 3159 3799 3239 similia

525 3270 644 3308 rum
669 3253 960 3324 participes
1005 3252 1154 3307 ﬁant.
1195 3253 1349 3321 Quod
1388 3252 1764 3324 ergojuvenes
1791 3266 1847 3311 et
1872 3258 2110 3327 virgines

523 3345 676 3400 abire
726 3345 781 3399 in
841 3344 1209 3415 captivitatem
1261 3344 1547 3414 deplorat,
1585 3346 1823 3401 ostendit
1876 3362 1934 3402 se
1987 3348 2111 3403 inde

526 3441 759 3497 maxime
794 3439 975 3495 dolere
997 3481 1013 3505 ,
1054 3440 1197 3509 quod
1237 3455 1389 3510 spem
1431 3448 1606 3495 status
1644 3440 1728 3496 sui
1761 3441 1895 3496 vidit
1932 3442 2111 3496 subito

525 3532 817 3588 corruisse.
851 3530 1077 3598 Quando
1107 3531 1252 3585 enim
1280 3530 1522 3586 sobolem
1550 3546 1706 3586 suam
1736 3532 1916 3588 subito
1946 3532 2113 3586 inter-

524 3625 606 3681 ire
640 3625 940 3695 conspexit,
980 3638 1132 3693 spem
1161 3622 1356 3679 futura:
1380 3623 1748 3694 generationis
1773 3625 1977 3679 amisit.

596 3737 761 3810 Capit.
805 3759 824 3790 ‹
870 3738 1070 3794 Vocavi
1107 3738 1312 3793 truncos
1344 3752 1503 3793 meos
1539 3746 1596 3791 et
1634 3738 1734 3807 ipsi
1785 3738 2115 3807 decepemnt

530 3850 550 3885 ι
592 3848 699 3886 me.
740 3828 1060 3887 Sacerdotes
1083 3831 1210 3895 mei,
1226 3840 1288 3884 ct
1306 3844 1465 3885 senes
1487 3830 1594 3884 mei
1620 3830 1680 3884 in
1702 3830 1840 3884 urbe
1863 3843 2113 3884 consum-

531 3940 550 3973 (
596 3923 671 3991 pti
697 3928 854 3985 sunt,
876 3920 1001 3989 quia
1045 3919 1377 3989 quasiverunt
1392 3919 1570 3973 cibum
1592 3918 1721 3985 sibi,
1740 3926 1808 3971 ut
1842 3917 2111 3972 refocilla-

528 4031 551 4064 t
594 4021 714 4066 rent
755 4012 990 4066 animam
1014 4025 1186 4064 suam.
1238 4029 1263 4063 ι
1307 4009 1664 4076 Quaerendum
1715 4016 1802 4063 est
1844 4008 2115 4077 quomodo

527 4103 687 4158 amici
721 4102 826 4157 dici
862 4101 1102 4170 possint,
1155 4100 1247 4171 qui
1284 4100 1615 4154 amatoribus
1658 4098 1771 4155 suis
1814 4098 2115 4167 decipulam

525 4192 851 4263 paraverint.
872 4189 1047 4246 Verus
1068 4191 1214 4245 enim
1234 4190 1442 4245 amicus
1460 4198 1517 4243 et
1536 4188 1731 4253 ﬁdelis,
1755 4198 1815 4244 ut
1834 4189 2117 4258 Scriptura

529 4292 776 4343 testatur,
814 4281 1078 4349 protectio
1101 4289 1185 4335 est
1226 4281 1398 4346 fortis,
1434 4279 1887 4335 medicamentum
1915 4280 2040 4334 vitae
2064 4289 2120 4334 et

530 4369 971 4428 iunnortalitatis.
1029 4369 1181 4425 Unde
1226 4377 1376 4439 patet
1407 4370 1551 4438 quod
1595 4385 1692 4439 per
1732 4370 2116 4439 antiphrasim,

529 4460 747 4529 injuste,
779 4458 986 4513 amicus
1011 4457 1246 4522 dicatur,
1286 4457 1381 4527 qui
1409 4458 1667 4528 deceptor
1690 4473 1812 4514 esse
1834 4459 2117 4528 probatur.

2216 3276 2415 3330 Paulus
2441 3277 2713 3346 apostolus
2731 3276 3362 3347 adﬂorinthios‘scripsit,
3382 3277 3569 3332 dicens
3592 3297 3605 3330 :
3642 3298 3662 3327 ι
3689 3277 3800 3332 Non

2215 3367 2357 3422 enim
2398 3367 2644 3421 volumus
2675 3371 2920 3436 ignotum
2958 3382 3073 3434 vos,
3109 3367 3323 3433 fratres,
3356 3367 3424 3422 de
3448 3367 3799 3423 tribulatione

2218 3466 2420 3523 nostra,
2447 3474 2565 3526 quae
2582 3458 2725 3513 iacta
2750 3467 2836 3514 est
2859 3459 2913 3512 in
2938 3459 3091 3524 Asia,
3115 3459 3368 3529 quoniam
3388 3474 3553 3530 supra
3580 3462 3796 3515 modum

2216 3550 2426 3621 gravati
2453 3565 2640 3604 sumus
2653 3565 2812 3619 supra
2826 3550 3096 3614 virtutem,
3110 3550 3191 3605 ita
3202 3559 3263 3605 ut
3276 3550 3499 3605 tederct
3511 3565 3616 3605 nos
3637 3555 3803 3605 etiam

2216 3641 2397 3694 vivere
2424 3639 2505 3709 (ll
2542 3639 2665 3694 Cor.
2697 3639 2815 3713 vn).
2855 3659 2874 3692 ι
2908 3640 2978 3695 Ει
3002 3642 3169 3695 item:
3214 3658 3235 3691 ι
3274 3639 3414 3695 Cum
3438 3641 3797 3701 venissemus,

2217 3730 2430 3800 inquit,
2468 3730 2866 3796 Macedoniam,
2906 3731 3109 3785 nullam
3158 3732 3395 3797 requiem
3435 3727 3627 3782 habuit
3670 3744 3800 3785 caro

2216 3830 2421 3883 nostra,
2453 3822 2545 3877 sed
2586 3836 2803 3876 onmem
2842 3820 3245 3875 tribulationem
3284 3819 3437 3889 passi
3477 3834 3493 3872 :
3532 3818 3668 3874 loris
3703 3835 3803 3889 pu-

2213 3929 2353 3984 gnae,
2388 3913 2532 3967 intus
2578 3912 2797 3967 timores
2836 3910 3044 3982 (Ibid.).
3092 3930 3110 3963 ι
3156 3910 3445 3965 Scicmlmn
3472 3924 3605 3964 vero
3659 3912 3803 3980 quod

2218 4010 2274 4063 in
2308 4024 2464 4063 sacro
2489 3992 2701 4076 eloquio
2724 4006 2928 4061 ventris
2954 4004 3039 4059 vel
3069 4006 3210 4059 uteri
3232 4004 3453 4059 nomine
3473 4018 3632 4057 mens
3666 4003 3803 4058 solet

2216 4101 2462 4172 intelligi.
2485 4099 2619 4154 Hinc
2637 4108 2721 4153 est
2745 4098 2889 4154 enim
2913 4096 3056 4166 quod
3071 4112 3167 4167 per
3191 4095 3537 4151 Salomonem
3560 4095 3768 4149 dicitur
3788 4113 3800 4147 :

2225 4210 2243 4243 ι
2282 4192 2527 4246 Lucerna
2558 4190 2770 4245 Domini
2800 4189 3124 4260 spiraculum
3152 4187 3407 4253 hominis,
3430 4202 3551 4258 quae
3572 4186 3803 4241 investi-

2219 4292 2313 4356 gat
2336 4282 2520 4338 omnia
2560 4290 2772 4337 secreta
2811 4280 3018 4335 ventris
3041 4279 3230 4350 (Prov.
3274 4280 3389 4349 xx).
3439 4296 3458 4330 ι
3497 4277 3613 4331 Lux
3654 4277 3803 4330 enim

2222 4376 2427 4448 gratim,
2454 4390 2573 4444 qua:
2596 4376 2829 4443 desuper
2854 4374 3022 4436 venit,
3049 4372 3373 4442 spiraculum
3400 4369 3641 4425 hominis
3666 4384 3805 4440 prte-

2220 4473 2330 4521 stat
2357 4465 2426 4519 ad
2451 4465 2636 4520 vitam.
2660 4463 2790 4531 Quae
2815 4463 3064 4519 videlicet
3090 4462 3178 4517 lux
3208 4462 3387 4517 cumis
3417 4470 3626 4516 sect-etc
3656 4461 3805 4515 inve-

531 4550 669 4604 Sunt
691 4549 835 4604 enim
855 4548 948 4619 qui
975 4549 1228 4605 dicuntur
1248 4548 1429 4614 amici,
1444 4549 1539 4604 sed
1564 4550 1736 4622 magis
1755 4549 2117 4605 ostenduntur
2138 4543 2193 4604 D
2218 4556 2419 4626 stigm
2444 4555 2668 4618 dicitur,
2690 4553 2818 4622 quia
2849 4553 3058 4609 occulta
3088 4552 3284 4609 mentis
3312 4559 3618 4622 penetrant,
3646 4560 3711 4603 ut
3734 4564 3802 4603 ea

528 4659 650 4700 esse
670 4644 893 4710 inimici,
920 4642 1047 4713 quia
1064 4641 1414 4712 egrediuntur
1434 4642 1502 4698 ad
1521 4642 1881 4719 inimicitia),
1904 4641 2111 4708 odium,

506 4742 585 4794 .et
626 4733 835 4799 rixam;
879 4742 937 4790 et
980 4732 1224 4788 convicia
1260 4732 1568 4787 denudent:
1596 4731 1842 4787 convivat
1888 4731 2024 4785 ﬂant
2059 4738 2116 4786 et

529 4826 661 4881 socii
684 4840 901 4891 mensas,
924 4825 1021 4881 sed
1042 4838 1151 4881 neu
1186 4834 1507 4896 permanent
1534 4824 1591 4879 in
1629 4824 1718 4879 die
1753 4824 2111 4881 necessitatis.

533 4916 690 4973 Tales
715 4925 839 4974 sunt
878 4917 1218 4983 hodieteuus,
1244 4917 1338 4987 qui
1384 4916 1678 4973 carnaliter
1713 4916 1955 4973 viventes
2002 4916 2116 4971 suis

531 5009 937 5065 exsecutoribus
985 5008 1353 5072 blandiuntur,
1381 5018 1436 5063 et
1473 5008 1810 5079 voluptatum
1847 5015 2115 5061 amatores

507 5101 705 5170 magis
751 5111 877 5156 sunt
913 5115 1075 5170 quam
1122 5100 1219 5155 Dei
1250 5118 1263 5153 :
1300 5109 1358 5155 ct
1399 5100 1525 5154 dum
1555 5100 1660 5154 hoc
1684 5097 2114 5155 consentiunt-in

530 5189 741 5259 peccati
769 5190 1077 5261 voraginem
1099 5205 1195 5247 eos
1230 5202 1414 5245 secum
1446 5190 1684 5251 trahunt,
1718 5188 1791 5242 ita
1812 5197 1870 5242 ut
1892 5188 2117 5243 sceleris

532 5282 618 5337 sui
652 5292 932 5337 consortes
947 5284 1216 5338 cruciatus
1242 5285 1429 5339 aeterni
1467 5283 1671 5338 faciant
1702 5282 1820 5337 illos
1848 5297 1968 5338 esse
1990 5298 2116 5351 par-

536 5372 750 5443 ticipes.
779 5372 991 5441 Quanta
1014 5382 1193 5429 autem
1219 5374 1303 5428 vis
1329 5388 1474 5429 verte
1509 5371 1760 5427 amicitia:
1785 5371 1875 5435 sit,
1908 5384 1976 5424 ex
2016 5370 2119 5424 hoc

534 5463 779 5535 intelligt/
807 5465 1044 5519 maxime
1090 5475 1288 5536 potest,
1344 5466 1487 5536 quod
1514 5480 1583 5519 ex
1620 5462 1829 5519 inﬂata
1858 5462 2119 5517 societate

535 5556 751 5628 generis
786 5556 1039 5622 humani,
1091 5570 1250 5626 quam
1296 5555 1607 5613 conciliavit
1636 5554 1752 5625 ipsa
1802 5560 2016 5619 munra,
2046 5552 2121 5606 ita

537 5654 815 5704 cuturacta
838 5661 929 5723 res
960 5655 1045 5704 est
1070 5657 1127 5704 et
1172 5648 1400 5704 adducta
1429 5647 1482 5701 in
1518 5655 1824 5717 angustum,
1860 5653 1922 5701 ut
1942 5645 2121 5699 omnis

539 5734 778 5789 cbaritas
806 5738 900 5786 aut
923 5740 1062 5787 inter
1087 5739 1238 5795 duos.
1265 5747 1357 5792 aut
1381 5738 1527 5794 inter
1548 5751 1752 5809 paucos
1772 5737 2116 5807 iungeretur.

2220 4662 2342 4717 qm
2372 4647 2546 4717 ipsam
2578 4645 2818 4700 latebunt
2848 4646 3083 4699 animam
3103 4685 3118 4708 ,
3147 4652 3271 4699 ante
3305 4644 3423 4713 eius
3448 4641 3622 4696 ticum
3666 4656 3802 4695 ocu-

2214 4743 2304 4796 los
2331 4740 2574 4795 reducat.
2607 4738 2747 4793 Hinc
2769 4752 2983 4808 quoque
3008 4738 3128 4807 ipse
3161 4736 3425 4791 latomias
3460 4734 3514 4787 in
3561 4734 3805 4789 anterio-

2223 4830 2374 4885 ribes
2421 4828 2499 4883 ait
2528 4846 2542 4882 :
2576 4846 2596 4879 ι
2631 4826 2890 4883 Ventrem
2924 4840 3103 4880 meum
3131 4824 3318 4889 doleo,
3342 4831 3590 4878 ventrem
3616 4836 3803 4876 nicum

2220 4921 2381 4976 "doleo
2402 4920 2630 4990 (Jereut.
2654 4920 2752 4989 tv).
2779 4938 2798 4971 ι
2820 4918 2923 4984 Qui
2950 4926 3011 4973 ut
3035 4926 3284 4972 ventrem
3306 4932 3464 4971 suum
3485 4916 3615 4985 quid
3636 4915 3805 4969 dixis-

2223 5017 2309 5065 set
2331 5010 2666 5073 ostenderet,
2697 5007 2979 5076 adiunxit:
3024 5026 3043 5060 t
3089 5006 3295 5063 Sensus
3318 5007 3505 5063 cordis
3528 5007 3633 5060 mei
3688 5014 3806 5058 Inr-

2223 5102 2337 5158 ἥιιί
2375 5100 2514 5155 suut'
2532 5098 2744 5170 (Ibid).
2774 5118 2797 5153 ‘|
2836 5099 2989 5155 Uteri
3008 5099 3198 5168 itaque
3220 5099 3440 5154 nomine
3466 5106 3619 5152 recte
3644 5112 3807 5151 ruens

2224 5191 2509 5260 accipitur,
2530 5190 2662 5261 quia
2690 5191 3038 5261 sicutzprolcs
3068 5192 3122 5245 in
3166 5199 3321 5246 utero
3363 5191 3680 5253 concipitur,
3726 5189 3802 5240 sic

2221 5282 2481 5353 cogitatio
2505 5282 2561 5337 in
2582 5289 3078 5341 mentiemur
3100 5289 3114 5326 :
3133 5280 3189 5327 et
3208 5272 3351 5327 sicut
3368 5274 3426 5326 il
3452 5282 3638 5328 ventre
3669 5275 3800 5337 cibi,

2222 5367 2297 5420 ita
2334 5364 2683 5420 continentur
2710 5364 2764 5418 in
2806 5374 2987 5419 mente
3010 5364 3383 5435 cogitationes.
3416 5363 3618 5419 Fidelis
3650 5366 3802 5419 enim

2223 5458 2405 5512 anima
2430 5457 2825 5513 testationibus
2869 5456 3032 5511 variis
3068 5455 3318 5527 fatigata,
3343 5457 3536 5511 merito
3559 5471 3619 5511 sc
3654 5456 3806 5512 intus

2221 5550 2463 5620 ferisque
2503 5558 2682 5604 morte
2719 5549 2882 5604 simili
2915 5550 3155 5604 attritum
3184 5548 3456 5618 deplorat,
3494 5548 3623 5618 quia
3665 5546 3804 5601 foris

2220 5640 2692 5712 persccutionibus
2724 5648 2780 5693 et
2812 5639 2956 5693 intus
3007 5638 3269 5709 angustiis
3318 5638 3545 5693 lacerari
3590 5646 3651 5690 sc
3692 5650 3803 5690 non

2222 5735 2455 5803 ignorat.
2483 5731 2637 5799 Saepe
2663 5731 2806 5785 enim
2830 5730 2963 5784 foris
2980 5729 3204 5800 ﬂagellis
3228 5728 3533 5791 attcrimur,
3565 5735 3621 5781 et
3652 5726 3805 5780 intus
