4044 6326
283 369 422 432 1197

1126 365 1490 425 EXPOSITIO
1525 366 1751 422 SUPER
1789 366 2154 422 JEREMIAM.
2194 398 2264 408 —
2301 368 2429 424 LIB.
2470 369 2652 426 XVIII.

3399 376 3535 432 U98

280 490 483 547 carnali
509 489 854 560 suggestione
885 485 1190 556 fatigamur.
1222 483 1376 538 Unde
1407 497 1550 536 nunc
1591 481 1854 536 Jeremias
1881 483 1933 544 Α
1959 478 2138 533 futura
2155 481 2488 550 probibetur,
2504 483 2601 538 sed
2616 485 2741 539 dum
2759 484 3032 556 inopinata
3061 488 3206 543 salus
3227 493 3537 559 percussio-

280 583 335 636 in
368 581 617 650 praesenti
653 579 1036 632 lamentatione
1073 574 1335 645 deplorat,
1375 574 1562 628 dicens
1591 590 1605 627 :
1644 591 1663 624 ι
1699 571 1856 627 Foris

281 672 537 727 interﬁcit
573 672 799 740 gladius,
842 677 897 724 et
916 669 1060 724 domi
1089 682 1236 722 mors
1263 666 1454 720 similis
1496 673 1600 720 est.
1641 681 1660 716 ι
1699 664 1856 720 Foris

280 763 427 817 enim
454 762 658 833 gladius
684 760 960 824 interﬁcit,
983 773 1104 814 cum
1133 771 1230 812 nos
1255 757 1492 811 exterius
1521 754 1719 810 feriens
1739 756 1859 809 vin-

281 855 425 909 dicta
449 852 692 916 contlcit;
716 852 811 906 sed
833 851 976 905 domi
1003 864 1147 904 mors
1171 843 1362 904 similis
1381 854 1504 912 est,
1533 846 1660 917 quia
1688 853 1744 901 et
1762 844 1861 900 lla-

281 948 422 1019 gella
451 948 666 1017 quidem
695 945 925 1000 sustinet
950 984 964 1009 ,
1009 951 1063 997 et
1093 949 1271 996 tamen
1302 942 1444 995 intus
1470 938 1800 995 conscientia
1827 951 1860 992 a

281 1037 642 1092 tentationum
663 1035 910 1090 sordibus
932 1035 1129 1088 munda
1145 1047 1250 1087 non
1274 1036 1374 1087 εει.
1401 1031 1535 1087 llinc
1551 1031 1720 1086 David
1743 1030 1818 1084 ait
1840 1046 1856 1084 :

289 1147 310 1178 ε
344 1127 500 1180 Fiant
523 1133 775 1194 tanquam
809 1124 982 1194 pulvis
1011 1130 1133 1177 ante
1156 1123 1347 1179 faciem
1371 1123 1540 1188 venti,
1563 1130 1617 1177 et
1640 1122 1860 1193 angelus

283 1218 496 1271 Domini
522 1217 759 1286 ailligens
787 1231 880 1270 eos
910 1213 1082 1286 (Psal.
1109 1217 1170 1285 1).
1211 1234 1230 1265 ι
1267 1214 1402 1281 Quia
1430 1213 1572 1268 enim
1620 1214 1672 1266 in
1700 1213 1862 1281 corde

283 1325 382 1363 suo
400 1308 868 1363 auratentationis
895 1307 1120 1377 rapitur,
1150 1306 1305 1374 quasi
1345 1314 1470 1360 ante
1496 1304 1642 1359 venti
1666 1303 1861 1358 faciem

281 1400 460 1468 pulvis
509 1401 767 1453 elevatur.
823 1399 956 1452 Dum
1005 1399 1147 1452 inter
1201 1400 1315 1453 haec
1361 1397 1543 1452 divina
1597 1395 1863 1451 districtio

285 1493 548 1560 percutit,
586 1493 714 1562 quid
757 1477 901 1545 aliud
942 1493 1102 1560 quam
1142 1490 1363 1562 angelus
1403 1489 1615 1544 Domini
1643 1486 1863 1560 afﬂigit?

283 1582 393 1636 Sed
422 1585 537 1637 haec
558 1583 716 1637 aliter
745 1591 976 1652 aguntur
1003 1599 1032 1636 a
1081 1583 1345 1652 reprobis,
1379 1583 1536 1637 aliter
1555 1582 1625 1636 ab
1655 1582 1860 1637 electis.

279 1673 500 1726 illorum
525 1679 755 1741 namque
784 1673 947 1726 corda
973 1672 1044 1726 ita
1077 1679 1373 1737 tentantur,
1401 1681 1458 1725 ut
1485 1671 1823 1725 consentiant
1847 1687 1861 1724 :

275 1765 516 1817 'istor'um
575 1779 704 1817 vero
754 1764 1077 1819 tentationes
1125 1765 1339 1832 quidem
1388 1764 1716 1833 suscipiunt,
1771 1763 1865 1838 sed

1962 585 2085 623 nem
2131 573 2401 640 sequitur,
2459 573 2716 630 salvantis
2775 576 2949 632 virtus
2999 581 3211 650 cognita
3260 583 3540 642 ardentius

1961 671 2191 716 ametur.
2225 662 2358 718 Cum
2386 665 2634 722 innoxius
2661 667 2871 740 ﬂagello
2911 672 3181 738 atteritur,
3206 674 3255 729 ei
3295 690 3394 746 per
3440 679 3540 745 pti-

1963 751 2209 806 ti'entiam
2261 765 2469 807 summa
2518 757 2839 812 cumuletur.
2892 758 3044 825 Quod
3087 761 3250 816 etiam
3294 764 3542 835 exemplo

1963 842 2173 912 prolato
2200 843 2431 899 lucidius
2456 845 2536 899 lit.
2557 846 2859 917 Aliquando
2894 852 3037 907 enim
3072 864 3326 923 peccator
3350 872 3546 927 percu-

1964 933 2115 999 titur,
2139 943 2198 989 ut
2247 936 2449 1006 absque
2497 941 2877 997 retractatione
2915 944 3191 1013 puniatur,
3221 946 3362 1001 sicut
3394 949 3542 1018 peri-

1965 1035 2102 1081 tura:
2138 1026 2336 1082 Judaem
2383 1028 2625 1084 dicitur:
2672 1050 2691 1082 ι
2742 1030 2902 1103 Plaga
2953 1035 3156 1090 inimici
3202 1041 3447 1106 percussi
3493 1049 3546 1096 te

1966 1118 2319 1189 castigatione
2339 1112 2543 1174 crudeli
2568 1121 2702 1191 (Jer.
2733 1124 2886 1195 Xxx).
2923 1145 2942 1178 ι
2978 1126 3043 1180 Ει
3066 1143 3317 1184 rursum:
3355 1150 3372 1181 ι
3405 1130 3548 1198 Quid

1965 1209 2170 1264 clamas
2197 1210 2262 1263 ad
2289 1225 2374 1264 tne
2395 1225 2560 1281 super
2585 1214 2911 1270 contritione
2940 1218 3074 1272 tua?
3117 1218 3436 1277 lnsanabilis
3465 1231 3552 1278 est

1968 1301 2122 1356 dolor
2146 1311 2288 1356 tuus.
2330 1322 2348 1355 ι
2383 1302 2454 1357 Ut
2494 1305 2800 1375 corrigatur
2828 1315 3007 1362 autem
3052 1309 3337 1378 aliquando
3365 1329 3551 1382 pecca-

1969 1402 2056 1448 tor
2081 1394 2401 1464 percutitur,
2431 1401 2489 1448 ut
2507 1395 2582 1448 ait
2615 1395 2872 1452 Dominus
2902 1398 2954 1452 in
2985 1398 3274 1469 Evangelio
3308 1419 3319 1453 :
3359 1421 3377 1451 ι
3413 1403 3552 1458 Ecce

1970 1499 2137 1540 sanus
2166 1484 2340 1540 factus
2367 1500 2454 1549 es,
2479 1484 2590 1553 jam
2614 1487 2722 1542 noli
2746 1503 2972 1557 peccare
2999 1488 3185 1562 (Joan.
3212 1489 3288 1562 v).
3325 1511 3344 1545 ι
3376 1494 3553 1549 Verba

1969 1577 2117 1630 enim
2167 1576 2426 1632 salvantis
2455 1578 2716 1644 indicant,
2764 1581 2891 1650 quia
2941 1590 3163 1651 peccata
3191 1585 3554 1653 praecedentia

1971 1665 2141 1722 habiti
2189 1666 2294 1720 vim
2358 1667 2559 1722 doloris
2607 1669 2908 1740 exigebant.
2957 1670 3262 1741 Aliquando
3323 1675 3553 1744 quisque

1976 1772 2082 1811 non
2132 1772 2230 1827 pro
2273 1759 2547 1828 praeterita
2584 1759 2738 1830 culpa
2770 1760 3053 1828 diluenda,
3083 1763 3177 1818 sed
3225 1779 3325 1833 pro
3374 1765 3556 1821 futura

287 1863 606 1924 repugnant.
666 1855 879 1910 Illorum
923 1867 1028 1910 cor
1083 1855 1472 1912 delectabiliter
1527 1859 1758 1926 capitur,
1810 1837 1866 1910 et
1891 1837 1942 1897 Β
1967 1847 2183 1902 νίκδηάἱι
2212 1849 2530 1917 Pertimui"-
2583 1848 2734 1916 Ουοά
2768 1860 2953 1920 aperte
2997 1851 3196 1908 Ρίὶυίυδ
3243 1856 3308 1910 de
3355 1866 3554 1912 semel-

287 1947 332 2000 si
374 1946 441 1999 ad
487 1954 694 2015 tempus
741 1947 883 2015 quod
924 1947 1061 2000 male
1098 1949 1423 2017 suggeritur,
1459 1949 1731 2018 displicet,
1763 1951 1867 2004 sed

288 2037 754 2105 postmodum-per
781 2037 1224 2092 deliberationem
1267 2037 1432 2093 lubet.
1475 2038 1564 2093 lsti
1615 2053 1743 2093 vero
1787 2039 1868 2094 sic

289 2132 646 2184 tentationtim
672 2129 850 2198 jacula
881 2132 1154 2201 excipiunt
1181 2173 1196 2197 ,
1226 2140 1283 2186 ut
1310 2147 1522 2204 semper
1565 2133 1868 2189 resistendo

289 2221 610 2291 fatigentur,
641 2230 697 2276 et
726 2222 770 2275 si
801 2223 1017 2290 quando
1061 2237 1234 2291 usque
1265 2224 1332 2275 ad
1378 2222 1717 2277 dilectionem
1749 2230 1868 2277 ten-

292 2321 401 2366 tata
456 2321 606 2366 mens
631 2312 1083 2382 rapiturz'ipsam
1131 2320 1312 2366 tamen
1361 2313 1520 2367 citius
1567 2313 1868 2382 subr‘eptio-

292 2420 415 2460 nem
445 2421 558 2460 suae
597 2405 970 2459 delectationis
999 2405 1326 2459 erubescunt
1353 2445 1368 2469 ,
1395 2412 1451 2458 et
1481 2404 1605 2458 forti
1640 2414 1870 2459 censura

289 2498 615 2566 redarguunt
642 2495 902 2565 quidquid
929 2496 1072 2549 intra
1115 2500 1494 2566 se'beurgere
1522 2493 1737 2551 carnale
1777 2497 1870 2551 de-

289 2589 647 2657 prehendunt.

361 2677 474 2732 Sin.
514 2697 532 2729 ‹
569 2679 869 2732 Audierunt
890 2678 1013 2748 quia
1040 2678 1334 2749 ingemisco
1379 2693 1509 2749 ego,
1541 2687 1598 2734 et
1635 2691 1740 2735 non
1787 2690 1872 2737 est
1912 2685 1916 2688 ’

295 2789 313 2819 ι
355 2771 448 2838 qui
475 2769 783 2823 conSoletur
827 2783 932 2824 me.
982 2769 1181 2824 Omnes
1211 2770 1415 2825 inimici
1444 2772 1547 2825 mei
1584 2773 1873 2828 audierunt

295 2881 312 2912 ι
359 2862 562 2916 malum
592 2861 1084 2929 meum,"Domine,
1117 2863 1279 2920 laetati
1335 2873 1462 2919 sunt
1510 2867 1762 2935 quoniam
1813 2874 1872 2921 tu

298 2973 314 3003 ι
361 2953 554 3008 fecisti.
586 2955 870 3009 Adduxisti
901 2955 1041 3009 diem
1065 2956 1465 3020 consolationis,
1487 2965 1541 3010 et
1568 2957 1697 3012 lient
1717 2958 1870 3012 simi-

295 3071 310 3100 ι
361 3045 435 3103 lcs
459 3047 585 3100 mei.
627 3066 644 3096 ι
677 3047 929 3101 Anxianti
971 3037 1165 3101 animte
1205 3061 1262 3102 et
1308 3049 1580 3104 laboribus
1626 3047 1867 3116 alllictte,

272 3141 391 3197 'hoc
429 3144 644 3199 videtur
687 3151 806 3192 esse
846 3147 1193 3206 augmentum
1239 3139 1455 3204 doloris,
1489 3142 1630 3209 quod
1672 3140 1760 3194 ille
1814 3141 1868 3195 in

1967 1942 2087 2011 ipso
2137 1941 2305 1996 dicit:
2345 1959 2363 1992 ι
2414 1941 2493 1997 Ne
2545 1944 2860 2014 magnitudo
2899 1945 3287 2002 revelationum
3333 1948 3557 2003 extollat

1968 2045 2079 2099 me,
2123 2052 2142 2085 ›
2173 2042 2226 2088 et
2253 2042 2447 2088 caetera
2484 2031 2534 2105 (1
2569 2032 2690 2087 Cor.
2740 2035 2862 2106 xu).
2896 2033 3014 2090 Non
3063 2037 3159 2102 ait,
3201 2038 3427 2103 extollit,
3461 2039 3556 2094 sed

1969 2139 2033 2177 ne
2061 2121 2298 2186 extollat,
2323 2131 2509 2192 aperte
2535 2122 2782 2180 indicans
2817 2126 2959 2196 quod
2993 2128 3341 2196 percussione
3372 2129 3463 2183 illa
3491 2145 3560 2186 ne

1967 2213 2182 2267 eveniat
2215 2213 2608 2284 compescitur,
2645 2230 2753 2270 non
2783 2231 2903 2286 quae
2929 2219 3109 2273 evenit
3154 2219 3310 2289 culpa
3353 2235 3554 2291 purga—

1971 2313 2076 2360 tur.
2127 2305 2524 2376 Nonnunquam
2588 2322 2718 2362 vero
2746 2308 2976 2378 quisque
3015 2324 3118 2365 nec
3144 2325 3244 2380 pro
3283 2311 3558 2381 prteterita

1969 2412 2144 2466 neque
2198 2396 2378 2452 futura
2407 2397 2695 2468 iniquitate
2737 2399 3060 2468 percutitur,
3108 2400 3205 2455 sed
3238 2409 3298 2454 ut
3333 2400 3446 2455 sola
3473 2402 3556 2455 di-

1968 2490 2108 2546 vinae
2171 2491 2386 2546 virtutis
2450 2492 2691 2561 potentia
2751 2507 2818 2547 ex
2874 2500 3154 2562 amputata
3212 2494 3562 2564 percussione

1970 2591 2320 2638 monstretur.
2349 2582 2500 2639 Unde
2525 2599 2646 2638 cum
2680 2583 2905 2639 Domino
2930 2585 2985 2638 in
3015 2585 3305 2656 Evangelio
3328 2587 3393 2641 de
3414 2601 3558 2642 caeco

1972 2681 2099 2727 nato
2136 2674 2373 2729 dicitur:
2410 2693 2430 2726 ι
2465 2673 2563 2729 llic
2589 2675 2854 2744 peccavit,
2887 2683 2982 2729 aut
3024 2684 3278 2745 parentes
3330 2675 3469 2744 ejus,
3503 2682 3565 2730 ut

1971 2780 2147 2821 caecus
2197 2774 2544 2834 nasceretur,
2600 2786 2619 2818 ι
2674 2767 2949 2838 reSpondit
2993 2767 3250 2823 Dominus
3302 2768 3488 2822 dicens
3543 2781 3556 2822 ε

1978 2876 1996 2907 ι
2042 2856 2226 2926 Neque
2277 2858 2368 2913 hic
2411 2859 2679 2927 peccavit,
2712 2875 2886 2930 neque
2912 2866 3164 2929 parentes
3204 2860 3342 2931 ejus,
3375 2862 3468 2916 sed
3506 2867 3565 2914 ut

1974 2950 2386 3005 manifestentur
2425 2967 2590 3020 opera
2639 2951 2736 3005 Dei
2767 2952 2822 3005 in
2850 2951 2939 3005 illo
2969 2951 3150 3023 (Joan.
3183 2951 3279 3024 ix).
3324 2973 3342 3005 ι
3373 2952 3428 3007 1η
3456 2968 3561 3020 qua

1973 3040 2412 3096 manifestatione
2455 3041 2582 3110 quid
2623 3042 2824 3110 agitur,
2875 3043 2977 3096 nisi
3002 3050 3060 3095 ut
3100 3058 3168 3096 ex
3211 3041 3420 3112 ﬂagello
3445 3060 3561 3098 me-

1972 3133 2201 3188 ritorum
2233 3135 2406 3188 virtus
2451 3143 2731 3205 augeatur,
2767 3150 2956 3204 magna
2987 3134 3054 3188 de
3096 3135 3357 3203 patientia
3409 3135 3560 3190 furti-

285 3241 394 3300 "quo
435 3247 583 3302 spem
623 3237 812 3291 habmi
832 3229 1229 3303 ουιιδυξλιιῐυιιὶς,
1269 3229 1443 3283 dill‘crt
1483 3245 1638 3298 opem
1679 3229 1870 3285 uﬂ‘erre

1979 3223 2102 3277 tudo
2127 3224 2450 3293 generetur?
2477 3221 2582 3277 Sed
2614 3224 2738 3276 dum
2779 3222 2922 3292 juste
2966 3223 3224 3279 Dominus
3272 3225 3564 3294 unicuique

288 3324 486 3379 solatii.
517 3323 627 3380 Nec
653 3342 757 3380 non
792 3337 847 3381 et
877 3329 982 3383 hoc
1019 3331 1316 3382 maximum
1349 3321 1422 3382 iiii
1465 3321 1701 3374 “Morem
1731 3323 1874 3393 inge-

293 3414 380 3477 rit,
410 3415 552 3482 quod
577 3427 696 3468 eam
723 3417 928 3470 inimici
950 3419 1230 3483 derident,
1256 3420 1407 3486 quasi
1434 3435 1524 3487 spe
1557 3421 1812 3473 frusir-‘Jn
1843 3429 1874 3466 εὶ

290 3504 515 3558 Domino
557 3520 652 3559 suo
687 3507 823 3560 hanc
851 3509 1076 3561 haberet
1105 3509 1451 3561 calun‘iniam.
1485 3509 1610 3562 Tal:
1639 3522 1722 3563 est
1745 3511 1874 3567 illud

288 3595 585 3652 Psalmistze
633 3615 644 3650 :
707 3617 724 3646 ι
781 3597 882 3663 Qui
932 3599 1334 3664 custodiebant,
1388 3599 1589 3668 inquit,
1636 3603 1873 3656 animam

293 3698 486 3748 meam,
522 3687 804 3741 consilium
834 3688 1078 3741 fecerunt
1105 3689 1157 3741 in
1201 3705 1387 3753 ιιιιιιιιι,
1417 3689 1658 3744 dicentes
1689 3705 1702 3742 :
1734 3692 1875 3745 Deus

292 3776 575 3845 dereliquit
637 3791 799 3842 eum,
849 3779 1273 3846 persequimini,
1329 3791 1384 3833 et
1435 3781 1874 3850 comprehendite

291 3883 413 3923 eum
451 3868 574 3938 quia
619 3881 728 3922 non
778 3877 859 3922 est
900 3870 991 3937 qui
1039 3870 1231 3937 eripiet
1267 3885 1388 3924 eum
1441 3867 1613 3942 (Psal.
1659 3873 1807 3942 Lxx).
1849 3892 1868 3924 ι

291 3961 359 4015 Ει
388 3963 439 4014 in
463 3962 752 4033 Evangelio
778 3961 946 4017 Judaei
967 3962 1253 4017 Dominum
1277 3964 1330 4017 in
1358 3979 1520 4018 cruce
1556 3974 1874 4035 suspensum

293 4051 589 4106 irridebant
616 4093 628 4118 ,
653 4053 894 4108 dicentes
921 4073 932 4106 :
972 4075 986 4105 ι
1021 4055 1168 4110 Alios
1217 4055 1394 4110 salvos
1426 4055 1572 4122 fecit,
1595 4071 1653 4111 se
1700 4058 1872 4126 ipsum

289 4153 398 4198 non
424 4153 602 4214 potest
627 4145 829 4199 salvum
866 4146 1064 4200 facere.
1093 4146 1151 4201 Si
1183 4161 1278 4201 rex
1306 4147 1471 4201 Israel
1503 4159 1607 4213 est,
1649 4148 1875 4203 descen-

293 4236 382 4290 dat
405 4252 545 4290 nunc
570 4237 636 4292 de
679 4253 860 4303 cruce,
888 4246 947 4292 et
985 4240 1268 4294 credemus
1296 4239 1368 4292 ei.
1399 4236 1632 4293 Confidit
1658 4241 1712 4294 in
1742 4241 1870 4305 Deo,

292 4328 478 4382 liberet
505 4343 628 4383 eum
657 4343 796 4382 nunc
819 4331 864 4383 si
887 4329 1223 4401 vult(rllauh.
1243 4330 1431 4400 xxvu).
1455 4349 1474 4381 ι
1509 4330 1615 4384 Sed
1644 4331 1764 4384 talis
1799 4345 1874 4383 to-

285 4419 447 4487 quela
474 4418 755 4473 manifesta
769 4428 850 4472 est
866 4413 1215 4488 blasphemia,
1231 4433 1350 4487 qua:
1376 4434 1479 4472 non
1495 4419 1639 4473 lasdit
1662 4419 1874 4489 pericli-

293 4518 514 4573 tantem,
546 4512 644 4564 s'e‘d
685 4512 940 4564 interficit
965 4511 1446 4579 blaSphemantem.
1480 4510 1596 4564 Non
1619 4519 1698 4564 est
1729 4513 1870 4565 enim

295 4603 348 4655 in
370 4601 476 4654 ullo
511 4601 1009 4669 reprehendendum
1042 4599 1303 4668 judicium
1345 4600 1463 4662 Dei,
1496 4601 1638 4670 quod
1660 4615 1874 4671 semper

287 4690 490 4760 justum
515 4690 857 4758 est,'etjuste
885 4691 1122 4760 disponit
1145 4691 1348 4757 omnia,
1379 4692 1472 4745 sed
1505 4693 1872 4746 venerandum

295 4793 455 4853 atque
497 4782 813 4846 timendum,
842 4784 972 4852 quia
1001 4784 1182 4837 omnia
1235 4797 1570 4854 quaecunque
1615 4784 1728 4838 vult
1770 4784 1876 4839 Do-

259 4872 268 4913 l
292 4877 501 4941 minus,
528 4874 656 4929 facit
687 4875 739 4928 in
764 4875 900 4930 caelo
928 4884 983 4929 et
1006 4875 1060 4929 in
1090 4884 1255 4941 terra,
1282 4876 1338 4930 in
1363 4876 1502 4930 mari
1529 4885 1583 4930 et
1612 4877 1666 4930 in
1701 4877 1876 4931 omni-

292 4969 392 5024 bus
421 4969 628 5040 abyssis
661 4966 868 5035 :justus
895 4969 1151 5023 Dominus
1174 4968 1228 5022 in
1255 4969 1507 5024 omnibus
1533 4970 1637 5024 viis
1665 4970 1794 5032 suis,
1821 4977 1878 5024 et

295 5068 514 5114 sanctus
545 5059 596 5112 in
627 5059 876 5113 omnibus
918 5059 1175 5128 operibus
1219 5059 1364 5125 suis,
1408 5074 1508 5114 nec
1537 5059 1875 5130 derelinquet

297 5166 480 5205 omnes
527 5162 805 5222 sperantes
833 5151 888 5205 in
929 5167 1009 5216 se,
1033 5150 1140 5205 imo
1165 5153 1440 5209 orationes
1481 5168 1665 5208 eorum
1709 5168 1873 5208 exau-

300 5239 424 5299 diet,
450 5245 503 5290 et
529 5241 704 5292 saiVos
749 5242 912 5297 faciet
937 5258 1050 5297 eos.
1107 5243 1213 5297 Sed
1242 5245 1540 5298 notandum
1580 5245 1723 5314 quod
1751 5258 1873 5315 per-

301 5327 603 5382 cussionum
655 5327 862 5381 diversa
909 5335 1036 5380 sunt
1081 5334 1322 5396 genera.‘
1347 5335 1466 5382 Alia
1505 5352 1746 5399 namque
1791 5347 1876 5386 est

299 5420 594 5492 percussio,
627 5433 730 5488 qua
751 5421 1006 5487 peccator
1033 5419 1350 5487 percutitur,
1378 5428 1438 5472 ut
1457 5420 1573 5474 sine
1604 5429 1869 5476 retracta-

297 5511 446 5566 tiOne
466 5510 739 5578 puniatur,
779 5509 884 5562 alia
905 5521 1006 5579 qua
1031 5520 1280 5578 peccator
1303 5511 1623 5580 percutitur,
1654 5522 1713 5565 ut
1753 5528 1872 5567 cor-

305 5603 525 5671 rigatur,
554 5600 655 5651 alia
682 5614 787 5667 qua
814 5615 1194 5667 nonnunquam
1237 5602 1504 5669 quispiam
1551 5605 1870 5669 percutitdr,

303 5703 409 5746 non
435 5690 776 5758 utprzetcrita
805 5691 1056 5756 corrigat,
1087 5691 1180 5742 scd
1212 5708 1275 5745 nc
1303 5699 1520 5743 ventura
1549 5693 1873 5755 committat,

307 5781 408 5837 alia
434 5795 528 5850 per
581 5793 738 5847 quam
783 5793 880 5832 nec
931 5782 1197 5847 praeterita
1229 5782 1383 5850 culpa
1433 5782 1738 5849 corrigitur,
1777 5799 1872 5834 nec

1977 3314 2269 3367 secundum
2317 3329 2478 3382 opera
2510 3329 2606 3367 sua
2652 3315 2919 3380 retribuit,
2967 3314 3256 3368 videndum
3302 3325 3385 3370 est
3432 3315 3563 3384 quid

1979 3405 2261 3472 sequitur:
2299 3424 2314 3454 α
2351 3404 2658 3468 Adduxisti,
2708 3405 2898 3473 inquit,
2955 3405 3095 3458 diem
3154 3405 3562 3473 consolationis,

1977 3504 2030 3554 il
2079 3496 2204 3549 (ΞΜ
2238 3495 2438 3555 simile-5
2486 3495 2611 3554 mei.
2647 3515 2665 3546 ι
2699 3493 3006 3556 Consolatio
3035 3510 3191 3570 ago,
3215 3513 3336 3573 quae
3365 3496 3562 3571 injuste

1976 3597 2249 3663 oppressis
2274 3611 2304 3646 a
2331 3594 2556 3647 Domino
2580 3595 2876 3658 confertur,
2909 3602 2962 3646 et
2987 3608 3170 3661 poena,
3198 3610 3317 3662 qua:
3342 3609 3563 3662 oppres-

1978 3686 2192 3740 soribus
2214 3700 2399 3737 eorum
2426 3684 2623 3737 merito
2649 3683 2906 3752 infligitur
2929 3723 2942 3747 ,
2972 3697 3035 3736 ex
3056 3681 3206 3748 justo
3238 3682 3441 3750 judicio
3462 3681 3560 3736 Dei

1976 3779 2296 3847 procedunt,
2331 3785 2389 3830 ut
2419 3775 2648 3844 recipiat
2683 3776 3050 3844 unusquisque
3073 3775 3286 3845 propria
3315 3773 3560 3842 corporis

1977 3878 2136 3939 prout
2175 3868 2373 3936 gessit,
2414 3868 2526 3921 sive
2572 3867 2772 3920 bonum
2819 3867 2932 3922 sive
2989 3868 3206 3921 malum.
3244 3867 3421 3921 'Pmna
3476 3873 3559 3920 est

1965 3960 2351 4030 reproborum,
2384 3960 2474 4028 qui
2507 3959 2684 4013 aliena
2718 3958 2974 4013 felicitate
2996 3961 3322 4014 cruciantur.
3372 3959 3556 4013 Addu-

1979 4053 2204 4120 citergo
2254 4051 2433 4104 divina
2477 4050 2785 4114 clementia,
2817 4060 2936 4119 post
2967 4051 3168 4104 illatam
3225 4051 3396 4105 servis
3448 4051 3559 4105 suis

1978 4144 2172 4213 ﬂagelli
2225 4143 2654 4213 correptionem,
2708 4143 2810 4212 pia:
2865 4144 3227 4198 miserationis
3277 4151 3559 4214 paternam

1979 4235 2420 4296 consolationeu‘i,
2452 4242 2508 4288 ut
2534 4241 2658 4304 post
2700 4233 3009 4288 diuturnum
3039 4233 3277 4288 laborem
3327 4233 3562 4287 habeant

1979 4326 2277 4394 respirandi
2323 4334 2683 4396 potestatem;
2747 4333 2802 4380 et
2867 4341 2898 4380 e
2941 4327 3214 4381 contrario
3267 4324 3558 4379 tortoribus

1977 4432 2162 4471 eorum
2194 4426 2316 4486 post
2355 4433 2551 4471 vanam
2583 4417 2767 4471 mundi
2797 4417 3035 4471 laetitiam
3077 4417 3238 4487 justas
3261 4417 3556 4471 damnatio-

1981 4507 2067 4560 nis
2115 4506 2305 4562 reddet
2359 4507 2668 4561 diuturnam
2726 4506 3053 4560 calamitatis
3107 4507 3451 4572 mmstitiam,
3499 4517 3560 4561 ut

1981 4598 2244 4666 recipiant
2299 4598 2354 4650 in
2396 4597 2700 4665 semetipsis
2752 4599 2893 4665 quod
2949 4597 3127 4665 inique
3179 4609 3460 4668 gesserunt
3501 4598 3557 4652 in

1977 4689 2260 4760 proximis.
2315 4690 2406 4743 Sic
2467 4688 2529 4741 ﬁt
2567 4698 2624 4741 ut
2673 4689 2929 4758 patientia
2987 4697 3294 4741 sanctorum
3333 4702 3559 4742 corone-

1982 4793 2089 4847 tur,
2115 4791 2169 4836 et
2198 4779 2463 4850 iniustitia
2503 4780 2808 4847 iniquorum
2851 4779 3121 4847 puniatur.
3147 4778 3300 4844 Quod
3324 4787 3380 4831 et
3416 4776 3556 4831 Pau-

1979 4875 2064 4930 lus
2114 4871 2388 4942 apostolus
2443 4871 2497 4924 in
2547 4869 2782 4940 Epistola
2830 4884 2925 4924 sua
2987 4867 3251 4933 ostendit,
3303 4867 3486 4922 dicens
3539 4888 3550 4921 :

1988 4989 2005 5020 ι
2043 4965 2254 5022 Justum
2283 4975 2365 5020 est
2415 4964 2552 5034 apud
2600 4965 2764 5020 Deum
2798 4963 3097 5019 retribuere
3151 4963 3550 5017 tribulationem

1976 5061 2061 5115 his
2107 5060 2194 5129 qui
2245 5074 2342 5112 vos
2372 5057 2654 5120 tribulant,
2679 5065 2736 5112 et
2760 5057 2931 5121 vobis,
2956 5057 3047 5126 qui
3081 5055 3428 5122 tribulamini,
3470 5071 3556 5111 re-

1976 5154 2156 5222 quiem
2204 5150 2519 5215 n'obiscum,
2577 5150 2633 5204 in
2680 5148 3009 5204 revelatione
3049 5148 3260 5202 Domini
3306 5147 3428 5204 Jesu
3486 5150 3552 5204 de

1973 5244 2112 5298 caelo
2135 5259 2256 5298 cum
2276 5242 2482 5313 angelis
2508 5241 2724 5295 virtutis
2751 5240 2886 5309 ejus.
2910 5240 2964 5293 ln
2984 5227 3199 5292 ﬂamma
3222 5240 3361 5310 ignis
3375 5239 3551 5295 dantis

1974 5334 2268 5384 vindictam
2313 5333 2398 5382 his
2448 5331 2539 5397 qui
2581 5347 2687 5382 non
2729 5338 2989 5382 noverunt
3018 5330 3208 5396 Deum,
3237 5341 3294 5384 et
3321 5330 3413 5400 qui
3441 5345 3551 5386 non

1977 5419 2236 5473 obediunt
2264 5418 2552 5487 Evangelio
2595 5419 2800 5472 Domini
2856 5420 3024 5473 nostri
3069 5418 3194 5474 Jesu
3237 5418 3438 5477 Christi
3465 5419 3550 5492 (II

1981 5509 2157 5563 Thess.
2192 5508 2283 5578 1).»
2327 5509 2403 5564 De
2424 5526 2531 5577 quo
2558 5511 2731 5564 adhuc
2752 5511 2997 5563 subditur
3036 5530 3046 5562 :

2053 5598 2222 5651 Tlum.
2267 5619 2283 5649 ι
2341 5599 2673 5669 lngrediatur
2703 5615 2861 5652 «mine
2895 5601 3089 5655 malum
3131 5618 3315 5655 eorum
3367 5618 3548 5655 coram

1984 5708 2002 5738 ‹
2053 5699 2123 5754 te,
2154 5700 2206 5742 et
2233 5699 2283 5742 tu
2319 5690 2588 5743 vindemia
2635 5707 2726 5744 eos
2762 5692 2895 5745 sicut
2934 5693 3269 5745 vindemiasti
3298 5707 3380 5740 me
3427 5704 3548 5754 pro-

1987 5801 2001 5827 ι
2051 5791 2168 5845 [iter
2216 5797 2403 5831 omnes
2453 5782 2760 5843 iniquitates
2805 5791 2970 5830 meas.
3015 5777 3159 5830 Mulli
3196 5780 3334 5829 cnim
3376 5779 3544 5843 germi-
