4044 6326
561 387 699 441 1205

1206 379 1264 433 Β.
1302 377 1553 443 nsum
1596 376 1813 437 muni
1850 374 2139 443 ARCHIEP

2242 373 2516 431 IOGUNT.
2551 372 2847 435 OPERUM
2874 373 3052 443 usus
3088 372 3170 428 ιιι.

561 517 685 557 nem
706 499 927 555 tradidit
942 497 1264 557 ftistivitates
1288 505 1351 558 et.
1370 495 1615 567 sabbata,
1647 504 1701 548 et
1725 502 1891 555 totum
1924 502 2139 564 gentem
2165 495 2215 565 Α
2241 494 2410 562 sxw).
2446 510 2468 545 ι
2491 490 2712 562 Mysticc
2740 499 2919 549 autem
2941 491 3137 560 repulit
3166 491 3423 553 Dominus
3449 489 3631 553 altare
3653 506 3864 557 muns,

563 605 823 661 spernens
848 587 1011 647 simul
1043 602 1183 647 cunt.
1197 586 1414 666 regiuns
1456 592 1519 651 et
1549 584 1917 649 sacerdotibus
1957 584 2013 638 in
2039 598 2139 653 op-

562 686 839 756 probrium
871 682 1199 753 captivitatis
1221 681 1388 741 dedit.
1422 681 1481 737 lu
1508 682 1729 743 tentorii
1756 681 1903 749 enim
1924 677 2143 739 nomine

563 784 620 832 et
650 775 1022 837 tabernaculi.
1054 773 1302 843 Quamvis
1336 772 1586 829 videatur
1633 788 1801 833 unum
1849 784 2045 829 sonare
2077 783 2144 825 eo

563 868 709 937 quod
756 866 1104 933 tabernacula
1145 866 1270 923 inde
1316 864 1426 921 sint
1476 865 1654 929 dicta,
1719 864 1865 934 quod
1921 861 2144 917 cortinae

565 960 814 1016 distenta
854 957 1070 1019 funibus
1126 957 1487 1017 tabernaculis
1533 958 1677 1013 intra
1734 955 2002 1013 stantibus
2050 968 2144 1023 ap-

566 1049 960 1121 penderentur,
1000 1064 1120 1119 quae
1166 1049 1403 1107 tentoria
1449 1048 1821 1109 sustinerent:
1866 1055 2045 1099 tamen
2086 1043 2144 1098 in

566 1139 799 1195 tentorio
837 1138 965 1199 illud
996 1138 1400 1199 tabernaculum
1427 1150 1569 1208 quoa
1614 1136 1826 1207 Moyses
1849 1135 1903 1189 in
1929 1135 2142 1189 deserto

567 1230 870 1294 fabricavit,
895 1239 950 1284 et
978 1232 1029 1289 in
1062 1230 1406 1291 tabernaculo
1435 1230 1536 1287 hoc
1564 1227 1820 1298 templum
1857 1226 1999 1296 quod
2045 1223 2144 1279 Sa-

566 1320 747 1375 lomon
772 1320 827 1375 in
868 1329 1010 1375 terra
1040 1321 1473 1391 repromissionis
1499 1319 1816 1384 aediﬁcavit,
1858 1333 2143 1388 possumus

566 1412 833 1483 accipere,
867 1429 987 1483 quas
1015 1422 1242 1483 utraque
1270 1423 1490 1484 propter
1539 1412 1742 1468 scelera
1778 1412 2144 1467 habitatorum

566 1502 825 1578 Dominus
851 1504 905 1560 in
937 1520 1130 1567 manus
1176 1498 1415 1565 hostium
1454 1504 1698 1569 tradidit,
1730 1504 1872 1560 sicut
1899 1503 1953 1559 in
1992 1502 2144 1557 Psal-

566 1594 702 1649 terio
738 1594 933 1665 legitur
964 1613 976 1649 :
1015 1613 1034 1645 ‹
1072 1594 1290 1665 Repulit
1315 1595 1723 1651 tabernaculum
1774 1594 1915 1658 Silo,
1958 1594 2141 1651 taber-

564 1684 818 1741 naculum
851 1702 1030 1752 suum,
1060 1687 1117 1741 in
1145 1701 1255 1756 quo
1277 1687 1545 1749 habitavit
1584 1687 1728 1749 inter
1765 1686 2016 1742 homines
2042 1704 2057 1740 :
2086 1693 2142 1741 et

564 1776 789 1832 tradidit
817 1777 875 1832 in
913 1778 1281 1847 captivitatem
1307 1778 1537 1841 virtutes
1572 1792 1762 1839 eorum
1781 1818 1796 1842 ,
1824 1787 1880 1834 et
1906 1776 2141 1849 pulchri-

2241 587 2456 657 quando
2481 587 2718 657 peccatis
2743 586 2951 645 nostris.
2968 583 3329 654 exigentibus,
3360 584 3525 653 quasi
3560 584 3862 653 ingratam

2241 676 2472 748 despicit
2518 692 2669 741 aram
2696 675 2879 741 cordis
2912 675 3103 740 nostri,
3127 682 3183 729 et
3209 674 3407 731 avertit
3446 672 3651 737 faciem
3687 689 3861 733 suam
3980 694 3981 699 π

2242 783 2283 835 a
2310 767 2485 833 nobis,
2512 767 2653 823 unde
2680 766 2812 829 salvi
2840 765 2957 831 licia
2985 766 3364 831 debueramus,
3390 767 3541 825 sicut
3568 767 3855 835 scriptura

2243 865 2365 913 est:
2393 875 2413 908 ι
2442 856 2677 925 Ostende
2714 857 2870 917 nobis
2915 857 3107 921 faciem
3139 866 3310 922 tuam.
3339 867 3397 913 et
3442 858 3587 915 salvi
3628 860 3853 916 minus

2243 947 2418 1032 (Pani.
2451 948 2655 1021 usis).
2691 968 2711 1003 ι
2751 948 2861 1004 Nec
2898 964 3089 1018 pasces
3130 959 3351 1013 ucstras
3369 952 3629 1023 attendit.
3666 969 3849 1024 neque

2242 1044 2544 1101 oblationes
2614 1043 2823 1113 recipit.
2892 1042 3162 1101 Maledicit
3223 1045 3647 1101 sanctiﬁcatinui
3710 1061 3844 1109 sua,

2244 1135 2459 1205 quando
2487 1133 2850 1193 Christianum
2881 1149 3077 1190 nomen
3124 1134 3180 1189 iu
3214 1151 3321 1204 quo
3363 1136 3767 1205 gloriabatuur,
3795 1148 3843 1191 et

2244 1224 2393 1294 quod
2437 1224 2491 1279 in
2543 1239 2704 1279 sacro
2759 1224 3081 1294 baptismate
3131 1240 3230 1294 per
3282 1227 3457 1283 sancti
3520 1227 3843 1282 chrismatis

2243 1318 2553 1375 unctionem
2593 1318 2949 1386 suscepimus,
2981 1315 3246 1386 pollutum
3273 1318 3512 1382 duxerit,
3540 1319 3679 1389 quia
3714 1318 3843 1373 faci-

2242 1425 2378 1469 nora
2405 1417 2584 1466 nostra
2614 1418 2670 1466 et
2692 1409 2845 1480 pravi
2873 1417 3027 1465 actus
3066 1409 3240 1477 nostri
3266 1408 3371 1465 hoc
3392 1420 3837 1478 promerueruat.

2244 1504 2431 1561 Tradit
2476 1503 2533 1559 in
2582 1519 2776 1560 manus
2832 1506 3075 1561 omnium
3128 1504 3475 1561 inimicorum
3520 1516 3837 1560 nostrorum

2242 1595 2423 1651 omnia
2467 1609 2618 1650 arma
2661 1603 2848 1649 nostra
2879 1602 2937 1649 et
2980 1595 3313 1653 munitiones
3344 1597 3397 1650 in
3430 1596 3639 1666 quibus
3668 1596 3839 1651 conﬁ-

2241 1687 2518 1752 debamus.
2546 1688 2801 1757 quantam
2834 1688 2888 1745 in
2912 1688 3060 1743 omni
3100 1691 3515 1745 conversatione
3548 1700 3741 1745 nostra
3773 1692 3837 1745 ad

2240 1776 2465 1837 nihilum
2495 1777 2700 1837 redacti
2734 1792 2938 1843 sumus,
2969 1794 3071 1836 nec
3095 1781 3412 1849 praepositms
3440 1796 3623 1852 neque
3649 1780 3835 1837 defen-

565 1866 779 1923 tudines
814 1843 1000 1922 eorum
1028 1868 1082 1925 in
1125 1883 1318 1933 manus
1363 1868 1568 1933 inimici
1612 1866 1797 1941 (Ρωι.
1853 1843 2079 1939 ιίινιι).
2112 1889 2137 1922 »η
2165 1843 2219 1917 Β
2244 1882 2397 1927 sares
2425 1868 2537 1938 jam
2564 1867 2723 1923 utiles
2750 1868 2953 1926 habere
2974 1843 3263 1931 meremur.
3290 1872 3418 1941 quia
3444 1872 3501 1928 in
3736 1873 3833 1927 Do-

564 1954 906 2027 Bursumque
928 1972 1026 2026 per
1064 1967 1383 2029 praesentem
1418 1959 1733 2030 ρτοριιβιμιη
1751 2000 1765 2025 ,
1801 1960 1857 2019 id
1880 1967 1969 2017 est
1986 1959 2143 2017 lere-

566 2047 754 2113 miam,
772 2047 1029 2104 Dominus
1050 2049 1102 2104 in
1124 2051 1491 2119 superioribus
1514 2051 1594 2115 ait
1619 2064 1636 2105 :
1664 2071 1682 2103 ‹
1714 2050 1937 2117 Faciam
1960 2050 2142 2113 domui

2243 1958 2398 2024 mitti,
2422 1958 2512 2015 ubi
2543 1957 2679 2023 laus,
2708 1958 2883 2015 honor
2912 1967 2969 2016 et
3012 1960 3181 2031 gloria
3230 1960 3589 2029 confessionis
3642 1978 3832 2018 sonare

2246 2050 2448 2117 debuit,
2464 2051 2540 2108 ibi
2560 2052 2766 2113 clamor
2783 2060 2842 2108 et
2858 2052 3191 2124 blasphemia
3211 2054 3487 2119 resultant
3500 2065 3553 2110 et
3587 2058 3832 2127 negotia-

565 2137 692 2192 huic
716 2138 771 2195 in
793 2153 898 2209 qua
914 2140 1219 2197 invocatum
1243 2149 1329 2198 est
1344 2157 1542 2205 nomen
1556 2157 1756 2209 meum,
1779 2150 1836 2198 et
1859 2142 2034 2212 inqua
2048 2157 2145 2205 vos
2244 2144 2324 2201 tio
2359 2151 2573 2203 terrena
2619 2153 2905 2201 exercetur
2946 2163 2971 2199 ελ
3009 2160 3108 2216 pro
3134 2160 3244 2216 quo
3278 2147 3526 2201 irritatus
3576 2147 3831 2203 Dominus

565 2228 777 2285 habetis
801 2229 1073 2299 ﬁduciam,
1096 2240 1150 2291 et
1170 2232 1291 2288 loco
1304 2247 1467 2303 quem
1489 2234 1613 2299 dedi
1628 2234 1799 2300 vobis,
1825 2244 1881 2291 et
1898 2234 2145 2304 patribus
2245 2235 2517 2306 flagellum
2536 2235 2604 2293 de
2627 2234 2879 2299 funiculis
2903 2234 3107 2292 faciens
3126 2252 3315 2292 omnes
3343 2238 3505 2307 eiecit
3521 2239 3591 2293 de
3613 2240 3832 2310 templo,

564 2318 778 2387 vestris,
817 2321 957 2377 sicut
996 2322 1104 2380 feci
1134 2323 1282 2381 Silo:
1324 2325 1607 2397 proﬁciam
1633 2340 1732 2391 vos
1760 2341 1791 2381 a
1820 2325 1958 2383 facie
2000 2341 2140 2394 mea,

2243 2326 2732 2385 nummularion
2773 2327 2969 2385 eﬁudit
2987 2343 3088 2394 aes,
3122 2337 3180 2385 et
3211 2329 3504 2387 cathedras
3557 2325 3837 2385 columbas

562 2413 702 2468 sicut
731 2413 932 2484 projeci
972 2432 1163 2479 omnes
1203 2417 1399 2475 fratres
1441 2433 1593 2483 meos
1617 2418 1931 2483 universum
1959 2433 2144 2477 semen
2242 2418 2597 2489 vendentium
2624 2418 2841 2477 evertit.

562 2505 821 2575 Ephraim
845 2507 1061 2578 (larem.
1087 2509 1260 2581 xxvi).
1287 2529 1308 2563 ι
1346 2510 1499 2571 Unde
1536 2510 1694 2575 nubis
1717 2511 2005 2573 videndum
2034 2520 2142 2577 est,
2318 2508 2479 2566 Hem.
2512 2530 2530 2562 ι
2566 2509 2835 2582 Cogitavit
2861 2510 3123 2571 Dominus
3160 2511 3429 2583 dissipare
3459 2528 3684 2577 murum
3717 2512 3836 2567 ﬁlia

564 2611 879 2675 ne‘propter
910 2603 1225 2674 iniquitates
1266 2613 1485 2663 nostras
1518 2604 1885 2665 habitaculum
1907 2605 2149 2675 pectoris
2251 2620 2271 2654 ι
2308 2599 2459 2667 Sion,
2492 2600 2722 2657 tetendit
2746 2599 3045 2661 funiculum
3073 2616 3249 2667 suum,
3268 2610 3325 2658 et
3351 2617 3458 2657 non
3486 2603 3697 2663 avertit
3720 2619 3832 2657 ma-

562 2695 733 2751 nostri
759 2694 973 2751 deserat
1018 2694 1349 2755 inhabitator
1395 2694 1630 2767 Spiritus
1649 2705 1892 2763 sanctus,
1924 2704 2149 2766 respuat.
2251 2711 2279 2753 ι
2308 2708 2440 2749 num
2490 2708 2643 2751 suam
2681 2708 2712 2747 a
2741 2692 3060 2763 perditione.
3101 2693 3372 2764 Luxitque
3398 2695 3759 2755 antemurale.
3784 2702 3837 2748 et

560 2785 921 2844 sacerdotium
960 2792 1017 2841 et
1048 2785 1307 2855 despiciat
1346 2785 1599 2849 ordinem
1630 2786 1908 2857 ragiminis
1951 2786 2139 2850 nostri,
2252 2803 2270 2836 ι
2308 2800 2495 2840 murus
2515 2783 2719 2855 pariter
2739 2784 3032 2855 dissipatus
3057 2794 3161 2841 est.
3206 2803 3226 2836 ι
3252 2783 3395 2841 Urbs
3420 2788 3522 2839 ista
3552 2783 3713 2851 cujus
3738 2783 3836 2838 Bo-

561 2876 860 2946 fiamusque
898 2876 1038 2933 sicut
1064 2876 1255 2939 hortus
1281 2877 1593 2947 dissipatus,
1634 2876 1726 2935 ubi
1754 2876 1937 2938 nullus
1966 2875 2142 2935 virtu-
2245 2874 2425 2933 minus
2459 2874 2716 2943 cogitavit
2756 2876 3023 2946 dissipare
3065 2892 3278 2932 murum
3316 2877 3657 2946 tetenditque
3702 2876 3831 2931 funi-

561 2975 676 3020 tum
696 2968 932 3038 gignitur
956 2966 1184 3027 fruente.
1217 2967 1561 3026 leniendum
1590 2967 1754 3039 igitur
1781 2976 1864 3027 est
1899 2981 1969 3027 ne
1991 2976 2147 3031 tanta
2245 2963 2449 3030 culum,
2477 2964 2580 3019 hoc
2609 2972 2713 3029 est,
2739 2973 2947 3019 rectam
2973 2975 3029 3020 et
3049 2966 3367 3037 condignam
3396 2965 3711 3021 mercedem
3736 2980 3830 3019 ne-

562 3056 828 3111 suavitate
854 3056 1265 3126 etjucunditate
1299 3058 1516 3128 privati,
1559 3057 1621 3117 in
1642 3058 2060 3121 amaritudinem
2088 3065 2149 3117 et
2246 3055 2429 3127 quitiae
2460 3070 2570 3115 sua:
2598 3055 2826 3115 reddere
2873 3057 2933 3113 ei-
2957 3056 3253 3127 disposuit,
3282 3072 3557 3130 φηθεθεθ
3606 3068 3701 3114 est
3737 3054 3831 3111 Ju-

564 3145 863 3203 fteditatem
910 3150 1286 3218 perveniamus
1339 3149 1742 3219 sempiternam.
1798 3149 1940 3211 Dicit
1994 3148 2141 3211 enim
2171 3199 2213 3219 η
2246 3145 2510 3212 deorum,
2535 3162 2653 3216 qua:
2679 3161 2895 3217 semper
2917 3149 3149 3218 superbe
3181 3158 3240 3204 et
3278 3150 3619 3207 contentiose
3643 3150 3833 3219 agebat

561 3238 860 3299 Corinthiis
905 3199 1218 3301 tritanifestew
1236 3199 1436 3305 Decius
1454 3199 1482 3219 Ir
1500 3199 1834 3312 metallis
1855 3260 1885 3305 ι,
2168 3199 2227 3271 C‘
2247 3247 2435 3298 contra
2483 3199 2766 3301 deinum
2784 3199 2823 3307 ,τ
2836 3199 3129 3312 prophetas
3155 3242 3276 3314 eius
3315 3251 3369 3303 et
3406 3245 3629 3299 nuntios
3776 3257 3833 3297 se

562 3330 691 3401 quia
722 3331 980 3401 templum
1030 3331 1126 3389 Dei
1167 3333 1318 3395 estis.
1359 3338 1415 3389 et
1441 3332 1665 3404 spiritus
1689 3331 1789 3389 Dei
1838 3332 2053 3389 habitat
2088 3331 2145 3387 in
2246 3331 2444 3391 missos
2464 3346 2818 3403 persequens,
2852 3333 3144 3391 novissime
3173 3350 3303 3390 vero
3329 3336 3503 3406 ipsum
3538 3336 3829 3399 hzercdem.

560 3423 754 3479 vobis?
774 3420 833 3477 Si
856 3423 980 3493 quis
1002 3432 1183 3481 autem
1203 3422 1461 3494 templum
1490 3423 1593 3479 Dei
1613 3422 1914 3489 violaverit,
1945 3421 2147 3493 disper-
2245 3421 2349 3491 hoc
2374 3431 2479 3490 est,
2508 3424 2726 3487 unicum
2775 3423 2939 3485 lilium
2970 3424 3086 3494 eius
3116 3426 3403 3482 interfecit.
3452 3426 3611 3483 Unde
3636 3439 3699 3481 et
3724 3429 3833 3498 ipse

564 3516 657 3572 det
700 3515 849 3573 illum
884 3518 1045 3575 Deus.
1089 3514 1368 3587 Templum
1414 3515 1561 3571 enim
1611 3514 1708 3572 Dei
1738 3522 1984 3579 sanctum
2037 3523 2141 3581 est,
2244 3514 2505 3573 Dominus
2525 3513 2705 3584 justus
2726 3515 2893 3587 iudex
2914 3516 3259 3587 etjustitiam
3277 3517 3655 3591 diligean
3683 3534 3833 3573 arer-

561 3608 707 3679 quod
736 3608 872 3667 estis
901 3623 995 3667 vos
1018 3607 1070 3681 (I
1099 3604 1222 3664 Cor.
1254 3607 1316 3678 ι).
1352 3627 1371 3660 ι
1404 3606 1473 3669 Et
1512 3606 1642 3663 item
1691 3624 1703 3660 :
1739 3624 1759 3659 ι
1787 3606 1872 3662 Au
1899 3606 2143 3673 nescitis,
2244 3606 2315 3671 tit
2336 3622 2555 3665 manum
2574 3622 2726 3665 suam
2749 3623 2780 3669 a
2806 3608 3105 3677 perditione
3135 3609 3272 3680 eius,
3300 3609 3405 3664 sed-
3435 3618 3647 3664 terram
3693 3610 3831 3664 illius

560 3700 755 3770 inquit,
786 3701 1043 3771 quoniam
1090 3702 1333 3761 membra
1356 3709 1536 3761 vestra
1563 3699 1821 3770 templum
1848 3706 1979 3757 sunt
2022 3696 2146 3769 Spi-
2244 3698 2407 3765 quasi
2428 3695 2665 3761 funiculo
2691 3699 2944 3765 metiens.
2976 3699 3223 3757 hostibus
3242 3701 3590 3770 partiendum
3617 3699 3828 3755 diviﬁt.

559 3791 702 3848 ritus
748 3792 920 3849 sancti
964 3791 1057 3862 qui
1092 3791 1149 3849 in
1193 3790 1348 3849 vobis
1374 3796 1479 3855 est,
1514 3804 1676 3858 quem
1719 3788 1931 3847 habetis
1959 3803 1992 3847 a
2038 3789 2145 3845 Do-
2245 3786 2457 3861 Murum
2496 3798 2553 3846 et
2589 3789 2924 3851 antemurale
2968 3775 3289 3859 dissipavit,
3340 3805 3463 3845 cum
3515 3790 3831 3863 angelorum

559 3884 729 3950 mino,
760 3891 949 3943 etnon
985 3883 1119 3945 estis
1157 3882 1365 3941 vestri?
1392 3880 1574 3950 Βαιμί
1603 3882 1750 3941 enim
1790 3881 1924 3939 estis
1965 3882 2144 3951 pretio
2244 3880 2541 3945 custodiam
2567 3889 2623 3941 et
2663 3880 3051 3947 defensionem,
3087 3896 3253 3952 quam
3283 3881 3497 3937 Domini
3546 3883 3758 3951 pietate
3783 3892 3833 3938 et

562 3990 780 4046 magno,
803 3974 1102 4047 gloriﬁcate
1118 3985 1176 4033 et
1197 3983 1410 4046 portate
1431 3976 1601 4039 Deum
1626 3976 1685 4032 in
1708 3988 1937 4045 corpore
1962 3980 2145 4031 vestro
2242 3978 2457 4043 patrum
2483 3987 2705 4031 suorum
2728 3973 2921 4031 merito
2947 3974 3085 4033 olim
3106 3973 3428 4041 habuerant,
3442 3976 3513 4030 ab
3538 3975 3659 4045 ipsa
3686 3991 3832 4032 sece-

561 4066 615 4138 (l
642 4065 766 4122 Cor.
800 4069 887 4140 tt).
924 4088 944 4123 ι
2244 4064 2372 4121 dere
2394 4064 2542 4127 fecit,
2563 4064 2607 4121 E
2630 4066 2906 4125 contrario
2926 4082 3077 4134 vero,
3101 4066 3210 4122 alia
3237 4076 3321 4123 est
3340 4069 3472 4123 urbs
3490 4068 3605 4134 illa,
3633 4068 3708 4124 de
3734 4086 3831 4140 qua

631 4158 786 4215 Zain.
823 4179 843 4212 ι
874 4160 1093 4231 Repulit
1134 4160 1395 4219 Dominus
1430 4159 1600 4221 altare
1642 4174 1822 4224 suum,
1866 4156 2145 4215 maledixit
2244 4155 2300 4219 in
2326 4155 2466 4211 Isaia
2500 4155 2731 4227 legimus
2780 4166 2904 4228 post
2943 4159 3325 4215 contritionem
3355 4158 3511 4215 Ioab
3554 4162 3833 4217 cautium

563 4271 585 4305 ι
621 4252 1034 4313 sanctiﬁcationi
1058 4268 1171 4309 suae
1220 4252 1547 4311 Tradiditin
1586 4267 1783 4311 manus.
1800 4251 2003 4307 inimici
2024 4267 2145 4311 mu-
2243 4245 2458 4313 celebre
2496 4247 2859 4316 compositum
2885 4264 3026 4317 esse,
3066 4250 3156 4306 ubi
3182 4250 3258 4305 ita
3303 4250 3545 4322 legitur:
3587 4271 3607 4303 ε
3643 4251 3706 4306 in
3752 4253 3835 4307 die

565 4362 585 4396 α
622 4359 715 4398 ros
753 4346 983 4399 turrium
1027 4345 1162 4414 ejus.
1191 4343 1390 4402 Vocem
1439 4342 1705 4403 mderunt
1749 4342 1805 4397 in
1845 4341 2009 4399 domo
2039 4340 2146 4398 Do—
2244 4339 2335 4395 illa
2381 4341 2688 4397 cantabitur
2712 4343 2984 4398 canticum
3013 4342 3155 4398 istud
3185 4344 3238 4398 in
3272 4352 3419 4403 terra
3455 4340 3595 4397 Juda
3631 4362 3645 4396 :
3696 4343 3835 4399 Urbs

566 4451 588 4485 ι
624 4434 779 4497 mini.
801 4434 940 4490 sicut
961 4435 1015 4490 in
1036 4436 1123 4491 die
1147 4436 1396 4493 solemni.
1421 4457 1439 4491 ι
1457 4437 1644 4493 Altare
1670 4453 1828 4495 suum
1855 4432 2138 4508 repulissc,
2244 4432 2577 4497 iartitudiais
2604 4444 2805 4495 nostrae
2840 4436 3107 4504 salvator,
3136 4446 3371 4511 ponetur
3411 4438 3475 4495 in
3510 4447 3580 4495 ea
3622 4451 3835 4505 murus,

559 4534 617 4585 et
649 4525 1065 4584 sanctiﬁcationi
1095 4543 1206 4584 sua:
1242 4529 1584 4586 maledixisse
1615 4529 1879 4586 Dominus
1907 4528 2141 4585 dicitur:
2165 4552 2222 4627 Β
2247 4538 2302 4585 et
2332 4529 2686 4586 antemurale.
2734 4530 2958 4599 Aperite
2987 4539 3173 4600 portas
3212 4541 3269 4586 et
3323 4530 3661 4603 ingrediatur
3707 4547 3837 4602 gens

557 4620 685 4691 quia
712 4620 917 4679 hostias
950 4622 1245 4678 secundum
1264 4621 1437 4694 legem
1457 4621 1686 4687 oblatas,
1709 4636 1847 4693 quas
1871 4620 2140 4678 salutares

557 4712 756 4769 ibidem
779 4711 1030 4785 appellat,
1050 4719 1107 4768 et
1134 4712 1304 4769 altare
1336 4712 1395 4771 in
1420 4727 1529 4783 quo
1553 4714 1758 4769 eadem
1788 4712 1983 4770 hostiae
2006 4710 2139 4770 oﬁ‘e—

558 4804 818 4860 rebantur
838 4803 1062 4874 respuit,
1092 4803 1162 4860 ad
1186 4804 1596 4875 diripiendaque
1621 4806 1863 4861 hostium
1887 4804 2139 4861 manibus

557 4884 798 4961 tradidit,
829 4894 990 4952 simul
1021 4910 1145 4952 cum
1174 4895 1331 4962 urbe,
1354 4905 1517 4966 atque
1538 4896 1958 4968 propugnaculis
1979 4897 2137 4968 eius:

558 4989 1329 5060 clamoremque-blasphemiae
1356 4989 1521 5049 iidem
1545 4992 1734 5046 hostes
1758 4991 1813 5044 in
1840 4991 2003 5045 domo
2032 4990 2137 5044 Do-

554 5079 689 5133 mini
717 5081 1002 5148 dederunt,
1030 5083 1122 5138 ubi
1155 5084 1427 5154 quondam
1466 5083 1654 5137 laudes
1677 5080 1733 5135 in
1754 5120 1759 5125 .
1779 5079 2136 5136 solemnitati-

502 5153 516 5167 ’
560 5169 661 5224 bus
693 5170 859 5226 variis
907 5187 1006 5241 per
1032 5153 1243 5229 diversa
1267 5188 1491 5244 organa,
1521 5171 1829 5227 sacerdotes
1876 5178 1930 5227 et
1960 5169 2136 5227 levita:

555 5257 760 5326 templo
796 5268 853 5313 et
879 5262 987 5317 ritu
1014 5261 1270 5319 inviolato
1311 5264 1580 5320 canebant
1600 5281 1617 5318 :
1640 5263 1784 5332 quod
1812 5261 1940 5318 olim
1967 5262 2134 5317 isaias

556 5349 819 5420 propheta
846 5351 1158 5423 deplorabat
1202 5354 1430 5410 dicens:
1462 5371 1483 5406 ς
1520 5354 1659 5408 Ecce
1708 5354 1939 5421 respice,
1968 5369 2135 5420 popu—

556 5439 643 5501 lus
666 5448 809 5509 tuus,
839 5458 1027 5503 omnes
1052 5442 1250 5509 nos,'et
1295 5444 1485 5500 civitas
1532 5444 1704 5498 sancti
1736 5442 1813 5497 tui
1857 5440 2001 5496 facta
2048 5450 2134 5495 est

557 5532 792 5600 deserta,
821 5532 951 5593 Sion
980 5537 1189 5593 deserta
1219 5535 1359 5592 facta
1383 5543 1485 5592 est.
1529 5533 1865 5591 Hierusalem
1893 5534 2132 5590 desolata

552 5623 748 5682 domus
784 5626 1229 5684 sanctiﬁcationis
1260 5634 1459 5683 nostra;
1484 5666 1499 5691 ,
1548 5626 1638 5680 ubi
1688 5625 2044 5681 laudaverunt
2081 5633 2134 5679 te

553 5720 739 5783 patres
791 5719 998 5775 nostri.
1053 5718 1194 5774 facta
1236 5725 1321 5773 est
1377 5718 1431 5773 in
1473 5718 1812 5775 exustionem
1868 5718 2027 5789 ignis,
2079 5723 2135 5771 et

555 5804 743 5864 anilia
767 5802 1142 5861 desiderabilia
1165 5810 1349 5858 nostra
1376 5816 1535 5859 versa
1558 5817 1684 5859 sunt
1706 5812 1763 5862 tn
1786 5810 1974 5861 minus
1999 5807 2134 5881 (Isa-

2239 4620 2409 4693 justa,
2440 4620 2752 4678 custodiens
2783 4622 3069 4677 veritatem
3098 4622 3235 4695 (ιω.
3278 4622 3447 4695 nvr).
3481 4641 3501 4673 ι
3534 4621 3834 4694 [Manes]

2245 4713 2377 4781 Quae
2403 4723 2486 4773 est
2511 4714 2618 4773 ista
2644 4714 2797 4778 urbs,
2829 4713 2939 4769 nisi
2971 4713 3061 4769 illa
3082 4728 3207 4783 quae
3240 4714 3295 4769 in
3325 4721 3507 4769 monte
3535 4714 3641 4769 sita
3665 4713 3835 4768 latere

2244 4823 2353 4864 non
2383 4815 2563 4878 potest
2586 4807 2609 4861 τ
2635 4807 2704 4861 de
2742 4821 2848 4877 qua
2898 4814 2957 4861 et
2996 4806 3051 4861 in
3097 4805 3203 4861 alio
3246 4805 3369 4861 loco
3405 4806 3670 4876 scriptum
3705 4815 3833 4860 est:

2247 4918 2269 4951 ι
2311 4898 2577 4954 Fluminis
2626 4898 2861 4968 impetus
2901 4896 3141 4953 laetiﬁcat
3192 4899 3469 4953 civitatem
3520 4897 3618 4953 Dei
3654 4898 3830 4970 (ΡωΙ.

2243 4988 2424 5060 mn).
2452 5008 2475 5042 ι
2502 4989 2571 5045 Et
2602 5004 2818 5045 rursum
2847 5002 2863 5042 :
2891 5007 2911 5041 ι
2945 4987 3190 5043 Gloriosa
3213 4989 3357 5044 dicta
3400 4996 3525 5043 sunt
3550 4988 3621 5043 de
3650 4996 3725 5053 te,
3758 4990 3831 5043 ci-

2241 5080 2385 5137 vitas
2412 5080 2510 5136 Dei
2547 5078 2720 5150 (Prol.
2745 5079 2991 5149 uxxvr).
3024 5098 3044 5130 ι
3079 5078 3247 5147 Hujus
3273 5078 3423 5134 urbis
3452 5078 3545 5133 ille
3578 5080 3833 5134 conditor

2242 5179 2345 5236 est,
2374 5172 2442 5227 de
2465 5185 2574 5241 quo
2594 5170 2839 5240 loquitur
2861 5170 3022 5225 Pater
3055 5184 3071 5223 :
3099 5169 3206 5225 Iste
3232 5169 3519 5226 mdiﬁcahit
3550 5170 3826 5224 civitatem

2241 5279 2439 5321 meam.
2479 5264 2592 5319 [mo
2614 5265 2746 5317 urbs
2770 5263 3103 5319 fortitudinis
3134 5269 3334 5314 nostra:
3353 5261 3593 5312 salvator
3619 5265 3725 5323 est,
3780 5260 3828 5313 id

2240 5364 2344 5414 cst,
2394 5354 2555 5403 Jesus
2594 5362 2609 5400 :
2644 5362 2666 5397 ς
2708 5349 2777 5399 Et
2808 5354 3040 5414 ponetur
3086 5345 3142 5400 in
3175 5360 3239 5402 ea
3268 5362 3457 5401 murus
3484 5353 3540 5401 et
3577 5356 3829 5402 antemu-

2242 5439 2376 5504 rale,
2398 5457 2416 5489 ι
2452 5452 2641 5492 murus
2661 5437 2923 5491 bonorum
2949 5451 3195 5507 operum,
3217 5445 3273 5492 et
3300 5438 3638 5493 antemurale
3664 5448 3827 5493 recta:

2240 5528 2385 5596 ﬁdei,
2413 5536 2473 5583 ut
2497 5526 2692 5596 duplici
2722 5534 2870 5595 septa
2908 5526 2980 5581 sit
3006 5526 3358 5583 munimento.
3381 5526 3498 5582 Non
3538 5528 3688 5583 enim
3707 5526 3825 5582 suf-
3878 5556 3885 5563 -

2240 5620 2356 5677 ﬁcit
2383 5635 2599 5677 murum
2623 5620 2824 5674 habere
2847 5620 2969 5675 Ildei
2990 5660 3006 5684 ,
3043 5619 3145 5675 nisi
3177 5621 3294 5691 ipa
3319 5620 3454 5675 ﬁdes
3494 5620 3657 5675 bonis
3694 5634 3827 5690 ope-

2240 5716 2395 5771 ribus
2413 5713 2782 5769 conﬁrmetur.
2797 5711 2897 5767 Hic
2922 5728 3110 5769 murus
3129 5720 3185 5768 et
3204 5714 3311 5769 hoc
3333 5713 3692 5775 antemurale,
3706 5710 3825 5765 sive

2240 5807 2674 5875 circummurale,
2692 5807 2760 5863 de
2777 5807 2917 5864 vivis
2934 5808 3200 5880 lapidibus
3217 5805 3537 5872 exstruitur,
3551 5802 3821 5877 qui’juxta
