4044 6326
288 391 424 444 1205
491 424 507 441 .

1128 389 1486 448 EXPOSITIO
1525 387 1747 444 SUPER
1783 386 2149 443 .lEllEMIAM.
2191 416 2259 427 —
2298 388 2422 442 LIB.
2464 388 2647 442 XVHL

3400 390 3536 443 1806

285 510 609 578 Prophetam
637 507 921 564 volvuntur
944 520 1108 575 super
1127 515 1346 571 terram,
1371 514 1474 561 etc.
1495 505 1647 571 Quod
1678 512 1854 560 autem
1886 508 1935 565 Α
1962 511 2333 559 servavean
2366 503 2573 558 ldcireo
2607 503 2923 571 abjeeerunt
2944 503 3000 556 in
3049 512 3192 558 tem
3231 505 3408 574 capita
3439 519 3538 561 sua

287 601 418 656 dicit
434 619 446 652 :
471 620 490 652 ι
510 599 730 670 Aperite
745 606 927 668 portas
942 607 998 653 et
1015 598 1346 668 ingrediatur
1355 612 1489 666 gens
1505 596 1672 665 justa,
1690 605 1862 650 custo-

285 693 440 751 dieus
459 693 766 755 veritatem;
794 711 810 741 I
838 689 1363 760 praecepitDominus
1383 688 1607 756 angelis,
1624 688 1712 756 qui
1738 703 1863 756 por-

288 785 358 838 tis
390 784 537 839 urbis
565 782 855 838 Dominicae
872 781 1250 851 praesidebant,
1284 788 1344 834 ut
1384 780 1628 848 aperiant
1656 789 1859 847 portas,

288 885 342 932 et
376 876 705 946 ingrediatur
733 889 863 946 gens
883 873 1050 941 justa,
1082 874 1394 929 custodiens
1424 872 1724 936 veritatem,
1756 885 1864 924 non

288 969 514 1039 populus
537 967 864 1031 Judaeorum,
901 967 993 1035 qui
1020 964 1260 1032 abjectus
1285 973 1389 1030 est,
1415 963 1510 1018 sed
1542 978 1673 1034 gens
1695 962 1862 1030 justa,

289 1075 407 1129 qua:
433 1073 497 1110 ex
538 1058 640 1111 [ide
671 1056 904 1112 ﬁdelium
953 1071 1148 1110 nomen
1180 1055 1406 1123 accepit,
1445 1055 1627 1120 utique
1663 1053 1750 1107 ille
1801 1055 1866 1108 de

289 1148 480 1216 quibus
507 1157 560 1202 et
605 1159 825 1206 sanctus
871 1149 1148 1217 loquitur:
1189 1170 1206 1199 ι
1245 1149 1465 1217 Aperite
1505 1148 1634 1202 mihi
1683 1156 1865 1216 portas

284 1239 540 1308 justitim,
595 1248 648 1294 et
702 1241 980 1310 ingressus
1037 1241 1090 1294 in
1141 1257 1235 1296 eas
1285 1241 1584 1295 conﬁtebor
1639 1239 1865 1293 Domino

291 1327 461 1399 (l’sal.
488 1329 676 1400 cxvn).
728 1350 746 1382 ι
792 1330 902 1386 Has
923 1339 1101 1384 autem
1143 1341 1326 1400 portas
1353 1331 1531 1385 nullus
1557 1331 1753 1400 poterit
1785 1330 1866 1384 in-

1967 595 2201 664 virgines
2247 593 2604 658 Hierusalem,
2647 609 2772 649 eum
2812 603 3020 649 mentes
3049 596 3270 652 tristitia
3322 605 3546 652 terrena.

1963 695 2211 758 gravatas
2254 687 2308 741 in
2350 689 2458 748 ima.
2483 688 2889 756 depresserunt,
2921 703 3019 742 nec
3043 687 3154 756 jam
3204 690 3282 743 ad-
3314 692 3538 748 cmleste
3606 752 3626 772 ,

1964 778 2213 847 gaudium
2255 778 2363 832 ullo
2410 778 2570 832 modo
2620 780 2860 847 aspirare
2908 791 3384 849 praesumpserunt.
3411 781 3538 837 Πεεο

1963 883 2092 938 ergo
2122 868 2300 923 omnia
2347 869 2599 922 admonet
2633 884 2730 924 nos
2760 885 2830 924 ne
2855 870 3024 927 simus
3067 886 3258 939 segnes
3289 880 3342 926 et
3377 873 3537 941 tepidi

1965 961 2036 1014 ad
2060 960 2368 1015 discendam
2395 960 2630 1015 divinam
2653 963 2990 1031 sapientiam,
3010 971 3067 1017 et
3091 964 3351 1017 virtutum
3373 979 3538 1035 opera

1965 1052 2287 1117 exercenda,
2321 1066 2387 1105 ne
2414 1051 2551 1106 forte
2580 1061 2795 1122 propter
2823 1053 3067 1106 inertiam
3098 1062 3338 1109 nostrain
3385 1069 3538 1124 sper-

1966 1141 2142 1198 nendo
2191 1144 2403 1198 deserat
2448 1158 2546 1196 nos
2590 1152 2781 1198 auctor
2816 1151 3034 1207 noster,
3081 1143 3542 1214 destituamurque

1966 1233 2112 1288 omni
2152 1233 2362 1298 solatio,
2396 1249 2495 1289 nec
2524 1234 2636 1305 jam
2671 1234 2964 1288 habeamus
2993 1236 3164 1303 portis
3207 1245 3262 1290 et
3299 1237 3546 1291 vectibus

1968 1325 2260 1382 destructis
2293 1340 2449 1394 rcges
2465 1334 2518 1378 et
2549 1325 2816 1394 principes
2846 1326 2939 1394 qui
2961 1341 3060 1380 nos
3082 1327 3281 1380 ducant
3312 1327 3363 1379 in
3397 1329 3544 1380 viam

289 1421 458 1490 gredi,
505 1423 606 1476 nisi
637 1423 730 1491 qui
765 1423 832 1478 de
872 1424 1042 1493 portis
1085 1425 1270 1478 mortis
1313 1425 1476 1478 fuerit
1503 1424 1780 1486 liberatus,
1812 1433 1870 1478 et
1961 1411 2201 1480 ἱυὸιίιίω,
2236 1430 2338 1470 nec
2372 1413 2489 1481 iam
2543 1414 2626 1468 lex
2665 1415 2758 1469 θεῖ
2807 1424 2862 1470 οι
2908 1417 3286 1485 Prophetarum
3322 1418 3541 1472 01‘30013

290 1529 411 1567 cum
454 1513 739 1570 Psalmista
775 1516 1010 1570 dixerit:
1044 1536 1062 1568 ι
1099 1516 1198 1582 Qui
1228 1517 1437 1570 exultas
1483 1532 1567 1570 me
1609 1517 1674 1570 de
1698 1517 1867 1586 portis

292 1604 502 1668 mortis,
552 1612 610 1657 ut
665 1607 979 1660 annuntiem
1027 1622 1214 1660 omnes
1267 1606 1601 1660 laudationes
1651 1615 1770 1660 tuas
1813 1605 1868 1659 in

292 1693 466 1761 portis
513 1692 633 1749 tiliae
680 1694 808 1750 Sion
842 1694 1014 1766 (Psal.
1061 1697 1156 1766 ιχ).
1190 1718 1206 1746 ι
1244 1696 1375 1752 Cum
1403 1697 1551 1753 enim
1596 1696 1662 1750 de
1700 1697 1870 1765 portis

293 1783 484 1837 mortis
535 1783 797 1839 fuerimus
835 1788 1038 1854 erepti,
1073 1796 1197 1842 tunc
1249 1787 1303 1841 in
1349 1787 1520 1856 portis
1556 1785 1680 1841 ﬁliai
1735 1784 1867 1840 Sion

1969 1502 2270 1561 illuminent
2297 1506 2673 1564 cordanost-ra
2705 1525 2717 1558 :
2744 1507 3132 1576 sedeamusque
3158 1509 3214 1562 in
3247 1517 3388 1562 terra
3421 1524 3543 1563 car-

1969 1594 2054 1650 nis
2081 1603 2278 1652 nostrae
2307 1595 2586 1650 desideriis
2608 1597 2758 1663 quasi
2785 1604 2964 1651 cinere
2985 1597 3264 1666 pollnti,et
3293 1599 3545 1653 vitiorum

1971 1686 2110 1744 setis,
2136 1686 2554 1748 circumamicti,
2593 1695 2757 1740 totam
2788 1687 3029 1757 gloriam,
3061 1704 3224 1757 quam
3253 1689 3306 1742 in
3338 1687 3546 1743 ccelesti

1972 1792 2140 1846 regno
2167 1777 2368 1832 habere
2398 1786 2765 1846 potueramus,
2801 1779 3088 1846 perdamus
3130 1797 3142 1831 :
3165 1779 3548 1848 ja'ceamusque

292 1889 480 1928 omnes
524 1873 855 1931 laudationes
905 1877 1114 1930 Βοιιιὶιιί
1159 1885 1380 1930 cantare
1432 1875 1766 1944 poterimus,
1818 1884 1872 1930 et
1900 1868 1948 1938 Β
1976 1869 2213 1933 inter-ra.
2236 1872 2407 1928 donec
2424 1885 2552 1926 caro
2573 1878 2756 1924 nostra
2781 1871 3316 1938 in-pulvemm.unde
3336 1879 3550 1941 sumpta

295 1967 562 2036 quomodo
583 1974 766 2035 portas
789 1969 978 2022 mortis
1010 1982 1131 2022 reos
1152 1981 1289 2023 esse
1315 1968 1544 2035 peccati,
1571 1967 1638 2022 de
1677 1966 1877 2034 quibus

297 2054 362 2109 ad
399 2055 616 2110 Petrum
658 2055 854 2111 dicitur
885 2076 898 2110 :
931 2077 958 2108 ι.
985 2056 1162 2116 Porta:
1190 2056 1347 2114 inferi
1378 2073 1488 2114 non
1510 2057 1878 2126 praevalebunt

298 2146 585 2202 adversum
611 2155 664 2202 te
689 2146 904 2218 (Matth.
942 2147 1080 2216 XVI),
1123 2166 1139 2196 ι
1176 2148 1256 2204 sic
1283 2156 1465 2215 portas
1492 2147 1672 2202 omnia
1711 2161 1878 2216 opera

295 2234 579 2299 virtutum,
619 2235 772 2304 quasi
817 2235 909 2304 qui
943 2235 1106 2300 fuerit
1146 2236 1417 2305 ingressus
1447 2252 1616 2292 unam.
1641 2236 1880 2292 inveniet

297 2335 530 2396 portam,
569 2325 634 2380 de
658 2328 762 2394 qua
793 2325 990 2380 dicitur
1026 2343 1037 2377 :
1069 2344 1096 2378 ι
1130 2325 1255 2379 Hanc
1285 2333 1438 2392 porta
1467 2325 1678 2382 Domini
1712 2323 1880 2392 :justi

300 2413 579 2469 intrabunt
611 2414 666 2468 in
706 2428 826 2468 eam
877 2413 1074 2483 (Joan.
1125 2414 1270 2483 xw).
1307 2434 1324 2464 ι
1357 2413 1423 2467 Ει
1466 2413 1734 2482 quomodo
1783 2429 1885 2483 per.

215 2532 221 2541 π
303 2506 482 2577 plures
509 2507 832 2578 margaritas
855 2505 919 2577 ad
947 2521 1108 2574 unam
1134 2506 1375 2575 pergitur
1403 2505 1772 2575 margaritam,
1804 2506 1883 2569 sic

305 2612 400 2664 per
450 2595 645 2652 multas
683 2597 796 2652 vias
839 2605 889 2656 et
929 2605 1112 2666 portas
1148 2596 1494 2666 pervenimus
1532 2594 1599 2648 ad
1642 2611 1762 2650 eum
1790 2596 1880 2664 qui

309 2689 439 2744 dicit
454 2704 576 2743 esse
595 2705 652 2744 se
675 2689 835 2754 viam,
856 2697 912 2744 et
931 2697 1259 2758 portamper
1273 2702 1437 2757 quam
1458 2686 1794 2758 ingredimur
1813 2687 1884 2744 ad

307 2780 545 2836 Patrem.
1467 2851 1470 2860 ι

381 2871 562 2927 Thetli.
599 2891 616 2922 ‹
648 2872 850 2928 Deﬁxm
886 2873 1091 2930 sunt-in
1126 2881 1270 2930 terra
1299 2881 1470 2942 portae
1488 2873 1625 2942 ejus,
1651 2871 1887 2943 perdidit

313 2981 332 3014 ι
367 2971 420 3019 et
446 2965 701 3020 contrivit
733 2973 913 3020 vectes
951 2965 1103 3035 ejus,
1142 2978 1322 3036 regem
1367 2965 1485 3035 ejus
1520 2972 1592 3026 et.
1616 2964 1886 3033 principes

313 3074 331 3116 ᾳ
367 3054 484 3124 ejus
509 3057 558 3110 in
583 3057 849 3126 gentibus.
881 3057 996 3112 Non
1017 3069 1105 3113 est.
1128 3058 1233 3124 lex,
1267 3067 1321 3112 et
1351 3059 1626 3128 prophetae
1644 3057 1765 3126 ejus
1779 3073 1886 3114 non

313 3162 332 3197 ι
368 3145 690 3200 invenerunt
740 3147 1007 3204 visionem
1047 3163 1080 3202 a
1126 3148 1371 3213 Domino.
1409 3167 1428 3198 ι
1475 3146 1589 3202 Hoc
1631 3146 1887 3206 describit

1976 1969 2082 2024 est,
2113 1968 2436 2025 revertatur,
2471 1971 2525 2018 et
2573 1961 2696 2018 ﬁnis
2724 1971 2907 2017 noster
2933 1962 3027 2018 liat
3056 1963 3304 2018 interitus
3351 1964 3552 2033 sempi-

1980 2058 2198 2113 ternus.
2885 2047 2889 2051 ‘

2070 2141 2232 2211 Capit.
2291 2161 2310 2192 ι
2359 2141 2686 2200 Defecerunt.
2739 2159 2849 2212 prae
2902 2143 3155 2214 laerymis
3199 2144 3340 2199 oculi
3400 2144 3548 2208 mei,

1985 2253 2004 2286 ι
2037 2233 2352 2294 conturbata
2389 2244 2515 2290 sunt
2541 2235 2746 2292 viscera
2773 2250 2910 2290 mea.
2943 2232 3182 2288 Effusum
3213 2241 3298 2288 est
3331 2233 3382 2286 in
3411 2241 3558 2286 terra

1987 2322 2190 2391 cjecur
2246 2340 2466 2388 meum,
2531 2340 2691 2394 super
2745 2325 3127 2381 contritionem
3195 2323 3319 2378 ﬁlim
3372 2321 3554 2392 populi

1987 2434 2007 2477 ι
2041 2416 2177 2481 mei,
2217 2431 2340 2474 cum
2397 2416 2652 2472 deﬁceret
2699 2417 2951 2486 parvulus
2987 2425 3042 2470 et
3088 2415 3296 2470 lactens
3333 2415 3386 2468 in
3439 2413 3556 2482 pla-

1986 2527 2008 2562 ι
2044 2509 2144 2570 teis
2183 2510 2383 2578 oppidi.
2428 2530 2446 2560 ι
2483 2510 2682 2564 Videas
2724 2510 2981 2579 propheta
3017 2509 3238 2564 nimiam
3281 2505 3558 2564 contritio-

1981 2613 2106 2662 nem
2151 2601 2327 2670 gentis
2381 2616 2492 2660 suae
2554 2602 2916 2670 templumque
2945 2601 3224 2658 incensum
3273 2609 3328 2654 et
3371 2599 3559 2654 civita-

1984 2699 2091 2750 tem
2117 2693 2469 2756 devastatam,
2512 2693 2752 2763 nullique
2781 2693 2954 2757 sexui,
2984 2692 3068 2746 vel
3097 2691 3242 2748 aetati
3288 2691 3473 2746 hostes
3502 2688 3558 2742 in
3611 2747 3620 2750 _

1983 2798 2116 2850 nece
2149 2800 2403 2854 parcere,
2447 2785 2650 2854 ingenti
2681 2785 2868 2840 dolore
2890 2783 3148 2845 turbatus,
3173 2781 3298 2836 ﬂetu
3321 2780 3564 2836 maximo

1985 2873 2246 2943 deplorat,
2281 2876 2357 2929 ita
2392 2883 2450 2929 ut
2496 2875 2652 2938 oculi
2691 2891 2802 2944 piae
2858 2874 3110 2945 laerymis
3167 2872 3451 2937 deﬁciant,
3505 2875 3566 2926 et

1985 2968 2163 3023 omnis
2200 2967 2510 3034 jtlcund'ttas
2559 2968 2815 3034 desiderii
2864 2976 3106 3022 vertatur.
3146 2967 3210 3020 in.
3232 2965 3562 3019 anxietatem

1988 3059 2184 3114 cordis.
2219 3059 2358 3124 Quid
2385 3059 2527 3116 enim
2559 3058 2733 3128 majus
2761 3057 3048 3115 dolendum
3076 3056 3198 3121 fuit,
3233 3071 3393 3124 quam
3421 3054 3564 3123 quod

1989 3149 2136 3204 natio
2163 3150 2406 3218 antiqua,
2438 3158 2494 3206 et
2519 3165 2700 3206 semen
2741 3149 3174 3219 patriarcharum
3223 3154 3385 3214 atque
3429 3144 3566 3198 ami-

307 3231 485 3314 serino
505 3240 879 3310 propheticus,
906 3241 1049 3310 quod
1084 3242 1358 3297 destructa
1407 3239 1741 3298 Hierusalem
1774 3248 1884 3296 ter-
1913 3235 1958 3300 C
1989 3253 2176 3302 eorum
2210 3239 2327 3303 Dei,
2359 3239 2553 3294 divinis
2579 3239 2786 3309 legibus
2823 3237 3056 3302 erudita,
3089 3245 3146 3291 et
3180 3235 3565 3306 prophetarum

306 3349 459 3400 rena,
487 3335 594 3391 imo
621 3351 894 3407 synagoga
921 3335 1249 3401 Iudaeorum,
1280 3337 1528 3394 doctores
1561 3334 1680 3404 ejus
1705 3343 1760 3390 et
1789 3337 1886 3390 de-

307 3425 573 3490 fensores.
598 3444 733 3497 quos
775 3438 1055 3499 portarum
1085 3438 1140 3484 et
1178 3431 1421 3486 vectium
1457 3430 1674 3485 nomina
1726 3431 1890 3484 denos

309 3523 458 3582 tant,
484 3518 702 3574 contriti
731 3528 856 3574 sunt
877 3527 1038 3588 atque
1061 3520 1306 3588 dissipati
1339 3534 1495 3589 reges
1516 3517 1634 3586 ejus
1658 3527 1712 3574 et
1743 3519 1893 3587 prin-

309 3609 486 3679 cipes,
517 3618 678 3678 atque
708 3612 984 3679 prophetae
999 3628 1113 3681 jam
1140 3628 1244 3668 non
1274 3613 1383 3666 sint
1410 3612 1464 3666 in
1497 3612 1584 3666 illa
1612 3631 1626 3665 :
1673 3613 1767 3666 sed
1793 3628 1894 3666 nec

310 3697 484 3770 legem
523 3701 835 3758 inviolatam
872 3705 1125 3769 habeant,
1161 3720 1334 3773 neque
1375 3706 1638 3760 visionem
1667 3706 1895 3774 prophe-

313 3790 480 3846 ticam
518 3807 550 3846 a
603 3793 828 3848 Domino
873 3796 1074 3852 habere
1121 3806 1432 3850 mereantur
1483 3815 1494 3850 :
1547 3797 1673 3865 quia
1723 3797 1894 3866 ipsum

311 3896 503 3938 verum
544 3884 930 3955 legislaturem,
959 3897 1014 3942 et
1045 3889 1326 3944 Dominum
1355 3889 1734 3958 prophetarum
1764 3904 1897 3956 prte-

316 3975 618 4032 sentialiter
643 3978 709 4055 ad
738 3993 796 4033 se
833 3979 1142 4038 venientem
1173 3979 1414 4048 recipere
1445 3979 1894 4050 dedignabantur,

313 4065 433 4136 Ipse
462 4070 604 4126 enim
633 4069 753 4124 linis
782 4080 865 4126 est
894 4072 1032 4142 legis
1054 4072 1122 4126 ad
1145 4073 1409 4141 justitiam
1440 4073 1584 4127 omni
1608 4063 1848 4126 credenti
1880 4088 1896 4126 :

315 4173 583 4230 verusque
629 4162 891 4230 Propheta
924 4173 1241 4234 paternam,
1273 4174 1330 4220 et
1361 4182 1510 4220 suam
1560 4166 1902 4222 credentibus

319 4255 648 4310 annuntians
676 4256 1028 4324 voluntatem,
1073 4260 1142 4314 de
1168 4275 1273 4328 quo
1304 4259 1478 4316 Moses
1527 4259 1653 4314 olim
1693 4259 1904 4314 lsraeli-

321 4345 393 4402 tis
422 4346 497 4399 ait
522 4364 534 4400 :
560 4367 575 4398 ‹
601 4345 918 4416 Prophetam
946 4350 1099 4404 vobis
1123 4351 1384 4406 Dominus
1405 4352 1691 4406 suscitahit
1709 4352 1776 4405 de
1799 4350 1905 4405 fra-

319 4435 492 4491 tribus
540 4439 752 4503 vestris,
784 4447 1038 4508 tanquam
1066 4456 1152 4495 me
1199 4442 1374 4510 ipsum
1404 4443 1654 4500 audiatis.
1688 4443 1754 4496 Et
1780 4442 1903 4506 erit,

319 4527 496 4581 omnis
543 4528 850 4597 quicunque
900 4547 1020 4586 non.
1061 4531 1293 4586 audierit
1341 4533 1657 4602 prophetam
1719 4532 1902 4596 illum,

319 4620 769 4674 exterminabitur
815 4622 996 4677 anima
1035 4622 1154 4691 ejus
1193 4625 1258 4679 de
1300 4625 1496 4694 populo
1550 4640 1652 4680 suo
1702 4625 1895 4696 (Deut.

323 4724 458 4764 xvni
478 4710 518 4778 ).
559 4731 575 4761 ι

397 4800 514 4855 l’od.
565 4821 581 4852 ι
636 4801 905 4858 Sederunt
959 4805 1012 4859 in
1070 4815 1214 4861 terra
1240 4847 1255 4872 ,
1314 4808 1690 4867 conticuerunt
1744 4823 1900 4862 senes

328 4912 348 4945 ι
387 4891 511 4948 tilia:
555 4893 706 4960 Sion,
754 4909 1179 4966 conspersernnt
1218 4900 1406 4955 cinere
1431 4902 1608 4970 capita
1653 4916 1769 4964 sua,
1812 4916 1900 4956 ae-

330 4998 349 5032 ι
391 4981 552 5038 cincti
579 4991 707 5037 sunt
730 4984 940 5046 ciliciis.
970 4985 1299 5055 Abjecernnt
1337 4989 1392 5041 in
1421 4997 1565 5042 terra
1595 4988 1772 5056 capita
1805 5001 1897 5041 sua

331 5091 351 5127 ι
392 5076 630 5143 virgines
649 5075 1003 5134 Hierusalem.
1036 5097 1055 5129 ι
1080 5077 1346 5133 Sederunt
1385 5080 1438 5134 in
1477 5087 1636 5143 terra,
1675 5080 1765 5148 qui
1799 5087 1906 5133 ter—

324 5181 478 5232 rena,
507 5183 612 5223 non
633 5169 870 5225 emlestia
888 5171 1060 5225 secuti
1079 5172 1482 5246 suntdesideria
1498 5189 1512 5236 ;
1529 5173 1907 5226 conticuerunt

329 5269 487 5310 senes
509 5272 716 5320 eorum,
743 5262 870 5326 quia
899 5278 1004 5316 non
1035 5263 1348 5318 habuerunt.
1383 5253 1680 5332 spiritalem
1733 5263 1908 5327 scien-

329 5345 462 5398 tiam
499 5345 630 5415 legis
658 5347 778 5413 Dei,
807 5346 948 5402 unde
971 5362 1070 5402 nec
1090 5347 1203 5417 jam
1231 5354 1444 5410 deserta
1471 5353 1708 5402 veritate
1725 5351 1904 5404 consi-

330 5432 472 5488 lium.
501 5437 628 5491 utile
674 5439 1010 5495 auditoribus
1051 5440 1165 5495 suis
1188 5440 1428 5510 praebere
1454 5440 1726 5495 valebant.
1759 5440 1906 5495 Filia

332 5522 467 5582 Sion
494 5541 795 5596 conspersae
831 5538 956 5584 sunt
988 5531 1167 5600 capita
1217 5547 1335 5595 sua,
1377 5531 1742 5599 accinctusque
1786 5530 1905 5584 eili-

331 5617 458 5681 ciis,
498 5618 710 5688 lugubri
741 5620 940 5674 induta:
967 5629 1094 5674 sunt
1140 5631 1478 5693 legumento,
1527 5623 1778 5690 quoniam
1815 5639 1908 5678 or-

337 5717 524 5768 natum
552 5711 828 5776 virtutum,
861 5722 915 5766 et
940 5715 1216 5782 sapientiae
1259 5715 1536 5785 spiritalis,
1566 5732 1671 5784 quo
1703 5718 1769 5770 ad
1802 5734 1910 5772 cm-

338 5798 492 5868 lestis
539 5801 682 5874 regis
739 5803 1033 5860 thalamum
1088 5806 1397 5878 pertingere
1446 5809 1748 5864 debuerant
1806 5826 1909 5866 non

1991 3329 2224 3386 oraculis
2263 3330 2458 3400 saepius
2513 3329 2838 3395 confertam,
2871 3329 2924 3394 in
2985 3337 3188 3388 tantam
3239 3324 3567 3395 apostasiam

1991 3423 2294 3488 vertet-inut
2315 3424 2409 3480 Dei
2438 3424 2521 3478 sui
2543 3423 2708 3478 oblita
2737 3432 2955 3493 propter
2985 3421 3373 3478 immanitatem
3403 3417 3571 3475 scele-

1994 3529 2114 3568 rum
2162 3513 2464 3578 traderetur
2495 3514 2546 3566 in
2580 3529 2775 3570 manus
2804 3513 3039 3568 hostium
3070 3512 3165 3568 Dei
3216 3525 3413 3566 nomen
3457 3509 3571 3564 bla-

1995 3603 2410 3670 spheinantium.
2442 3603 2548 3658 Sed
2578 3613 2640 3658 et.
2663 3619 2804 3658 nunc
2849 3603 2964 3671 pari
3005 3603 3168 3656 modo
3198 3600 3441 3657 deﬂenda
3487 3608 3575 3653 est

1997 3695 2148 3750 ruina
2177 3695 2478 3752 animarum
2507 3696 2780 3764 quondam
2807 3693 3072 3756 ﬁdelium,
3097 3707 3216 3764 qua:
3243 3691 3418 3760 pretio
3448 3705 3574 3746 san-

1996 3786 2405 3855 guinisChristi.
2430 3789 2740 3857 redemptae,
2767 3786 2991 3846 etunda
3022 3783 3416 3854 baptismatisa
3457 3795 3576 3835 sor-

1999 3879 2154 3936 dibus
2176 3891 2522 3946 peccatorum
2561 3880 2778 3943 abluta,
2810 3878 3156 3948 mystieaque-
3171 3875 3425 3932 unctione
3452 3888 3577 3928 con-

2000 3977 2244 4033 sectatae.
2282 3970 2480 4030 iterum
2507 3985 2655 4026 nunc
2684 3971 2738 4026 in
2781 3985 2998 4026 omnum
3024 3968 3304 4026 eteordes.
3323 3966 3576 4031 vitiorum

1999 4059 2264 4118 devoluta:
2288 4069 2442 4123 sunt,
2469 4061 2541 4114 ita
2589 4070 2646 4116 ut
2674 4061 2728 4115 hi
2755 4074 2846 4129 qni
2875 4058 3235 4114 innocentiam
3277 4065 3333 4112 et
3376 4054 3581 4124 simpli-

2001 4153 2220 4208 citatem
2271 4151 2616 4221 parvulorum
2661 4149 3235 4214 videbantur-imitari,
3284 4149 3338 4203 in
3386 4146 3581 4216 plateis

2003 4244 2192 4304 mundi
2227 4249 2292 4302 eL
2327 4245 2508 4304 saeculi
2545 4244 2827 4306 desideriis
2868 4243 3210 4300 abhostibus
3253 4239 3583 4310 spiritalibus

2005 4344 2316 4400 enecentur.
2347 4334 2497 4397 Hanc
2527 4335 2737 4392 ruinam
2782 4333 3075 4398 maximam
3099 4332 3318 4402 pede
3346 4327 3582 4384 civitatis

2006 4425 2126 4496 ipse
2165 4424 2422 4491 Dominus
2453 4425 2507 4488 in
2557 4423 2846 4492 Evangelio
2887 4422 3081 4492 legitur
3130 4419 3458 4490 deplorasse,
3490 4416 3582 4472 ubi

2009 4517 2265 4586 scriptum
2300 4526 2428 4582 est:
2463 4533 2481 4566 ‹
2514 4515 2660 4579 Cum.
2695 4513 3149 4583 appropinquaret
3195 4509 3356 4566 Jesus
3393 4507 3584 4564 Hieru-

2009 4610 2402 4675 salem,videns
2454 4608 2726 4662 civitatem
2755 4604 2902 4669 ﬂevu
2949 4619 3118 4666 super.
3157 4601 3301 4656 illam
3348 4601 3578 4654 dicens:

2007 4701 2142 4768 Quia
2165 4701 2208 4754 si
2239 4699 2583 4770 cognovisses
2607 4707 2662 4752 et
2687 4706 2742 4751 tu
2763 4736 2778 4762 ,
2805 4705 2862 4754 et
2890 4695 3106 4768 quidem
3138 4693 3194 4764 in
3220 4692 3326 4745 hac
3348 4690 3434 4744 die
3469 4697 3581 4750 tua,

2007 4808 2128 4860 quae
2155 4793 2224 4844 ad
2258 4806 2446 4859 pacem
2467 4790 2586 4854 tibi,
2623 4803 2768 4842 nunc
2795 4797 2978 4842 autem
3022 4781 3496 4849 absconditasunt
3516 4779 3584 4834 ab

2007 4883 2179 4939 oculis
2209 4885 2334 4948 tuis,
2362 4883 2489 4952 quia
2522 4881 2740 4936 venient
2767 4880 2882 4934 dies
2906 4878 2960 4931 in
2989 4887 3060 4942 te,
3095 4884 3149 4932 et
3175 4871 3590 4932 eireumdabunt

2007 4985 2062 5031 te
2094 4977 2306 5032 inimici.
2323 4976 2398 5030 tui
2428 4975 2567 5029 vallo
2584 5014 2600 5039 ,
2627 4980 2684 5029 et
2712 4972 3140 5040 coangustahunt
3192 4976 3244 5022 te
3271 4965 3508 5034 undique
3535 4973 3589 5020 et

2010 5070 2077 5132 ad
2118 5075 2690 5134 terram-consternent
2719 5075 2792 5130 te,
2830 5073 2886 5120 et
2923 5063 3062 5120 ﬁlios
3104 5069 3244 5125 tuos,
3285 5059 3377 5128 qui
3428 5057 3484 5116 in
3537 5065 3590 5113 te

2011 5168 2252 5226 suimet
2299 5175 2421 5224 non,
2455 5158 2764 5227 relinquent
2794 5157 2860 5212 in.
2896 5163 2953 5212 te
2992 5152 3226 5222 lapidem
3261 5165 3423 5219 super
3455 5147 3588 5217 lapi-

2012 5252 2172 5317 dem,
2216 5266 2280 5305 eo
2314 5249 2457 5318 quod
2501 5246 2956 5316 noneognoveris
3008 5253 3218 5312 tempus
3269 5238 3592 5299 visitationis

2013 5353 2117 5398 tuae
2171 5344 2321 5413 (Luc.
2352 5342 2487 5410 xix).
2534 5363 2552 5394 ν
2593 5339 2802 5412 [Greg.}
2842 5336 3141 5398 Hoesemel
3169 5335 3280 5404 egit
3307 5349 3430 5388 cum
3455 5333 3594 5403 peri-

2014 5441 2190 5488 turam
2229 5434 2502 5488 civitatem
2541 5446 2661 5486 esse
2706 5428 2976 5484 nuntiavit
2998 5428 3153 5496 ,,hoc
3199 5425 3440 5495 quotidie
3491 5423 3594 5490 Be-

2017 5528 2262 5596 demptor
2308 5534 2496 5580 noster.
2518 5539 2615 5594 per
2656 5523 2858 5580 electos
2904 5535 3034 5581 suos
3079 5534 3242 5588 agere
3288 5517 3595 5570 nullatenus

2016 5629 2212 5685 cessat,
2239 5636 2362 5676 eum
2390 5619 2650 5688 quosdam
2679 5625 2748 5672 e‘x
2770 5617 2912 5672 bona
2939 5615 3048 5670 vita
3093 5613 3165 5667 ad
3202 5625 3382 5668 mores
3411 5620 3623 5682 repro-i

2015 5718 2114 5772 bos
2153 5713 2463 5785 pervenisse
2514 5711 2834 5766 considerat.
2865 5707 3077 5779 Plangit
3123 5705 3267 5761 enim
3319 5711 3452 5762 eos,
3502 5695 3594 5763 qui

2015 5811 2266 5866 nesciunt
2290 5823 2388 5860 eur
2409 5807 2750 5876 planguntur,
2785 5794 3046 5868 quijuxta
3078 5791 3384 5850 Salomonis
3403 5789 3594 5864 verba,
