4044 6326
510 356 637 415 1911

1140 355 1200 410 B.
1242 356 1497 411 uarum
1527 328 1745 410 muni
1780 352 2091 407 ARCHIEP.
2133 348 2437 406 uocum.
2476 347 2765 405 ossuum
2800 347 2977 405 rans
3011 347 3097 402 ιιι.

3616 352 3790 406 1212

508 480 707 543 quanto
730 484 874 527 nunc
898 479 955 525 et
981 471 1123 531 inter
1145 468 1330 537 culpas
1368 467 1589 523 minime
1617 465 1854 523 timetur.
1886 464 2073 531 Sequi—
2100 465 2157 529 Α
2177 473 2331 514 coena
2366 459 2613 514 recubuit
2645 457 2827 529 (Joan.
2870 460 3006 531 xxi).
3040 460 3176 517 Nam
3204 474 3329 520 cum
3376 458 3656 531 Propheta
3695 465 3789 518 di-

509 577 597 621 tur
626 583 640 618 :
673 581 693 614 ι
729 562 862 629 Quia
892 561 1111 616 venient
1149 560 1263 614 dies
1289 560 1345 613 in
1396 566 1447 614 te
1485 566 1537 612 et
1574 556 1985 613 circumdahunt
2025 563 2078 609 te
2178 565 2302 612 cat:
2338 575 2357 608 ι
2392 557 2528 612 Ecce
2554 556 2699 613 enim
2724 556 2780 611 in
2809 556 3179 625 iniquitatibus
3198 566 3497 625 conceptus
3521 574 3673 621 sum,
3721 569 3787 614 et

508 654 719 711 inimici
734 654 810 708 tui
832 652 991 707 vallo.
1023 670 1043 703 ι
1069 650 1168 717 Qui
1200 662 1437 718 unquam
1463 657 1591 705 sunt
1610 648 1861 703 humanae
1884 646 2081 705 animo:

509 747 740 816 majores
771 742 1005 807 inimici,
1052 756 1219 811 quam
1267 739 1483 809 maligni
1528 738 1767 807 spiritus,
1801 737 1892 806 qui
1940 737 2080 797 hanc

510 844 795 893 exeuntem
820 850 852 889 a
880 847 1106 902 corpore
1131 830 1399 896 obsident,
1418 844 1579 898 quam
1612 828 1667 882 in
1688 828 1871 883 carnis
1894 840 2080 887 amore

482 928 739 1000 'positam
783 923 1111 993 deceptoriis
1139 920 1580 983 delectationibus
1612 917 1833 974 foveant
1871 935 1886 971 :
1917 932 2089 987 quam

510 1020 650 1073 vallo
683 1014 1037 1079 circumdant.
1076 1013 1199 1081 quia
1229 1020 1352 1073 ante
1392 1010 1590 1071 mentis
1617 1009 1734 1080 ejus
1759 1008 1947 1073 oeuios
1988 1023 2077 1063 ree-

512 1110 684 1165 ductis
732 1106 1099 1176 iniquitatibus
1153 1098 1665 1174 quas,‘perpetravit,
1713 1102 1854 1161 hanc
1892 1102 1960 1159 ad
1989 1116 2079 1155 sa-

512 1200 750 1257 tietatem
776 1213 886 1253 suze
915 1196 1276 1253 damnationis
1305 1194 1578 1253 trahentes
1605 1201 1908 1259 coarctant,
1938 1202 1998 1246 ut
2028 1192 2083 1247 in

512 1291 624 1361 ipsa
646 1290 757 1359 jam
780 1288 1122 1349 extremitate
1150 1288 1272 1347 vitae
1303 1286 1659 1354 deprehensa,
1694 1300 1725 1338 a
1748 1285 1945 1354 quibus
1988 1286 2084 1339 bo-

511 1380 684 1439 stibus
702 1379 1054 1437 circumclusa
1082 1378 1153 1434 sit
1177 1377 1376 1443 videat,
1392 1385 1462 1435 et
1486 1384 1664 1435 tamen
1686 1375 1945 1443 evadendi
1972 1374 2085 1428 adi.

514 1481 626 1531 tum
653 1473 896 1529 invenire
922 1487 1026 1529 non
1052 1470 1241 1541 possit,
1271 1469 1398 1539 quia
1427 1467 1639 1537 operari
1659 1465 1770 1534 jam
1816 1467 1955 1520 bona
1978 1480 2082 1520 non

514 1566 661 1631 licet,
692 1580 813 1635 quae
834 1580 957 1621 cum
986 1563 1136 1620 licuit
1169 1576 1337 1632 agere
1355 1559 1698 1630 contempsit.
1730 1557 2085 1629 Cogitandum

511 1654 671 1719 valde
696 1661 779 1710 est
805 1661 1067 1724 quantum
1106 1652 1260 1719 nobis
1288 1649 1397 1705 erit
1427 1648 1684 1715 terribilis
1719 1649 1850 1703 hora
1889 1656 2085 1705 nostrae

511 1744 875 1810 resolutionis,
923 1743 1015 1814 qui
1059 1756 1226 1812 pavor
1251 1740 1522 1805 tumoris,
1550 1747 1751 1808 quanta
1798 1746 1927 1795 tunc
1965 1751 2087 1797 om:

2180 649 2235 707 in
2275 647 2488 704 delictis
2529 648 2741 717 peperit
2786 662 2872 703 me
2898 656 3072 703 mater
3113 661 3230 704 mea
3262 644 3435 715 (Ρεαι.
3476 648 3555 717 1.),
3587 668 3607 701 ι
3648 650 3786 705 sine

2182 739 2337 808 culpa
2380 740 2433 795 in
2465 737 2668 795 mundo
2712 752 2828 794 esse
2878 753 2984 793 non
3040 739 3235 808 potuit,
3277 739 3371 807 qui
3406 739 3460 793 in
3498 741 3780 801 mundum

2182 844 2304 887 cum
2328 829 2487 899 culpa
2514 828 2681 887 venit.
2730 828 2864 885 Hinc
2894 844 3127 897 namque
3157 828 3301 885 idem
3345 828 3620 899 Propheta
3648 832 3776 886 ait:

2188 940 2207 972 ι
2236 921 2352 977 Νοιι
2392 920 2775 991 justmcabitur
2821 921 2875 974 in
2896 930 3189 991 conspectu
3231 931 3323 979 tuo
3356 923 3537 981 omnis
3577 925 3779 979 vivens

2184 1009 2356 1082 (Psnl.
2387 1012 2576 1082 CXLII).
2612 1031 2631 1063 ι
2660 1011 2795 1071 Hinc
2828 1010 3082 1066 Salomon
3129 1012 3244 1069 ait:
3279 1031 3297 1064 ‹
3334 1012 3452 1069 Νοιι
3479 1024 3565 1068 est
3605 1014 3780 1069 homo

2185 1101 2239 1154 in
2263 1102 2531 1171 terra,qui
2562 1100 2730 1156 faciat
2753 1103 2952 1161 bonum
2970 1110 3151 1159 etnon
3177 1110 3363 1171 peccet
3385 1102 3577 1172 (Ecdi.
3599 1104 3726 1172 vn).
3756 1124 3772 1153 ι

2183 1189 2321 1247 Hinc
2356 1190 2596 1246 Joannes
2627 1191 2754 1246 dicit
2794 1212 2807 1244 ;
2841 1209 2861 1242 ι
2895 1190 2952 1245 Si
2982 1191 3279 1249 dixerimus
3322 1193 3449 1261 quia
3478 1205 3775 1262 peccatum

2183 1284 2593 1347 mmhabcmus,
2630 1283 2729 1352 ipsi
2764 1298 2867 1339 nos
2902 1283 3228 1347 seducimus,
3267 1291 3323 1338 et
3346 1285 3548 1339 veritas
3585 1285 3643 1339 in
3679 1302 3778 1338 no-

2182 1375 2269 1435 bis
2314 1395 2419 1435 non
2446 1388 2529 1433 cst
2558 1379 2608 1447 (I
2638 1379 2796 1433 Joan.
2849 1381 2911 1447 ι).
2947 1400 2965 1430 ι
3021 1378 3158 1436 Hinc
3196 1379 3431 1436 Jacobus
3477 1383 3555 1435 ait
3599 1397 3614 1435 :
3651 1402 3671 1433 ς
3716 1384 3776 1437 in

2184 1469 2370 1525 multis
2408 1469 2728 1527 attendimus
2756 1485 2944 1526 omnes
2973 1469 3113 1542 (Jac.
3145 1471 3250 1542 ιιι).
3285 1490 3304 1523 ι
3353 1470 3583 1535 Constat
3622 1474 3773 1526 enim

2185 1561 2310 1631 quia
2373 1577 2566 1617 omnes
2614 1562 2703 1631 qui
2760 1561 2827 1615 de
2869 1562 3052 1617 carnis
3105 1562 3461 1621 delectatione
3515 1566 3773 1634 concepti

2185 1661 2331 1717 sunt,
2378 1652 2654 1709 ineorum
2685 1651 2874 1722 procul
2900 1651 3083 1718 dubio,
3118 1653 3204 1708 vel
3235 1654 3472 1719 actione,
3505 1655 3591 1711 vel
3622 1654 3775 1711 locu-

2188 1743 2354 1809 tione,
2382 1742 2467 1797 vel
2492 1742 2841 1813 cogitatione,
2869 1741 3069 1812 aliquid
3100 1758 3260 1799 suum
3291 1745 3542 1814 princeps
3576 1746 3773 1801 mundi

513 1837 663 1901 nium
690 1835 953 1895 malorum
996 1833 1277 1903 memoria,
1307 1848 1428 1907 quae
1455 1832 1651 1897 oblivio
1681 1839 1969 1887 transacta)
2004 1830 2084 1889 le-
2118 1822 2351 1902 Bihtjtls
2377 1833 2585 1899 habuit,
2614 1832 2720 1893 Sed
2755 1833 2960 1891 idcirco
2992 1833 3135 1900 illos,
3159 1835 3244 1890 vel
3280 1844 3402 1904 post
3446 1850 3667 1906 rapere,
3690 1836 3775 1889 vel

513 1929 754 1994 licitatis,
807 1942 927 1998 qua:
952 1925 1181 1993 formido
1223 1934 1285 1983 et
1309 1925 1667 1985 consideratio
1706 1922 1923 1993 jutlicis.
1952 1923 2091 1990 Quid

515 2036 645 2093 ergo
681 2035 805 2077 esse
840 2019 996 2079 nobis
1042 2019 1113 2077 de
1152 2017 1509 2088 praesentibus
1557 2017 1625 2073 ad
1674 2016 2101 2079 delectationem

516 2102 692 2176 debet,
722 2111 935 2183 quando
958 2110 1169 2173 cunctis
1198 2108 1357 2183 simul
1390 2106 1798 2173 transeuntibus
1819 2122 1925 2165 non
1948 2105 2099 2173 valet

515 2204 750 2261 transire
772 2204 913 2273 quod
939 2202 1200 2271 imminet,
1239 2200 1453 2271 quando
1483 2209 1540 2257 et
1569 2201 1670 2257 hoc
1700 2199 1944 2259 l'umiitus
1968 2197 2088 2253 tini-

515 2307 606 2355 tur
634 2297 775 2368 quod
801 2296 1060 2367 diligitur,
1092 2302 1148 2355 et
1173 2294 1302 2351 illud
1328 2293 1605 2363 incipitur,
1643 2293 1733 2347 ubi
1773 2291 1931 2351 dolor.
1954 2307 2091 2346 nun-

517 2405 681 2461 quam
714 2388 933 2443 ﬁnitur?
958 2387 1109 2443 Tunc
1139 2385 1357 2457 maligni
1385 2385 1611 2457 spiritus
1641 2382 1951 2455 egrediente
1972 2381 2097 2441 ani-.

516 2492 605 2535 ma
639 2493 733 2534 sua
774 2492 936 2549 opera
965 2476 1281 2549 requirunt,
1316 2484 1449 2539 tunc
1472 2474 1612 2537 mala
1641 2490 1760 2545 quae
1801 2480 2099 2545 suaserunt

519 2569 800 2638 replicant,
832 2576 895 2623 ut
919 2567 1122 2629 sociam
1151 2566 1217 2623 ad
1247 2573 1514 2629 tormenta
1546 2565 1781 2631 trahant,
1825 2563 2009 2625 Potest
2040 2570 2094 2619 et

520 2660 626 2723 hoc
651 2662 819 2732 aptari
842 2660 970 2717 illud
996 2661 1140 2732 quod
1178 2660 1424 2730 sequitur
1454 2674 1470 2713 :

593 2751 753 2809 Sade.
790 2770 808 2804 ι
843 2750 1109 2811 Clamavit
1133 2766 1227 2807 cor
1266 2765 1453 2811 eorum
1483 2749 1552 2805 ad
1592 2748 1899 2815 Dominum,
1933 2762 2094 2816 super

512 2858 698 2903 muros
726 2842 849 2901 tilia:
876 2841 1023 2899 Sion.
1058 2863 1077 2895 ι
1110 2840 1378 2913 (Ηὶειῖοη.)
1392 2839 1605 2897 Clamor
1626 2841 1716 2901 hic
1741 2840 2094 2897 intentioni-nt

518 2935 736 2999 mentis,
778 2948 884 2989 non
910 2932 1292 2997 exaltationem
1324 2933 1476 2991 vocis
1519 2932 1805 3007 signiﬁcat.
1847 2932 2099 3003 Clamant

516 3025 661 3083 enim
689 3023 927 3093 perversi
953 3023 1218 3087 homines,
1250 3023 1367 3078 sive
1404 3023 1655 3091 nequitire
1686 3022 1959 3097 spiritales
1999 3044 2094 3083 co-

496 3126 636 3177 ‘ram
668 3115 887 3177 Domino
909 3130 1066 3191 super
1089 3130 1269 3179 muros
1289 3114 1413 3174 ﬁlim
1437 3113 1589 3183 Sion.
1605 3131 1729 3176 cum
1744 3128 2089 3189 potestatem,

2188 1923 2343 1995 prius
2398 1931 2583 1981 tenere
2637 1937 2743 1977 non
2785 1923 2991 1993 potuit,
3046 1923 3173 1992 quia
3230 1938 3327 1983 eos
3365 1924 3454 1979 ille
3494 1939 3525 1977 a
3569 1924 3777 1983 debitis

2190 2012 2547 2081 suiseripuit,
2583 2012 2676 2082 qui
2728 2027 2824 2082 pro
2863 2013 3020 2071 nobis
3058 2014 3175 2081 sine
3214 2014 3397 2071 debito
3434 2016 3628 2079 mortis
3681 2016 3775 2070 de-

2189 2105 2369 2161 bitum.
2392 2104 2575 2171 solvit,
2626 2119 2685 2158 ut
2731 2118 2832 2161 nos
2860 2103 2980 2171 ideo
3011 2105 3112 2161 sub
3137 2103 3260 2174 jure
3285 2105 3457 2161 hostis
3481 2107 3659 2163 nostri
3683 2106 3773 2163 de-

2188 2196 2311 2255 bita
2335 2204 2519 2253 nostra
2566 2211 2669 2251 non
2722 2204 2972 2260 teneant,
3013 2196 3138 2267 quia
3164 2212 3260 2266 pro
3294 2198 3451 2255 nobis
3500 2199 3775 2265 mediator

2192 2287 2287 2353 Dei
2312 2295 2367 2341 et
2392 2286 2671 2347 hominum
2709 2285 2871 2343 homo
2898 2284 3145 2343 Christus
3170 2284 3326 2343 Jesus
3358 2287 3596 2358 gratuito
3645 2288 3768 2345 red—

2192 2377 2326 2445 didit
2346 2377 2491 2447 Quod
2515 2391 2621 2432 non
2648 2376 2895 2433 debebat.
2933 2376 3034 2443 Qui
3068 2378 3212 2445 enim
3232 2391 3330 2447 pro
3354 2376 3510 2445 nobis
3539 2388 3771 2434 mortem

2191 2468 2373 2535 carnis
2414 2467 2703 2529 indebitalu
2738 2467 3001 2539 reddidit,
3031 2481 3131 2524 nos
3160 2482 3209 2533 ap
3234 2467 3415 2524 debita
3442 2476 3617 2523 morte
3649 2469 3772 2523 lihe-

2192 2561 2351 2629 ravit,
2383 2558 2476 2615 Ait
2498 2559 2683 2617 enim:
2718 2578 2737 2612 ί
2773 2559 2934 2615 Venit
2972 2560 3113 2627 enim
3157 2561 3409 2632 princeps
3448 2562 3635 2621 umndi
3676 2563 3769 2617 hu-

2190 2653 2297 2724 ius.
2329 2662 2389 2710 et
2430 2654 2485 2709 in
2526 2670 2615 2715 me
2654 2668 2758 2711 non
2807 2654 2971 2713 habet
3010 2655 3323 2730 quidquam.
3360 2680 3379 2713 ι
3422 2654 3583 2717 Unde
3613 2659 3769 2729 juxta

2194 2747 2327 2805 illud
2355 2747 2499 2824 qunti
2536 2762 2634 2808 nos
2667 2745 2937 2822 Propheta
2973 2753 3311 2817 exhortatur,
3355 2753 3585 2813 dicens:
3622 2772 3639 2803 ι
3675 2753 3770 2809 Dc-

2198 2846 2301 2903 duc
2339 2837 2493 2914 quasi
2543 2852 2841 2901 torrentem
2902 2844 3172 2914 lacrymas
3229 2858 3327 2913 per
3373 2844 3517 2905 diem
3574 2852 3632 2903 et
3678 2858 3771 2913 per

2198 2949 2434 3007 noctem,
2475 2957 2583 2998 non
2631 2946 2727 2999 des
2768 2943 3009 3012 requiem
3055 2932 3191 3007 tibi,
3239 2957 3415 3012 neque
3454 2950 3629 2998 taceat
3673 2957 3761 3010 pu-

2197 3031 2324 3101 pilla
2366 3033 2508 3088 oculi
2557 3034 2657 3088 tui.
2703 3054 2723 3087 ι
2774 3033 3066 3105 (Μλιιιιυε.)
3118 3033 3277 3091 Omni
3322 3042 3567 3104 tempore
3596 3034 3769 3105 luet-y-

2200 3139 2318 3179 nas
2344 3140 2441 3195 per
2464 3128 2929 3197 compunctionem
2956 3126 3139 3183 cordis
3174 3126 3451 3189 eﬂ‘undere
3491 3126 3766 3189 debemus,

517 3229 624 3285 qua
678 3214 1018 3273 dominantur
1067 3213 1206 3282 plebi
1255 3212 1340 3268 vel
1379 3227 1573 3269 animae
1617 3213 1923 3283 peccatrici,
1974 3228 2086 3269 sua:
2111 3191 2281 3286 (δ’ᾳυὶ
2309 3191 2853 3274 auctorem-nostrum
2883 3220 3083 3275 nostris
3116 3219 3487 3290 iniquitatibus
3506 3216 3768 3273 ol't'ensntn

520 3308 801 3363 ascribunt
826 3306 1096 3376 potentiae,
1129 3322 1235 3363 non
1255 3305 1458 3375 judicio
1476 3307 1847 3377 permissionis
1870 3308 2088 3376 divinae,

518 3413 748 3467 quorum
771 3396 1135 3467 blasphemia,
1165 3413 1271 3467 qua
1300 3406 1489 3457 contra
1518 3398 1803 3463 Dominum
1828 3398 2087 3466 clamant,

519 3489 780 3561 condigna
810 3505 919 3547 non
957 3490 1156 3547 evadet.
1176 3497 1462 3553 tormenta.
1489 3489 1624 3546 Cum
1666 3491 1811 3547 enim
1842 3491 2092 3561 expleve-

519 3580 878 3650 rint‘superni
915 3581 1103 3654 arbitri
1143 3582 1199 3645 in
1234 3582 1559 3645 adversariis
1584 3582 1696 3639 suis
1722 3591 1929 3647 secreta
1948 3584 2087 3653 judi-

523 3672 628 3739 cia.
657 3682 785 3731 tunc
811 3680 867 3728 et
894 3672 997 3743 ipsi
1039 3680 1221 3731 reatus
1264 3672 1345 3731 sui
1369 3671 1515 3740 iusta
1559 3674 1818 3743 recipient
1846 3674 2089 3743 praemia.

517 3759 688 3817 Nullas
716 3764 859 3823 enim
889 3776 1132 3833 personae
1164 3770 1424 3834 parcunt,
1458 3763 1585 3833 quia
1609 3764 1861 3825 omnibus
1897 3764 2093 3833 quibus

462 3852 469 3858 ’
515 3861 766 3923 possunt,
796 3862 855 3911 et
883 3863 1141 3924 quantum
1168 3856 1576 3925 permittuntur,
1620 3871 1815 3912 nocere
1840 3857 2089 3926 cupiunt,

512 3960 719 4017 eosque
754 3948 1070 4023 perditionis
1112 3963 1221 4005 suae
1262 3957 1555 4009 consortes.
1583 3947 1785 4003 habere
1820 3954 2088 4017 quaerunt.

516 4036 722 4113 (δι-εγ)
758 4040 913 4098 Unde
950 4056 1053 4097 nec
1075 4056 1210 4111 opus
1235 4050 1323 4097 est
1356 4043 1458 4099 hoc
1495 4040 1831 4099 solummodo
1862 4041 1928 4096 de
1964 4054 2091 4111 per-

519 4143 679 4185 versa
731 4130 910 4189 anima
951 4132 1153 4197 dicere.
1196 4132 1321 4200 qnia
1364 4146 1484 4189 eam
1538 4139 1897 4199 coangustare
1942 4146 2091 4200 qua»

516 4225 668 4283 runt,
698 4233 822 4281 cum
859 4219 926 4274 ad
967 4219 1441 4289 electosquosque
1469 4219 1806 4290 egredientes
1850 4219 2089 4285 veniant,

516 4314 576 4363 et
619 4322 773 4363 suum
823 4309 879 4365 in
907 4308 1036 4374 illis,
1084 4311 1130 4365 si
1169 4310 1511 4383 praevaleant,
1564 4310 1765 4380 aliquid
1791 4309 2087 4379 requirant.

521 4393 676 4452 Unus
701 4404 882 4453 autem
908 4397 964 4457 in
988 4399 1240 4461 omnibus
1259 4400 1487 4465 exstitit,
1518 4400 1609 4469 qui
1633 4407 1759 4465 ante
1786 4398 2089 4469 passionem

516 4494 669 4543 suam
693 4482 865 4545 libera
884 4499 1017 4547 voce
1043 4487 1222 4554 dixit:
1257 4507 1281 4549 ς
1307 4486 1426 4554 tam
1472 4504 1579 4553 non
1605 4489 1769 4553 multa
1792 4490 1987 4565 loquar
2002 4505 2089 4546 vo-

512 4572 749 4640 biscum,
783 4577 939 4641 venit
951 4577 1093 4639 enim
1124 4579 1381 4649 princeps
1407 4580 1590 4637 mundi
1620 4579 1797 4648 hujus,
1825 4588 1885 4635 et
1906 4579 1961 4637 in
2000 4596 2087 4636 me

516 4681 624 4723 non
653 4668 813 4727 habet
833 4669 1131 4740 quidquam
1167 4669 1347 4743 (loco.
1377 4671 1510 4745 xxv).
1542 4690 1562 4725 ι
1592 4671 1729 4741 Quia
1759 4672 1902 4728 enim
1945 4672 2089 4728 hunc

515 4759 796 4821 mortalem
849 4760 1119 4823 hominem
1148 4762 1301 4827 vidit,
1333 4778 1488 4821 suum
1531 4764 1586 4818 in
1614 4762 1705 4819 illo
1729 4761 1913 4818 mundi
1934 4763 2085 4833 prin-

509 4863 642 4919 ceps
688 4849 1159 4920 aliquidainvenire
1184 4867 1345 4922 posse
1385 4852 1629 4919 credidit,
1676 4852 1774 4913 sed
1815 4852 1934 4909 sine
1978 4851 2087 4907 ullo

512 4948 735 5008 peccato
759 4955 791 4997 a
819 4941 1003 5001 mundi
1034 4942 1383 5013 corruptione
1406 4942 1557 5009 exiit,
1585 4942 1679 5013 qui
1719 4942 1838 5001 sine
1864 4949 2087 5013 peccato

513 5026 573 5085 in
600 5029 857 5089 muluium
881 5031 1047 5089 venit.
1092 5030 1205 5091 Hoc
1250 5033 1317 5089 de
1349 5048 1409 5089 se
1441 5040 1631 5089 contra
1674 5032 1859 5089 mundi
1886 5030 2086 5101 princi—

510 5129 639 5187 pem
666 5133 769 5175 nec
787 5117 983 5183 Petrus
1001 5121 1182 5183 dicere
1209 5122 1572 5191 praesumpsit,
1604 5120 1699 5190 qui
1746 5118 1933 5177 audire
1971 5134 2084 5177 me-

508 5204 625 5261 mit
660 5223 674 5258 :
725 5224 744 5256 ε
778 5206 1125 5277 Quaecunque
1164 5209 1415 5280 ligaveris
1457 5224 1619 5279 super
1660 5218 1880 5282 terram,
1922 5207 2084 5282 ligata

508 5302 675 5352 erunt
699 5303 757 5355 et
783 5296 837 5350 in
864 5298 1034 5365 calo;
1064 5302 1495 5370 etquodcunque
1521 5299 1751 5363 solveris
1776 5315 1937 5370 super
1973 5307 2083 5355 ter-

502 5400 653 5454 rem,
680 5386 911 5444 solutum
929 5391 1033 5447 erit
1056 5408 1105 5449 et
1133 5392 1186 5447 in
1213 5392 1354 5447 cmlo
1376 5390 1589 5461 (Manli.
1618 5392 1749 5464 xvi).
1789 5412 1809 5446 ι
1848 5392 1962 5451 Hoc
1988 5410 2087 5449 nec

510 5474 710 5536 Paulus
748 5478 927 5537 dicere
974 5481 1351 5550 praesumpsit,
1410 5482 1502 5552 qui
1538 5482 1851 5553 priusquam
1900 5486 2089 5541 mortis

480 5571 748 5627 debitum
773 5572 1025 5639 solveret,
1054 5571 1122 5626 ad
1169 5573 1313 5627 tertii
1340 5573 1462 5629 caeli
1494 5584 1701 5630 secreta
1730 5577 1976 5645 pervenit
2001 5575 2086 5647 (ΙΙ

508 5658 633 5719 Cor.
662 5664 784 5729 xu).
826 5663 939 5719 Hoc
979 5677 1082 5717 nec
1111 5663 1349 5720 Joannes
1398 5667 1581 5725 dicere
1612 5684 1779 5729 ausus
1822 5681 1943 5736 est,
1994 5674 2083 5739 qui

497 5764 609 5836 pro
640 5765 826 5811 arnore
846 5746 1118 5822 praecipuo
1156 5756 1212 5806 in
1242 5756 1618 5827 Redemptoris
1657 5762 1743 5815 sui
1783 5775 2003 5833 pectore
2033 5768 2083 5820 in

2188 3325 2296 3365 non
2320 3309 2630 3379 ignoramus
2669 3327 2684 3363 :
2720 3324 2827 3364 non
2855 3308 3209 3365 dissolvamur
3238 3310 3403 3381 pigra.
3420 3309 3647 3371 mertia,
3674 3323 3769 3363 nec

2189 3414 2286 3470 per
2305 3400 2565 3456 desidiam
2592 3409 2649 3455 et
2673 3416 2864 3456 vanam
2891 3402 3236 3457 securitatem
3253 3411 3429 3457 cesset
3461 3417 3491 3454 a
3515 3401 3767 3472 lacrymis

2188 3491 2391 3563 pupilla
2407 3491 2549 3547 oculi
2577 3491 2767 3546 nostri.
2796 3491 3240 3563 Pmoccupe’mus
3262 3492 3454 3548 faciem
3480 3492 3697 3546 Domini
3719 3492 3767 3545 in

2189 3580 2548 3648 confessione,
2575 3589 2630 3637 et
2649 3581 2709 3636 in
2730 3580 2949 3651 psahnis
2968 3580 3261 3650 jnbilemus
3279 3583 3365 3638 ei.
3393 3581 3659 3636 bavemus
3675 3596 3769 3651 per

2192 3674 2429 3746 singulas
2471 3683 2659 3731 noctes
2707 3675 3180 3731 lectumnostrum
3223 3675 3498 3746 lacrymis,
3535 3683 3764 3728 stratum

2191 3776 2437 3823 nostrum
2468 3766 2722 3836 rigemus,
2746 3766 3133 3822 misericordiae
3158 3767 3409 3835 operibus
3432 3764 3764 3827 insistemus,

2190 3863 2253 3913 et
2290 3857 2684 3929 eleemcsynam
2722 3858 3047 3928 pauperibus
3087 3858 3308 3929 largiter
3337 3856 3666 3922 tribuamus,
3720 3866 3767 3912 et

2191 3954 2302 4005 tam
2330 3962 2429 4017 pro
2460 3940 2635 4014 nobis,
2667 3964 2829 4017 Quam
2856 3952 3021 4005 etiam
3048 3965 3145 4019 pro
3193 3948 3453 4018 proximis
3488 3947 3691 4005 nostris
3722 3954 3769 4001 et

2192 4040 2346 4097 nobis
2370 4041 2693 4106 commissis,
2725 4040 3151 4097 misericordiam
3181 4041 3397 4099 Domini
3428 4038 3644 4097 assidue
3671 4038 3765 4095 de-

2190 4146 2497 4202 precemur.
2536 4131 2763 4187 Undeet
2788 4132 3035 4201 sequitur.
3059 4150 3072 4185 :

2263 4221 2426 4291 σορΙι.
2462 4242 2480 4274 ι
2510 4222 2805 4293 Consurge,
2839 4221 3007 4278 lauda
3028 4222 3082 4278 in
3129 4230 3287 4278 nocte
3313 4224 3381 4279 in
3396 4223 3662 4293 principio
3686 4224 3766 4277 vi-

2196 4329 2219 4367 r
2257 4311 2529 4383 giliarum,
2559 4312 2770 4373 aliunde
2798 4313 2947 4373 sicut
2966 4330 3279 4385 aquatncor
3306 4323 3456 4371 tuum
3483 4325 3765 4371 antecon-

2199 4421 2219 4457 ι
2254 4411 2501 4472 spectum
2813 4403 2957 4463 Leva
3003 4405 3072 4463 ad
3098 4420 3223 4464 eum
3274 4420 3467 4463 manus
3509 4414 3634 4462 tuas
3671 4422 3768 4477 pro

2197 4515 2219 4547 ‹
2251 4496 2534 4555 animabus
2580 4497 2925 4566 parvulorum
2971 4505 3207 4563 tuorum,
3238 4497 3330 4567 qui
3367 4497 3687 4559 defecerunt
3716 4499 3795 4552 in‘

2194 4607 2217 4639 ι
2250 4587 2412 4654 fame,
2440 4597 2501 4647 et
2523 4588 2578 4644 in
2601 4589 2778 4659 capite
2801 4588 3042 4647 omnium
3071 4588 3513 4658 onmpeditorum.
3563 4609 3582 4642 ι
3614 4588 3766 4661 (Πίε-

2191 4680 2650 4752 ron.)'Consurgit
2673 4681 2727 4751 in
2753 4689 2931 4746 nocte,
2962 4680 3135 4750 quiin
3165 4681 3767 4752 tribulationem

2192 4772 2266 4829 tis
2290 4774 2415 4831 vita:
2442 4782 2711 4844 torporem
2739 4787 2775 4829 a
2797 4788 2858 4829 se
2881 4773 3085 4831 excutit
3114 4773 3482 4844 negligentia;
3506 4773 3695 4833 laudat
3714 4774 3765 4828 in

2191 4863 2459 4933 principio
2485 4864 2812 4934 vigiliarum,
2841 4865 2933 4933 qui
2964 4865 3018 4920 in
3053 4865 3201 4923 omni
3230 4865 3641 4925 conversatione
3671 4879 3764 4919 sua

2192 4959 2468 5007 strenuum
2492 4968 2553 5015 se
2591 4953 2889 5013 adhibetet
2922 4964 3165 5020 cautum,
3204 4964 3261 5013 et
3291 4956 3548 5026 quidquid
3576 4955 3765 5013 uixero

2190 5042 2370 5099 sitatis
2386 5042 2604 5112 patitur,
2628 5051 2798 5107 totum
2820 5045 2889 5111 ad
2898 5046 3301 5105 confessionem
3326 5046 3501 5103 laudis
3528 5045 3767 5103 Deice»

2190 5141 2406 5190 vertere
2428 5134 2638 5191 nititur.
2669 5135 2910 5194 Effundit
2933 5138 3075 5195 sicut
3099 5153 3299 5208 aquam
3325 5154 3422 5197 cor
3456 5153 3617 5195 suum
3642 5147 3765 5192 ante

2191 5216 2825 5297 conspectuin‘Domini,
2874 5232 2967 5303 qui
3013 5247 3085 5293 ex,
3122 5233 3314 5287 intimo
3362 5231 3558 5285 aﬂ'ectu
3586 5229 3763 5286 cordis

2190 5319 2440 5386 producit
2468 5319 2733 5387 lacrymas
2753 5319 3203 5387 compunctionis.
3236 5338 3257 5372 ‹
3290 5318 3632 5379 Sacriﬁcium
3658 5322 3763 5378 Deo

2192 5415 2277 5462 est
2306 5406 2528 5476 spiritus
2545 5407 2963 5473 contribulatus,
2992 5424 3088 5464 cor
3112 5411 3408 5466 contritum
3432 5420 3493 5466 et
3514 5413 3763 5467 humilia-

2194 5507 2310 5554 tum
2340 5500 2481 5553 Deus
2507 5514 2614 5553 non
2644 5500 2850 5569 spernit
2901 5499 3072 5571 ('Psal.
3111 5500 3185 5573 ι).
3223 5523 3243 5555 ι
3275 5502 3449 5559 Levat
3491 5504 3559 5559 ad
3587 5504 3761 5559 Domi-

2192 5607 2324 5649 num
2354 5607 2544 5646 manus
2570 5607 2698 5646 suas
2726 5608 2824 5662 pro
2846 5593 3125 5651 animabus
3150 5594 3496 5664 parvulorum
3525 5611 3759 5658 suorum,

2190 5687 2283 5754 qui
2311 5683 2626 5739 defecerunt
2665 5682 2807 5737 fame
2854 5685 2908 5738 in
2950 5685 3125 5754 capite
3152 5687 3394 5740 omnium
3436 5686 3762 5756 compedito-

2191 5792 2331 5843 rum,
2372 5775 2463 5848 qui
2507 5774 2887 5846 operationem
2926 5763 3311 5838 misericordiae
3344 5791 3447 5852 pro
3474 5774 3764 5851 humilibus
