4044 6326
405 342 547 405 HI!»

1281 342 1898 401 EXWTIQSUPEB
1937 339 2303 397 JEREMIAM.
2346 373 2413 395 υτ
2448 340 2576 397 LIB.
2616 341 2753 397 XIX.
2824 376 2835 379 ι

3515 342 3645 401 ιω

402 469 460 515 et
485 458 719 530 parvulis
740 457 942 514 Christi
986 457 1260 519 membris,
1292 455 1434 509 fame
1460 464 1514 509 et
1550 455 1637 509 siti
1668 471 1975 524 usquequa-
2009 458 2053 516 Α
2080 456 2215 510 dans’
2233 466 2442 510 terrena
2459 457 2757 511 substantia
2781 456 2883 511 nisi
2904 457 3217 526 capillorum
3231 458 3460 533 speciem
3478 459 3658 516 tenet?

404 564 512 620 que
536 550 591 604 in
619 548 859 604 terminis
885 547 1067 602 mundi
1107 547 1495 609 laborantibus,
1535 561 1718 601 curam
1761 548 1978 602 adhibet

404 657 471 697 ex
502 642 713 696 sincera
740 639 1046 695 dilectione.
1065 637 1276 692 Nullum
1304 637 1445 691 enim
1476 652 1669 691 munus
1696 638 1806 691 Deo
1826 652 1978 691 acce-

403 731 660 803 ptabilius
709 736 793 785 est
834 743 995 800 quam
1037 728 1379 798 oompunctio
1416 728 1628 793 cordis,
1661 728 1868 797 prolata
1911 742 1978 781 ex

404 819 591 876 radice
644 834 787 875 verae
820 817 1144 873 dilectionis.
1202 815 1341 871 Hinc
1386 823 1472 871 est
1522 817 1675 881 illud,
1723 818 1864 886 quod
1922 817 1977 871 in

405 908 699 980 Evangelio
723 908 982 965 Dominus
1022 921 1149 961 eum
1161 905 1435 976 ingressus
1460 903 1649 961 fuisset
1679 905 1733 960 in
1762 907 1978 959 domum

404 1001 689 1066 Pharisaei,
724 1000 794 1056 ad
853 999 1140 1069 prandium
1182 998 1470 1060 discubuit,
1516 998 1685 1069 magis
1727 996 1979 1068 lacrymis

404 1093 646 1147 mulieris
668 1091 1007 1161 peccatrieis,
1040 1105 1209 1159 quam
1230 1089 1455 1144 delicias
1476 1089 1755 1160 epularum
1790 1088 1978 1144 Phari-

402 1184 498 1239 saei
550 1183 816 1253 probavit,
854 1183 963 1237 ubi
990 1182 1065 1236 ita
1112 1181 1350 1252 legitur:
1388 1199 1407 1230 σ
1450 1177 1730 1250 Ingressus
1758 1178 1976 1233 domum

404 1275 661 1337 Pharisaei
692 1274 980 1338 discubuit,
1012 1281 1087 1328 "et
1112 1287 1238 1331 ecce
1266 1272 1480 1337 mulier,
1508 1286 1630 1341 qua:
1653 1278 1769 1325 erat
1798 1271 1852 1324 in
1897 1270 1980 1325 ci-

404 1369 574 1424 vitate
618 1370 913 1438 pecoatrix,
947 1375 1007 1421 ut
1051 1366 1303 1437 cogn0vit
1348 1366 1489 1435 quod
1537 1365 1873 1420 recubuisset
1924 1365 1979 1419 in

2080 563 2199 617 quae
2246 549 2369 601 dum
2420 549 2486 602 ad
2527 564 2684 603 usum
2724 548 3060 603 necessitatis
3096 547 3449 619 superﬂuunt,
3489 550 3656 605 etiam

2079 641 2322 697 abscissa
2364 657 2472 695 non
2506 642 2687 697 sentit.
2716 641 2932 710 Capillis
2972 656 3100 712 ergo
3130 641 3340 696 Domini
3360 640 3525 710 pedes
3554 648 3656 698 ter-

2078 737 2274 813 gimus,
2297 736 2511 805 quando
2534 736 2732 792 sanctis
2756 738 2889 805 ejus,
2912 737 3107 807 quibus
3132 752 3196 791 ex
3221 736 3485 791 charitate
3511 751 3656 813 com-

2077 830 2333 901 patimur,
2361 830 2523 885 etiam
2554 846 2620 886 ex
2644 831 2731 886 his
2758 847 2877 901 qum
2903 832 3059 887 nobis
3078 830 3412 903 superﬂuunt
3438 824 3657 886 misere-

2079 938 2218 985 mur,
2241 930 2508 992 quatenus
2530 924 2607 979 sic
2633 939 2782 979 mens
2800 939 2897 993 per
2917 924 3345 995 compassionem
3375 925 3571 991 doleat,
3599 933 3656 978 ut

2078 1014 2240 1069 etiam
2277 1013 2425 1085 larga
2468 1029 2659 1068 manus
2688 1014 2933 1071 allectum
2967 1015 3165 1071 doloris
3195 1017 3463 1071 ostendat.
3497 1013 3657 1086 Rigat

2079 1120 2311 1173 namque
2330 1104 2584 1175 lacrymis
2608 1103 2982 1175 Redemptoris
2999 1106 3184 1175 pedes,
3201 1108 3296 1162 sed
3317 1105 3525 1176 capillis
3547 1104 3657 1160 suis

2077 1210 2185 1249 non
2217 1194 2397 1264 tergit,
2428 1193 2519 1264 qui
2546 1204 2819 1263 utcunque
2844 1195 3211 1264 proximorum
3236 1196 3403 1250 dolori
3442 1212 3658 1266 compa—

2079 1285 2230 1351 titur,
2263 1285 2356 1339 sed
2380 1295 2559 1340 tamen
2582 1298 2648 1340 ex
2676 1286 2763 1341 his
2788 1300 2907 1354 quae
2928 1284 3028 1339 sibi
3053 1285 3409 1355 superﬂuunt,
3430 1302 3536 1340 non
3560 1286 3659 1340 mi-

2082 1385 2314 1432 seretur.
2345 1376 2527 1431 Plorat
2544 1385 2598 1431 et
2622 1392 2731 1431 non
2755 1378 2934 1449 tergit,
2957 1377 3048 1447 qui
3076 1378 3239 1432 verba
3262 1378 3476 1447 quidem
3505 1377 3655 1432 dolo-

405 1461 566 1515 domo
619 1458 877 1514 Pharisaei
938 1458 1145 1511 attulit.
1173 1457 1504 1511 alabastrum
1561 1456 1830 1539 unguenti
1850 1495 1863 1520 ,
1926 1462 1983 1509 et
2082 1467 2159 1523 ris
2175 1467 2398 1532 mm“,
2431 1469 2522 1521 sed
2548 1483 2654 1523 non
2686 1468 3040 1523 ministrando
3065 1483 3185 1539 qua;
3208 1468 3403 1533 desum
3426 1469 3534 1522 vim
3567 1470 3660 1533 (ιο-

405 1560 553 1606 stans
581 1559 727 1607 retro
754 1564 914 1605 secus
954 1550 1119 1619 pedes
1143 1547 1277 1617 ejus,
1324 1548 1580 1619 lacrymis
1607 1548 1775 1618 empit
1804 1548 1981 1619 rigare

2082 1560 2212 1615 loris
2243 1559 2465 1615 minime
2492 1561 2741 1615 abscidit.
2778 1560 3062 1618 Osculatur
3100 1562 3290 1618 mulier
3322 1564 3487 1632 pedes
3525 1579 3659 1635 quos

404 1644 567 1713 pedes
623 1641 780 1712 ejus,
832 1649 888 1697 et
935 1649 1207 1711 unguento
1247 1642 1499 1711 ungehat.
1556 1640 1755 1695 Videas
1801 1650 1982 1695 autem
2085 1650 2275 1723 tergitL,
2307 1651 2449 1721 quod
2492 1666 2592 1706 nos
2629 1666 2841 1723 quoque
2871 1653 3028 1723 plene
3065 1655 3295 1721 agimus,
3338 1654 3383 1708 si
3424 1655 3661 1710 studiose

402 1738 725 1805 Pharisreus,
769 1739 859 1809 qui
891 1745 1179 1792 vocaverat
1204 1752 1348 1802 eum,
1375 1736 1451 1791 ait
1489 1736 1630 1791 intra
1658 1750 1716 1790 se
1744 1735 1930 1790 dicens
1963 1749 1976 1785 :

2084 1743 2377 1815 diligimus,
2411 1759 2548 1817 quos
2586 1761 2651 1799 ex
2690 1744 2943 1813 largitate
2978 1746 3337 1811 continemus,
3380 1762 3457 1807 ne.
3484 1748 3660 1822 gravis

404 1830 503 1885 llic
534 1829 579 1885 si
609 1840 751 1886 esset
786 1805 1062 1900 propheta
1110 1829 1273 1884 sciret
1322 1828 1528 1899 utique,
1569 1840 1689 1898 quae
1723 1834 1775 1881 et
1806 1825 1980 1896 qualis
2005 1805 2056 1865 Β
2085 1805 2241 1888 nobis
2265 1834 2333 1888 sit
2365 1805 2666 1889 necessitas
2690 1805 2943 1901 pretimi,
2982 1849 3052 1890 ne
3078 1835 3192 1909 ipsa
3223 1805 3341 1906 ejus
3370 1805 3660 1907 indigentia

403 1931 547 1978 esset
599 1923 927 1979 ista'mulier
956 1938 1075 1992 qum
1117 1924 1289 1993 tangit
1336 1938 1485 1987 eum,
1533 1922 1659 1991 quia
1707 1920 1982 1990 peccatrix
2085 1941 2203 1996 quae
2219 1934 2572 1990 sustentatur,
2592 1924 2687 1981 ﬁat
2710 1941 2960 1990 onerosa,
2981 1934 3180 1993 etcum
3205 1942 3396 1993 manus
3414 1943 3663 1984 necessa-

402 2021 486 2068 est
513 2011 664 2085 (Luc.
694 2012 811 2085 vn).
852 2032 870 2064 ι
906 2011 1108 2085 [Greg.]
1141 2011 1257 2067 Sed
1271 2011 1383 2080 jam
1408 2012 1509 2067 iste
1536 2012 1800 2082 superbus
1823 2019 1878 2065 et
1896 2025 1983 2065 ar-

2083 2019 2164 2092 ria
2194 2017 2397 2079 tribuit,
2431 2016 2643 2087 animus
2669 2032 2698 2070 a
2742 2017 3027 2072 dilectione
3050 2025 3335 2088 torpescat.
3370 2015 3660 2089 (Mannum)

403 2119 600 2174 rogans
645 2118 748 2174 qua
806 2105 1071 2160 sententia
1123 2104 1498 2169 convincatur,
1557 2102 1859 2157 audiamus.
1907 2101 1983 2156 De
2083 2109 3663 2183 Igitur,postquamprophetammisemmcivilawmadpag-

403 2199 610 2255 duobus
640 2199 840 2269 quippe
874 2200 924 2253 ei
956 2198 1286 2253 debitoribus
1314 2199 1629 2269 paradigma
1653 2196 1941 2267 opponitur
1966 2235 1979 2260 ,

403 2309 632 2362 quorum
660 2309 800 2349 unus
830 2293 1025 2357 minus,
1054 2292 1194 2346 alius
1214 2291 1445 2361 amplius
1478 2291 1672 2355 debet;
1704 2298 1981 2343 utrorum-

401 2399 506 2453 que
552 2384 735 2438 debito
762 2382 1004 2448 dimisso,
1052 2383 1172 2452 quis
1215 2381 1444 2452 amplius
1473 2380 1782 2451 largitorem
1818 2377 1985 2433 debiti

405 2473 610 2542 diligat,
654 2474 1035 2544 interrogatur.
1077 2470 1986 2541 Quilmsvenbispmtinusillere-

404 2565 621 2634 spondit
643 2583 671 2618 ε,
694 2584 713 2616 ‹
741 2565 832 2619 llle
854 2565 973 2635 plus
1002 2564 1195 2635 diligit,
1224 2564 1309 2619 cui
1337 2563 1457 2635 plus
1484 2562 1790 2617 dimittitur.
1822 2581 1841 2613 ι
1869 2559 1984 2627 Qua

404 2655 461 2710 in
506 2670 565 2710 re
598 2656 894 2710 notandum
940 2663 1024 2710 est
1049 2655 1173 2724 quia
1213 2655 1338 2708 dum
1371 2668 1471 2711 sua
1505 2649 1985 2713 sententlu.Phari~.

405 2760 544 2800 smus
579 2745 918 2801 convincitur
941 2785 957 2809 ,
1001 2746 1154 2815 quasi
1189 2746 1537 2816 phreneticus
1585 2742 1766 2798 funem
1807 2749 1985 2814 portat

403 2853 470 2892 ex
497 2855 606 2909 quo
654 2839 866 2910 ligetur.
922 2838 1322 2892 Enumerantur
1373 2837 1423 2891 ei
1477 2836 1614 2891 bona
1647 2834 1981 2905 peccatricis,

398 2938 788 2987 enumerantur
811 2930 947 2985 male
975 2930 1111 2986 falsa
1133 2929 1286 2999 justi,
1316 2944 1439 3009 cum
1465 2929 1663 2984 dicitur
1687 2946 1700 2982 :
1734 2946 1755 2980 ι
1785 2925 1984 2982 lntravi

402 3023 456 3077 in
489 3021 708 3077 domm
749 3030 916 3087 tuam,
960 3037 1157 3092 aquam
1187 3020 1411 3091 pedibus
1432 3021 1578 3075 meis
1609 3035 1714 3075 non
1754 3017 1980 3082 dedisti,

401 3113 516 3168 haec
547 3123 727 3169 autem
777 3110 1031 3184 laerymis
1073 3114 1267 3183 rigavit
1294 3113 1461 3183 pedes
1489 3126 1659 3177 meos,
1687 3121 1742 3167 et
1772 3111 1982 3181 capillis

400 3208 514 3261 suis
547 3208 718 3262 tersit.
742 3206 997 3262 Osculum
1022 3206 1153 3262 mihi
1185 3223 1290 3262 non
1321 3207 1540 3273 dedisti,
1571 3208 1686 3261 bam
1709 3214 1888 3260 autem
1911 3220 1980 3259 ex

401 3315 508 3368 quo
538 3299 737 3355 intravi
770 3315 876 3355 non
920 3300 1150 3354 cessavit
1177 3300 1411 3355 osculari
1445 3300 1609 3370 pedes
1643 3313 1812 3355 meos.
1851 3296 1980 3353 Oleo

403 3400 563 3465 caput
592 3406 767 3446 meum
792 3406 899 3447 non
921 3392 1150 3456 tinxisti,
1188 3393 1304 3445 limc
1326 3405 1506 3445 autem
1534 3390 1691 3444 unxit
1710 3398 1980 3460 unguento

402 3485 565 3554 pedes
589 3499 739 3557 meos
753 3483 803 3555 (1
809 3484 961 3556 bid.).
984 3505 1003 3536 ι
1029 3484 1158 3538 PoSt
1175 3484 1635 3539 enumerationem
1651 3498 1780 3538 vero
1792 3485 1978 3539 subin-

404 3573 578 3629 fertur
600 3576 897 3630 sententia:
925 3594 942 3626 ι
963 3574 1190 3643 Propter
1206 3574 1345 3643 quod
1359 3574 1480 3630 dico
1496 3576 1611 3640 tibi,
1634 3574 1982 3629 remittuntur

403 3668 450 3721 ei
476 3676 695 3737 peccata
725 3668 913 3739 multa,
943 3667 1193 3741 quoniam
1221 3668 1405 3723 dilexit
1455 3667 1681 3721 multum
1710 3664 1920 3737 (Ibid.).
1953 3684 1974 3719 ι

402 3754 570 3821 Quem
590 3771 824 3827 namque
838 3757 1139 3811 Pharisaeus
1160 3757 1227 3811 de
1260 3757 1392 3811 falsa
1412 3756 1622 3825 jnstitia
1647 3771 1981 3827 praesumens

388 3845 503 3900 'nisi
517 3844 796 3901 Judaicum
815 3845 1089 3917 populum,
1106 3861 1264 3915 quem
1281 3846 1551 3916 peccatrix
1565 3845 1778 3909 mulier,
1803 3845 1895 3899 sed
1912 3844 1977 3898 ad

403 3936 627 4007 vestigia
658 3935 871 3991 Domini
902 3936 1123 3991 veniens
1153 3944 1209 3991 et
1238 3936 1457 4007 plorans
1480 3978 1495 4003 ,
1526 3936 1632 3991 nisi
1663 3924 1977 3990 conversam

387 4028 753 4097 gentilitatem
781 4027 1082 4099 signiﬁcat?
1100 4029 1231 4096 Quae
1252 4045 1374 4084 cum
1398 4029 1668 4083 alabastro
1695 4026 1863 4092 venit,
1886 4042 1982 4080 un-

402 4128 655 4192 guentum
670 4120 823 4185 fudit,
856 4129 1001 4177 retro
1022 4136 1180 4176 secus
1193 4122 1357 4190 pedes
1379 4120 1589 4175 Domini
1613 4119 1781 4183 stetit,
1798 4117 1979 4190 lacry—

402 4214 503 4268 mis
525 4214 689 4285 pedes
713 4213 929 4284 rigavit,
956 4213 1165 4284 capillis
1194 4213 1363 4278 tersit,
1396 4214 1720 4281 eosdemque
1741 4224 1879 4279 quos
1898 4208 1981 4262 in-

402 4303 662 4359 fundebat
689 4313 746 4359 et
775 4305 1015 4377 tergebat
1040 4307 1203 4375 pedes
1222 4305 1453 4360 osculari
1481 4319 1587 4359 non
1610 4303 1837 4359 destitit.
1873 4301 1979 4357 Nos

381 4413 529 4468 'crgo
553 4398 641 4451 illa
668 4399 862 4453 mulier
881 4399 1178 4468 expressit,
1202 4399 1248 4453 si
1272 4406 1386 4453 toto
1415 4400 1578 4455 corde
1601 4400 1669 4454 ad
1692 4398 1979 4453 Dominum

399 4498 521 4559 post
542 4497 762 4557 peccata
787 4490 1087 4552 redeamus,
1114 4488 1159 4544 si
1174 4489 1290 4560 ejus
1311 4490 1642 4560 pmnitentiue
1665 4489 1839 4545 luctus
1856 4489 1977 4544 imi-

403 4589 595 4634 temur.
627 4579 685 4634 Si
712 4580 875 4649 igitur
894 4588 1039 4633 recta
1056 4594 1219 4649 opera
1247 4580 1476 4651 agimus,
1494 4582 1691 4651 quibus
1711 4581 1980 4651 opinionis

400 4671 527 4725 boni
551 4671 734 4727 odoris
762 4670 1065 4728 Ecclesiam
1091 4689 1486 4744 respergamus,
1524 4674 1654 4743 quid
1688 4676 1743 4729 in
1766 4675 1978 4743 Domini

399 4778 628 4835 corpore
656 4764 758 4819 nisi
789 4775 1121 4835 unguentum
1149 4764 1457 4820 fundimus?
1492 4764 1599 4820 Sed
1630 4780 1785 4820 secus
1819 4766 1982 4836 pedes

398 4857 526 4913 Jesu
563 4856 756 4910 mulier
781 4856 951 4910 stetit.
982 4854 1184 4911 Contra
1212 4856 1373 4926 pedes
1411 4856 1553 4910 enim
1587 4855 1798 4909 Domini
1828 4855 1979 4911 steti-

398 4966 521 5006 mus
547 4964 692 5014 cum,
735 4949 1029 5018 inpeccatis
1073 4948 1267 5017 positi,
1303 4947 1420 5016 ejus
1458 4946 1742 5002 itineribus
1780 4946 1979 5003 retine-

397 5046 610 5100 bamur.
643 5038 750 5098 Sed
786 5040 830 5095 si
861 5041 928 5095 ad
958 5055 1141 5094 veram
1182 5040 1555 5110 pmnitentiam
1606 5047 1728 5108 post
1759 5048 1979 5109 peccata

400 5136 783 5199 convertimur,
796 5131 906 5201 jam
924 5140 1072 5187 retro
1108 5147 1261 5187 secus
1282 5132 1444 5202 pedes
1464 5141 1693 5195 stamus,
1719 5130 1842 5200 quia
1866 5129 1981 5199 ejus

400 5226 621 5299 vestigia
668 5227 947 5296 sequimur
982 5240 1141 5293 quem
1185 5224 1650 5294 impugnaba’mus.
1702 5221 1981 5294 Lacrymis

399 5315 593 5374 mulier
626 5318 789 5384 pedes
810 5316 970 5387 rigat,
1004 5315 1148 5384 quod
1181 5329 1278 5368 nos
1321 5328 1534 5382 quoque
1559 5313 1831 5368 veraciter
1869 5314 1982 5383 agi-

401 5421 542 5470 mus,
590 5405 636 5461 si
677 5404 1001 5475 quibuslibet
1055 5404 1263 5459 ultimis
1308 5405 1570 5459 membris
1620 5403 1836 5458 Domini
1882 5419 1980 5473 per

400 5492 755 5550 confessionis
783 5493 1032 5549 aﬁ'ectum
1064 5495 1409 5559 inclinamur,
1438 5495 1483 5549 si
1524 5495 1729 5549 sanctis
1767 5494 1885 5565 ejus
1925 5494 1980 5548 in

403 5585 745 5641 tribulatione
765 5584 1142 5654 compatiinur,
1160 5588 1205 5642 si
1227 5602 1414 5641 eorum
1440 5587 1715 5641 tristitiam
1740 5594 1980 5641 nostram

402 5680 736 5748 deputamus.
756 5675 973 5747 Capillis
996 5680 1186 5735 mulier
1206 5682 1387 5751 pedes,
1407 5696 1542 5749 quos
1557 5680 1846 5751 rigaverat,
1875 5688 1982 5735 ter-

404 5771 495 5834 sit.
531 5768 721 5846 Capilli
740 5770 938 5846 quippe
964 5771 1299 5847 superﬂuunt
1323 5772 1559 5849 corpori,
1585 5783 1639 5832 et
1659 5776 1787 5849 quid
1814 5778 1982 5833 abun-

2004 4544 2058 4604 D

2084 2201 2363 2256 nitentium
2394 2207 2448 2254 et
2467 2199 2728 2254 orationis
2756 2199 3020 2269 lacrymas
3037 2199 3372 2269 provocavit,
3399 2200 3467 2253 ad
3490 2199 3663 2268 ipsum

2084 2293 2368 2349 Dominum
2393 2294 2437 2349 si
2456 2294 2763 2362 quomodoa
2786 2292 3020 2357 vindicta
3044 2306 3165 2347 eum
3186 2291 3365 2363 placet
3388 2294 3552 2349 verba
3571 2293 3665 2348 de-

2082 2383 2413 2454 precationis
2435 2384 2720 2447 convertit,
2750 2382 2934 2438 dicens
2957 2401 2970 2437 :

2160 2472 2287 2527 Res.
2342 2490 2373 2525 ι
2395 2473 2547 2535 Vide,
2597 2473 2840 2537 Domine,
2883 2472 3255 2529 etconsidera
3285 2471 3657 2542 quemvinde-

2095 2582 2116 2617 ι
2151 2564 2405 2619 miaveris
2435 2563 2530 2617 ita.
2564 2562 2776 2635 Ergone
2828 2563 3110 2619 comedent
3146 2562 3400 2619 mulieres
3430 2561 3661 2617 fructum

2091 2675 2110 2707 ί
2143 2671 2322 2721 suum,
2360 2654 2628 2724 parvulos.
2655 2655 2720 2709 ad
2756 2669 3060 2709 mensuram
3081 2654 3296 2725 palmae,
3326 2654 3369 2708 si
3399 2653 3665 2708 occiditur

2092 2766 2111 2798 ι
2144 2748 2197 2802 in
2229 2746 2534 2802 sanctuario
2554 2732 2765 2799 deini
2788 2744 3041 2800 sacerdos
3070 2752 3124 2799 et
3152 2743 3485 2814 propheta?»
3520 2743 3666 2797 lnter

2086 2848 2277 2897 caetera
2320 2855 2532 2910 quoque
2574 2837 2714 2893 mala
2762 2853 2880 2908 qua:
2926 2838 3139 2895 miserae
3173 2838 3319 2908 genti
3356 2836 3659 2894 Judarorum

2086 2932 2421 2995 acciderunt,
2469 2929 2601 2989 illud
2650 2944 2863 2999 quoque
2911 2929 3158 3000 contigit,
3205 2930 3346 2998 quod
3405 2928 3660 2991 mulieres

2083 3038 2270 3078 eorum
2311 3020 2573 3093 parvulos.
2608 3019 2859 3086 infantes,
2894 3029 2948 3077 et
2994 3018 3229 3077 fructh
3268 3019 3408 3077 uteri
3438 3020 3666 3088 suipre-

2083 3125 2206 3184 pter
2260 3115 2419 3171 famis
2445 3113 2681 3183 inopiam
2717 3112 3089 3170 comederunt.
3147 3111 3303 3171 Unde
3350 3120 3443 3169 est.
3490 3111 3659 3168 illud:

2085 3204 2221 3271 Quia
2250 3205 2315 3260 in
2331 3205 2610 3263 obs'uiione
2649 3202 2910 3263 Samaer
2951 3203 3146 3262 mulier
3173 3204 3241 3262 ad
3268 3202 3452 3265 Iuram
3480 3217 3662 3272 regem

2079 3298 2340 3354 clamavit
2383 3297 2787 3368 pmoccisiune
2832 3294 2928 3353 lilii
2978 3295 3082 3362 sui,
3121 3310 3285 3365 quem
3323 3310 3447 3357 cum
3488 3293 3663 3355 vicina

2076 3407 2183 3446 sua
2196 3390 2452 3456 comedit,
2486 3397 2761 3459 expetens,
2823 3398 2885 3445 ut
2921 3388 3095 3458 ipsius
3133 3387 3275 3447 filius
3311 3386 3561 3451 similiter
3595 3385 3662 3439 ad

2078 3482 2464 3538 eomestionem
2488 3480 2749 3536 ambabus
2770 3479 3115 3549 daretnr(1V
3138 3478 3263 3552 Reg.
3292 3478 3390 3550 vi).
3418 3478 3508 3535 Sic
3528 3493 3659 3546 quo-

2074 3588 2185 3645 .que
2208 3581 2264 3629 et
2291 3573 2343 3626 in
2370 3572 2680 3642 captivitate
2731 3570 2919 3625 ultima
2964 3570 3359 3633 Romanomm,
3398 3570 3498 3627 sub
3538 3567 3658 3623 Tito

2080 3629 2136 3720 et
2167 3629 2499 3733 Vespasiano
2521 3662 2875 3733 principibus,
2914 3661 3110 3717 mulier
3132 3629 3490 3730 qualemn.
3508 3658 3664 3729 plebe
3765 3629 3776 3639 .

2080 3771 2233 3818 trans
2260 3760 2546 3817 Joulanem
2589 3757 2944 3815 habitantium
2992 3756 3312 3822 incolarum,
3336 3752 3515 3825 Maria.
3551 3770 3650 3811 noe-

2080 3855 2245 3917 mine,
2285 3851 2531 3908 Eleazariv
2553 3850 2679 3915 lilia,
2711 3864 2915 3922 genere
2941 3862 3006 3905 ac
3042 3847 3247 3903 divitiis
3282 3844 3497 3911 nobilis,
3537 3860 3661 3901 cum

2084 3945 2191 4001 alia
2252 3942 2599 3999 multitudine
2654 3941 2868 4010 fugiens
2924 3941 2980 3996 in
3032 3936 3459 4009 Hierosolymam
3517 3949 3652 3997 rece-

2079 4046 2175 4109 pta
2197 4078 2213 4102 ,
2260 4050 2385 4091 cum
2435 4034 2646 4091 caeteris
2695 4031 3063 4097 obsidebatur.
3097 4028 3209 4087 Ubi
3225 4046 3359 4087 cum
3376 4045 3415 4086 a
3438 4028 3664 4100 raptori-

2081 4130 2184 4185 bus
2204 4130 2368 4183 rebus
2390 4126 2645 4183 omnibus
2658 4135 2717 4182 et
2731 4123 3057 4181 victualibus
3066 4122 3367 4195 exspoliata
3386 4124 3582 4188 fuerat,
3597 4123 3661 4179 ad

2081 4228 2380 4275 extremum
2406 4217 2729 4272 necessitate
2757 4214 2915 4270 famis
2941 4222 3166 4286 cogente
3187 4211 3659 4284 propriumlilium

2081 4311 2371 4366 laetantem
2418 4309 2713 4373 interfecit,
2739 4316 3056 4379 partemque
3080 4305 3198 4375 ejus
3222 4320 3460 4377 coquens
3483 4319 3662 4361 come-

2082 4403 2180 4468 dit,
2197 4407 2409 4472 partem
2430 4415 2561 4455 vero
2579 4399 2643 4454 in
2661 4400 2903 4459 futurum
2921 4398 2999 4453 ad
3012 4396 3661 4463 comedendum.mserva-

2079 4495 2177 4550 vit.
2210 4494 2365 4553 Unde
2387 4500 2443 4548 et
2479 4493 2681 4549 nidore.
2707 4500 2899 4549 assatre
2937 4492 3123 4553 camis
3152 4490 3265 4561 ipsi.
3285 4498 3533 4560 raptores
3562 4503 3657 4544 ex—

2084 4586 2255 4651 citati,
2293 4598 2419 4641 eum
2457 4582 2656 4639 factum
2687 4592 3090 4654 compererunt,
3118 4583 3282 4638 nimis
3307 4582 3662 4649 exhorrentes

2084 4685 2446 4734 secesserunt.
2493 4674 2647 4742 Quod
2686 4685 2864 4731 autem
2906 4676 2963 4730 in
3003 4674 3315 4730 sanctuario
3336 4670 3551 4727 Domini
3570 4686 3661 4729 sa-

2082 4772 2330 4825 cerdotes
2362 4779 2415 4825 et
2442 4771 2738 4839 propheta},
2768 4770 3007 4840 pueriet
3026 4783 3205 4832 senes,
3228 4766 3454 4837 juvenes
3474 4770 3533 4818 et
3548 4763 3659 4817 vir-

2082 4860 2253 4929 gines,
2304 4859 2482 4927 gladio
2529 4859 2862 4924 ceciderunt,
2910 4858 3153 4913 historia
3190 4856 3385 4912 divinae
3419 4868 3520 4910 nec
3552 4868 3659 4909 non

2082 4959 2138 5004 et
2165 4950 2284 5004 libri
2314 4949 2530 5021 Iosephi
2562 4950 2983 5021 bistoriograpbi
3019 4950 3087 5009 de
3115 4948 3325 5004 excidio
3360 4946 3508 5002 urbis
3533 4944 3659 5001 Hie-

2088 5043 2371 5114 rosolymae
2398 5042 2685 5098 manifeste
2712 5043 2926 5097 docent.
2956 5040 3178 5113 Mystioe
3203 5046 3383 5094 autem
3408 5034 3662 5103 mulieres

2088 5134 2320 5189 fructum
2353 5128 2505 5189 interi
2548 5134 2641 5188 sui-
2672 5132 2977 5197 comedent,
3024 5127 3661 5200 quandoanimtepeuca—

2091 5228 2251 5282 trices
2291 5226 2438 5295 justo
2476 5226 2660 5296 judice
2688 5225 2803 5279 Deo
2826 5224 3163 5283 retribuente
3183 5235 3417 5292 operum
3439 5233 3658 5281 suorum

2087 5321 2406 5391 condignam
2438 5319 2743 5373 mercedem
2776 5316 3063 5385 recipiunt.
3098 5309 3661 5380 Occiditurprepbeta

2085 5422 2141 5468 et
2175 5412 2428 5468 sacerdos
2456 5412 2509 5465 in
2538 5408 2850 5465 sanctuario
2876 5407 3110 5472 Domini,
3149 5420 3281 5460 eum
3297 5401 3400 5473 ipsi
3426 5396 3659 5455 ministri

2083 5503 2273 5557 altaris
2306 5510 2361 5557 et
2401 5501 2787 5571 prtedicatores
2819 5500 2970 5555 verbi
3007 5498 3123 5564 Dei,
3148 5504 3366 5568 propter
3388 5491 3662 5562 negligen-

2085 5594 2213 5647 tiam
2239 5608 2391 5648 suam
2419 5598 2580 5661 atque
2610 5592 2888 5655 desidiam,
2917 5591 2985 5645 de
3008 5605 3106 5647 suo
3133 5587 3307 5644 cilicio
3333 5583 3473 5639 unde
3497 5593 3655 5635 cem-

2084 5684 2199 5737 nari
2230 5683 2550 5745 debuerant,
2576 5681 2822 5735 meritam
2847 5695 3063 5750 pinnam
3095 5670 3652 5733 ultionis-sortiuntur.

2156 5766 2271 5831 Sin.
2312 5793 2330 5825 ‹
2349 5771 2720 5828 Iacuerunt-in
2748 5780 2890 5826 terra
2916 5769 3056 5825 'foris
3078 5781 3214 5839 puer
3238 5770 3295 5820 et
3324 5775 3512 5832 senex,
3546 5758 3656 5819 vir-
