4056 6336
520 310 671 373 ωθ
1161 313 1224 368 Β.
1264 311 1521 368 RABAM
1557 286 1775 369 MAURI
1811 307 2130 366 ARCHIEP.
2169 307 2478 364 MOGUNT.
2519 305 2803 364 OPERUM
2838 306 3017 363 PARS
3049 307 3136 364 Ill.
3649 307 3828 362 ηερ

420 415 451 440 ⁸
516 425 771 490 duienta,
799 439 919 496 qua:
959 440 1104 480 nunc
1143 439 1242 494 per
1285 425 1570 479 haereticos
1613 432 1669 478 et
1709 422 1872 478 falsos
1913 422 2096 493 agitur
2120 424 2174 484 Α
2198 421 2430 476 Domini.
2469 421 2544 475 De
2589 436 2696 490 quo
2721 421 2788 475 ad
2817 422 2979 475 corda
3015 420 3296 478 hominum
3341 421 3481 476 sicut
3525 423 3824 478 lerientes

510 515 849 572 Christianos
887 533 900 570 :
937 517 1227 571 novissima
1247 521 1532 586 ‘supcrest,
1556 533 1676 587 qua:
1700 533 1796 587 per
1817 516 2094 570 Antichri-
2197 513 2426 584 sagittaa,
2456 513 2536 569 sic
2566 521 2832 568 terrentes
2861 513 3141 567 sententiae
3170 512 3410 569 veniunt.
3445 513 3604 569 Unde
3637 523 3824 571 recto

517 617 656 664 stum
683 609 991 678 przedicitur
1014 615 1400 672 eSSeventura,
1429 623 1536 676 qua
1559 609 1694 662 nihil
1715 607 2092 678 periculosius,
2195 620 2408 674 quoque
2450 618 2550 673 per
2594 602 2939 657 Psalmistam
2993 601 3192 658 dicitur
3232 621 3248 657 ι
3297 619 3318 654 ι
3369 601 3577 658 Arcum
3620 617 3814 661 sutu-

2194 695 2419 749 tetendit
2446 704 2502 749 et
2526 693 2736 764 paravit
2764 693 2934 758 illum,
2960 703 3014 747 et
3031 693 3084 747 in
3110 693 3228 763 ipso
3242 693 3452 764 paravit
3473 707 3608 748 vasa
3637 709 3814 750 mort-

2198 783 2524 855 tis,-sagittas
2539 797 2665 838 suas
2684 781 2994 837 ardentibus
3007 780 3184 837 eliecit
3200 781 3371 854 (Paul.
3393 781 3514 855 vn).
3537 804 3560 836 ι
3576 783 3808 841 Arcum

2194 891 2427 946 namque
2455 891 2613 931 suum
2649 873 2907 929 Dominus
2936 876 3182 942 tetendit,
3209 876 3304 947 qui
3342 876 3558 931 cunctis
3585 892 3806 948 pecca-

2197 965 2400 1020 toribus
2428 980 2526 1034 per
2567 964 2902 1036 Scripturam
2926 973 3171 1021 sanetam
3219 963 3395 1020 minas
3420 965 3704 1022 exhibuit.
3737 967 3802 1023 In

2193 1074 2300 1130 quo
2324 1075 2450 1115 arcu
2490 1061 2702 1116 scilicet
2739 1075 2866 1115 vasa
2890 1061 3079 1115 mortis
3121 1061 3446 1131 praeparavit
3485 1079 3500 1115 :
3532 1063 3667 1132 quia
3701 1078 3802 1120 se-

2193 1152 2425 1206 cundum
2454 1151 2654 1222 eloquii
2680 1153 2764 1207 sui
2793 1151 3114 1208 sententiam
3145 1167 3240 1206 eos
3268 1152 3364 1223 qui
3393 1168 3542 1209 nunc
3573 1155 3800 1225 corrigi

2192 1241 2496 1312 negligunt,
2526 1227 2784 1312 reprobos
2813 1243 3051 1298 damnat.
3082 1243 3140 1298 in
3181 1259 3291 1314 quo
3329 1247 3501 1302 etiam
3549 1248 3798 1318 sagittas

2191 1348 2318 1387 suas
2346 1333 2601 1387 ardentes
2627 1331 2837 1398 eﬂecit,
2865 1320 2991 1403 quia
3013 1335 3082 1388 ad
3105 1349 3201 1391 eos
3227 1351 3484 1406 quos-per
3509 1345 3794 1392 terrorem

2190 1423 2736 1494 corrigit,-accensas
2763 1426 3050 1480 verborum
3079 1427 3378 1484 sententias
3401 1429 3628 1484 emittit.
3659 1449 3682 1481 ι
3725 1431 3798 1485 Et

2189 1513 2384 1584 posuit,
2401 1513 2700 1584 inquit,|me
2721 1515 2862 1570 sicut
2891 1517 3104 1587 signum
3128 1519 3198 1573 ad
3215 1520 3488 1591 sagittam.
3510 1541 3530 1573 ι
3552 1521 3794 1577 Constat

2190 1609 2470 1676 nimirum,
2493 1610 2636 1680 quod
2658 1610 2860 1666 idcirco
2884 1612 3096 1681 signum
3117 1613 3356 1684 ponitur,
3375 1622 3438 1670 ut
3453 1615 3790 1685 sagittarum

2188 1701 2478 1756 emissione
2498 1700 2743 1756 feriatur.
2768 1701 2968 1758 Fidelis
3005 1703 3188 1774 itaque
3223 1705 3455 1774 populus
3477 1706 3530 1760 iu
3556 1706 3786 1778 signum

517 697 769 770 qmnia'm
809 699 912 756 erit
943 701 1174 755 violenta
1202 700 1371 754 'nimis
1401 716 1467 755 ex
1504 708 1768 769 potestate
1806 699 1955 769 regni
1984 700 2094 754 siu-

517 789 738 862 gula'ris,
768 797 821 844 et
842 790 1148 860 deceptiosa
1177 790 1484 855 miraculis;
1503 796 1571 842 'ut
1594 790 1731 844 sicut
1747 788 2012 844 Dominus
2038 787 2094 843 in

509 879 807 951 Evangelio
829 879 968 934 "dicit
1003 898 1017 932 :
1051 877 1282 936 Sedocat
1315 881 1499 944 etiam,
1523 880 1578 936 ‘si
1608 880 1724 934 ﬁeri
1755 885 1953 950 pdte'3t,
1985 881 2094 936 elc-

507 979 650 1026 'ctos.
680 970 913 1026 Proinde
942 971 1008 1026 ad
1029 972 1136 1025 vim
1165 972 1416 1040 pertinet,
1433 972 1576 1042 quod
1605 973 1840 1042 positum
1871 981 1954 1027 est
1979 972 2090 1040 leo,

515 1059 582 1117 ad
612 1061 764 1118 dolos
789 1063 931 1132 quod
953 1061 1050 1128 ait,
1079 1062 1132 1116 in
1163 1061 1322 1116 cubili
1341 1065 1446 1117 "Suo
1475 1063 1590 1116 :‘sic
1623 1064 1862 1132 utraeque
1889 1062 2089 1132 iniqui-

506 1157 656 1206 tates
695 1149 809 1219 eju‘s
847 1151 1071 1222 singulis
1093 1148 1456 1228 sermonibus
1498 1152 1840 1207 in‘tima‘ntur.
1877 1151 2093 1222 Rapere

506 1247 642 1298 've’ro
665 1245 974 1312 pauperem,
1002 1239 1272 1313 'siguilicat
1294 1236 1531 1298 stI'bittIn'I
1553 1244 1847 1314 periculum
1875 1245 2088 1311 animae,

513 1333 580 1389 ad
599 1331 844 1404 quod'i'lle
867 1328 1288 1390 IiefandisSimu‘s
1312 1330 1530 1390 tra‘her'e
1545 1336 1735 1390 nititur
1749 1337 2086 1392 innocentes.

505 1418 645 1481 Dum
659 1424 882 1480 attrahit
893 1434 1036 1492 eum,
1051 1425 1106 1481 id
1120 1433 1224 1492 est,
1249 1427 1372 1480 dum
1389 1425 1536 1482 illum
1566 1429 1596 1482 a
1615 1428 1838 1484 veritate
1865 1424 2090 1482 cultura:

509 1517 575 1573 ad
603 1514 836 1574 nominis
878 1519 974 1575 ‘sui
1012 1513 1413 1574 venerationem
1451 1517 1670 1575 molitur
1714 1521 1998 1576 adducere.
2026 1519 2088 1575 In

510 1609 702 1681 laqueo
733 1626 834 1666 suo
869 1611 1174 1666 humiliavit
1218 1625 1360 1666 eum.
1385 1607 1642 1684 Laqueus
1673 1611 1942 1684 signiﬁcat
1988 1615 2084 1669 do-

505 1703 642 1768 lum,
673 1703 782 1772 quo
813 1702 1134 1772 simplicium
1167 1703 1330 1758 corda
1359 1705 1666 1772 capiuntur,
1697 1713 1750 1759 et
1779 1704 1922 1758 velut
1943 1705 2086 1760 nodo

507 1792 878 1860 perversitatis
937 1789 1360 1864 lacrymabiliter
1419 1787 1729 1865 alligantur.
1778 1794 2091 1852 Humiliabit
2117 1783 2166 1843 Β
2194 1792 2335 1848 hosti
2375 1809 2472 1848 suo
2500 1802 2584 1848 est
2610 1793 2817 1864 positus
2857 1795 2949 1864 qui
2989 1811 3114 1850 eum
3151 1796 3263 1852 suis
3302 1797 3500 1853 ictibus
3539 1798 3786 1868 impetit,

509 1885 687 1940 autem
729 1887 864 1940 liene
892 1884 1096 1940 dictum
1117 1891 1202 1940 est
1232 1904 1244 1940 :
1276 1888 1528 1956 quoniam
1559 1887 1624 1944 de
1660 1904 1787 1944 vera
1829 1890 2090 1961 religione

503 1971 624 2029 sine
645 1969 1051 2041 dubioc'adnut,
1081 1977 1171 2045 qui
1201 1979 1268 2032 ad
1296 1977 1482 2032 insana
1514 1979 1763 2050 dogmata
1787 1982 2098 2051 perducun-'

500 2066 613 2122 'tur.
655 2062 754 2122 Hic
786 2061 905 2138 iam
948 2066 1014 2122 de
1060 2067 1176 2138 ipso
1205 2078 1434 2140 tyranno
1465 2071 1698 2139 dicitur,
1745 2073 1837 2142 qui
1885 2074 1938 2128 in
1989 2068 2084 2129 Dei

505 2177 690 2217 servos
719 2163 979 2232 permissa
1005 2173 1270 2236 potestate
1302 2169 1655 2238 grassabitur.
1700 2167 1983 2226 inclinabit
2001 2186 2080 2239 se,

501 2251 558 2307 id
587 2266 688 2318 est,
725 2270 846 2309 cum
879 2255 1117 2311 animum
1145 2271 1299 2313 suum
1328 2260 1490 2314 nimia
1515 2262 1846 2330 perditorum
1890 2264 2082 2330 aequi-

497 2343 698 2398 sitione
725 2345 1010 2411 remiserit,
1043 2356 1098 2402 et
1119 2348 1271 2417 quasi
1302 2349 1564 2404 malordm
1591 2351 1744 2420 copia
1772 2351 2084 2422 crapula‘tus

504 2433 556 2488 in
579 2427 797 2504 aliquod
822 2436 989 2490 otium
1015 2445 1140 2508 post
1177 2447 1485 2492 sanctorum
1515 2455 1705 2508 posnas
1740 2439 2083 2495 alﬂictiones—

501 2523 606 2596 que
655 2525 980 2597 pervenerit.
1035 2514 1188 2584 Tunc
1232 2545 1361 2600 ergo
1408 2530 1474 2585 de
1517 2539 1614 2586 Sua
1663 2533 2082 2602 praesumptione

499 2617 860 2688 nequissimus
888 2604 1046 2675 cadet
1065 2661 1080 2685 ,
1108 2621 1324 2690 quando
1357 2617 1429 2675 illi
1457 2638 1576 2677 cum
1618 2623 1731 2678 suis
1756 2623 2081 2692 sequacibus

495 2701 866 2779 supervenerit
910 2705 1227 2780 repentinus
1281 2709 1534 2767 interitus
1591 2727 1605 2766 :
1664 2709 1825 2768 ﬁnem
1884 2714 2080 2784 quippe

495 2797 675 2874 szeculi
705 2799 910 2867 nescit,
956 2801 1212 2871 quoniam
1241 2817 1366 2857 eum
1401 2798 1656 2858 Dominus
1699 2803 1753 2858 in
1802 2819 1898 2858 sua
1925 2813 2079 2874 pote-

493 2899 636 2946 state
657 2892 956 2948 constituit.

567 2982 772 3041 Daleth.
828 3007 848 3039 ι
903 2984 1152 3050 Tetendit
1201 3005 1390 3045 arcum
1430 3005 1619 3056 suum,
1667 2998 1724 3046 et
1766 2991 1947 3062 posuit
1990 3006 2078 3046 me

501 3096 518 3128 ι
555 3079 709 3147 quasi
755 3077 966 3149 signum
1017 3079 1084 3133 ad
1141 3079 1413 3149 sagittam.
1475 3100 1493 3132 ι
1543 3078 1745 3152 (ϐνερ.)
1803 3080 1911 3136 Hoc
1959 3091 2072 3148 est,

494 3169 820 3223 sententiam
863 3167 1054 3238 judicii
1085 3173 1164 3226 sui
1212 3173 1266 3226 in
1295 3189 1382 3227 me
1415 3173 1640 3238 detexit,
1680 3184 1734 3230 et
1763 3183 1917 3228 certo
1945 3161 2072 3232 (ictu

493 3259 865 3330 castigationis
892 3261 1170 3333 corripuit.
1193 3262 1368 3318 Arcus
1394 3272 1572 3316 autem
1600 3265 1817 3318 nomine
1839 3265 1890 3319 in
1919 3280 2073 3322 sacro

491 3348 706 3420 eloquio
739 3349 1029 3422 aliquando
1063 3353 1327 3410 malorum
1363 3351 1601 3419 insidiIe,
1641 3353 1931 3426 aliquando
1957 3357 2074 3412 dies

485 3431 679 3504 iudicii
708 3479 723 3505 ,
779 3439 1067 3512 aliquando
1120 3458 1249 3498 vero
1298 3443 1411 3514 ipsa
1460 3445 1646 3499 eadem
1675 3461 1829 3501 sacra
1859 3446 2072 3517 eloquia

492 3528 867 3600 designantur.
913 3525 1024 3587 Per
1067 3549 1252 3588 arcum
1302 3549 1431 3589 vero
1475 3534 1684 3592 insidia:
1730 3527 2104 3608 ﬁgurantur,‘

490 3619 630 3676 sicut
680 3619 965 3679 Psalmista
1013 3625 1199 3700 dicit:
1249 3645 1268 3677 ι
1321 3627 1904 3696 lntenderuntarcum,
1957 3647 2073 3686 rem

489 3718 728 3767 amaram
770 3710 962 3786 '(Psal.
996 3717 1184 3789 LXIII).
1241 3715 1344 3773 Pér
1393 3735 1577 3774 arcum
1625 3736 1836 3790 quoque
1881 3721 2072 3792 judieii

489 3794 606 3854 dies
632 3801 968 3873 designatur,
1011 3805 1152 3861 sicut
1190 3819 1287 3876 per
1312 3807 1558 3864 eumdem
1593 3826 1806 3865 rursum
1843 3809 2071 3868 Psalmi—

490 3899 629 3946 stam
673 3892 870 3950 dicitur
899 3915 913 3950 :
952 3916 970 3948 ι
1004 3895 1296 3955 Ostendisti
1323 3901 1521 3970 populo
1555 3911 1647 3958 tuo
1677 3903 1810 3958 dura
1830 3944 1844 3968 ,
1873 3906 2068 3976 potasti

485 3995 584 4036 nos
603 3983 730 4038 vino
758 3986 1205 4056 compunctionis.
1247 3987 1448 4045 Dedisti
1498 3993 1862 4048 metuentibus
1898 4003 1950 4048 te
1999 3995 2073 4050 si-

486 4073 906 4145 gnilicatidnem,
931 4088 990 4134 ut
1011 4081 1218 4153 fugiant
1245 4099 1274 4137 a
1307 4083 1447 4140 facie
1479 4102 1638 4158 arcus
1663 4087 1835 4159 (Psal.
1868 4087 2004 4158 ιιι).
2045 4108 2064 4140 ι

480 4165 541 4220 in
569 4179 697 4222 arcu
727 4172 872 4233 enim
899 4182 1103 4241 quanto
1134 4175 1345 4246 longius
1380 4178 1614 4232 trahitur
1646 4179 1849 4234 chorda
1869 4220 1884 4246 ,
1919 4183 2076 4235 tanto'

483 4258 548 4312 de
570 4273 633 4314 eo
654 4260 949 4317 districtior
971 4263 1084 4318 exit
1109 4267 1324 4333 sagitta.
1355 4265 1445 4322 Sic
1467 4269 1724 4324 nimirum
1747 4272 1827 4325 sic
1841 4273 2069 4328 extremi

476 4345 668 4416 judicii
696 4349 840 4418 dies,
886 4351 1088 4422 quanto
1121 4348 1278 4424 lange
1315 4348 1560 4412 diﬂ'ertu'r
1592 4369 1653 4414 ut
1677 4361 1890 4428 veniat,
1921 4371 2070 4418 tanto

483 4453 607 4524 eum
639 4437 846 4495 'v‘enerit
893 4442 960 4496 de
1011 4429 1104 4498 illo
1149 4441 1446 4502 districtior
1485 4451 1751 4506 sententia
1797 4454 2062 4524 procedit.

481 4521 689 4580 Idcirco
717 4535 895 4583 autem
926 4545 1070 4586 nunc
1099 4531 1330 4590 diversis
1357 4535 1598 4593 cladibus
1624 4521 1976 4610 percutimur,
2007 4554 2066 4600 ut

483 4611 570 4671 his
593 4620 822 4674 'eoi‘reeti
845 4623 1145 4691 paratiores
1178 4632 1304 4680 tunc
1327 4627 1558 4684 inveniri
1586 4631 1880 4688 valeamus.
1907 4631 2064 4692 Unde

479 4702 590 4762 illic
614 4711 949 4778 praemissum
979 4722 1062 4770 est
1089 4734 1101 4768 :
1135 4715 1156 4768 ἱ
1187 4713 1479 4775 Ostendisti
1506 4721 1704 4794 populo
1731 4733 1822 4780 tuo
1848 4725 2002 4792 dura,
2035 4747 2054 4779 ι

615 4769 630 4778 _
1023 4769 1029 4770 ,
1198 4769 1479 4775 ---ν-η---
1546 4769 1572 4777 ν
1617 4769 1702 4779 ---ν
1732 4769 1820 4780 -..ν
1849 4769 2002 4792 μνη,
2035 4769 2052 4779 .

403 4769 440 4880 ).
480 4795 689 4872 ﬂagella
715 4802 966 4860 videlicet
991 4806 1207 4873 saeculi,
1247 4824 1366 4878 qua:
1395 4769 1707 4868 securtui'um
1738 4816 1956 4885 gravius
1973 4815 2063 4884 ju-

479 4889 608 4945 dicii
634 4888 776 4946 diem
809 4897 1166 4964 praecurrunt.
1206 4917 1224 4948 ‹
1262 4895 1469 4956 Potasti
1508 4917 1608 4959 nos
1646 4905 1774 4960 vino
1800 4921 2061 4978 compun-

481 4980 697 5048 ctionis,
722 4999 741 5033 ι
771 4989 833 5037 ut
855 4987 1070 5040 terrena
1102 4987 1296 5058 gaudia
1322 4989 1377 5044 in
1399 4990 1667 5064 lacrymas
1693 5001 2058 5051 verterentur.

487 5089 506 5122 ε
536 5069 741 5128 Dedisti
764 5077 1128 5134 metuentibus
1149 5087 1201 5134 te
1222 5080 1693 5152 signiﬁcationem,
1716 5095 1776 5140 ut
1793 5086 2005 5157 iugiant
2028 5103 2060 5142 a
2121 5093 2129 5100 '

477 5159 617 5214 facie
639 5171 820 5218 arcus.
841 5181 861 5216 δ
883 5165 960 5220 Ac
979 5167 1025 5221 si
1049 5167 1284 5224 diceret:
1305 5167 1420 5227 Hoc
1443 5182 1654 5243 tempus
1674 5175 2060 5234 misericordiae

480 5257 582 5318 est,
627 5247 759 5308 illud
789 5261 1001 5327 tempus
1031 5257 1227 5328 ‘jndicii
1269 5262 1400 5318 ’erlt.
1445 5261 1553 5318 Per
1591 5265 1690 5320 ista
1735 5281 1864 5337 ergo
1901 5265 2062 5335 hujus

409 5343 421 5355 '
483 5345 740 5414 temporis
767 5338 978 5418 ﬂagella
1003 5351 1296 5420 signiﬁcas,
1321 5354 1590 5424 quomodo
1616 5360 1754 5412 tun‘c'
1770 5361 2058 5428 percussu-

482 5447 576 5489 rus
611 5433 1036 5515 [persecuturus]
1064 5457 1155 5510 es,
1185 5447 1403 5514 quando
1432 5457 1537 5500 non
1567 5447 2055 5518 parcensjudicas,

477 5526 570 5597 qui
609 5529 697 5600 sic)
723 5529 968 5588 districte
1007 5538 1166 5592 modo
1199 5538 1437 5606 percutis
1467 5540 1682 5610 quando
1715 5541 1912 5610 parcis.
1942 5543 2058 5597 Ali-

479 5617 694 5684 quando
721 5621 864 5676 eIliIn
903 5637 1000 5693 per
1024 5639 1208 5681 arcum
1236 5628 1398 5682 etiam
1423 5644 1576 5684 sacra
1609 5630 1887 5704 Scriptura
1917 5637 2057 5693 desi-
2119 5625 2127 5628 ’

482 5717 694 5776 gIIatur.
730 5711 848 5783 Ipsa
875 5725 1089 5782 quintae
1135 5735 1291 5775 arcus
1319 5720 1555 5778 Ecclesia
1581 5765 1594 5791 ,
1628 5725 1741 5794 ipsa
1772 5744 1932 5784 arcus
1977 5739 2057 5785 est

2090 4492 2146 4552 D

2189 1899 2312 1938 cum
2341 1885 2454 1938 suis
2497 1885 2968 1955 persecutionibus
2989 1885 3196 1957 aﬁligit.
3241 1887 3344 1956 Qui
3375 1890 3521 1944 enim
3567 1891 3627 1944 in
3671 1892 3788 1946 hac

2190 1976 2298 2034 vita
2325 1977 2541 2034 assidue
2563 1978 2704 2033 mala
2729 1977 2954 2043 tolerat,
2979 1979 3120 2034 velut
3149 1980 3201 2036 in
3225 1981 3380 2052 signo
3403 1983 3618 2053 positus
3637 1983 3787 2038 ictus

2187 2068 2414 2140 suscipit
2441 2068 2706 2124 ferientis.
2741 2069 2895 2126 Unde
2915 2060 2972 2124 e't
3007 2071 3327 2140 praedicator
3349 2073 3606 2144 egregius
3651 2088 3785 2128 cum

2183 2160 2619 2230 persecutionum
2653 2161 2792 2216 mala
2841 2161 3138 2228 toleraret,
3186 2171 3348 2234 atque
3377 2166 3480 2219 sub
3507 2180 3784 2236 persecu-

2186 2249 2331 2306 tione
2357 2251 2789 2307 adversariorum
2810 2262 3080 2322 gemeret,
3109 2263 3353 2312 teneram
3381 2256 3782 2330 discipulorum

2183 2352 2420 2398 mentem
2448 2345 2514 2400 de
2536 2345 2648 2400 suis
2676 2345 3052 2402 aﬂlietionibus
3083 2348 3394 2406 consolatus
3421 2351 3500 2406 ait
3549 2369 3564 2405 :
3616 2371 3638 2403 ι
3667 2352 3779 2422 Ipsi

2183 2437 2327 2490 enim
2369 2435 2524 2492 scitis
2546 2437 2672 2507 quia
2717 2439 2774 2492 in
2809 2439 2914 2494 hoc
2956 2439 3118 2510 positi
3165 2456 3372 2496 sumus.
3413 2464 3433 2495 ι
3463 2443 3546 2500 Ae
3591 2443 3644 2498 si
3691 2445 3780 2498 eis

2185 2536 2371 2597 aperte
2397 2527 2548 2584 dicat
2579 2547 2592 2583 :
2630 2548 2649 2580 ι
2689 2529 2826 2597 Quid
2854 2531 2910 2586 in
2935 2532 3040 2588 hoc
3064 2541 3305 2604 tempore
3332 2534 3555 2591 vulnera
3581 2545 3777 2592 nostra

2183 2617 2490 2674 miramini?
2519 2619 2620 2687 Qui
2670 2620 2715 2675 si
2751 2628 2952 2676 mterna
2978 2623 3171 2695 gaudia
3212 2625 3536 2693 quatritnus,
3566 2625 3676 2681 huc
3697 2625 3774 2682 ad

2181 2707 2284 2764 hoc
2318 2710 2565 2766 venimus
2594 2719 2654 2765 ut
2682 2710 2943 2766 feriamur
2972 2711 3024 2785 (Ι
3056 2711 3235 2769 Thess.
3264 2714 3366 2784 III).
3408 2734 3430 2767 ι

2254 2801 2355 2857 Ile.
2389 2823 2407 2855 ι
2445 2803 2590 2859 Misit
2617 2805 2671 2860 in
2697 2807 2918 2862 renibus
2943 2807 3079 2864 meis
3103 2807 3240 2864 tilias
3266 2810 3537 2880 pharetra:
3561 2825 3697 2866 suae.
3741 2829 3764 2863 ι

2185 2899 2453 2969 (Ηὶενοη.)
2505 2897 2668 2956 Filias
2721 2900 2988 2970 pharetrae
3031 2903 3256 2973 sagittas
3284 2903 3434 2958 dicit.
3465 2903 3614 2959 Misit
3637 2920 3770 2974 ergo

2181 2991 2236 3046 in
2275 2992 2492 3046 renibus
2525 2989 2664 3046 ﬁlias
2689 2991 2993 3061 pharetrae,
3049 3009 3173 3048 cum
3213 2994 3457 3049 carnalia
3495 2996 3768 3052 desideria

2179 3085 2238 3140 in
2271 3085 2580 3140 hominibus
2602 3083 2755 3153 juxta
2787 3087 3006 3141 modum
3037 3087 3454 3156 dispensationis
3485 3104 3597 3145 suae
3631 3104 3764 3144 con—

2180 3192 2314 3246 grua
2341 3175 2701 3246 castigatione
2727 3177 3007 3246 corripuit.
3050 3178 3126 3232 De
3152 3178 3256 3234 hac
3275 3179 3472 3250 quippe
3508 3179 3765 3248 pharetra

2179 3270 2234 3326 in
2259 3269 2360 3324 Job
2399 3270 2472 3324 ita
2515 3269 2776 3342 scriptum
2821 3277 2906 3326 est
2935 3288 2948 3300 ·
2988 3289 3006 3322 ι
3052 3271 3370 3326 Pharetram
3416 3271 3562 3327 enim
3607 3288 3762 3328 suam

2181 3359 2408 3428 aperuit,
2451 3369 2505 3413 et
2551 3359 2738 3414 aﬂlixit
2771 3375 2857 3414 me
2887 3360 3032 3432 (Job.
3064 3361 3168 3434 III).
3211 3383 3228 3414 ι
3269 3362 3407 3430 Quid
3435 3378 3534 3433 per
3564 3364 3756 3432 phare-

2180 3463 2316 3509 tram
2345 3453 2462 3520 Dei,
2495 3453 2596 3509 nisi
2621 3453 2891 3510 occultum
2915 3439 3198 3510 co'nsilium
3227 3454 3557 3526 designatur.
3589 3454 3763 3528 Sagit-

2180 3555 2288 3600 tam
2336 3563 2464 3602 vero
2499 3548 2565 3601 de
2607 3549 2866 3617 pharetra
2913 3548 3174 3604 Dominus
3207 3547 3394 3617 ejicit,
3425 3550 3644 3619 quando
3696 3550 3759 3604 de

2175 3638 2388 3692 occulto
2410 3638 2601 3708 judicii
2629 3641 2856 3695 consilio
2901 3651 3142 3710 apertam
3171 3643 3495 3698 sententiam
3535 3633 3755 3698 emittit.

2177 3725 2326 3790 Quod
2353 3729 2497 3782 enim
2529 3729 2828 3800 ﬂagellatur
2861 3731 3109 3800 quisque,
3135 3733 3531 3802 cognoscimus,
3567 3734 3664 3788 sed
3693 3748 3758 3786 ex

2175 3832 2279 3886 qua
2328 3835 2492 3873 causa
2540 3819 2807 3890 ﬂagellum
2849 3823 3030 3876 veniat
3074 3823 3418 3894 ignoramus?
3447 3821 3586 3878 Cum
3627 3837 3758 3877 vero

2175 3919 2297 3979 post
2323 3909 2527 3982 ﬂagella
2554 3913 2676 3966 vitae
2711 3915 2976 3968 correctio
2999 3915 3261 3984 sequitur,
3291 3914 3452 3982 etiam
3483 3914 3603 3984 ipsa
3627 3927 3759 3968 con-

2175 3999 2282 4053 silii
2311 3999 2484 4056 virtus
2514 4002 2770 4070 aperi-tur.
2797 4002 3056 4058 Pharetra
3081 4004 3244 4077 igitur
3269 4003 3450 4059 clausa
3471 4011 3557 4058 est
3581 4002 3760 4057 censio

2175 4085 2302 4142 lium
2319 4091 2606 4155 occultum,
2625 4093 2719 4146 sed
2739 4103 2925 4161 aperta
2944 4094 3198 4164 pharetra
3213 4093 3516 4166 alﬂigimur,
3537 4097 3756 4167 quando

2173 4197 2270 4252 per
2315 4172 2365 4236 i'd
2395 4183 2535 4254 quod
2577 4193 2700 4255 post
2744 4184 3012 4256 ﬂagellum
3069 4188 3328 4257 sequitur,
3378 4204 3484 4258 quo
3529 4189 3756 4244 consilio

2174 4274 2508 4346 ﬂagellamur
2537 4278 2782 4332 videmus
2803 4321 2818 4345 ,
2862 4296 2983 4334 cum
3006 4290 3242 4350 .peccata
3291 4281 3549 4336 Dominus
3584 4282 3754 4349 videt,

2174 4376 2230 4420 et
2255 4376 2428 4421 tamen
2451 4384 2670 4424 manum
2693 4371 2758 4425 ad
2779 4371 3072 4426 vindictam
3096 4388 3202 4426 non
3227 4381 3526 4428 commovet
3559 4392 3573 4425 :
3600 4372 3752 4442 quasi

2172 4455 2408 4514 clausam
2431 4461 2746 4530 pharetram
2778 4469 2946 4526 tenet,
2973 4462 3066 4516 sed
3093 4461 3336 4516 feriendo
3359 4463 3556 4517 indicat
3579 4477 3752 4532 quan-

2171 4560 2285 4605 tum
2328 4551 2379 4606 ei
2427 4552 2480 4606 in
2529 4553 2684 4608 nobis
2740 4549 3012 4626 displicuit
3053 4555 3156 4609 hoc
3194 4557 3338 4626 quod
3379 4556 3467 4612 diu
3523 4556 3752 4612 videndo

2169 4639 2436 4696 toleravit.
2470 4641 2740 4714 (Hierom)
2763 4641 2910 4696 Alias
2941 4659 3170 4714 namque
3201 4647 3267 4700 de
3299 4646 3493 4717 sagitta
3531 4654 3588 4702 et
3613 4647 3750 4715 pha-

2167 4742 2312 4787 retra
2343 4733 2396 4787 in
2426 4733 2562 4788 Isaia
2590 4733 2798 4805 legitur,
2829 4735 2920 4788 ubi
2947 4735 3020 4789 ita
3045 4737 3307 4806 scriptum
3331 4746 3414 4792 est
3443 4755 3458 4791 :
3508 4756 3528 4788 ι
3561 4737 3748 4792 Posuit

2166 4840 2254 4879 Ine
2288 4827 2426 4880 sicut
2454 4827 2707 4898 sagittam
2746 4825 3003 4893 electam,
3035 4837 3091 4887 et
3115 4829 3170 4882 in
3215 4831 3470 4899 pharetra
3500 4846 3598 4886 sua
3627 4830 3750 4885 abs-

2167 4917 2349 4970 condit
2378 4933 2484 4982 me,
2536 4937 2552 4968 ι
2585 4927 2689 4972 etc.
2717 4916 2853 4988 (Isa.
2881 4917 3053 4992 mx).
3081 4919 3304 4986 Quando
3340 4922 3470 4984 dicit
3495 4923 3746 4993 sagittam

2166 5007 2414 5074 electam,
2435 5010 2670 5064 ostendit
2696 5010 2894 5066 habere
2921 5013 3087 5066 Deum
3117 5008 3344 5084 sagittas
3373 5013 3666 5084 plurimas,
3690 5025 3748 5068 et

2166 5114 2273 5154 non
2301 5100 2519 5155 electas.
2554 5100 2683 5166 Qua:
2703 5101 2914 5173 sagitta:
2932 5103 3206 5172 propheta:
3235 5113 3390 5170 sunt,
3413 5113 3472 5158 et
3491 5105 3742 5174 apostoli,

2165 5187 2257 5260 qui
2285 5188 2339 5244 in
2366 5197 2478 5245 toto
2499 5191 2629 5246 orbe
2657 5191 2988 5256 discurrunt,
3011 5192 3076 5246 de
3107 5193 3300 5262 quibus
3322 5201 3376 5249 et
3403 5196 3461 5249 in
3489 5195 3595 5250 alio
3619 5194 3744 5250 loco

2165 5277 2379 5332 canitur
2409 5294 2423 5332 :
2469 5297 2486 5329 ι
2511 5277 2730 5352 Sagitta:
2763 5289 2864 5338 tua)
2899 5290 3074 5336 acuta:
3109 5283 3518 5351 patentissimo,
3558 5285 3740 5354 populi

2164 5368 2265 5422 Sub
2296 5374 2349 5422 te
2369 5368 2583 5422 cadent.
2613 5387 2631 5421 ι
2663 5369 2976 5426 Etiterum:
3007 5389 3026 5422 ‹
3055 5371 3276 5441 Sagittae
3294 5373 3526 5442 potentis
3545 5383 3737 5438 acutae,

2163 5471 2284 5510 cum
2318 5456 2644 5512 carbonibus
2667 5458 3004 5516 dcsolatoriis
3029 5458 3201 5532 (Psal.
3236 5461 3403 5530 κων).
3439 5482 3460 5514 ι
3491 5461 3740 5520 Christus

2164 5555 2342 5601 autem
2365 5547 2430 5601 de
2459 5549 2641 5603 multis
2665 5551 2890 5620 sagittis,
2917 5561 2972 5605 et
2996 5552 3120 5607 ﬁliis
3141 5553 3387 5622 plurimis
3415 5570 3520 5609 una
3543 5554 3740 5628 sagitta

2161 5637 2352 5705 electa,
2377 5651 2431 5694 et
2463 5641 2603 5696 ﬁlius
2630 5643 2934 5712 unigenitus
2961 5656 3064 5708 est,
3089 5661 3250 5715 quam
3281 5646 3335 5699 in
3361 5647 3614 5714 pharetra
3641 5663 3738 5702 sua

2164 5729 2463 5797 abscondit,
2495 5731 2546 5786 id
2572 5742 2655 5787 est
2697 5734 2748 5787 in
2779 5735 3012 5791 humano
3053 5752 3296 5805 conpore,
3333 5749 3388 5792 ut
3433 5739 3640 5794 habitet
3680 5739 3738 5794 in
