4056 6336
298 333 428 392 ιω

292 541 625 597 credentium
653 523 806 603 ildes,
835 538 919 592 cui
947 546 999 592 et
1019 553 1178 607 supra
1211 537 1407 592 dicitur
1437 556 1450 591 :
1483 557 1500 590 ι
1533 535 1614 592 Tu
1640 553 1699 591 es
1724 536 1865 593 Dens

295 632 642 688 absconditus
691 639 746 684 et
792 627 1166 684 nesciebamus
1220 625 1391 700 (Psal.
1447 629 1625 699 cxux);
1679 649 1696 680 ι
1747 645 1865 698 qua:

294 725 490 795 sagitta
513 733 566 777 et
587 737 780 791 sponsa
807 721 999 774 vulnus
1022 720 1293 790 accipiens
1314 719 1550 788 loquitur
1571 721 1623 774 in
1643 719 1867 776 Cantico

294 811 625 871 canticorum
661 835 673 868 :
719 832 736 864 ε
771 810 1060 868 Vulnerata
1091 813 1370 867 charitatis
1399 829 1498 884 ego
1518 829 1656 867 sum.
1701 833 1721 866 ι

367 905 468 960 He.
504 924 521 957 ι
557 901 757 960 Factus
786 921 904 959 sum
933 905 985 958 in
1023 903 1256 958 derisum
1289 903 1434 958 omni
1467 903 1660 974 populo
1703 919 1826 957 meo
1849 943 1866 970 ,

301 1018 319 1050 σ
355 997 623 1053 canticum
649 1012 835 1052 eorum
885 1005 995 1052 tota
1025 995 1128 1050 die.
1171 987 1461 1067 Glaucus.)
1510 1015 1528 1048 ι
1565 995 1870 1052 Derisioues

295 1089 477 1160 populi
504 1088 588 1144 sui
631 1088 888 1159 propheta
925 1101 1117 1158 passus
1147 1097 1249 1153 est,
1295 1087 1511 1158 quando
1535 1087 1716 1143 verbis
1755 1087 1870 1157 ejus

296 1195 402 1234 non
433 1177 745 1242 credebant,
779 1178 885 1232 imo
906 1177 1308 1248 repugnabant,
1337 1179 1574 1234 dicentes
1604 1179 1671 1233 ad
1697 1195 1818 1234 eum
1852 1197 1866 1233 :

302 1289 320 1320 ι
355 1267 689 1324 Mendacium
711 1258 768 1323 tu
795 1267 1052 1338 loqueris,
1081 1281 1187 1329 non
1213 1269 1361 1324 misit
1379 1281 1429 1324 te
1452 1271 1706 1325 Dominus
1731 1271 1872 1326 Deus

296 1369 479 1414 noster
515 1352 651 1430 (Jer.
690 1360 864 1429 mn).
914 1381 932 1413 υ
972 1349 1143 1414 Aliter
1173 1361 1257 1416 bis
1289 1351 1469 1416 verbis
1513 1362 1639 1416 illud
1673 1372 1874 1417 sanctae

297 1445 550 1508 Ecclesia:
580 1463 790 1523 tempus
812 1451 1152 1522 exprimitur,
1181 1467 1287 1522 quo
1316 1451 1532 1523 publice
1569 1470 1597 1507 a
1632 1456 1873 1524 reprobis

297 1543 582 1609 irridetur,
637 1543 851 1612 quando
913 1542 1108 1612 iniquis
1160 1543 1529 1598 crescentibus
1573 1545 1624 1598 in
1677 1561 1874 1616 Oppl'O-

288 1629 496 1697 brium,
530 1631 663 1688 fides
689 1642 743 1688 et
765 1633 964 1688 veritas
987 1633 1090 1688 erit
1121 1633 1174 1688 in
1199 1631 1424 1688 crimine
1457 1654 1468 1688 :
1501 1644 1648 1690 tanto
1679 1635 1874 1706 quippe

298 1723 668 1794 unusquisque
715 1724 1018 1796 despectior
1067 1719 1208 1792 erit,
1263 1737 1465 1796 quanto
1509 1729 1708 1799 justior
1755 1745 1876 1784 esse

1162 328 1528 389 EXPOSITIO
1568 329 1794 388 SUPER
1831 331 2196 390 JEREMIAM.
2237 365 2305 374 —
2341 333 2471 390 LIB.
2515 332 2659 390 XIX.

291 466 358 505 eo
389 447 666 522 plenitudo
693 445 990 502 divinitatis
1017 445 1388 516 corporaliter,
1425 454 1674 517 recteque
1715 454 1860 501 esset
1887 449 1934 508 Α
1962 462 2048 501 me
2077 447 2365 502 absinthio.
2403 468 2420 498 δ
2457 469 2475 499 ‹
2505 448 2616 505 Hoc
2639 458 2743 516 est,
2776 451 2994 508 abstulit
3019 452 3150 508 mihi
3178 469 3332 510 usum
3351 456 3546 513 edendi
3629 445 3644 460 ’

3404 341 3545 398 1223

1966 537 2176 606 etpavit
2191 547 2345 606 pastu
2369 537 2562 594 inutili.
2583 538 2783 612 (ϐπ-δᾳ.)
2806 539 3027 611 Mystice
3039 553 3216 597 autem
3237 544 3288 598 in
3307 543 3548 616 Scriptu-

1961 624 2024 680 ra
2054 642 2210 680 sacra
2256 625 2444 683 dentes
2485 628 2771 698 aliquando
2793 631 3207 700 praedicatores,
3257 633 3547 704 aliquando

1966 740 2095 779 vero
2110 725 2304 778 interni
2321 725 2490 796 accipi
2505 739 2695 780 sensus
2708 726 2898 780 solent.
2915 725 2994 782 De
3019 727 3224 782 sanctis
3247 727 3385 782 enim
3406 745 3548 798 prae-

1968 809 2298 872 dicatoribus
2337 833 2545 888 Sponsae
2573 817 2774 872 dictum
2809 827 2892 874 est
2935 837 2948 872 :
2998 837 3016 870 ι
3055 819 3254 874 Dentes
3281 820 3361 875 tui
3407 821 3550 876 sicut

1967 923 2157 982 greges
2187 913 2468 963 lonsarum
2498 908 2618 978 qua:
2647 897 3003 964 ascenderunt
3032 911 3098 964 de
3123 905 3340 965 lavacro
3365 908 3542 982 (Cant.

1970 999 2064 1069 tv).
2100 1017 2118 1050 ι
2151 980 2304 1053 Unde
2333 1007 2386 1053 et
2411 999 2502 1052 uni
2525 1013 2710 1052 eorum
2755 999 2986 1054 ostensis
3016 995 3068 1052 in
3101 996 3270 1070 ﬁgura
3299 980 3548 1070 gentibus

1970 1073 2170 1144 dicitur
2203 1107 2215 1144 :
2252 1109 2271 1141 ι
2307 1087 2481 1145 Macta
2507 1097 2561 1144 et
2608 1089 2890 1146 manduca.
2927 1111 2946 1142 ι
2977 1071 3038 1146 ld
3076 1099 3180 1157 est,
3224 1099 3548 1147 vetustatem

1969 1191 2156 1238 earum
2184 1183 2425 1248 contere,
2446 1173 2497 1236 e't
2522 1183 2574 1235 in
2596 1197 2791 1252 corpus
2811 1167 3087 1247 Ecclesite,
3101 1171 3350 1239 videlicet
3373 1185 3427 1238 in
3454 1191 3545 1237 tua

1970 1275 2210 1336 membra
2244 1283 2514 1328 converte.
2571 1268 2805 1328 Rursum
2858 1273 2982 1344 quia
3030 1273 3218 1330 dentes
3265 1276 3548 1331 interiores

1971 1377 2164 1418 sensus
2189 1356 2359 1432 accipi
2391 1362 2588 1425 solent,
2634 1359 2896 1416 Jeremias
2927 1363 3184 1432 propheta
3211 1378 3355 1418 nunc
3380 1361 3546 1419 testa-

1974 1462 2080 1520 tur,
2122 1453 2306 1508 die‘ens
2344 1470 2356 1506 :
2407 1472 2424 1502 ε
2459 1447 2645 1523 Fregit
2666 1453 2732 1506 ad
2762 1448 3046 1506 numerum
3086 1453 3276 1508 dentes
3315 1469 3481 1510 meos.
3519 1473 3539 1508 ι

1963 1537 2076 1600 'Per
2101 1541 2287 1600 dentes
2315 1543 2512 1599 ctenim
2540 1545 2692 1598 cibus
2720 1541 2988 1616 frangitur
3015 1551 3073 1598 ut
3091 1543 3364 1616 gintiatur.
3395 1543 3548 1601 Unde

1973 1652 2079 1690 non
2120 1633 2394 1690 immerito
2427 1631 2676 1688 dentibus
2722 1629 2962 1688 internos
2989 1629 3181 1688 sensus
3221 1633 3545 1704 accipimus,

1974 1723 2064 1799 qui
2113 1722 2320 1799 singula
2359 1742 2477 1796 qua:
2508 1725 2749 1797 cogitant
2785 1723 2942 1798 quasi
2976 1721 3237 1780 mandunt
3284 1733 3340 1780 et
3396 1739 3545 1780 com-

291 1811 1175 1892 potuerit;tantoabominabiiior,
1193 1815 1298 1888 quo
1317 1817 1651 1873 laudabilior.
1671 1818 1869 1875 Sancta
1900 1805 1946 1866 Β
1974 1821 2258 1884 minuunt,
2317 1830 2478 1887 atque
2536 1815 2600 1872 ad
2649 1826 2892 1872 ventrem
2938 1813 3220 1872 memoria:
3275 1817 3549 1871 transmit-

296 1904 478 1974 itaque
489 1903 782 1961 electorum
809 1903 1048 1963 Ecclesia
1070 1891 1372 1964 afflictionis
1387 1903 1633 1980 tempore
1657 1926 1875 1980 prover-

287 1990 442 2050 bium
467 1997 650 2066 pravis
694 1987 946 2064 e'ilicltur,
979 1999 1101 2067 quia
1127 1995 1248 2052 cum
1277 1993 1451 2054 bonos
1477 1997 1613 2054 mori
1645 2016 1740 2070 per
1767 1997 1875 2055 toi-

294 2094 475 2140 menta
497 2081 854 2156 conspiciunt,
871 2079 939 2142 ab
959 2088 1036 2142 cis
1056 2081 1462 2144 similitudinem
1485 2086 1876 2147 maledictionis

295 2187 534 2232 sumunt.
567 2167 668 2246 Qui
695 2176 838 2232 enim
877 2175 1244 2234 transitoriam
1283 2177 1512 2235 mortem
1553 2174 1753 2247 vident,
1783 2179 1877 2238 scd

293 2277 695 2337 permanentem
721 2267 888 2323 vitam
924 2285 1030 2324 non
1061 2259 1244 2326 vident
1275 2288 1288 2323 :
1327 2263 1488 2326 'tanto
1523 2268 1694 2342 magis
1737 2270 1877 2327 deri-

295 2353 470 2412 dendo
492 2357 634 2412 mala
653 2359 938 2428 praesentia
954 2357 1186 2432 fugiunt,
1211 2359 1411 2430 quanto
1434 2377 1530 2432 per
1543 2347 1876 2418 intellectum

292 2445 621 2504 intrinsecus
639 2441 705 2504 a'd
725 2447 865 2503 bo'na
890 2451 1261 2520 permanentia
1281 2449 1390 2505 'n'on
1411 2451 1740 2522 perlingu'nt.
1765 2449 1875 2508 sed

295 2537 398 2595 scit
423 2539 612 2597 sa'ne'ta
639 2541 882 2598 Ecclesia
927 2543 981 2598 in
1017 2543 1357 2615 paSsionibu's
1397 2561 1676 2613 crescere,
1717 2541 1877 2616 a'tq'u'e

297 2629 442 2686 inter
463 2626 752 2704 opprobria
796 2631 1167 2690 honorabiiem
1199 2636 1366 2689 vitam
1395 2643 1580 2692 tenere
1611 2635 1732 2704 scit,
1779 2638 1878 2693 ne'e

299 2721 365 2778 de
405 2724 646 2780 adversis
683 2717 860 2794 dejiei,
892 2723 992 2784 nec
1015 2717 1082 2783 de
1117 2726 1394 2799 prosperis
1438 2727 1688 2800 gloriari;
1730 2729 1878 2784 novit

299 2821 488 2868 contra
511 2820 769 2885 prdspera
790 2813 1024 2872 mentem
1047 2834 1200 2872 suam
1221 2818 1274 2872 in
1297 2805 1596 2889 dejectione
1611 2831 1873 2887 sternere,

297 2901 650 2962 novitcontra
670 2907 895 2963 adversa
917 2905 1154 2963 animum
1171 2905 1239 2964 ad
1258 2923 1408 2980 spem
1440 2910 1656 2980 superni
1687 2911 1877 2966 Culmi-

298 2999 385 3057 nis
403 2999 671 3070 exaltare;
691 3005 794 3058 scit
807 3003 947 3059 bona
965 3020 1059 3059 sua
1091 3005 1474 3062 misericordim
1496 3009 1874 3079 redemptoris,

297 3092 400 3147 scit
417 3094 553 3147 mala
572 3100 666 3149 sua
687 3089 914 3163 iustitiae
941 3088 1238 3151 retribuere
1260 3093 1480 3167 judicis,
1506 3098 1648 3166 quod
1664 3108 1719 3152 et
1735 3099 1874 3152 bona

298 3179 388 3235 ilio
412 3182 674 3254 largiente
687 3157 920 3252 habeat,
936 3185 990 3240 et
1004 3185 1140 3240 mala
1157 3183 1246 3240 illo
1257 3157 1600 3256 permittente
1613 3188 1868 3258 patiatur.
1901 3157 1946 3220 C

369 3260 450 3328 lle
487 3296 502 3326 ι
534 3271 775 3346 Replevit
817 3294 903 3332 me
935 3279 1320 3345 amaritudine,
1354 3289 1409 3334 et
1456 3277 1742 3335 inebriavit
1788 3298 1875 3338 me

303 3385 319 3416 ι
368 3364 660 3422 absinthio.
707 3389 726 3420 ι
763 3353 1052 3441 ibiannos.)
1099 3367 1474 3425 Amaritudinc
1527 3371 1788 3441 repletum
1818 3388 1876 3428 se

296 3457 557 3525 propheta
587 3455 818 3524 asserit,
846 3459 968 3528 quia
1019 3467 1124 3514 non
1151 3468 1261 3513 tam
1290 3461 1356 3516 de
1394 3477 1486 3516 sua
1531 3463 1873 3530 calamitate,

299 3545 460 3618 quam
490 3545 558 3602 de
581 3549 908 3605 contritione
937 3549 1117 3620 populi
1154 3551 1238 3604 sui
1270 3549 1453 3606 dolore
1480 3553 1728 3608 anxiatus
1769 3562 1874 3608 est.

301 3631 452 3690 Unde
477 3637 641 3690 trahit
667 3635 733 3691 ad
768 3637 1171 3692 similitudinem
1205 3639 1474 3708 potionem
1515 3642 1696 3696 herbae
1724 3659 1875 3696 ama-

299 3726 550 3794 rissimte,
571 3729 699 3800 quia
745 3727 899 3784 valde
948 3727 1202 3784 alllietuni
1245 3747 1304 3786 se
1343 3732 1487 3786 videt
1534 3733 1877 3788 inimicorum

299 3813 686 3874 devastatione.
734 3815 956 3892 Mystice
995 3829 1175 3875 autem
1213 3817 1478 3877 Jeremias
1524 3823 1687 3879 totius
1731 3825 1877 3880 inse

298 3909 546 3964 humana:
574 3911 1000 3966 conversationis
1018 3911 1254 3983 speciem
1278 3926 1521 3980 sumens,
1547 3929 1645 3984 per
1671 3913 1878 3968 lamen-

298 4009 414 4082 tum
473 4001 757 4072 queritur,
816 4001 1000 4058 dicens
1051 4019 1068 4056 :
1127 4001 1409 4058 Inebriavit
1457 4021 1538 4060 me
1591 4005 1872 4060 absint/tio.

297 4093 492 4150 Ebrius
512 4095 740 4164 quisque
778 4095 922 4164 quod
947 4093 1152 4165 patitur
1174 4103 1367 4162 neseit,
1399 4097 1492 4168 qui
1523 4113 1652 4152 vero
1677 4098 1877 4169 absyn-

299 4184 410 4238 tltio
440 4185 756 4253 inebriatur,
785 4195 838 4242 et
866 4186 969 4243 hoc
993 4185 1136 4257 quod
1161 4187 1392 4258 sumpsit
1412 4204 1656 4244 amarum
1685 4196 1786 4255 est,
1819 4185 1876 4244 c't

299 4283 478 4332 tamen
527 4294 631 4332 non
695 4279 944 4351 intelligit
1004 4279 1250 4336 eamdem
1303 4281 1716 4337 amaritudinem
1768 4295 1875 4350 qua

301 4368 555 4438 repletur.
589 4369 890 4425 Humanum
941 4371 1104 4442 igitur
1131 4387 1303 4442 genus
1351 4373 1630 4428 recto.Dei
1667 4371 1873 4440 judicio

1977 1923 2112 1969 tunt.
2147 1905 2290 1980 Quos
2312 1897 2570 1982 propheta
2601 1903 2668 1964 ad
2695 1905 2976 1966 numerum
3003 1900 3206 1964 fractos
3236 1907 3398 1974 dicit,
3422 1908 3549 1978 quia

1969 2007 2121 2078 juxta
2153 2019 2456 2059 mensuram
2480 1998 2900 2072 uniuscujusque
2921 1997 3153 2072 peccati,
3185 1997 3550 2070 intelligentiae
3641 2006 3649 2014 '

1971 2097 2190 2152 caecitas
2233 2098 2520 2167 generatur
2558 2093 2611 2146 in
2650 2091 2930 2158 sensibus,
2972 2100 3028 2146 et
3073 2089 3366 2146 secundum
3407 2085 3550 2158 quod

1970 2187 2203 2257 quisque
2249 2185 2358 2256 egit
2401 2181 2676 2248 exterius,
2728 2181 2781 2236 in
2811 2197 2878 2236 eo
2926 2177 3272 2250 Obstupescat
3309 2175 3452 2248 quod
3480 2178 3548 2232 de

1977 2271 2203 2336 intei‘nis
2239 2286 2398 2350 atque
2443 2270 2801 2330 invisibilibus
2836 2269 3133 2342 intelligere
3174 2269 3366 2340 potuit.
3401 2267 3553 2324 Unde

1976 2379 2122 2425 recte
2149 2367 2312 2424 etiam
2341 2357 2602 2436 scriptum
2629 2371 2712 2418 est
2743 2380 2756 2416 :
2794 2381 2812 2414 ι
2849 2359 3036 2417 Onmis
3066 2355 3234 2414 homo
3257 2357 3348 2427 qui
3375 2369 3556 2412 eome-

1975 2443 2117 2518 derit
2141 2459 2301 2514 tivam
2329 2435 2608 2522 acerbam,
2637 2453 3020 2525 obstupesce'nt
3042 2435 3237 2506 dentes
3266 2447 3382 2520 ejus
3413 2448 3548 2520 (Jer.

1977 2553 2129 2623 xxx).
2168 2572 2185 2603 ι
2213 2551 2350 2623 Quid
2378 2553 2610 2618 namque
2637 2562 2737 2600 uva
2765 2541 2958 2600 acerba
2986 2541 3090 2597 nisi
3120 2545 3401 2612 peccatum
3424 2539 3550 2597 est?

1967 2621 2094 2701 Ὅνὰ
2115 2621 2309 2713 quippe
2329 2639 2521 2697 acerba
2555 2648 2638 2694 est
2670 2633 2876 2692 fructus
2903 2631 3030 2689 an'te
3055 2629 3291 2703 tempus.
3314 2629 3554 2703 Quisque

1977 2719 2121 2790 enim
2153 2733 2436 2804 praesentis
2475 2713 2600 2785 vitae
2627 2721 3068 2784 delectationibus
3114 2721 3302 2780 satiari
3339 2721 3553 2810 deside-

1981 2827 2083 2890 ra't,
2126 2824 2277 2893 quasi
2307 2812 2515 2876 fruetus
2557 2830 2682 2874 ante
2720 2817 2930 2888 tempus
2971 2815 3256 2871 comedere
3313 2806 3550 2869 festinat.

1979 2917 2081 2984 Qui
2133 2916 2296 2987 igitur
2347 2927 2507 2968 uvam
2561 2910 2811 2966 acerbam
2869 2903 3141 2972 comedit,
3197 2893 3387 2961 dentes
3439 2904 3556 2974 ejus

1976 2991 2386 3075 obstupescunt,
2408 3002 2535 3072 quia
2563 3001 2653 3072 qui
2679 2994 2962 3070 praesentis
2991 2995 3174 3052 mundi
3197 2988 3557 3051 delectatione

1975 3097 2238 3168 pascitur,
2278 3095 2476 3150 interni
2507 3091 2620 3162 ejus
2648 3107 2842 3148 sensus
2875 3091 3131 3161 ligantur,
3165 3092 3223 3143 ut
3253 3087 3366 3158 jam
3395 3087 3556 3158 spiri-

1980 3183 2106 3242 talia
2130 3171 2402 3249 man‘dere,
2432 3183 2483 3240 id
2502 3193 2604 3249 est,
2634 3182 2929 3253 intelligere
2950 3183 3244 3250 nequeant,
3268 3178 3394 3248 quia
3415 3179 3556 3232 unde

1977 3279 2032 3334 in
2061 3275 2420 3331 exterioribus
2449 3273 2696 3328 delectati
2729 3275 2872 3338 sunt,
2902 3271 3030 3326 inde
3057 3272 3110 3324 in
3131 3270 3350 3326 intimis
3370 3269 3556 3325 obstu-

1975 3377 2219 3441 pescunt.
2235 3367 2302 3424 Et
2324 3367 2448 3422 dum
2473 3369 2694 3435 peccato
2711 3363 2888 3417 anim’a
2908 3363 3170 3433 pascitur,
3188 3371 3382 3433 panem
3397 3361 3558 3432 juSti-

1979 3461 2066 3516 tim
2093 3460 2254 3516 cdere
2289 3475 2394 3513 non
2427 3457 2567 3512 valet
2595 3477 2608 3510 :
2636 3456 2888 3526 quoniam
2921 3453 3072 3524 'lig'ati
3103 3453 3289 3510 dentes
3317 3463 3384 3508 ex
3424 3467 3552 3524 pec-

1979 3552 2084 3607 cati
2135 3550 2548 3612 consuetudine,
2589 3547 2796 3615 justuih
2835 3546 2978 3614 quod
3021 3544 3166 3598 intus
3204 3545 3344 3612 sapit
3397 3543 3557 3598 edere

1979 3656 2319 3712 nequaquam
2357 3647 2602 3708 possunt.
2625 3635 2740 3691 l-loe
2762 3636 2926 3706 igitur
2949 3630 3068 3688 loco
3101 3635 3226 3704 quia
3258 3634 3464 3698 dentes,
3497 3639 3559 3685 ut

1981 3733 2254 3796 diximus,
2299 3731 2542 3784 internus
2594 3728 2786 3782 sens‘u's
2829 3725 3167 3795 accipimus,
3211 3721 3559 3778 considerare

1979 3837 2304 3892 magnopere
2347 3817 2476 3890 quid
2523 3820 2684 3889 'age‘re
2725 3811 2856 3885 ju‘sti
2903 3814 3112 3870 soleant
3147 3806 3434 3878 debemus,
3465 3812 3558 3882 qui

1971 3913 2296 3985 plerumque
2323 3913 2369 3968 si
2393 3928 2496 3981 qua
2522 3911 2576 3964 in
2599 3925 2657 3964 se
2685 3907 2936 3978 Quaelibet
2959 3906 3192 3985 carnalia
3217 3919 3337 3961 esse
3362 3904 3555 3974 depre-

1979 3982 2250 4068 hendunt,
2298 4001 2414 4058 haec
2463 3997 2692 4056 internis
2719 3999 2965 4054 sensibus
3000 3982 3363 4053 retractantes
3389 3998 3557 4051 velte-

1980 4107 2190 4153 menter
2249 4097 2304 4151 in
2362 4094 2667 4164 semetipsis
2713 4093 3112 4160 insequdntur,
3166 4077 3452 4144 afflictione
3499 4090 3559 4144 se

1979 4197 2266 4245 conterunt
2293 4229 2306 4254 ,
2355 4187 2672 4258 magnisque
2709 4185 3038 4242 cruciatibus
3058 4184 3144 4241 vel
3168 4185 3391 4240 minima
3417 4184 3470 4237 in
3501 4187 3559 4238 Se

1979 4299 2143 4356 prava
2182 4281 2506 4354 dijudicant,
2538 4291 2700 4350 atque
2717 4273 2843 4336 'baa'c
2869 4280 2967 4351 per
3003 4278 3378 4351 paenitentiam
3403 4277 3557 4332 dam-

1979 4385 2129 4428 nant.
2184 4371 2334 4440 Quod
2381 4371 2582 4426 idcirco
2611 4380 2808 4441 agunt,
2856 4369 2917 4426 ut
2959 4369 3013 4426 in
3041 4373 3331 4440 Conspectu
3375 4367 3564 4424 astcrni

298 4457 353 4511 in
384 4459 750 4530 Voluptatibus
780 4457 1224 4536 [calamitatibus]
1257 4461 1368 4522 Suis
1404 4461 1504 4516 sibi
1547 4463 1870 4529 demissum,
1899 4465 2170 4564 Djudicis
2194 4473 2248 4520 et
2270 4463 2638 4534 ipsiinveniri,
2665 4463 2720 4518 in
2741 4472 2999 4534 quantum
3021 4469 3104 4517 est
3124 4460 3399 4532 possibile,
3423 4462 3562 4516 irre-

297 4562 460 4622 atque
489 4569 584 4625 per
611 4557 828 4611 easdem
851 4555 1153 4625 voluptates
1177 4555 1489 4626 spontaneis
1511 4555 1874 4612 tribulationi-

287 4638 399 4698 bus
439 4645 729 4710 traditum,
754 4645 962 4700 ebrium
989 4655 1072 4702 est
1100 4645 1402 4711 absinthio,
1439 4646 1565 4715 quia
1606 4654 1660 4702 et
1690 4662 1876 4700 amara

298 4743 424 4788 sunt
453 4749 573 4804 quae
613 4749 712 4804 pro
741 4734 901 4803 hujus
937 4737 1064 4791 vita:
1105 4751 1289 4792 amore
1334 4738 1563 4803 tolerat,
1593 4745 1648 4793 et
1694 4741 1877 4791 tamen

295 4827 540 4881 eamdem
570 4827 984 4882 amaritudinem
1009 4827 1252 4883 eaaeitate
1287 4826 1598 4898 cupiditatis
1618 4827 1772 4896 q‘uasi
1797 4825 1878 4881 in-

302 4917 654 4974 sensibilitate
681 4912 961 4974 ebrietatis
993 4919 1225 4988 ignorat.
1261 4912 1440 4972 blundi
1467 4917 1610 4972 enim
1652 4912 1878 4988 gloriam

301 5010 522 5076 sitiens,
555 5010 683 5066 dum
732 5009 930 5065 multas
976 5023 1076 5080 pro
1119 5024 1183 5064 ea
1233 5005 1606 5063 tribulationes
1653 5007 1874 5078 reperit,

299 5116 542 5156 amarum
565 5110 649 5157 est
665 5099 810 5172 quod
837 5101 970 5156 bibit
994 5119 1007 5154 :
1029 5101 1123 5156 sed
1139 5099 1281 5170 quod
1302 5099 1406 5154 hoc
1426 5099 1588 5154 nimis
1609 5099 1878 5155 inhianter

301 5198 558 5265 sumpsit,
609 5195 849 5266 ejusdem
894 5193 1269 5252 amaritudinis
1324 5191 1528 5248 malum
1569 5189 1878 5248 discernere

295 5282 406 5353 jam
434 5301 542 5354 pra:
570 5287 682 5356 ipsa
712 5287 970 5342 ebrietate
1000 5300 1108 5340 non
1137 5283 1348 5340 suilicit.
1372 5283 1572 5336 Amant
1595 5283 1737 5336 enim
1762 5293 1878 5352 per-

303 5376 442 5432 versi
483 5376 728 5432 homines
755 5393 856 5447 pro
885 5378 1042 5449 hujus
1083 5377 1270 5433 mundi
1296 5375 1464 5448 gloria
1491 5376 1654 5430 etiam
1703 5374 1876 5429 tribu-

301 5467 559 5532 lationes,
607 5471 918 5538 cunctisque
948 5486 1047 5540 pro
1089 5485 1154 5525 ea
1183 5469 1471 5525 sudoribus
1495 5467 1728 5524 libenter
1763 5484 1880 5523 ser-

303 5558 490 5624 viunt,
549 5566 604 5611 et
630 5559 872 5628 gravium
914 5560 1159 5616 laborum
1201 5558 1332 5632 jugo
1374 5560 1718 5615 devotissimc
1743 5557 1879 5615 colla

305 5650 646 5708 submittunt.
675 5650 750 5704 De
777 5666 882 5720 quo
908 5653 1084 5707 adhuc
1116 5655 1362 5710 subditur
1405 5675 1416 5710 :

386 5738 522 5796 Van.
555 5758 574 5790 ι
601 5740 668 5795 Εῑ
691 5739 849 5813 fregit
869 5744 936 5798 ad
967 5760 1248 5804 numerum
1269 5747 1458 5802 dentes
1489 5762 1660 5810 meos,
1682 5747 1883 5802 cibavit

1981 4555 2374 4626 prehensihiies
2403 4551 2653 4620 debeant,
2699 4551 2754 4609 et
2793 4551 2849 4608 hi
2874 4553 2966 4624 qui
2995 4566 3089 4608 eos
3124 4553 3204 4608 sic
3228 4565 3286 4606 se
3315 4550 3564 4619 judicare

1982 4647 2342 4716 conspiciunt,
2365 4643 2655 4698 emendare
2681 4641 3003 4710 semetipsds
3031 4654 3062 4692 a
3090 4637 3260 4709 culpis
3295 4637 3565 4708 graviori-

1982 4742 2085 4796 bus
2123 4739 2488 4792 inardescant.
2533 4732 2844 4806 (Manlius)
2876 4731 3087 4786 (libavit
3115 4745 3232 4794 me,
3257 4728 3459 4799 inquit,
3489 4726 3568 4782 ei-

1983 4845 2134 4894 nere,
2161 4831 2261 4884 boe
2283 4837 2388 4890 est,
2404 4823 2578 4897 fragili
2601 4832 2656 4878 et
2675 4823 2852 4878 minus
2869 4822 3013 4886 'utili,
3029 4817 3367 4877 sustentabat
3387 4834 3472 4873 me
3491 4818 3567 4873 ci-

1971 4912 2179 4978 borum
2209 4915 2548 4972 adminiculo.
2585 4909 2722 4970 Huic
2765 4913 2930 4969 etiam
2957 4909 3076 4967 loco
3104 4909 3281 4964 simile
3307 4917 3390 4964 est
3431 4907 3566 4962 illud

1985 5013 2127 5082 quod
2175 5009 2443 5082 pmnitens
2472 5007 2526 5062 in
2573 5000 2805 5062 Psalmis
2839 5003 3036 5074 legitur
3069 4999 3271 5055 dixisse
3315 5017 3328 5052 :
3367 5017 3386 5050 ι
3429 4997 3566 5054 Tota

1985 5089 2073 5164 die
2099 5107 2563 5177 exprobraverunt
2587 5116 2673 5157 me
2702 5082 2906 5154 inimici
2929 5095 3056 5160 mei,
3080 5101 3134 5149 et
3155 5097 3247 5164 qui
3273 5091 3568 5148 laudabant

1985 5215 2092 5264 me,
2121 5198 2406 5252 adversum
2437 5209 2522 5248 me
2553 5189 2841 5260 iurabant,
2875 5187 3003 5257 quia
3040 5185 3277 5240 cinerem
3311 5191 3566 5252 tanquam

1983 5305 2176 5360 panem
2204 5287 2618 5346 lnauducabam,
2646 5288 2698 5336 et
2723 5289 2906 5351 polum
2936 5288 3114 5332 meum
3140 5289 3263 5330 cum
3284 5271 3412 5330 fletu
3435 5285 3569 5329 tem-

1981 5379 2239 5451 perabant
2271 5361 2441 5449 (Paul.
2480 5373 2576 5448 οι).
2613 5393 2632 5423 ι
2669 5371 2898 5427 Causam
2923 5361 3113 5423 reddit
3143 5381 3242 5421 cur
3273 5367 3340 5420 ab
3378 5365 3567 5424 amicis

1981 5469 2065 5524 vel
2096 5485 2127 5523 a
2153 5469 2296 5524 notis
2321 5468 2375 5522 in
2403 5461 2737 5535 ejus'faciem
2764 5452 3200 5522 malediceretur,
3228 5459 3368 5513 sicut
3393 5455 3565 5512 etJob

1981 5559 2268 5632 pertulisse
2312 5555 2659 5612 manifestum
2688 5562 2790 5618 est,
2831 5551 2986 5620 cujus
3025 5551 3134 5604 vita
3171 5548 3434 5618 proximis
3479 5549 3565 5601 vel

1985 5652 2171 5707 amicis
2183 5649 2503 5722 gravissimo
2521 5641 2768 5716 squalore
2784 5640 3055 5700 sordebat.
3073 5640 3366 5696 Sollicitius
3382 5648 3561 5691 tamen

1982 5745 2302 5802 versus‘iste
2339 5741 2648 5797 tractandus
2676 5747 2777 5802 est,
2806 5755 2874 5794 ue
2901 5739 3090 5792 contra
3103 5737 3401 5794 humanam
3427 5743 3560 5784 con-
