4056 6336
556 348 694 405 1225

1217 344 1278 399 Β.
1319 341 1572 400 RABANI
1612 340 1831 399 MAURI
1867 338 2187 397 ARCHIEP.
2228 336 2538 395 MOGUNT.
2579 333 2866 394 OPERUM
2899 332 3078 390 PARS
3115 331 3204 389 III.

3705 334 3873 391 1224

554 460 889 520 suetudinem
936 457 1144 515 favillas
1189 457 1460 530 lignorum
1504 473 1686 514 escam
1727 466 1979 526 putemus
2004 469 2125 510 esse
2151 457 2204 516 Α
2229 454 2321 522 qui
2343 453 2556 508 dicebat
2586 469 2601 508 :
2632 471 2648 504 ‹
2688 452 2822 506 Vivo
2845 459 3022 506 autem
3048 452 3162 521 jam
3194 465 3300 506 non
3335 466 3434 523 ego
3455 491 3474 519 ,
3508 453 3664 509 vivit
3708 470 3868 514 veru

551 552 946 622 paenitentiam.
971 550 1220 606 Cinerem
1249 549 1498 604 novimus
1521 556 1837 604 exustorum
1873 547 2126 616 reliquias

551 659 672 701 esse
712 643 1003 698 carbonum
1022 680 1038 707 ,
1068 656 1205 710 quas
1233 641 1430 694 merito
1453 639 1688 710 peccatis
1716 639 1946 693 dicimus
1976 652 2125 692 com-

550 734 750 807 parari,
783 741 844 787 ut
869 732 983 801 ipsa
1010 745 1225 801 quoque
1253 730 1489 786 tenuitas
1519 728 1836 782 delictorum
1877 726 2123 781 afﬂictio-

550 838 681 878 num
705 820 978 876 doloribus
997 818 1328 873 absumatur.
1356 817 1488 891 Nam
1511 815 1758 887 quamvis
1778 815 2031 885 exiguum
2057 814 2126 870 de

547 920 772 985 peccato
813 915 1126 981 permaneat
1165 923 1271 962 non
1312 915 1548 962 meretur
1595 905 1854 978 praemia,
1895 903 1991 961 sed
2030 918 2127 975 po-

552 1005 1027 1074 tius-peccatorum
1051 999 1254 1070 indiget
1284 999 1462 1054 venia.
1501 998 1654 1055 Unde
1686 1005 1742 1054 et
1775 999 1830 1052 in
1861 997 2128 1066 quinqua-

550 1094 756 1165 gesimo
795 1091 1002 1163 psalmo
1040 1090 1302 1161 propheta
1345 1089 1545 1145 clamat
1593 1107 1608 1143 :
1662 1108 1682 1142 ι
1728 1089 2126 1160 Usquequaque

549 1183 669 1239 lava
694 1199 781 1241 me
810 1183 875 1240 ab
905 1181 1168 1254 iniustitia
1198 1197 1340 1248 mea,
1367 1190 1420 1238 et
1463 1197 1494 1236 a
1539 1182 1734 1238 delicto
1769 1197 1890 1237 meo
1925 1182 2124 1237 munda

549 1292 655 1334 me.
713 1295 732 1328 ι
782 1275 974 1331 Merito
1028 1289 1157 1346 ergo
1211 1281 1266 1330 et
1310 1275 1456 1344 ipsos
1514 1273 1725 1330 cineres
1779 1282 2125 1346 peccatorum

547 1364 920 1422 sanctissimus
937 1364 1210 1434 paenitens
1229 1377 1550 1418 consumere
1577 1362 1885 1429 festinabat,
1906 1378 1976 1419 ne
1996 1362 2126 1433 quid

545 1466 691 1516 esset
736 1457 1031 1523 residuum,
1067 1456 1214 1527 quod
1238 1470 1361 1510 eum
1404 1469 1716 1526 promerere
1753 1470 1864 1510 non
1886 1456 2121 1522 sineret,

547 1566 712 1622 regna
739 1548 1020 1605 caelorum.
1050 1565 1070 1600 ι
1106 1546 1174 1602 Ει
1193 1554 1398 1617 potum,
1424 1545 1621 1616 inquit,
1645 1560 1824 1600 meum
1847 1560 1972 1601 cum
1995 1543 2125 1599 ﬂetu

545 1641 931 1713 temperabam.
1010 1658 1031 1693 ι
1091 1638 1240 1695 Istud
1289 1639 1537 1710 quamvis
1590 1637 1861 1693 interdum
1913 1637 2126 1692 videtur

544 1747 704 1805 posse
743 1731 1086 1803 contingere,
1114 1739 1295 1785 tamen
1338 1737 1390 1784 et
1432 1729 1535 1786 hoc
1571 1743 1784 1799 quoque
1810 1727 2126 1800 spiritaliter

2174 551 2189 562 "
2226 547 2282 600 in
2311 560 2396 600 me
2416 543 2662 600 Christus
2686 539 2827 612 (Gal.
2858 548 2993 611 xm).
3026 562 3045 592 ι
3076 543 3142 596 Et
3162 559 3350 597 rursus
3381 560 3395 596 :
3425 562 3442 594 ι
3474 543 3859 603 Desiderituu

2223 638 2432 694 habens
2459 634 2676 691 dissolvi
2705 643 2760 690 et
2786 650 2905 689 cum
2927 633 3142 690 Christo
3166 651 3304 690 esse.
3332 655 3350 686 ι
3383 635 3486 690 Et:
3525 657 3543 689 ι
3579 637 3732 692 Mihi
3767 641 3856 694 vi-

2223 743 2352 782 vere
2373 726 2620 782 Christus
2639 733 2740 790 est,
2765 735 2820 781 et
2840 727 2977 780 mori
3003 727 3208 780 lucrum
3228 725 3391 795 (Phil.
3410 729 3472 797 ι),
3501 747 3522 779 ι
3549 730 3654 798 qui
3681 741 3847 799 gesta

2226 829 2456 875 terrena:
2499 818 2831 874 fortitudinis
2880 819 2948 872 ad
2976 819 3292 872 memoriam
3325 833 3592 873 revocans
3626 860 3644 885 ,
3677 823 3844 890 quasi

2225 909 2471 980 quazdam
2494 909 2550 963 in
2583 924 2642 964 se
2669 923 2792 963 ossa
2822 908 3172 974 numerabat,
3207 908 3390 964 dicens
3433 927 3444 962 :
3483 929 3503 960 ι
3541 909 3839 968 Baehrens

2225 1016 2293 1056 ex
2319 999 2574 1063 Hebraeis,
2608 1001 2901 1056 secundum
2927 1000 3099 1072 legem
3151 999 3475 1066 Pharisaeus,
3516 1005 3835 1060 secundum

2224 1089 2621 1147 aemulationem
2650 1104 2980 1160 persequens
3001 1089 3295 1147 Ecclesiam
3317 1091 3412 1147 Dei
3437 1091 3612 1162 (Phil.
3653 1097 3767 1165 ιιι).
3810 1115 3827 1147 ι

2227 1181 2334 1237 Sed
2357 1181 2648 1252 suspendio
2675 1181 2886 1248 animae,
2914 1181 3039 1250 quia
3061 1181 3177 1237 haec
3207 1182 3261 1236 in
3283 1197 3342 1236 se
3362 1197 3488 1237 ossa
3514 1183 3826 1249 interfecit,

2223 1270 2470 1342 protinus
2494 1269 2709 1334 asserit,
2740 1269 2832 1339 qui
2859 1267 3131 1339 subiungit
3161 1286 3175 1323 :
3208 1286 3227 1320 (
3258 1267 3365 1324 Sed
3387 1285 3508 1339 quae
3532 1272 3681 1326 mihi
3713 1271 3830 1328 fue-

2224 1371 2354 1418 runt
2396 1362 2549 1418 lucra
2572 1402 2587 1429 ,
2636 1363 2752 1417 haec
2800 1360 3093 1416 arbitratus
3123 1377 3239 1416 sum
3277 1371 3503 1432 propter
3532 1362 3826 1420 Christum

2225 1454 2564 1512 detrimenta.
2596 1473 2615 1506 ι
2649 1453 2780 1520 Quae
2809 1454 2986 1509 adhuc
3013 1468 3138 1509 ossa
3162 1453 3215 1508 in
3245 1456 3541 1524 semetipso
3573 1456 3828 1512 insinuat

2222 1546 2594 1603 vehementius
2614 1546 2902 1609 exstincta,
2920 1562 3044 1602 cum
3066 1545 3303 1602 subdidit
3323 1565 3337 1602 :
3361 1566 3380 1600 ‹
3398 1547 3640 1619 Propter
3655 1566 3823 1620 quem

2223 1637 2404 1694 omnia
2419 1639 2799 1694 detrimentum
2819 1637 2946 1704 feci,
2959 1645 3014 1693 et
3034 1637 3268 1693 arbitror
3280 1645 3339 1692 ut
3358 1647 3624 1694 stercora.
3638 1660 3659 1692 ›
3680 1640 3825 1697 Mor-

2228 1730 2334 1786 tuis
2345 1745 2474 1786 vero
2493 1731 2705 1787 ossibus
2723 1745 2884 1801 quam
2904 1729 3170 1786 exanimis
3190 1731 3439 1802 pendeat,
3457 1732 3711 1787 ostendit
3734 1732 3820 1788 ille

545 1825 754 1902 aestimo
773 1820 1176 1892 requirendum.
1204 1821 1372 1876 Potus
1401 1827 1486 1876 est
1506 1820 1812 1874 animarum
1841 1818 1932 1874 illa
1962 1819 2124 1875 satie-
2148 1812 2198 1874 B
2225 1837 2348 1878 cum
2366 1821 2656 1894 subjungit,
2678 1820 2864 1878 dicens
2891 1836 2906 1876 :
2939 1840 2958 1874 ι
2987 1819 3060 1880 Ut
3079 1820 3353 1877 Christum
3381 1809 3754 1888 lucrifaciani,
3771 1833 3822 1878 et

546 1923 650 1980 tas,
682 1927 802 1983 quae
823 1911 964 1967 sicut
988 1911 1043 1965 in
1078 1911 1472 1982 septuagesimo
1497 1918 1692 1981 quarto
1709 1908 1924 1966 Psalmo
1948 1909 2118 1966 dicit:

551 2023 569 2056 ι
611 2001 764 2060 Calix
787 2002 843 2057 in
864 2015 1027 2056 manu
1046 2000 1259 2057 Domini
1288 2000 1399 2054 vini
1423 1999 1562 2056 meri
1587 2001 1782 2071 plenus
1806 2009 1893 2056 est
1913 2000 2088 2056 mixto
2103 2039 2122 2068 ,

546 2104 603 2152 et
644 2092 924 2150 inclinavit
953 2107 1021 2147 ex
1054 2092 1159 2148 hoc
1185 2090 1393 2172 inhoc.
1434 2109 1453 2142 ι
1493 2089 1612 2160 Ipse
1640 2105 1769 2163 ergo
1813 2098 1975 2161 potus
2001 2098 2118 2159 est,

543 2185 704 2260 quem
747 2187 882 2244 bene
905 2183 1118 2242 ﬂetibus
1156 2191 1545 2254 temperamus,
1590 2184 1704 2256 ipse
1727 2183 1872 2240 calix
1895 2226 1911 2252 ,
1957 2200 2120 2256 quem

542 2278 792 2349 lacrymze
821 2284 1019 2354 nostrae
1045 2273 1249 2362 faciunt
1289 2274 1606 2331 dulciorem.
1636 2275 1789 2330 Tunc
1829 2275 1973 2331 enim
2002 2275 2119 2332 ani-

541 2385 642 2424 mae
663 2368 956 2440 penetralia
980 2367 1216 2425 caelestis
1245 2367 1335 2422 ille
1367 2376 1524 2437 potus
1549 2367 1867 2440 ingreditur,
1903 2368 2119 2439 quando

538 2454 645 2532 piis
684 2460 896 2516 fletibus
933 2460 1210 2532 irrigatur.
1238 2457 1352 2515 Hoc
1377 2465 1496 2514 erat
1525 2458 1778 2530 poculum
1811 2459 1956 2530 quod
1993 2458 2121 2514 irri-

541 2552 751 2608 soribus
777 2550 1059 2606 videbatur
1078 2549 1358 2622 indignum
1387 2567 1399 2603 :
1435 2548 1524 2604 hic
1552 2548 1705 2604 cibus
1729 2549 1820 2619 qui
1849 2547 2118 2605 deliciosis

537 2640 881 2714 judicabatur
911 2641 1213 2697 horrendus
1253 2658 1268 2694 :
1300 2641 1394 2696 sed
1415 2641 1519 2695 hoc
1541 2639 1715 2712 magis
1740 2640 1914 2697 bonus
1961 2639 2119 2696 Chri-

538 2735 746 2790 stianus
761 2733 920 2789 debet
939 2747 1143 2800 amare,
1157 2731 1300 2789 unde
1319 2730 1490 2804 possit
1512 2729 1581 2786 ad
1601 2729 1693 2786 illa
1719 2729 1955 2787 caelestis
1975 2730 2119 2801 regis

540 2827 788 2883 convivia
821 2825 1124 2897 pervenire.

617 2917 754 2972 νου.
808 2936 827 2970 ι
863 2917 932 2974 Et
974 2914 1191 2990 repulsa
1236 2923 1324 2974 est
1367 2915 1547 2971 anima
1571 2928 1721 2981 mea,
1768 2913 1967 2971 oblitus
1996 2928 2118 2972 sum

545 3029 565 3063 ι
598 3009 880 3065 bonorum.
918 3027 939 3061 ι

621 3101 754 3155 Vau.
792 3120 811 3153 ι
848 3100 917 3156 Et
945 3100 1058 3157 dixi
1085 3115 1100 3155 :
1137 3101 1307 3158 Periit
1339 3100 1463 3156 linis
1491 3115 1678 3167 meus,
1708 3107 1764 3155 et
1791 3114 1916 3171 spes
1933 3113 2058 3154 mea
2081 3113 2114 3154 a

2224 1913 2471 1969 inveniar
2493 1913 2549 1967 in
2576 1912 2667 1969 illo
2687 1928 2796 1968 non
2820 1911 3026 1969 habens
3057 1927 3230 1968 meam
3254 1912 3518 1982 justitiam
3540 1954 3558 1980 ,
3592 1929 3723 1984 quae
3754 1930 3815 1970 ex

2222 2004 2341 2077 lege
2363 2012 2466 2070 est,
2491 2003 2586 2060 sed
2611 2019 2750 2070 eam,
2772 2018 2893 2074 quae
2919 2019 2986 2058 ex
3009 2000 3112 2058 fide
3134 2009 3217 2058 est
3237 2000 3367 2058 Jesu
3394 2001 3626 2058 Christi.
3662 2025 3682 2056 ι
3714 2005 3819 2061 Sed

2223 2097 2351 2168 quia
2382 2095 2590 2152 collatis
2610 2094 2727 2165 ejus
2751 2095 3073 2150 testimoniis
3108 2093 3335 2150 Paulum
3358 2096 3424 2150 ad
3447 2096 3559 2151 alta
3588 2113 3820 2168 suspen-

2223 2202 2344 2243 sum
2363 2186 2561 2242 mundo
2583 2193 2856 2242 mortuum
2877 2185 3059 2240 testati
3084 2200 3291 2252 sumus,
3311 2201 3454 2240 nunc
3475 2185 3706 2241 beatum
3723 2187 3819 2242 Job

2222 2279 2270 2336 si
2295 2277 2486 2350 plenus
2513 2278 2703 2334 eodem
2736 2277 2931 2349 spiritu
2954 2277 3243 2334 exterioris
3265 2278 3392 2333 vitae
3421 2280 3818 2348 concupiscen-

2221 2369 2353 2426 tiam
2403 2369 2574 2443 fugiat
2617 2369 2985 2426 ostendamus.
3042 2368 3299 2441 Sequitur
3339 2387 3352 2423 :
3404 2388 3424 2422 ι
3478 2371 3813 2442 Desperavi,

2225 2462 2426 2533 inquit,
2458 2476 2802 2533 nequaquam
2825 2459 2964 2515 ultra
2979 2459 3094 2532 jam
3119 2461 3316 2515 vivam.
3348 2459 3374 2514 ἰ
3404 2458 3545 2516 Sunt
3569 2461 3815 2517 nonnulli

2218 2549 2489 2623 iustorum
2523 2553 2616 2624 qui
2643 2553 2724 2608 sic
2761 2551 3002 2608 coelestia
3026 2555 3312 2622 appetunt,
3345 2559 3406 2606 ut
3447 2559 3636 2607 tamen
3660 2561 3814 2606 aeter-

2221 2660 2416 2702 norum
2447 2659 2542 2716 spe
2572 2645 2793 2700 minime
2814 2641 3150 2714 frangantur.
3174 2641 3392 2713 Largita
3415 2643 3684 2698 divinitus
3711 2658 3809 2713 pa-

2221 2735 2477 2791 trimonia
2561 2736 2629 2790 ad
2695 2733 3038 2790 necessitatis
3099 2732 3399 2789 subsidium
3473 2734 3763 2804 possident
3795 2775 3809 2798 .

2220 2826 2453 2882 honores
2497 2826 2599 2882 sibi
2626 2825 2990 2896 temporaliter
3027 2825 3298 2895 impensos
3325 2833 3515 2880 tenent
3569 2842 3582 2878 :
3637 2825 3807 2880 aliena

2211 2907 2331 2972 'non
2376 2917 2661 2983 ambiunt,
2707 2917 2822 2972 suis
2860 2916 3008 2972 licite
3049 2924 3293 2971 utuntur.
3355 2914 3459 2984 Qui
3507 2925 3696 2971 tamen
3741 2917 3808 2972 ab

2219 3010 2423 3067 eisdem
2458 3009 2620 3065 rebus
2658 3025 2792 3080 quas
2829 3009 3029 3064 habent
3061 3008 3224 3064 alieni
3247 3017 3402 3074 sunt,
3435 3009 3565 3078 quia
3596 3009 3670 3064 ad
3695 3009 3806 3064 haec

2221 3104 2336 3175 ipsa
2354 3118 2472 3173 quae
2491 3102 2767 3173 possident
2791 3117 2856 3157 ex
2877 3101 3146 3158 desiderio
3173 3117 3280 3157 non
3308 3110 3584 3158 tenentur.
3600 3102 3669 3156 Et
3687 3113 3809 3158 sunt

544 3216 563 3249 ι
600 3195 847 3252 Domino.
888 3213 908 3248 ι
942 3193 1001 3250 Si
1027 3195 1144 3250 haec
1161 3195 1317 3265 juxta
1362 3193 1648 3250 historiam
1685 3167 2116 3262 considerentur,
2145 3167 2190 3232 (ἶ
2222 3167 2463 3254 nonnulli
2482 3167 2752 3266 justorum
2775 3196 2883 3266 qui,
2915 3195 2982 3249 ad
3005 3194 3572 3265 comprehendendum
3595 3194 3804 3250 culmen

539 3300 736 3358 magna
756 3284 1003 3357 angustia
1023 3282 1232 3358 Iudaici
1254 3283 1434 3354 populi
1461 3284 1802 3354 exprimitur,
1828 3283 1922 3354 qui
1947 3298 2006 3339 se
2035 3298 2120 3338 re-

536 3357 748 3448 pulsum
762 3376 828 3432 ab
858 3375 1004 3433 omni
1024 3357 1280 3430 felicitate
1300 3382 1516 3431 terrena
1535 3381 1589 3430 et
1608 3375 1832 3431 oblitum
1853 3376 2118 3440 bonorum

539 3471 954 3543 praeteritorum,
979 3477 1198 3540 propter
1211 3469 1578 3526 imminentem
1600 3469 1928 3539 captivitatis
1943 3468 2116 3524 tribu-

537 3561 789 3616 lationem
812 3560 1039 3626 asserit,
1068 3574 1168 3616 nec
1182 3558 1298 3629 jam
1317 3558 1480 3615 finem
1517 3559 1799 3631 praesentis
1825 3558 2120 3615 tribulatio-

539 3650 625 3706 nis
640 3650 827 3717 ullum,
841 3650 927 3705 vel
941 3650 1323 3707 consolationis
1336 3667 1486 3722 spem
1500 3651 1702 3706 habere
1716 3665 1773 3706 se
1785 3651 1936 3706 dicit.
1952 3649 2116 3705 Juxta

537 3741 798 3814 m‘ysticos
835 3755 967 3796 vero
996 3740 1301 3798 intellectus
1319 3740 1614 3798 electorum
1641 3748 1814 3797 coetus
1843 3740 2118 3811 repulsum

542 3848 659 3891 sea
687 3833 870 3891 saeculi
892 3835 1252 3906 prosperitate
1277 3833 1498 3901 fatetur,
1525 3843 1582 3889 et
1601 3833 1825 3890 oblitum
1850 3834 2116 3889 bonorum

539 3925 917 3997 praesentium,
966 3940 1070 3982 nec
1114 3941 1214 3998 pro
1241 3925 1493 3997 praesenti
1530 3923 1714 3980 labore
1744 3925 2116 3980 transitorium

538 4017 816 4086 praemium
839 4032 872 4071 a
892 4016 1120 4072 Domino
1135 4057 1152 4084 ,
1181 4017 1276 4072 sed
1301 4014 1536 4071 futuram
1566 4014 1803 4071 ccelestis
1826 4015 1979 4086 regni
2005 4014 2116 4085 glo-

540 4106 678 4162 riam
697 4106 933 4162 ostendit
952 4121 1013 4162 se
1033 4108 1406 4177 quaesiturum.
1430 4105 1658 4161 Mundus
1685 4105 1830 4160 enim
1855 4105 2037 4175 periit,
2060 4112 2117 4161 et

537 4196 976 4269 concupiscentia
998 4196 1146 4267 ejus;
1176 4197 1272 4266 qui
1297 4205 1474 4251 autem
1507 4195 1638 4250 facit
1662 4196 1994 4251 voluntatem
2019 4196 2116 4251 Dei

539 4297 725 4343 manet
775 4289 833 4342 in
863 4295 1146 4342 aeternum.
1192 4285 1330 4341 Hinc
1356 4301 1452 4357 per
1481 4287 1698 4342 beatum
1735 4284 1835 4341 Job
1864 4286 2060 4341 dicitur
2096 4301 2112 4340 :

545 4396 563 4428 ι
603 4377 773 4448 Elegit
789 4376 1138 4447 suspendium
1161 4376 1342 4430 anima
1363 4391 1484 4431 mea
1507 4382 1562 4430 et
1581 4387 1811 4431 mortem
1826 4392 1948 4432 ossa
1969 4391 2111 4445 mea,

538 4466 848 4536 desperavi,
878 4480 1218 4536 nequaquam
1253 4465 1396 4520 ultra
1414 4464 1530 4534 jam
1559 4467 1734 4522 vivam
1757 4466 1899 4540 (Job.
1930 4468 2049 4540 vn).
2087 4489 2106 4522 ι

539 4555 746 4632 (Greg.)
775 4557 916 4627 Quid
941 4573 1040 4629 per
1075 4558 1309 4613 animam
1334 4559 1439 4614 nisi
1467 4559 1664 4615 mentis
1695 4559 1952 4625 intentio,
1985 4559 2113 4629 quid

536 4667 634 4723 per
657 4667 780 4707 ossa
805 4651 908 4707 nisi
939 4650 1120 4706 carnis
1145 4649 1403 4707 fortitudo
1426 4651 1702 4724 signatur?
1731 4650 1902 4708 Omne
1933 4660 2113 4706 autem

537 4741 682 4813 quod
725 4739 1110 4813 suspenditur,
1155 4740 1344 4812 procul
1369 4741 1533 4797 dubio
1578 4742 1646 4797 ab
1675 4740 1798 4797 imis
1847 4740 2110 4798 elevatur.

535 4833 727 4889 Anima
769 4849 898 4905 ergo
943 4833 1293 4904 suspendium
1337 4833 1505 4904 eligit,
1537 4840 1598 4887 ut
1623 4848 1748 4888 ossa
1788 4833 2110 4899 moriantur,

538 4925 665 4995 quia
690 4923 817 4978 dum
844 4924 1039 4979 mentis
1065 4923 1294 4980 intentio
1318 4924 1386 4978 ad
1415 4921 1521 4978 alta
1560 4937 1618 4977 se
1641 4923 1850 4988 elevat,
1894 4919 2112 4978 omnem

538 5015 596 5070 in
644 5030 705 5070 se
731 5012 1102 5070 fortitudinem
1126 5015 1250 5070 vitae
1283 5015 1567 5070 exterioris
1593 5024 1772 5069 necat.
1810 5013 1998 5070 Sancti
2033 5022 2114 5070 et-

536 5105 681 5160 enim
705 5103 807 5158 viri
847 5106 1150 5160 certissime
1178 5105 1355 5160 sciunt
1393 5105 1518 5175 quia
1560 5105 1761 5161 habere
1788 5106 1842 5160 in
1868 5106 1973 5160 hac
2001 5105 2113 5160 vita

538 5195 778 5264 requiem
801 5209 1143 5266 nequaquam
1171 5203 1423 5268 possunt,
1447 5203 1504 5251 et
1536 5195 1739 5252 idcirco
1764 5197 2113 5268 suspendium

537 5284 763 5355 eligunt,
787 5285 915 5355 quia
938 5287 1193 5341 nimirum
1222 5286 1488 5342 desideria
1511 5295 1725 5344 terrena
1762 5289 2076 5345 deserentes
2095 5329 2112 5358 ,

541 5373 610 5427 ad
657 5373 766 5428 alta
807 5375 1050 5454 animum
1095 5378 1309 5434 tollunt.
1353 5378 1610 5452 Suspensi
1659 5391 1838 5438 autem
1880 5394 2110 5442 mortem

539 5465 654 5520 suis
678 5465 888 5522 ossibus
917 5468 1172 5538 inferunt,
1205 5472 1330 5542 quia
1357 5487 1546 5530 amore
1575 5481 1818 5546 supernae
1837 5477 2029 5548 patriae
2058 5478 2115 5534 in

538 5558 798 5614 virtutum
837 5561 1030 5618 studiis
1070 5564 1332 5632 accincti,
1369 5566 1473 5623 hoc
1498 5568 1641 5637 quod
1685 5566 1852 5626 fortes
1875 5571 2026 5641 prius
2057 5569 2115 5627 in

540 5652 740 5706 mundo
801 5650 1016 5709 fuerant
1075 5655 1292 5712 vinculo
1351 5658 1669 5716 humilitatis
1734 5661 2112 5733 insequuntur.

541 5740 742 5800 Intueri
785 5742 916 5801 libet
957 5749 1230 5815 quomodo
1266 5748 1502 5809 animam
1540 5753 1832 5824 suspendat
1880 5754 2111 5822 Paulus,

2139 4517 2192 4576 D

2219 3288 2568 3360 perfectionis
2595 3287 2843 3354 accincti,
2881 3285 3005 3340 dum
3035 3284 3227 3341 altiora
3260 3285 3490 3340 interius
3527 3293 3802 3356 appetunt,

2221 3380 2459 3436 exterius
2489 3389 2715 3445 cuncta;
2751 3377 3160 3448 derelinquunt;
3198 3377 3291 3448 qui
3314 3377 3476 3432 rebus
3517 3391 3579 3432 se
3611 3375 3805 3431 habitis

2219 3474 2460 3538 nudant,
2507 3471 2678 3543 gloria
2712 3470 2933 3526 honoris
2968 3462 3298 3541 exspoliant;
3347 3467 3439 3539 qui
3467 3470 3824 3527 internarum-

2219 3563 2547 3620 desiderium
2573 3578 2671 3632 per
2697 3560 3070 3616 assiduitatem
3109 3573 3169 3614 se
3201 3558 3362 3613 amici
3401 3558 3659 3613 mceroris
3700 3553 3803 3611 alii-

2216 3655 2390 3721 ciunt,
2413 3654 2616 3708 habere
2641 3652 2710 3708 de
2730 3650 3092 3706 exterioribus
3117 3647 3545 3705 consolationem
3575 3648 3798 3701 nolunt:

2217 3747 2309 3819 qui
2337 3744 2565 3801 internis
2594 3741 2803 3816 gaudiis
2828 3741 2955 3797 dum
2980 3747 3161 3794 mente
3185 3737 3530 3809 appropiant,
3553 3736 3724 3791 vitam
3751 3736 3800 3789 in

2217 3853 2277 3895 se
2306 3837 2549 3892 funditus
2577 3847 2849 3906 corporeae
2870 3828 3250 3887 delectationis
3276 3834 3491 3884 necant.

2287 3926 2443 3981 Zain.
2476 3945 2495 3978 ι
2529 3924 2858 3989 Recordare,
2885 3921 3130 3987 Domine,
3161 3917 3497 3989 paupertatis
3529 3925 3587 3971 et
3623 3922 3800 3970 trans-

2211 4017 2242 4070 ἰ
2273 4015 2568 4090 gressionis
2598 3998 2760 4079 meae,
2784 4012 3039 4068 absinthii
3068 4016 3122 4065 et
3150 4005 3311 4064 fellis.
3358 4025 3378 4060 ι
3420 4006 3629 4062 Mutata
3657 4004 3801 4059 locu-

2216 4111 2361 4165 tione
2387 4110 2455 4163 ad
2483 4109 2662 4178 ipsum
2689 4104 2978 4162 Dominum
3002 4116 3100 4173 pro
3126 4101 3307 4173 pepuli
3333 4099 3644 4155 calamitate
3676 4112 3802 4166 pro-

2215 4203 2379 4274 pheta
2406 4199 2669 4255 orationis
2693 4196 2857 4252 verba
2890 4194 3190 4258 convertit,
3226 4201 3286 4247 ut
3317 4192 3431 4263 ipse
3471 4189 3564 4260 qui
3597 4187 3801 4259 ﬂagella

2214 4294 2564 4366 peccantibus
2579 4291 2726 4361 justo
2746 4289 2983 4354 intorsit,
3005 4286 3214 4342 afﬂictis
3233 4300 3389 4357 Opem
3414 4280 3804 4338 misericordiae

2216 4385 2510 4458 impendat.
2543 4383 2772 4453 Propter
2801 4378 3292 4450 transgressionem
3319 4390 3448 4447 ergo
3477 4373 3546 4428 ad
3574 4386 3803 4444 pauper-

2220 4485 2385 4532 tatem
2411 4471 2781 4539 vcnerunt,’et
2818 4469 3235 4525 amaritudinem
3262 4465 3579 4523 vastationis
3619 4473 3673 4518 et
3712 4477 3803 4518 ca-

2218 4566 2483 4640 ptivitatis
2503 4605 2518 4632 ,
2543 4581 2663 4636 qua:
2695 4561 2953 4618 absinthii
2977 4567 3034 4616 et
3054 4559 3195 4615 fellis
3221 4558 3443 4614 nomina
3463 4556 3798 4639 exprimunt,

2217 4659 2330 4729 pati
2359 4663 2673 4712 meruerunt
2697 4672 2709 4708 :
2735 4654 2830 4709 sed
2855 4651 2978 4723 quia
3012 4649 3314 4706 divinitatis
3341 4656 3534 4704 natura
3561 4646 3799 4702 clemens

2217 4759 2301 4806 est
2331 4757 2386 4806 et
2412 4749 2523 4821 pia,
2551 4746 2829 4818 magisque
2862 4745 2930 4800 ad
2961 4743 3351 4813 indulgentiam
3395 4755 3556 4812 quam
3587 4740 3656 4795 ad
3683 4738 3799 4794 vin-

2216 4843 2417 4898 dictam
2445 4853 2634 4910 prona,
2666 4837 2793 4907 quia
2820 4851 2928 4891 non
2953 4834 3067 4889 vult
3093 4833 3325 4890 martem
3352 4830 3676 4905 peccatoris,
3702 4828 3798 4883 sed

2217 4943 2278 4990 ut
2308 4939 2654 4989 convertatur
2685 4937 2740 4985 et
2767 4929 2933 4994 vivat,
2985 4929 3031 4984 si
3061 4927 3181 5000 quis
3205 4936 3330 4998 post
3367 4926 3576 4997 lapsum
3607 4937 3798 4993 pecca-

2223 5035 2398 5082 torum
2433 5025 2503 5079 ad
2539 5036 2722 5077 veram
2757 5022 3131 5092 pcenitentiam
3162 5037 3220 5076 se
3253 5020 3561 5084 convertit,
3609 5018 3719 5072 cito
3765 5030 3796 5069 ι

2220 5116 2569 5171 misericorde
2606 5113 2788 5184 judice
2815 5113 3026 5169 veniam
3069 5122 3419 5181 peccatorum
3461 5085 3806 5180 impetrabit.l

2219 5203 2373 5272 Quod
2429 5211 2484 5259 et
2535 5201 2834 5277 Propheta.
2864 5199 3325 5288 inﬁnseque‘ntibus
3380 5198 3618 5256 ostendit
3672 5212 3796 5252 cum

2219 5295 2369 5351 dicit.
2912 5281 2935 5283 ἡ
2958 5281 2978 5284 γ’
3009 5281 3033 5288 “
3086 5281 3098 5287 λ

2288 5380 2499 5441 Ζαίηῖι
2549 5383 2804 5441 Memoria
2845 5395 3054 5440 memor
3087 5395 3204 5449 ero,
3231 5388 3288 5438 et
3329 5379 3570 5438 tabescet
3610 5379 3667 5435 in
3708 5390 3800 5433 me

2222 5497 2242 5531 ι
2274 5479 2453 5534 anima
2476 5492 2616 5533 mea.
2647 5496 2666 5530 ι
3221 5500 3231 5507 ·

2287 5568 2443 5626 Zain.
2478 5586 2499 5621 ι
2525 5569 2654 5625 Haec
2679 5567 2921 5624 recolens
2947 5568 3002 5623 in
3032 5567 3195 5624 corde
3223 5581 3364 5633 meo,
3393 5565 3515 5621 ideo
3551 5563 3629 5637 [in
3658 5564 3786 5633 Deo.

2223 5679 2244 5715 ι
2276 5663 2522 5734 sperabo.
2552 5680 2571 5713 ι
2620 5660 2722 5729 Qui
2749 5661 2891 5716 enim
2921 5659 3265 5731 semetipsum
3307 5657 3592 5728 diligenter
3619 5653 3788 5724 inspi-

2217 5756 2319 5823 cit,
2349 5763 2404 5812 et
2427 5769 2526 5823 pro
2559 5753 2795 5824 peccatis
2825 5741 2938 5810 suis
2967 5767 3188 5809 carnem
3217 5767 3370 5809 suam
3413 5762 3691 5807 macerare
3736 5754 3793 5802 et
