4056 6336
520 403 658 470 iae-t
720 481 724 488 ε

1165 407 1227 466 Β.
1271 407 1524 465 RABANI
1559 405 1779 465 MAURI
1813 401 2139 461 ARCIIIEP.
2179 395 2493 461 MOGUN'I‘.
2533 397 2821 457 OPERUM
2851 375 3032 454 DARS
3067 388 3158 454 Ill.

3677 397 3848 454 ωξε

424 539 436 550 ⁸
511 544 704 587 sonam
729 568 745 594 ,
796 539 972 598 neque
1022 522 1276 578 audietur
1323 523 1455 580 foris
1498 521 1604 579 vo'x
1651 522 1768 592 ejus
1794 539 1806 575 :
1837 519 2106 574 calamum
2131 519 2186 581 Α
2209 517 2484 589 patientiae
2511 511 2752 570 custodia
2777 509 2954 568 servis
2978 509 3182 566 Ch’risti
3210 506 3524 564 necessaria
3553 517 3668 574 est,
3693 495 3848 580 quia

512 629 972 696 quassatumpnon
1001 623 1280 698 conteret‘
1295 621 1350 669 et
1374 614 1542 672 linum
1571 613 1840 686 fumigans
1875 625 1984 666 non
2013 626 2105 666 ex-

514 713 740 785 stinguit
767 710 906 784 (180.
931 706 1090 784 aut).
1121 727 1140 761 ›
1173 703 1469 778 Propterea
1497 706 1667 761 dicit:

589 807 774 864 Theth.
796 825 816 858 ι
836 803 1045 860 Bonum
1066 801 1150 857 est
1166 799 1470 873 praastoiari
1491 815 1614 855 cum
1635 796 1850 853 silentio
1871 795 2111 851 salutare

519 919 541 954 ι
568 896 804 954 Domini.
839 915 858 947 ι
890 891 1082 950 Omnis
1105 889 1249 946 enim
1276 889 1542 945 bonorum
1567 887 1680 942 vita
1710 885 1998 956 tranquilla
2025 889 2112 939 est

517 1000 574 1048 et
597 966 831 1064 placida,
861 987 1004 1044 inter
1033 983 1294 1054 superbos
1321 997 1454 1037 vero
1488 995 1704 1050 semper
1725 979 1905 1051 jurgia
1937 987 2064 1034 sunt
2091 995 2108 1031 :

519 1080 725 1138 idcirco
765 1074 967 1154 Paulus
1005 1072 1584 1131 Thessalonicensibus
1631 1071 1746 1125 ait:
1781 1087 1799 1120 ι
1833 1067 2109 1140 Rogamus

518 1183 702 1231 autem
731 1187 856 1241 vos,
896 1170 1125 1237 fratres,
1162 1177 1224 1224 ut
1262 1167 1548 1224 abundetis
1578 1166 1768 1237 magis,
1806 1173 1861 1220 et
1889 1175 2111 1233 operam

517 1265 676 1333 detis,
707 1271 769 1319 ut
795 1261 966 1335 quieti
996 1261 1138 1327 sitis,
1168 1267 1224 1316 et
1252 1267 1312 1314 ut
1332 1266 1579 1314 vestrum
1607 1257 1883 1330 negotium
1914 1255 2107 1325 agatis,

516 1365 572 1413 et
603 1354 904 1430 operemini
935 1352 1184 1409 manibus
1209 1353 1408 1408 vestris
1447 1351 1588 1406 sicut
1623 1349 1980 1420 praecepimus
2011 1362 2108 1408 voe

517 1449 616 1509 bis.
651 1454 706 1502 et
734 1455 794 1502 ut
820 1445 1048 1502 honeste
1076 1444 1366 1500 ambuletis
1393 1444 1460 1498 ad
1487 1459 1580 1498 eos
1603 1443 1696 1514 qui
1716 1441 1854 1496 foris
1882 1449 2030 1505 sunt,
2055 1449 2113 1496 et

518 1537 717 1594 nullius
744 1536 948 1612 aliquid
977 1535 1298 1591 desideretis
1324 1531 1377 1605 (Ι
1408 1533 1587 1588 Thess.
1619 1532 1716 1603 ιγ).
1741 1552 1760 1583 ι
1801 1532 1954 1600 Quod
1983 1531 2110 1600 quia

517 1645 678 1685 nemo
705 1626 946 1700 perfecte
977 1640 1139 1696 agere
1168 1625 1330 1690 valet,
1364 1624 1468 1679 nisi
1497 1623 1589 1693 qui
1621 1637 1680 1678 se
1707 1637 1735 1676 a
1767 1621 1951 1676 mundi
1983 1636 2112 1676 con-

517 1720 868 1790 cupiscentiis
899 1726 956 1774 et
987 1716 1171 1773 saeculi
1201 1713 1432 1788 negotiis
1461 1721 1799 1786 sequestrat,
1830 1712 2112 1783 subsequi-

521 1819 632 1877 tur,
661 1811 849 1865 dicens
873 1827 886 1864 :

509 1899 516 1904 ’
591 1889 776 1956 mem.
810 1918 830 1951 ι
861 1895 1072 1954 Bonum
1101 1907 1188 1955 est
1212 1899 1333 1954 viro
1357 1913 1481 1954 eum
1507 1895 1806 1970 portaverit
1828 1894 2018 1968 jugum
2043 1896 2111 1950 ab
2139 1881 2188 1943 Β

523 2013 545 2048 ι
575 1994 943 2050 adolescentia
975 2007 1090 2048 sua.
1127 2011 1145 2044 ι

589 2085 712 2143 Iod.
758 2106 778 2140 ‹
811 2083 1033 2143 Sedebit
1072 2084 1349 2142 solitarius
1391 2093 1442 2140 et
1485 2085 1719 2150 tacebit,
1757 2085 1883 2154 quia
1913 2083 2112 2140 levavit

513 2165 544 2232 ἰ
575 2193 637 2235 se
663 2192 828 2248 super
851 2193 931 2233 se.
965 2196 984 2229 ι
1028 2175 1256 2231 Militum
1285 2190 1416 2246 ergo
1446 2173 1648 2230 Christi
1687 2173 1952 2244 perfectio
1990 2181 2108 2239 est,

525 2277 738 2330 elutam
773 2275 1011 2323 mentem
1048 2266 1250 2322 habere
1294 2282 1324 2320 a
1363 2266 1576 2322 cunctis
1613 2263 1844 2320 terrenis
1879 2263 2112 2333 negotiis

514 2368 572 2418 et
595 2375 626 2416 a
657 2359 909 2426 tumultu,
942 2356 1100 2428 juxta
1133 2357 1265 2412 illud
1301 2356 1549 2428 Apostoii
1576 2355 1592 2410 ’:
1629 2374 1646 2406 ‹
1677 2353 1848 2410 Nemo
1872 2353 2113 2409 militans

515 2451 628 2507 Deo
663 2451 907 2522 implicat
944 2466 1004 2506 se
1043 2449 1394 2506 srecularibus
1423 2447 1683 2518 negotiis,
1729 2455 1788 2500 ut
1821 2446 1874 2500 ei
1903 2445 2112 2515 placeat

515 2546 603 2601 cui
647 2560 708 2601 se
747 2545 999 2618 probavit
1044 2543 1130 2616 (II
1178 2543 1314 2598 Tim.
1362 2541 1458 2614 ιι),
1491 2562 1509 2595 ι
1567 2556 1796 2611 eamque
1847 2549 2110 2611 quantum

516 2640 753 2695 humana
780 2638 1128 2695 imbecillitas
1155 2637 1284 2692 sinit
1305 2634 1529 2692 festinat
1548 2635 1703 2689 unire
1725 2649 1848 2688 cum
1867 2633 2107 2687 Christo.

517 2731 692 2800 Quam
719 2731 938 2804 quidem
966 2731 1202 2803 speciem
1231 2726 1682 2791 conversationis,
1712 2725 1840 2782 boui
1869 2725 2111 2780 eremitte

516 2833 572 2880 et
599 2826 891 2893 monachi,
921 2826 1015 2897 qui
1046 2832 1173 2881 voto
1201 2822 1522 2879 monachico
1551 2819 1789 2893 mystica:
1815 2816 2112 2887 disciplinae

513 2914 742 2992 obligati
777 2930 938 2988 sunt,
982 2921 1184 2977 imitari
1214 2919 1586 2984 contendunt,
1629 2916 1723 2972 sed
1754 2931 1880 2970 rara
1926 2923 2011 2970 est
2053 2919 2110 2970 et

517 3014 861 3083 paucissimis
908 3014 1052 3071 dono
1099 3013 1194 3069 Dei
1246 3015 1362 3070 haec
1406 3012 1670 3084 perfectio
1717 3023 1996 3066 concessa.
2056 3008 2110 3064 Is

518 3107 719 3165 etenim
747 3122 874 3164 vere
901 3116 958 3163 et
978 3123 1085 3163 non
1117 3123 1184 3162 ex
1211 3116 1369 3177 parte
1395 3102 1669 3175 perfectus
1697 3111 1782 3159 est
1799 3143 1814 3169 ,
1843 3102 1936 3173 qui
1969 3109 2024 3156 et
2053 3101 2109 3156 in

517 3214 704 3256 eremo
733 3197 1041 3270 squalorem
1071 3196 1395 3261 solitudinis,
1426 3202 1482 3250 et
1510 3195 1564 3249 in
1597 3193 1846 3250 emnobio
1879 3191 2109 3248 infirmi-

518 3298 664 3346 tates
699 3289 930 3344 fratrum
965 3287 1160 3358 zequali
1202 3285 1648 3358 magnanimitate
1695 3291 2004 3351 sustentat,
2051 3292 2110 3340 et

518 3375 645 3441 ideo
673 3385 730 3440 in
759 3391 988 3454 utraque
1025 3381 1363 3452 professione
1405 3396 1505 3452 per
1545 3382 1727 3437 omnia
1765 3395 2112 3439 consumma-

521 3482 636 3530 tum
664 3474 908 3530 invenire
935 3471 1150 3530 difficile
1179 3481 1294 3539 est,
1337 3475 1463 3545 quia
1490 3490 1592 3530 nec
1623 3475 1952 3530 anachoreta
1981 3489 2112 3532 con-

519 3570 784 3636 temptum
843 3580 907 3620 ac
945 3565 1301 3636 privationem
1344 3562 1711 3619 materialium
1743 3578 1962 3629 rerum,
2008 3577 2113 3620 nec

521 3655 793 3710 emnobita
822 3655 1118 3712 theoricam
1152 3656 1218 3710 ad
1250 3656 1519 3728 integrum
1545 3662 1722 3726 potest
1756 3655 1972 3725 assequi
2005 3671 2107 3725 pu-

520 3749 758 3814 ritatem,
807 3750 900 3806 sed
931 3759 1110 3805 tamen
1142 3758 1402 3819 quantum
1430 3749 1822 3820 superexccllat
1841 3750 2112 3824 serenitas

521 3841 822 3912 tranquilla?
839 3841 962 3896 vitae
995 3841 1337 3896 turbulentius
1357 3841 1631 3896 surcularis
1661 3842 2108 3909 conversationis,

517 3936 671 3990 novit
697 3935 787 4004 qui
817 3934 960 3990 hanc
983 3943 1244 4006 expertus
1269 3942 1370 3997 est,
1403 3943 1458 3989 ct
1484 3933 1822 4006 Dominicum
1847 3935 2110 4005 judicium

519 4026 576 4080 in
607 4025 898 4098 Evangelio
931 4025 1072 4080 inter
1098 4026 1233 4081 duas
1259 4025 1513 4080 mulieres
1541 4025 1829 4090 discernit,
1873 4025 1938 4079 ad
1971 4024 2111 4079 Mar-

521 4117 670 4171 tham
699 4117 886 4172 dicens
918 4135 932 4170 :
965 4135 984 4167 ‹
1015 4115 1248 4179 Martha,
1278 4115 1508 4180 Martha,
1537 4115 1767 4170 sollicita
1793 4131 1874 4180 es,
1905 4122 1962 4170 et
1999 4124 2110 4169 tur-

517 4205 669 4261 baris
706 4221 835 4278 erga
873 4205 1125 4278 plurima.
1175 4205 1348 4260 Porro
1377 4221 1546 4258 unum
1583 4215 1666 4260 est
1713 4205 2105 4262 necessarium.

523 4294 692 4348 Maria
719 4295 978 4364 Optimam
1003 4305 1212 4364 partem
1240 4293 1424 4364 elegit,
1452 4310 1574 4366 qua:
1603 4310 1708 4348 non
1738 4295 2016 4350 auferetur
2041 4297 2108 4351 ab

523 4399 588 4438 ea
617 4382 770 4456 (Luc.
798 4384 877 4453 x).
909 4403 929 4436 ι
984 4384 1051 4438 Et
1086 4385 1277 4438 beatus
1306 4385 1475 4440 David
1505 4385 1678 4441 solum
1717 4387 1822 4442 hoc
1862 4402 2110 4442 necessa-

523 4475 664 4531 rium
701 4475 907 4531 homini
939 4489 1060 4532 esse
1089 4474 1352 4531 definiens
1376 4517 1390 4541 ,
1443 4476 1554 4532 Deo
1596 4476 1798 4548 jugiter
1843 4477 2108 4532 inhwrere

2134 3243 2181 3310 C

2211 609 2303 680 qui
2333 623 2390 687 se
2415 605 2619 662 exultat
2651 602 3047 669 humiliabitur,
3083 603 3174 674 qui
3204 610 3388 657 autem
3431 601 3484 656 in
3529 601 3842 672 patientia

2209 703 2409 758 virtute
2429 700 2860 772 perseveraverit
2877 711 3052 768 usque
3072 696 3138 753 ad
3161 695 3348 762 ﬁnem,
3362 695 3450 751 hic
3475 693 3673 751 salvus
3696 695 3832 751 erit-

2211 793 2367 852 Unde
2394 792 2768 865 subjungitur:

2286 885 2409 940 Iod.
2434 905 2451 936 ε
2471 884 2643 940 Ponet
2669 884 2722 938 in
2747 882 2975 952 pulvere
2995 875 3057 937 os
3081 897 3260 946 suum,
3283 880 3330 936 si
3353 879 3492 936 forte
3518 879 3594 936 sit
3620 895 3778 952 spes.
3799 901 3821 933 ι

2209 973 2303 1034 ille
2333 979 2532 1058 quippe
2563 977 2618 1032 in
2647 977 2874 1047 pulvere
2897 975 3055 1047 ponit
3081 989 3142 1032 os
3172 990 3328 1030 suum
3347 1015 3362 1040 ,
3407 975 3499 1046 qui
3532 975 3828 1032 humiliter

2212 1072 2450 1128 sentiens
2492 1070 2740 1143 fragilem
2787 1087 2846 1127 se
2893 1069 3207 1142 cegnoscit,
3267 1080 3324 1126 et
3371 1071 3438 1126 de
3481 1071 3724 1143 pulvere
3766 1088 3822 1128 se

2211 1169 2415 1225 factum
2439 1209 2454 1234 ,
2505 1168 2704 1224 iterum
2754 1167 2810 1222 in
2855 1165 3135 1237 p'ulverem
3175 1180 3553 1232 reversurum,
3585 1165 3819 1233 fatetur,

2210 1247 2397 1315 dicens
2426 1273 2550 1314 cum
2579 1257 2895 1329 patriarcha
2930 1255 3250 1312 Abraham:
3283 1273 3304 1309 ι
3336 1255 3562 1330 Loquor
3598 1257 3674 1312 ad
3718 1257 3823 1314 Do-

2212 1351 2418 1406 minum
2448 1365 2649 1416 meum,
2683 1364 2806 1404 cum
2829 1349 2932 1404 sim
2961 1347 3136 1419 pulvis
3163 1348 3382 1404 et.cinis
3401 1345 3562 1420 (Gen.
3585 1349 3775 1419 xvm).
3798 1372 3815 1402 ι

2211 1441 2311 1500 Cui
2339 1441 2502 1498 etiam
2529 1457 2654 1512 spes
2680 1440 2786 1495 erit
2817 1439 3010 1496 futura:
3037 1439 3455 1496 resurrectionis
3479 1458 3492 1494 :
3526 1441 3660 1510 quia
3695 1434 3822 1495 cum

2212 1547 2270 1590 se
2316 1549 2416 1604 per
2456 1530 2835 1604 ptenitentiam
2886 1532 3202 1604 castigando
3251 1547 3475 1588 carnem
3520 1543 3819 1598 macerat,

2213 1623 2439 1695 spiritus
2484 1621 2825 1679 remissionis
2871 1630 2927 1678 et
2977 1623 3174 1678 futura:
3218 1621 3406 1698 gloriae
3453 1638 3556 1694 per
3597 1621 3822 1678 Domini

2211 1715 2640 1772 misericordiam
2669 1715 2872 1770 habere
2902 1715 3138 1771 debebit.
3175 1713 3381 1788 (Greg.)
3406 1715 3544 1770 Hinc
3564 1724 3650 1770 est
3675 1715 3822 1786 quod

2213 1809 2404 1864 beatus
2428 1801 2546 1871 Job,
2581 1807 2854 1878 sapientes
2883 1803 3098 1862 Domini
3131 1807 3432 1862 sententias
3465 1805 3731 1871 audiens,
3763 1817 3820 1860 se

2215 1900 2588 1972 cognoscendo
2619 1914 2726 1954 non
2757 1913 2878 1954 esse
2902 1898 3588 1972 sapientem_semetipsum
3623 1913 3820 1968 repre-

2213 1993 2432 2056 hendit,
2479 1986 2704 2047 dicens:
2739 2009 2759 2042 ‹
2790 1990 2915 2047 Ideo
2948 1991 3268 2064 insipienter
3303 1991 3515 2048 locutus
3545 2006 3676 2046 sum
3701 2033 3719 2056 ,
3767 1997 3822 2046 et

2211 2095 2332 2154 ‘quzc
2365 2083 2503 2138 ultra
2532 2083 2751 2137 modum
2781 2082 3108 2139 excederent
3133 2083 3418 2140 scientiam
3450 2099 3634 2139 meam
3665 2081 3817 2155 (Job.

2206 2175 2368 2246 κω).
2402 2194 2421 2227 ι
2476 2173 2585 2230 Sed
2613 2173 2741 2244 quia
2779 2173 2925 2230 nulla
2956 2184 3040 2231 est
3067 2175 3303 2244 cognitio
3333 2174 3814 2246 reprehensionis,

2211 2271 2255 2326 si
2297 2286 2402 2325 non
2434 2277 2734 2339 sequantur
2767 2268 2934 2324 etiam
2976 2267 3214 2324 lamenta
3251 2268 3634 2340 paenitudinis,
3667 2279 3820 2322 recte

2210 2369 2332 2430 post
2357 2355 2833 2428 reprehensionem
2857 2359 3134 2414 subditur:
3165 2377 3184 2410 ι
3208 2358 3276 2413 Et
3301 2373 3402 2429 ago
3425 2358 3816 2428 paenitentia

2211 2451 2263 2504 in
2295 2448 2475 2504 favilla
2505 2459 2560 2504 et
2585 2449 2789 2504 cinere.
2822 2469 2842 2502 ι
2869 2447 2928 2504 In
2959 2448 3140 2504 favilla
3167 2449 3368 2505 etenim
3398 2457 3450 2505 et
3478 2447 3670 2504 cinere
3693 2462 3814 2520 pa.-

2211 2546 2494 2601 uitentiam
2543 2561 2702 2617 agere
2746 2554 2866 2613 est,
2899 2547 3262 2618 contemplata
3299 2537 3514 2602 summa
3549 2548 3813 2613 essenh'a,

2211 2635 2288 2691 nil
2313 2637 2459 2692 aliud
2490 2652 2652 2707 quam
2683 2635 2928 2692 favillam
2966 2651 3026 2693 se
3060 2637 3411 2708 cineremque
3448 2652 3809 2710 cognoscere.

2209 2728 2366 2785 Unde
2395 2739 2451 2786 et
2477 2729 2684 2785 civitati
2715 2730 2961 2801 reproba:
3003 2729 3059 2784 in
3097 2729 3392 2804 Evangelia
3429 2730 3698 2786 Dominus
3734 2731 3816 2785 di-

2211 2821 2322 2876 cit:
2358 2841 2375 2873 ι
2408 2820 2468 2876 Si
2498 2822 2552 2876 in
2581 2821 2726 2892 Tyro
2771 2829 2826 2877 et
2867 2819 3074 2877 Sidone
3109 2821 3268 2878 facta:
3308 2821 3542 2878 fuissent
3579 2821 3814 2885 virtutes

2210 2930 2330 2986 qua:
2356 2914 2511 2971 factae
2538 2922 2665 2970 sunt
2691 2914 2746 2968 in
2773 2913 2944 2980 vobis,
2973 2913 3102 2968 olim
3131 2914 3188 2970 in
3207 2915 3394 2971 cinere
3410 2922 3465 2969 et
3493 2913 3678 2970 cilicio
3698 2928 3814 2986 po-

2210 3003 2493 3060 nitentiam
2521 3003 2758 3076 egissent
2785 3000 3002 3076 (Matth.
3029 3019 3106 3070 χι,
3128 3001 3241 3077 21).
3278 3022 3296 3055 ι
3317 3003 3376 3058 ιιι
3401 3002 3583 3060 cilicio
3613 3003 3815 3076 quippe

2211 3096 2473 3166 asperitas
2498 3103 2554 3150 et
2573 3094 2919 3166 compunctio
2943 3103 3312 3166 peccatorum,
3335 3095 3394 3150 in
3421 3077 3606 3152 cinere
3628 3105 3810 3151 autem

2209 3190 2386 3262 pulvis
2424 3189 2731 3245 ostenditur
2767 3199 3135 3252 mortuorum,
3180 3195 3236 3244 et
3279 3187 3484 3244 idcirco
3513 3195 3811 3258 utrumque

2213 3283 2318 3341 hoc
2365 3283 2610 3339 adhiberi
2661 3283 2730 3339 ad
2778 3281 3157 3356 pmnitentiam
3204 3281 3345 3340 solet
3369 3324 3384 3350 ,
3438 3290 3502 3338 ut
3559 3283 3615 3337 in
3665 3297 3805 3353 pun-

2211 3375 2392 3434 ctione
2443 3377 2607 3434 cilicii
2649 3393 3044 3452 cognoscamus
3093 3378 3223 3451 quid
3269 3393 3369 3452 per
3413 3378 3630 3450 culpam
3679 3376 3807 3433 feci—

2211 3483 2367 3535 mus,
2407 3477 2464 3525 et
2507 3469 2563 3524 in
2613 3468 2798 3526 favilla
2845 3470 3046 3528 cineris
3090 3471 3488 3542 perpendamus
3534 3470 3667 3541 quid
3711 3483 3805 3538 per

2205 3557 2469 3631 judicium
2503 3560 2630 3616 facti
2669 3576 2877 3617 sumus.
2925 3559 3348 3618 Considerentur
3377 3577 3508 3634 ergo
3541 3559 3594 3616 in
3625 3560 3802 3616 cilicio

2210 3653 2506 3725 pungentia
2540 3653 2704 3720 vitia,
2741 3653 3116 3708 consideretur
3143 3653 3424 3719 :in,einere
3470 3668 3570 3722 per
3609 3652 3797 3710 mortis

2211 3745 2534 3802 sententiam
2582 3746 2920 3816 subsequens
2961 3743 3109 3814 justa
3155 3761 3315 3815 ptena
3349 3745 3626 3812 vitiorum.
3667 3742 3800 3809 Quia

2211 3836 2354 3890 enim
2383 3843 2506 3905 post
2533 3844 2815 3904 peccatum
2849 3833 3032 3890 carnis
3059 3833 3396 3889 contumeliae
3423 3819 3796 3892 surrexerunt,

2210 3928 2388 3982 videat
2427 3928 2590 3982 homo
2622 3927 2672 3982 in
2726 3929 3020 3998 asperitate
3061 3928 3222 3983 cilicii
3265 3927 3628 3997 superbiendo
3674 3925 3801 3996 quid

2211 4019 2367 4088 fecit,
2399 4021 2580 4076 videat
2633 4021 2686 4076 in
2717 4021 2898 4077 cinere
2923 4036 3201 4092 usquequo
3227 4022 3499 4091 peccando
3527 4023 3798 4090 pervenit.

2207 4109 2394 4167 Potest
2431 4127 2644 4182 quoque
2683 4112 2858 4168 cilicio
2883 4112 2997 4183 ipsa
3023 4126 3120 4182 per
3159 4105 3591 4186 recordationem
3636 4120 3800 4182 atque

2209 4205 2584 4274 pmniteutiam
2622 4203 2868 4259 dolorum
2910 4204 3132 4274 punctio
3178 4203 3467 4274 designari.
3513 4201 3651 4257 Nam
3703 4204 3802 4258 hoc

2209 4293 2352 4365 quod
2399 4295 2476 4348 ait
2523 4295 2719 4351 beatus
2762 4293 2884 4361 Job,
2937 4295 3054 4366 ipse
3101 4310 3188 4350 me
3234 4294 3596 4366 reprehendo,
3642 4294 3798 4364 qpasi

2210 4387 2446 4458 quodam
2479 4387 2658 4442 cilicio
2685 4387 2961 4458 pangitur,
3003 4387 3130 4441 dum
3167 4387 3221 4441 in
3255 4394 3432 4441 mente
3459 4401 3555 4440 sua
3587 4387 3800 4455 asperis

2209 4479 2653 4550 redargutionum
2681 4478 2914 4535 stimulis
2941 4477 3292 4534 confricatur.
3325 4477 3382 4532 in
3409 4479 3592 4532 cinere
3617 4487 3798 4532 autem

522 4569 808 4635 desiderat,
833 4568 1044 4625 dicens:
1070 4587 1089 4620 ‹
1109 4568 1237 4624 Mihi
1267 4578 1444 4624 autem
1470 4569 1747 4624 adhaerere
1769 4555 2105 4624 Deo'honum
2130 4608 2184 4669 Β
2210 4575 2322 4646 agit
2358 4573 2734 4646 paenitentiam
2755 4615 2769 4638 ,
2813 4573 2940 4642 quia
2979 4588 3046 4628 ex
3085 4573 3260 4642 primo
3287 4581 3510 4642 peccato
3537 4571 3668 4640 quid
3702 4584 3799 4640 per

521 4669 604 4716 est
626 4701 640 4725 ,
690 4675 890 4732 ponere
922 4659 977 4714 in
1003 4659 1234 4715 Domino
1263 4677 1412 4730 spem
1450 4676 1626 4714 meam
1655 4657 1826 4732 (Psnl.
1853 4658 2044 4731 Lxxn).
2080 4679 2098 4710 ι

523 4753 589 4807 Ει
619 4752 782 4808 alibi:
816 4769 835 4803 ι
868 4749 1040 4810 Unam
1070 4753 1200 4822 petii
1231 4767 1262 4806 a
1285 4752 1530 4816 Domine,
1554 4752 1696 4806 hanc
1720 4753 2016 4822 requiram,
2047 4761 2106 4808 ut

523 4845 817 4900 inhabitem
867 4843 922 4899 in
968 4843 1130 4899 domo
1183 4843 1392 4900 Domini
1443 4843 1693 4897 omnibus
1743 4843 1932 4897 diebus
1981 4841 2105 4896 vita:

521 4953 675 5002 mem,
705 4945 765 4990 ut
789 4937 1002 4994 videam
1027 4935 1358 4992 voluntatem
1389 4933 1626 5000 Domini,
1651 4943 1705 4990 et
1727 4934 1941 4988 visitem
1971 4941 2108 4987 tem-

521 5028 664 5097 plum
694 5027 812 5096 ejus
839 5025 1012 5100 (Psal.
1040 5027 1213 5098 xxvi).
1247 5047 1265 5079 ι
1319 5023 1436 5081 Una
1467 5041 1597 5096 ergo
1624 5033 1678 5080 et
1703 5025 1814 5079 sola
1847 5031 1930 5080 est
1954 5025 2105 5078 theo-

522 5119 600 5171 ria
624 5157 638 5180 ,
689 5115 745 5170 id
773 5125 856 5170 est
884 5157 899 5184 ,
949 5117 1332 5187 contemplatio
1369 5115 1508 5178 Dei,
1559 5114 1646 5170 cui
1689 5115 1886 5168 merito
1919 5113 2102 5167 onmia

517 5203 964 5273 justillcationum
1017 5207 1253 5272 merita,
1306 5205 1558 5260 universa
1610 5205 1872 5258 virtutum
1924 5203 2102 5258 studia

517 5305 932 5368 postponuntur.
971 5301 1158 5354 Activa
1189 5299 1395 5354 etcnim‘
1424 5298 1531 5352 vita
1561 5313 1684 5352 cum
1713 5309 1942 5366 corpore
1970 5294 2100 5350 deli-

521 5386 634 5451 cit,
681 5389 1094 5459 contemplativa
1127 5398 1309 5444 autem
1341 5389 1451 5443 vita
1490 5388 1580 5443 hic
1619 5387 1894 5456 incipitur,
1943 5394 2003 5441 ut
2043 5387 2097 5442 in

519 5475 732 5533 cmlesti‘
759 5479 930 5548 patria
959 5480 1286 5550 perficiatur,
1315 5481 1440 5550 quia
1469 5479 1668 5535 amoris
1697 5480 1856 5552 ignis,
1891 5479 1983 5551 qui
2010 5479 2100 5535 hic

519 5570 713 5626 ardere
749 5571 996 5636 inchoat,
1046 5587 1168 5626 cum
1203 5569 1376 5642 ipsum
1413 5589 1575 5644 quem
1621 5583 1768 5628 amat
1803 5574 2001 5629 viderit
2041 5573 2096 5628 in

519 5677 705 5718 amore
749 5662 865 5732 ejus
913 5660 1144 5731 amplius
1193 5663 1436 5732 ignescit.
1492 5665 1920 5736 Contemplativa
1967 5679 2100 5735 ergo

516 5755 629 5810 vita
656 5753 877 5808 minime
911 5753 1175 5820 aufertur,
1217 5755 1342 5822 quia
1379 5758 1651 5812 subtracta
1685 5758 1966 5830 praesentis
1996 5771 2095 5811 sa:-

519 5845 625 5902 euli
667 5845 785 5903 luco
822 5844 1121 5916 perﬁcitur.
1178 5844 1288 5902 Sed
1321 5855 1446 5900 ante
1474 5849 1656 5902 omnia
1687 5849 2007 5904 humilitatis
2041 5855 2096 5904 et

2203 4668 2410 4737 justum
2433 4664 2697 4733 judicium
2726 4660 2902 4720 factus
2928 4666 2998 4718 sit
3042 4665 3272 4720 solerter
3295 4664 3542 4729 attemlit,
3572 4663 3794 4719 dicens:

2213 4775 2233 4808 ι
2259 4758 2375 4827 Ago
2398 4757 2772 4827 pmnitentiam
2800 4757 2852 4810 in
2877 4755 3056 4809 favilla
3083 4765 3136 4809 ct
3158 4755 3359 4812 cinere.
3381 4773 3402 4805 ι
3436 4755 3516 4808 Ac
3541 4754 3585 4806 si
3613 4762 3794 4824 aperte

2207 4850 2393 4904 dicat:
2427 4851 2504 4904 De
2548 4849 2696 4904 nullo
2723 4847 2960 4903 auctoris
3001 4849 3108 4902 mei
3155 4848 3296 4902 dono
3341 4845 3623 4917 superbio,
3668 4845 3790 4914 quia

2205 4949 2452 5009 sumptus
2478 4954 2543 4993 ex
2569 4939 2806 5010 pulvere,
2833 4955 2928 5009 per
2961 4937 3121 4993 illatas
3154 4938 3344 4992 mortis
3371 4937 3697 4994 sententiam
3727 4935 3794 4990 ad

2205 5033 2480 5103 pulverem
2518 5046 2604 5086 me
2643 5030 2822 5086 redire
2855 5025 3151 5102 cognosco;
3184 5038 3240 5086 et
3267 5031 3390 5100 quia
3420 5025 3796 5086 necessarium

2205 5131 2285 5177 est
2325 5130 2384 5176 ut
2427 5121 2785 5176 humilitatem
2843 5123 3132 5178 comitetur
3183 5120 3444 5192 patientia
3473 5122 3795 5184 ostendens,

2203 5228 2445 5284 prmsens
2473 5211 2742 5284 Propheta
2769 5213 2900 5268 dicit
2923 5233 2936 5267 :

2274 5303 2396 5358 Iod.
2431 5323 2450 5354 ‹
2479 5302 2637 5358 Dabit
2669 5302 2995 5372 percutienti
3033 5318 3092 5358 se
3127 5301 3423 5366 maxillam,
3457 5298 3794 5356 saturabitur

2205 5413 2228 5445 ‹
2255 5393 2579 5463 opprobriis.
2613 5412 2632 5444 ι
2693 5390 2998 5465 (Μλωιυε.)
3045 5391 3119 5447 Ut
3161 5391 3382 5461 impleat
3418 5387 3792 5460 evangelicum

2205 5487 2381 5540 virum
2406 5486 2493 5542 cui
2518 5486 2754 5542 dicitur:
2785 5503 2806 5536 ‹
2838 5485 2939 5552 Qui
2969 5492 3024 5539 te
3047 5483 3380 5555 percusserit
3409 5482 3462 5536 in
3488 5480 3792 5544 maxillam,

2204 5578 2384 5648 prmbe
2411 5576 2461 5631 ei
2488 5583 2544 5630 et
2569 5575 2796 5631 alteram
2819 5573 3033 5648 (Matth.
3057 5574 3134 5646 v).
3159 5593 3179 5626 ι
3215 5573 3368 5642 Quod
3393 5571 3470 5627 illi
3493 5585 3712 5642 quoque
3734 5570 3793 5624 in

2205 5667 2358 5736 culpa
2389 5667 2525 5732 sint,
2558 5667 2649 5736 qui
2680 5667 2910 5722 reddunt
2935 5665 3136 5720 malum
3165 5679 3268 5735 pro
3298 5663 3458 5726 nmio,
3487 5671 3545 5718 et
3571 5664 3790 5717 dentem

2205 5767 2304 5826 pro
2317 5757 2500 5822 dente,
2513 5764 2569 5812 et
2593 5745 2808 5812 oculum
2825 5769 2923 5826 pro
2933 5755 3114 5819 oculo,
3131 5755 3367 5810 ostendit
3383 5747 3551 5808 David
3563 5753 3754 5808 dicens
3772 5768 3787 5804 :

2210 5866 2228 5897 ‹
2261 5847 2319 5901 Si
2337 5849 2554 5905 reddidi
2586 5841 3006 5904 retribuentibus
3034 5847 3169 5903 mihi
3198 5845 3366 5911 mala,
3401 5843 3646 5900 decidant
3674 5857 3782 5899 Ite-
