4056 6336
428 278 566 339 i229

1317 272 1683 333 EXPOSITIO
1721 275 1948 333 SUPER
1982 274 2348 336 IEREMIAM.
2380 310 2451 323 -—
2486 281 2615 339 LIB.
2654 282 2797 340 XIX.

3553 288 3693 348 {250

426 400 536 455 rito
554 396 624 452 ab
642 393 881 450 inimicis
902 393 1039 449 meis
1064 391 1241 447 inanis
1265 389 1440 460 (Paul.
1475 392 1593 464 vn).
1617 412 1638 446 ι
1670 392 2009 465 Quapropter
2033 400 2080 458 Α
2111 403 2166 449 et
2191 410 2289 465 per
2311 396 2556 457 diversas
2579 411 2774 466 operas
2799 398 3188 455 beneﬁciorum
3209 408 3318 459 una
3335 402 3585 462 veluntas
3609 415 3695 462 est

428 490 517 546 illa
547 487 839 559 apostolica
869 485 1140 542 sententia
1168 483 1342 556 magis
1368 484 1596 539 tenenda
1626 492 1745 551 est,
1783 500 1891 555 qua
1924 484 2008 539 di-

427 582 605 640 citur:
642 598 663 631 ι
695 579 753 635 Si
782 579 1037 634 esurierit
1075 577 1329 632 inimicus
1360 585 1513 642 tuus,
1559 577 1683 633 ciba
1726 577 1914 642 illum;
1962 579 2009 633 si

424 674 767 751 sitithpotum
795 672 862 727 da
888 671 965 726 illi
991 689 1002 723 :
1032 670 1138 725 hoc
1158 669 1304 724 enim
1332 667 1557 736 faciens,
1580 670 1846 725 carbones
1869 669 2010 740 ignis

425 779 688 838 congeres
723 779 890 835 super
917 769 1081 833 caput
1114 760 1254 831 eius.
1306 760 1424 816 Noli
1463 762 1606 816 vinci
1643 777 1675 816 a
1710 762 1873 829 malo,
1912 763 2010 818 sed

425 859 580 914 vince
609 858 664 912 in
692 856 832 911 bono
859 854 1063 910 malum
1089 846 1307 925 (lauit.
1336 869 1501 918 uin;
1532 852 1690 909 Rom.
1717 852 1839 926 xu).
1873 871 1894 909 ι
1943 851 2011 907 Et

426 949 685 1021 quoniam
712 948 916 1020 prater
939 945 1308 1005 calamitatem
1344 944 1505 1015 hujus
1538 946 1722 1005 mundi
1743 986 1759 1011 ,
1798 944 2035 1000 miseri-'

423 1044 605 1099 cordia
635 1040 848 1097 Domini
882 1039 1086 1096 electos
1122 1054 1250 1096 suos
1280 1039 1631 1112 de'praesenti
1662 1039 2008 1107 tribriatione

423 1135 747 1201 sublevabit,
778 1133 1025 1204 sequitur
1054 1149 1072 1188 :
1126 1132 1133 1137 ’

491 1225 658 1297 Capit.
694 1244 713 1278 ι
745 1225 883 1293 Quia
914 1240 1024 1281 non
1063 1224 1277 1296 repellit
1313 1225 1382 1280 in:
1398 1226 1787 1297 sempiternum
1819 1225 2003 1281 Domi-

493 1413 660 1483 Caplt.
690 1431 712 1465 ι
742 1411 881 1480 Quia
906 1412 955 1469 si
981 1410 1179 1480 abiecit
1215 1420 1276 1468 et
1308 1410 1678 1479 miserebitur,
1705 1414 2004 1473 secundm

423 1521 444 1557 ι
469 1502 872 1560 multitudinem
895 1503 1387 1559 misericordiarum
1407 1516 1691 1559 suarumxr
1717 1502 1836 1559 Non
1858 1504 2004 1563 enim

416 1596 472 1651 in
509 1597 899 1667 sempiternum
931 1596 1147 1667 repellit
1178 1596 1445 1655 Dominus
1469 1611 1567 1654 eos
1591 1597 1687 1667 qui
1723 1610 1785 1653 se
1825 1597 2000 1657 coni-

414 1702 544 1759 gere
567 1687 755 1743 volunt
790 1696 846 1745 et
876 1688 1139 1745 cohibere
1177 1702 1210 1742 a
1234 1688 1476 1760 peccatis
1515 1706 1531 1744 :
1559 1689 1689 1760 quia
1721 1689 1769 1745 si
1798 1688 2000 1759 abiecit

2110 487 2396 543 subvenire
2419 488 2789 557 peccantibus.
2824 488 2932 546 Sed
2955 500 3017 549 ut
3042 493 3207 549 totius
3222 496 3504 552 sententiae
3521 497 3696 555 virtus

2104 577 2282 649 possit
2308 577 2555 649 intelligi,
2586 580 2826 637 breviter
2850 581 3139 639 dicendum
3166 592 3286 640 est:
3323 584 3380 640 Si
3410 585 3608 645 fasest
3634 597 3698 645 ut

2077 712 2081 716 .
2108 648 2305 724 cmldm
2334 686 2440 727 non
2471 648 2748 740 cooperiat
2771 679 2969 738 terras,
2997 682 3176 745 potest
3206 677 3320 735 ﬁeri
3350 686 3409 734 ut
3433 677 3694 737 Dominus

2108 775 2217 816 non
2244 769 2493 833 protegat
2519 763 2623 821 sibi
2648 765 2940 833 purissime
2958 765 3279 823 servientes.

2182 851 2349 922 ϐορὰ.
2383 872 2402 907 ι
2434 854 3060 916 Νοιιοιιὶιιικιιιιωίιίιινίι
3083 870 3152 917 ex
3181 862 3346 919 corde
3373 879 3491 929 suo,
3519 872 3576 918 et
3602 866 3696 923 ab-

2074 958 2079 965 ’
2116 961 2134 995 ι
2160 942 2297 1013 jecit
2343 944 2487 1002 ﬁlios
2530 947 2835 1004 hominum.
2863 968 2885 1001 ι
2944 949 3242 1021 (manus)
3284 952 3403 1013 Non
3437 956 3581 1012 enim
3616 957 3692 1012 ita

2108 1035 2355 1105 despexit
2385 1037 2649 1096 Dominus
2676 1055 2743 1097 ex
2769 1042 2935 1098 corde
2964 1057 3065 1099 suo
3090 1059 3261 1115 genus
3291 1046 3606 1115 humanum,
3638 1057 3696 1105 et

2107 1127 2307 1200 abiecit
2331 1146 2363 1186 a
2390 1133 2779 1203 procuratione
2806 1134 2986 1191 solatii
3022 1137 3145 1204 sui,
3190 1147 3251 1194 ut
3296 1139 3436 1201 ultra
3472 1152 3695 1212 propter

2109 1223 2572 1292 transgressiones
2594 1224 2752 1280 .noiit
2788 1240 2980 1282 eorum
3020 1242 3209 1285 utram
3250 1229 3454 1286 babae
3495 1240 3552 1289 et
3591 1248 3696 1304 ope

2072 1326 2075 1333 '
2106 1312 2327 1383 pietatis
2344 1330 2463 1371 sua:
2485 1323 2825 1373 sustentare:
2849 1319 2944 1374 sed
2972 1328 3195 1389 propter
3216 1320 3515 1379 bonitatem
3538 1339 3694 1380 suam

2066 1430 2071 1441 ρ
2104 1404 2336 1460 sustinet
2361 1420 2458 1463 eos
2487 1407 2545 1462 in
2572 1408 2744 1471 multa
2768 1409 3029 1479 patientia
3058 1426 3190 1476 sua,
3229 1421 3291 1469 ut
3324 1412 3394 1470 de
3417 1415 3563 1471 vasis
3596 1416 3694 1472 irae

2068 1522 2073 1527 -
2104 1492 2304 1552 efﬁciat
2328 1512 2471 1553 vasa
2492 1499 2915 1568 misericordia,
2944 1502 3074 1574 quia
3102 1503 3415 1561 misericors
3440 1513 3500 1561 et
3524 1507 3693 1564 mise-

2065 1620 2075 1626 -
2103 1598 2259 1643 ratur
2288 1589 2575 1657 Dominus,
2618 1593 2836 1662 patiens
2869 1602 2927 1649 et
2966 1595 3201 1651 multum
3234 1598 3567 1656 misericors.
3615 1599 3697 1657 De

2104 1693 2212 1749 quo
2232 1674 2356 1736 alia
2401 1678 2685 1752 Scriptura
2721 1683 2890 1740 dicit:
2924 1686 3255 1753 «)Misereris‘
3282 1690 3560 1759 omnium,
3581 1690 3694 1750 Do-

413 1780 483 1833 ad
528 1786 760 1850 tempus,
804 1787 862 1835 et
900 1780 1060 1852 digne
1089 1780 1291 1851 corripi
1320 1780 1391 1837 ab
1419 1780 1667 1838 hostibus
1707 1795 1832 1839 neos
1871 1797 1998 1854 per-
2025 1794 2077 1854 Β
2103 1772 2273 1839 mine,
2318 1775 2445 1845 quia
2481 1776 2665 1831 omnia
2701 1785 2879 1847 potes,
2907 1787 2964 1835 et
2991 1781 3319 1857 'dissimulas
3343 1792 3565 1854 peccata
3594 1785 3695 1843 hoe

412 1871 601 1936 misit,
638 1871 861 1929 .iterum
910 1872 1193 1928 conversis
1243 1873 1541 1929 secundum
1599 1873 2001 1932 multitudinem

411 1964 907 2021 misericordiarum
944 1981 1169 2023 suarum
1204 1966 1530 2023 beneficium
1568 1977 1812 2039 praestat.
1861 1966 2002 2025 Huic

400 2056 589 2113 simile
611 2066 697 2112 est
721 2056 873 2125 illud,
896 2059 1042 2129 quod
1063 2059 1118 2113 in
1138 2058 1370 2114 Psalmis
1390 2060 1561 2115 David
1579 2060 1655 2114 ait
1679 2056 1995 2134 (Psal.cn):

414 2167 434 2202 ι
462 2149 581 2206 Non
618 2151 673 2206 in
711 2151 875 2208 ﬁnem
904 2152 1171 2208 irascetur
1198 2152 1491 2219 Dominus,
1535 2167 1713 2223 neque
1747 2152 1804 2208 iu
1842 2163 2001 2210 aeter-

406 2256 536 2298 num
585 2243 975 2315 indignabitur.
1026 2243 1146 2300 Non
1195 2246 1495 2301 secundum
1541 2253 1765 2316 peccata
1809 2255 1999 2303 nostra

404 2331 552 2390 fecit'
568 2336 746 2403 nobis,
773 2350 951 2407 neque
981 2337 1277 2393 secundum
1316 2336 1630 2406 iniquitates
1664 2346 1881 2394 nostras
1911 2354 1999 2394 re-

404 2426 597 2482 tribuit
641 2428 841 2485 nobis:
885 2427 1014 2499 quia
1059 2428 1359 2484 secundum
1406 2427 1751 2484 altitudinem
1795 2429 1920 2486 cmli
1964 2446 1998 2486 a

405 2526 554 2575 terra
580 2520 927 2578 conﬁrmavit
961 2522 1224 2578 Dominus
1257 2519 1693 2578 misericordiam
1721 2537 1878 2578 suam
1906 2537 1999 2579 sn-

402 2624 502 2680 per
527 2610 786 2668 timentes
820 2626 967 2669 eum.
998 2632 1018 2668 ι
1065 2611 1361 2687 (ϐασεὶοά.)
1403 2612 1517 2670 Illis
1552 2615 1766 2671 scilicet
1796 2631 1915 2672 non'
1940 2616 1996 2672 iu

358 2748 365 2751 .
402 2702 569 2759 finem
599 2705 888 2774 irascetur,
926 2708 1019 2779 qui
1052 2708 1245 2764 devota
1276 2707 1647 2766 satisfactione
1674 2710 1996 2782 semetipsos

402 2807 759 2868 cognoscunt,
802 2799 895 2870 qui
935 2801 1007 2855 ad
1048 2816 1175 2857 eum
1209 2802 1389 2861 redire
1424 2801 1694 2876 diligunt,
1741 2804 1834 2874 qui
1879 2804 1996 2861 ille-

400 2889 598 2946 cebras
614 2892 796 2948 saeculi
817 2908 941 2949 cum
962 2909 1061 2950 suo
1079 2902 1302 2952 auctore
1321 2905 1699 2955 contemnunt.
1715 2898 1760 2955 E
1778 2908 1989 2967 contra,

398 2976 508 3035 illis
534 2981 593 3036 in
618 2982 783 3038 ﬁnem
820 2984 1087 3041 irascetur
1109 2987 1309 3057 quibus
1334 2990 1583 3046 dicturus
1611 2999 1735 3047 est:
1769 3008 1790 3045 ι
1820 2992 1897 3048 ite
1934 2992 1993 3047 in

395 3072 580 3146 ignem
624 3086 891 3134 aeternum
938 3078 1154 3152 (Matth.
1193 3081 1345 3154 xxv).
1379 3100 1398 3134 ι
1459 3083 1650 3155 Magna
1702 3074 1992 3140 infelicitas

2065 1888 2071 1899 υ
2103 1868 2313 1937 minum
2352 1872 2579 1942 prbpter
2617 1872 3021 1940 ptenitentiam.
3084 1872 3277 1947 Diligis
3320 1879 3468 1935 enim
3511 1881 3697 1938 omnia

2103 1973 2224 2027 qua:
2255 1968 2402 2026 sunt,
2451 1970 2508 2016 et
2549 1961 2686 2016 nihil
2733 1963 2897 2019 odisti
2941 1966 3133 2020 borum
3178 1983 3303 2037 qua:
3345 1966 3545 2036 fecisti,
3591 1985 3695 2027 nec

2090 2050 2247 2105 enim
2285 2052 2475 2109 adiens
2517 2052 2723 2122 aliquid
2759 2056 3088 2113 constituisti
3131 2056 3306 2130 (Ptol.
3331 2075 3524 2129 cum;
3556 2058 3692 2135 Sep.

2100 2141 2204 2215 ιι).
2232 2162 2255 2199 ι
2304 2144 2586 2212 Quomodo
2624 2154 2807 2201 autem
2852 2159 3035 2218 posset
3079 2149 3283 2220 aliquid
3325 2166 3649 2222 permanere
3673 2196 3691 2223 ,

2100 2236 2208 2292 nisi
2264 2243 2320 2291 tu
2366 2236 2683 2294 voluisses?
2741 2238 2854 2294 Aut
2901 2240 3047 2309 quod
3102 2255 3136 2295 a
3186 2248 3243 2298 te
3283 2253 3536 2300 vocatum
3582 2245 3693 2304 nun

2068 2336 2249 2385 esset
2272 2320 2749 2386 conservaretur?
2788 2330 2976 2388 Parcis
3014 2341 3197 2389 autem
3242 2337 3516 2405 omnibus,
3558 2354 3696 2410 quo-

2058 2432 2072 2474 :
2101 2419 2249 2475 niam
2293 2426 2386 2476 tua
2426 2429 2574 2486 sunt,
2595 2420 2857 2490 Domine,
2905 2423 3000 2493 qui
3040 2425 3253 2482 animas
3296 2441 3468 2495 ama,
3516 2428 3695 2491 bonus

2097 2519 2155 2566 et
2199 2511 2383 2569 suavis
2434 2522 2539 2579 est,
2579 2512 2829 2581 Domine,
2869 2514 3097 2586 spiritus
3137 2525 3264 2575 tuus
3316 2518 3372 2575 in
3413 2521 3687 2590 omnibus,

2062 2646 2067 2647 κ
2099 2613 2324 2672 propter
2371 2605 2518 2672 quod
2556 2605 2661 2663 hos
2700 2606 2796 2677 qui
2838 2616 3098 2664 exerrant
3141 2610 3387 2680 partibus
3434 2614 3690 2685 corripis,

2099 2702 2157 2751 et
2198 2695 2266 2750 de
2309 2696 2509 2766 quibus
2548 2706 2776 2768 peccant
2811 2700 3111 2757 admonens
3155 2702 3463 2774 alloqneris,
3502 2714 3565 2761 ut
3606 2722 3694 2763 re-

2096 2787 2224 2844 licta
2245 2788 2453 2845 malitia
2490 2805 2681 2846 eorum
2717 2792 2944 2848 credant
2976 2795 3034 2849 in
3058 2804 3133 2862 te,
3161 2795 3408 2853 Domine.
3452 2798 3690 2856 Proinde

2068 2924 2069 2929 η
2097 2880 2245 2936 ιιιιΙΙο
2268 2882 2429 2938 modo
2450 2883 2832 2940 aestimandum
2865 2894 2970 2953 est,
3017 2889 3162 2958 quod
3203 2901 3421 2947 creator
3455 2892 3693 2951 clemen-

2097 2974 2340 3031 tissimus
2380 2988 2543 3033 musa
2582 2977 2658 3032 sit
2688 2978 3010 3047 perditionis
3048 2981 3328 3041 hominum
3353 2984 3686 3055 iniquorum,

2095 3066 2189 3135 qui
2231 3067 2301 3124 ad
2343 3067 2514 3123 Deum
2552 3082 2651 3138 per
2680 3071 3058 3138 pmnitentiam
3095 3074 3390 3130 noluerunt
3417 3079 3687 3145 converti,

394 3169 576 3239 perire
619 3170 723 3226 sub
764 3172 856 3243 pio
898 3171 1151 3228 Domino.
1205 3172 1289 3228 Ne
1316 3173 1505 3230 tardas
1529 3174 1607 3230 illi
1635 3175 1985 3242 satisfacere,

2092 3159 2191 3215 sed
2229 3160 2608 3230 unusquisque
2650 3162 2707 3229 in
2747 3171 2979 3233 peccato
3014 3180 3116 3222 suo
3155 3166 3438 3223 interibit:
3470 3186 3493 3221 ι
3519 3166 3688 3225 Funi-

394 3262 482 3318 cui
511 3269 565 3319 te
578 3264 865 3336 cognoscis
876 3281 1113 3334 errasse,
1136 3268 1376 3324 maxime
1394 3284 1519 3325 cum
1538 3244 1983 3341 supplicationem

394 3360 543 3409 tuam
587 3367 815 3413 vacuam
859 3372 969 3414 non
1019 3360 1245 3426 sentias,
1279 3360 1326 3415 si
1374 3370 1557 3416 tamen
1601 3376 1725 3418 eam
1774 3364 1987 3437 integro

394 3444 578 3500 animo
610 3453 667 3501 te
698 3447 963 3504 obtulisse
996 3463 1320 3521 cognoscas.
1366 3451 1554 3507 Potest
1585 3453 1689 3510 hoc
1715 3461 1772 3509 et
1798 3456 1865 3511 de
1890 3470 1987 3526 po-

392 3534 525 3604 pulo
557 3533 787 3592 Iudaico
825 3540 1055 3612 sentiri,
1102 3556 1266 3611 quem
1304 3546 1730 3601 convertendum
1768 3556 1987 3603 constat

394 3626 452 3681 in
479 3626 586 3687 ﬁne
612 3629 816 3685 saeculi.
852 3630 934 3687 De
959 3646 1070 3703 quo
1093 3641 1150 3688 et
1174 3633 1468 3705 Apostolus
1497 3637 1667 3692 dicit:
1705 3655 1725 3690 ι
1756 3636 1985 3696 Caecitas

392 3733 459 3773 es
487 3728 641 3789 parte
671 3721 727 3776 in
751 3720 917 3778 Israel
948 3720 1207 3795 contigit,
1240 3734 1302 3781 ut
1327 3726 1608 3796 plenitudo
1632 3730 1873 3800 gentium
1902 3732 1986 3788 in-

395 3811 605 3878 troiret,
640 3821 697 3867 et
725 3814 808 3870 sic
830 3816 1009 3872 omnis
1036 3815 1201 3872 Israel
1228 3818 1412 3874 salvus
1439 3820 1593 3876 ﬁeret
1621 3821 1798 3895 (Rom.
1827 3824 1926 3896 ιιι).
1958 3845 1976 3878 ι

391 3902 547 3969 Quod
586 3913 766 3960 autem
802 3908 969 3974 dicit,
1000 3928 1020 3961 ι
1053 3924 1161 3964 non
1197 3912 1497 3968 secundum
1535 3924 1758 3984 peccata
1795 3925 1982 3973 nostra

390 3991 520 4050 fecit
555 3996 741 4063 nobis,
782 4017 802 4051 ι
854 4000 1121 4056 sententia
1155 3996 1422 4074 generalis
1466 4011 1582 4073 est,
1637 4009 1765 4079 quia
1818 4024 1980 4067 nemo

389 4094 477 4141 est
508 4089 602 4157 qui
630 4087 753 4159 ejus
779 4090 1011 4161 gratiam
1044 4095 1217 4165 gratis
1244 4110 1351 4150 non
1374 4096 1591 4162 habeat,
1626 4100 1752 4154 dum
1773 4099 1859 4156 lex
1882 4101 1982 4157 sub

389 4188 615 4248 peccato
641 4191 838 4238 cuncta
866 4184 1181 4253 concludat,
1218 4188 1360 4244 sicut
1390 4196 1620 4245 testatur
1648 4191 1939 4263 Apostolus
1963 4212 1977 4248 :

394 4287 416 4323 ι
443 4271 636 4329 Omnia
665 4277 933 4332 conclusit
963 4278 1109 4335 Deus
1134 4280 1191 4334 in
1222 4282 1623 4351 incredulitate,
1652 4295 1713 4341 ut
1737 4288 1980 4342 omnium

390 4364 742 4420 misereretur
789 4366 968 4439 (Rom.
1016 4369 1118 4441 ιι).
1164 4390 1185 4422 ι
1243 4372 1335 4427 Ille
1386 4382 1569 4429 tamen
1618 4378 1982 4441 communiter

387 4453 546 4509 bonis
593 4458 859 4528 malisque
904 4463 1156 4531 spiritum
1206 4467 1410 4532 donat,
1470 4468 1699 4523 salutem
1744 4472 1976 4541 tribuit,

2089 3249 2230 3309 culis
2270 3252 2419 3309 enim
2460 3262 2811 3325 peccatorum
2862 3272 3087 3317 suorum
3132 3260 3509 3333 unusquisque
3550 3276 3683 3319 oon-

2086 3342 2401 3415 stringitur,
2434 3354 2494 3402 et
2532 3347 2716 3404 anima
2749 3362 2872 3418 qum
2911 3351 3223 3419 peccaverit
3258 3353 3379 3422 ipsa
3419 3354 3686 3411 morietur

2087 3430 2277 3503 (Prov.
2320 3451 2388 3499 ν,
2436 3435 2632 3493 Esesh.
2679 3440 2860 3511 ινιιι).
2908 3458 2930 3492 ι
2989 3439 3264 3513 [meram]
3305 3442 3460 3510 Quod
3497 3453 3684 3501 autem

2089 3527 2301 3584 vincula
2342 3529 2594 3586 dicantur
2630 3546 2754 3587 esse
2794 3540 3020 3601 peccata
3062 3534 3310 3590 crebrius
3355 3536 3606 3607 legimus,
3651 3552 3685 3593 e

2086 3619 2287 3690 quibus
2334 3620 2470 3677 illud
2509 3620 2853 3679 Psalmistre:
2890 3641 2911 3676 ι
2946 3623 3129 3697 Funes
3171 3634 3524 3695 peccatorum
3568 3628 3682 3683 cir-

2086 3710 2360 3781 cumplesi
2392 3720 2521 3767 sunt
2554 3727 2643 3767 me
2668 3712 2843 3785 (Paul.
2870 3716 3082 3788 cxvtn).
3116 3734 3137 3768 ι
3182 3715 3250 3770 Et
3281 3717 3486 3773 isaias:
3518 3732 3539 3769 ι
3564 3719 3681 3787 Vae,

2086 3802 2303 3873 inquit,
2352 3807 2446 3875 qui
2494 3806 2719 3862 trahunt
2757 3816 2980 3877 peccata
3025 3819 3286 3880 tanquam
3327 3810 3512 3867 funem
3557 3812 3679 3868 lon-

2085 3909 2234 3966 gum.
2256 3914 2277 3949 ι
2311 3896 2381 3950 Ει
2403 3895 2668 3954 Dominus
2688 3913 2924 3970 arguens
2958 3901 3217 3971 populum
3249 3902 3677 3974 delinquentem,

2084 3988 2178 4056 qui
2215 3996 2435 4056 peccata
2468 3990 2711 4059 peccatis
2748 3994 3125 4062 coniungendo
3167 3993 3507 4060 sociaverat,
3552 3996 3679 4050 fecit

2084 4078 2354 4151 ﬂagellum
2398 4082 2467 4137 de
2505 4080 2783 4149 funiculis,
2826 4085 3123 4141 ostendens
3168 4086 3252 4142 eis
3275 4087 3552 4157 quomodo
3585 4087 3682 4143 do—

2083 4184 2232 4229 mum
2273 4173 2371 4229 Dei
2415 4172 2679 4229 fecissent
2712 4173 3027 4245 speluncam
3062 4176 3357 4244 latronum,
3400 4186 3456 4233 et
3492 4179 3679 4234 sedem

2083 4265 2347 4323 orationis
2385 4267 2679 4323 vertissent
2718 4268 2775 4322 in
2817 4269 3038 4324 domum
3081 4271 3465 4343 negotiationis
3491 4272 3675 4346 (Joan.

2082 4358 2169 4431 ιι).
2217 4359 2478 4427 Convivia
2512 4381 2729 4438 quoque
2763 4381 2935 4424 coena:
2983 4368 3282 4426 Dominicm
3315 4380 3525 4427 vestem
3570 4385 3680 4427 non

2056 4480 2059 4483 -
2083 4453 2291 4511 habens
2329 4457 2627 4527 nuptialem
2668 4460 2962 4530 ingressus,
2987 4462 3186 4518 vinctis
3216 4464 3446 4533 pedibus
3468 4479 3537 4518 ac
3565 4480 3683 4518 ma-

389 4545 715 4618 indigemias
741 4530 952 4619 adimit,
985 4564 1040 4610 ει
1067 4530 1599 4627 δεησταιίιετήδοηηε
1628 4572 1735 4627 ρει,
1768 4530 1978 4621 salice;
2006 4530 2060 4591 Ι)
2085 4547 2247 4603 nibus
2287 4549 2504 4617 ejicitnr
2546 4553 2600 4605 in
2647 4554 2898 4609 tenebras
2939 4557 3259 4610 exteriores.
3311 4557 3379 4610 Et
3417 4558 3681 4611 Dominus

386 4640 643 4707 quoniam
658 4641 1083 4711 supplicantibus
1098 4647 1171 4701 ita
1186 4649 1308 4718 pius
1328 4658 1431 4717 est,
1446 4659 1503 4705 ut
1524 4659 1650 4707 tunc
1664 4654 1837 4725 magis
1853 4672 1977 4712 eum

388 4728 641 4800 dignetur
685 4732 986 4803 absolvere,
1009 4738 1225 4808 quando
1272 4742 1541 4797 studuerit
1582 4746 1973 4818 unusquisque,

385 4820 630 4878 adhibita
675 4822 1082 4895 satisfactione,
1126 4834 1476 4904 semetipsum
1523 4834 1801 4893 damnare.
1841 4839 1976 4895 Illud

384 4927 516 4984 ergo
540 4917 689 4984 quod
726 4914 927 4974 dicitur
954 4928 1105 4977 tanto
1139 4923 1401 4994 majorem
1431 4940 1554 4983 esse
1583 4944 1613 4983 a
1639 4931 1850 4988 meritis
1878 4947 1973 4988 eo-

386 5019 506 5063 rum
532 5009 962 5068 misericordiam
992 5013 1229 5084 Domini,
1256 5033 1420 5089 quam
1451 5022 1700 5079 retribuit
1729 5024 1978 5083 ﬁdelibus

385 5098 520 5164 suis,
551 5112 815 5170 quantum
842 5112 1020 5176 potest
1050 5122 1080 5161 a
1113 5115 1256 5163 terra
1284 5110 1409 5167 coeli
1439 5115 1726 5171 summitas
1753 5116 1975 5185 elevari,

384 5188 514 5244 illud
552 5191 1013 5268 signiﬁeat,-qnia
1045 5200 1185 5254 sicut
1215 5204 1417 5259 caelum
1454 5212 1630 5262 terras
1656 5208 1871 5278 operit,
1922 5218 1979 5265 et

385 5286 746 5351 competentia
789 5287 1051 5345 beneﬁcia
1097 5294 1437 5363 temporibus
1466 5284 1587 5353 suis.
1622 5298 1831 5354 homini
1876 5300 1975 5356 tri-

383 5369 534 5441 buit,
578 5378 749 5434 modo.
776 5380 986 5449 pluvias
1016 5384 1323 5467 inlinenda,
1347 5390 1509 5444 modo
1550 5397 1862 5462 praestando
1890 5411 1974 5452 sc-

380 5476 540 5533 rena,
571 5470 735 5524 modo
758 5470 934 5542 ipsum
965 5491 1145 5531 aerem
1171 5479 1347 5535 ventis
1375 5480 1745 5541 saluberrimis
1770 5493 1976 5559 tempe-

380 5558 576 5625 rando,
604 5560 682 5616 ita
717 5570 776 5616 et
814 5566 1187 5625 misericordia
1222 5572 1435 5627 Domini
1464 5572 1741 5646 fragilitati
1773 5558 1975 5636 nostra:

382 5650 630 5706 noscitur
654 5653 869 5710 diversa
912 5657 1170 5714 beneficia
1212 5671 1492 5731 praestare.
1546 5667 1789 5725 Sustinet
1828 5671 1972 5726 enim

368 5751 445 5827 .ut
476 5746 745 5819 corrigat,
778 5748 1017 5823 ﬂagellat
1045 5760 1101 5807 ut
1129 5756 1375 5822 erudiat,
1408 5757 1599 5828 probat
1632 5771 1691 5816 ut
1720 5772 1972 5836 praestet,

2086 4643 2236 4697 venit
2272 4653 2333 4697 ut
2373 4646 2461 4699 bis
2484 4648 2577 4715 qui
2617 4658 2777 4703 erant
2806 4650 2870 4702 in
2896 4649 3125 4704 vinculis
3152 4650 3377 4717 diceret,
3408 4650 3593 4715 Exite,
3623 4658 3680 4704 et

2085 4737 2179 4806 qui
2217 4739 2579 4793 versabantur
2612 4740 2669 4795 in
2695 4740 2957 4806 tenebris,
2986 4742 3340 4797 Revelamini.
3384 4741 3502 4812 ipse
3531 4742 3677 4797 enim

2089 4849 2110 4881 ι
2140 4829 2302 4886 solvit
2330 4831 2687 4901 compeditos,
2723 4840 2780 4887 et
2815 4832 3086 4889 illuminat
3122 4850 3314 4890 cmcos.
3345 4855 3365 4889 ι
3416 4834 3564 4903 Quos
3589 4836 3677 4893 hic

2082 4922 2349 4981 Ieremias
2385 4926 2599 4983 vinctos
2641 4934 2800 4983 teme
2840 4937 3117 5001 nuncupat
3153 4929 3336 4985 dicens
3368 4947 3382 4984 :

2153 5015 2372 5073 Lamed.
2393 5036 2414 5070 ι
2438 5019 2505 5075 Ut
2521 5029 2831 5077 contereret
2846 5022 2948 5077 sub
2962 5021 3190 5093 pedibus
3213 5022 3328 5078 suis
3341 5032 3532 5086 omnes
3555 5022 3677 5080 vin-

2086 5122 2109 5160 ι
2142 5118 2261 5166 ctos
2285 5119 2464 5167 terrm.
2497 5130 2518 5163 ι
2548 5110 2628 5168 Ne
2656 5113 2913 5185 plangent
2952 5128 3077 5180 eos,
3106 5115 3200 5185 qui
3226 5129 3457 5185 peccare
3487 5131 3671 5189 cmpe-

2079 5214 2235 5270 rant,
2260 5205 2554 5276 statimque
2592 5206 2886 5261 desierant.
2926 5222 2946 5258 ι
2978 5205 3094 5263 Non
3127 5216 3211 5264 est
3234 5209 3379 5265 enim
3400 5211 3489 5265 vir
3508 5224 3675 5283 super

2078 5308 2281 5355 terram
2307 5301 2399 5370 qui
2426 5301 2589 5356 faciat
2628 5301 2864 5370 bonum,
2919 5309 2976 5359 et
3023 5304 3311 5376 aliquando
3347 5321 3455 5362 non
3485 5317 3678 5378 peccet

2081 5389 2252 5464 (Eccl.
2268 5382 2388 5467 vn),
2410 5412 2431 5447 ι
2451 5396 2545 5451 sed
2573 5397 2665 5466 qui
2686 5397 2849 5469 longo
2876 5396 3114 5454 funicqu
3140 5408 3364 5470 peccata
3388 5411 3673 5473 protraxe—

2079 5488 2170 5543 rit.
2208 5488 2361 5544 Unde
2385 5498 2439 5544 et
2467 5488 2520 5543 in
2543 5488 2795 5547 Numeris
2818 5492 3043 5565 legimus
3063 5493 3253 5565 (Num.
3271 5493 3385 5565 nx)
3404 5510 3418 5549 :
3437 5493 3673 5549 Vaccam

2082 5578 2290 5645 rufam,
2320 5578 2475 5647 cuius
2506 5580 2644 5637 cinis
2683 5584 2922 5654 expiatio
2970 5594 3056 5642 est
3099 5587 3312 5658 populi,
3362 5600 3469 5641 non
3512 5584 3674 5640 aliter

2078 5670 2348 5725 immolari
2378 5680 2434 5727 et
2458 5671 2643 5728 offerri
2674 5674 2741 5730 ad
2782 5676 2954 5732 altare
2988 5678 3234 5743 Domini,
3274 5677 3377 5731 nisi
3408 5692 3529 5747 qua;
3559 5684 3672 5730 ter-

2077 5777 2207 5819 rena
2237 5778 2402 5834 opera
2430 5779 2538 5821 non
2565 5762 2778 5833 fecerit,
2803 5768 3101 5839 jugumque
3129 5783 3237 5823 non
3275 5767 3540 5835 traxerit,
3567 5780 3670 5823 nec
