4056 6336
515 318 649 374 1231

1161 323 1222 378 Β.
1265 324 1519 381 RABANI
1556 324 1778 384 MAURI
1810 326 2131 385 ARCHIEP.
2170 330 2479 390 MOGUNT.
2521 334 2807 394 OPERUM
2844 337 3025 397 PARS
3059 342 3147 398 III.

3664 355 3838 413 i232

512 431 744 488 vinculis
769 432 885 505 jugi
913 431 1412 493 Nabuchodonosor
1457 437 1634 496 fuerat
1675 441 1912 513 alligata.
1944 442 2012 496 Et
2043 442 2098 498 in
2123 445 2178 506 Α
2202 446 2478 518 quippiam
2504 448 2687 505 videat
2704 457 2762 506 et
2783 453 3126 510 reverberata
3150 462 3567 531 contremiseat;
3593 475 3658 522 et
3684 470 3835 539 quia

509 527 648 585 Isaia
682 530 950 600 propheta
992 544 1093 600 pro
1136 531 1356 602 cingulo
1392 534 1643 590 veritatis
1675 535 1800 592 tiliae
1829 535 1960 592 Sion
1985 537 2101 592 ein-

509 629 712 690 guntur
741 620 980 677 funiculo
1011 621 1147 692 (Isa.
1173 622 1279 694 ιιι).
1304 623 1594 696 Ahitophel
1621 641 1836 698 quoque
1857 637 1914 684 et
1936 628 2102 686 Judas

509 726 740 780 quorum
787 713 926 769 alter
965 714 1168 783 David,
1217 715 1356 774 alter
1409 719 1700 775 Dominum
1743 721 2100 792 prodiderunt

509 802 564 874 (Ι
568 803 596 856 1
602 803 732 876 Reg.
745 821 884 873 xvu;
899 805 1094 862 Matth.
1109 807 1308 880 xxvii),
1330 808 1459 865 fune
1479 809 1796 882 longissimo
1818 813 2098 868 trahentes

504 907 730 967 peccata
787 914 886 954 sua
941 898 1154 970 periere
1209 903 1536 972 suspendio,
1585 911 1839 974 putantes
1896 905 2098 960 malum

505 988 854 1044 conscientiae
890 991 1147 1060 praesenti
1176 1001 1350 1047 morte
1387 992 1562 1060 finiri,
1590 1002 1646 1049 et
1666 995 1803 1050 nihil
1830 1009 1951 1052 esse
1975 1004 2100 1067 post
2129 1017 2138 1022 -

493 1091 760 1137 mortem.
791 1080 1018 1155 (bl/tun.)
1047 1084 1261 1140 Domini
1282 1085 1428 1140 enim
1453 1085 1718 1157 judicium
1750 1089 1898 1146 nullo
1935 1090 2096 1147 modo

503 1172 732 1240 errabit,
755 1187 857 1229 nec
884 1173 1088 1245 aliquid
1107 1175 1170 1230 ﬁt
1197 1175 1254 1231 in
1283 1185 1431 1232 terra
1457 1178 1576 1235 sine
1601 1194 1786 1236 causa.
1809 1181 2094 1239 Neminem

493 1261 702 1331 injuste
733 1264 987 1332 damnat,
1017 1266 1293 1322 neminem
1321 1269 1530 1339 spernit
1549 1309 1566 1336 ,
1603 1272 1986 1343 neminemque
2016 1274 2096 1329 in-

501 1353 681 1410 debite
710 1355 972 1428 relinquit
1012 1375 1026 1412 :
1056 1359 1186 1429 quia
1214 1360 1395 1415 omnia
1435 1377 1700 1430 numero,
1747 1380 2003 1420 mensura
2038 1375 2095 1422 et

496 1445 739 1512 pondere
767 1447 1027 1519 disponit,
1060 1451 1279 1506 ordinat
1305 1459 1472 1523 atque
1501 1455 1798 1525 gubernat,
1838 1472 1940 1513 nec
1982 1457 2091 1514 ullo

496 1536 660 1590 modo
685 1538 1015 1594 credendum
1049 1548 1134 1597 est
1155 1582 1171 1608 ,
1204 1541 1349 1612 quod
1369 1543 1572 1614 aliquid
1598 1559 1697 1617 per
1725 1547 2090 1619 ignorantiam

495 1628 738 1684 auctoris
765 1629 851 1684 sui
873 1630 1156 1702 contingat
1195 1633 1247 1688 in
1280 1634 1446 1690 rebus
1483 1635 1754 1705 humanis,
1780 1639 1935 1710 juxta
1979 1641 2090 1697 hae-

493 1717 787 1775 reticorum
815 1722 1144 1793 Opinionem,
1170 1725 1315 1794 quod
1337 1740 1572 1797 sequens
1591 1731 1863 1786 sententia
1888 1747 2086 1789 sonare

491 1806 723 1863 videtur.

559 1897 780 1955 Lamed.
806 1920 828 1954 (
855 1902 928 1960 Ut
946 1904 1528 1977 declinaretjudicium
1549 1913 1676 1983 viri,
1705 1914 1764 1972 in
1790 1928 2085 1990 conspectu

493 2006 513 2041 ι
551 1991 736 2049 vultus
759 1993 1046 2053 Altissimi.
1083 2019 1102 2053 ι

557 2081 778 2140 Lamed.
809 2105 830 2139 ‹
868 2087 939 2144 Ut
962 2102 1299 2160 perverteret
1335 2097 1615 2158 hominem
1644 2103 1696 2157 in
1721 2100 1930 2173 judicio
1959 2120 2080 2174 suo,

491 2191 512 2226 ι
543 2174 806 2234 Dominus
834 2179 1120 2252 ignoravit.
1153 2206 1172 2238 ι
1199 2187 1336 2246 Huic
1364 2208 1581 2265 quoque
1604 2196 1782 2252 simile
1810 2207 1912 2266 est,
1937 2201 2080 2270 quod

471 2265 540 2322 in
559 2266 699 2324 libro
722 2268 824 2327 Job
847 2274 900 2328 in
921 2275 1144 2349 Eliphaz
1171 2282 1350 2340 verbis
1373 2283 1587 2358 legitur,
1607 2289 1698 2346 ubi
1721 2290 1794 2347 ita
1817 2265 2078 2365 scrip-tum

479 2366 566 2414 est
596 2375 611 2412 :
645 2378 666 2411 ι
693 2360 778 2418 An
803 2380 914 2421 non
939 2369 1167 2440 cogitas,
1204 2375 1349 2444 quod
1371 2376 1515 2434 Deus
1542 2381 1809 2438 excelsior
1836 2360 1995 2451 coelo,
2023 2394 2080 2442 et

479 2463 644 2520 super
691 2451 970 2512 stellarum
1020 2461 1280 2518 verticem
1324 2467 1650 2525 sublimetur
1698 2470 1843 2543 (Job.
1888 2476 2078 2547 xm)?

475 2539 545 2596 Et
573 2543 721 2600 dices
757 2565 770 2600 :
805 2548 947 2615 Quid
976 2553 1121 2609 enim
1159 2559 1310 2613 novit
1345 2561 1507 2628 Deus,
1535 2571 1592 2618 et
1621 2539 1775 2636 quasi
1817 2583 1917 2638 per
1942 2539 2075 2627 cali-

475 2631 657 2701 ginem
676 2635 889 2706 judicat
919 2643 1111 2710 nubes,
1145 2646 1430 2707 latibulum
1457 2655 1576 2725 ejus
1604 2631 1708 2714 nec
1729 2631 1919 2717 nostra
1943 2679 2073 2719 con-

474 2723 700 2793 siderat,
723 2738 780 2785 et
799 2731 948 2787 circa
993 2737 1245 2795 cardines
1271 2742 1395 2798 coeli
1420 2723 1794 2814 perambulat?
1815 2772 1834 2805 ι
1862 2751 2069 2826 (Greg.)

473 2815 612 2874 Sunt
638 2819 887 2894 plerique
913 2826 987 2881 ita
1011 2827 1236 2888 hebetes
1264 2840 1325 2888 ut
1347 2834 1645 2896 formidare
1670 2815 1934 2912 nesciant,
1961 2815 2068 2901 nisi

469 2909 616 2975 quod
663 2916 1021 2984 corporaliter
1062 2919 1290 2980 vident:
1330 2928 1476 2984 unde
1517 2928 1582 2985 fit
1628 2940 1688 2986 ut
1730 2909 1929 2990 Deum:
1953 2952 2066 2993 non

467 3008 733 3070 metuant,
769 3023 932 3077 quem
961 3012 1149 3070 videre
1178 3031 1288 3072 non
1315 3030 1559 3089 possunt.
1599 3024 1853 3084 Haeretici
1882 3039 2064 3088 autem

451 3091 596 3159 .quia
620 3109 744 3151 esse
771 3113 830 3153 se
857 3102 1132 3170 sapientes
1157 3110 1514 3182 arbitrantur,
1538 3119 1706 3175 verba
1735 3131 1924 3180 contra
1965 3141 2058 3182 ca-

453 3181 699 3244 tholicos
735 3188 1021 3250 irrisiones
1048 3198 1351 3269 proferunt,
1379 3213 1543 3276 atque
1571 3208 1641 3264 ab
1664 3211 1748 3267 eis
1779 3213 1928 3270 illum
1950 3233 2061 3274 non
2087 3204 2132 3269 Π

451 3275 660 3335 timere
705 3284 1085 3356 suspicantur,
1131 3307 1294 3362 quem
1331 3275 1515 3356 videre
1560 3306 1922 3375 corporaliter
1964 3327 2060 3369 ne-

445 3380 670 3440 ,queunt
717 3392 730 3426 :
777 3383 833 3434 et
877 3380 1032 3446 quasi
1075 3397 1175 3453 per
1223 3382 1497 3458 torporem
1545 3409 1738 3454 sensus
1781 3410 2058 3461 auctorem

462 3475 621 3518 suum
661 3465 1011 3539 existiment,
1039 3475 1164 3544 quia
1197 3480 1464 3539 excelsior
1503 3487 1646 3544 ctelo
1671 3499 1783 3559 est,
1808 3501 1865 3548 et
1891 3510 2058 3568 super

441 3550 744 3617 =stellarum
775 3559 1008 3618 vertices
1045 3567 1398 3640 sublimatus,
1445 3591 1516 3632 ex
1545 3550 1841 3654 longinquo
1868 3550 2056 3646 videre

458 3658 567 3702 non
611 3661 800 3715 posse;
852 3662 910 3707 et
959 3657 1086 3725 quia
1134 3659 1280 3716 inter
1323 3681 1426 3723 nos
1459 3678 1518 3724 et
1557 3672 1837 3732 etelestem
1866 3680 2053 3737 sedem

455 3743 647 3803 partes
695 3740 839 3797 aeris
889 3743 1198 3818 intersunt,
1249 3757 1407 3824 quasi
1441 3759 1499 3814 in
1536 3764 1679 3819 nube
1723 3765 1900 3824 latens
1953 3786 2053 3842 per

455 3827 746 3901 caliginem
787 3833 1035 3906 judieet,
1073 3852 1130 3899 et
1163 3850 1532 3918 superioribus
1577 3856 1818 3917 intentus
1868 3827 2050 3922 minus

428 3919 562 3976 .ima
589 3929 920 3998 perpendat;
945 3940 1002 3989 et
1026 3935 1154 3992 dum
1183 3941 1305 3997 coeli
1331 3947 1582 4005 cardines
1609 3953 1898 4012 ambiendo
1920 3974 2051 4015 con-

433 4207 667 4265 ,semper
713 4204 1078 4276 omnipotens,
1120 4214 1196 4270 sic
1224 4215 1458 4274 intendit
1501 4227 1752 4284 omnibus
1793 4239 1853 4285 ut
1901 4233 2044 4290 adsit

450 4283 714 4356 singulis,
775 4294 857 4350 sic
897 4298 1054 4354 adest
1095 4303 1355 4376 singulis,
1414 4319 1476 4365 ut
1547 4315 1709 4371 simul
1789 4324 2042 4382 omnibus

447 4389 728 4447 nunquam
775 4383 936 4442 desit.
985 4389 1121 4446 Nam
1173 4399 1278 4452 etsi
1315 4404 1576 4469 quosdam
1617 4420 1909 4477 peccantes
1946 4417 2041 4473 de-

443 4467 582 4571 serit
615 4508 632 4534 ,
685 4471 893 4530 eisdem
951 4488 1133 4538 tamen
1184 4467 1524 4557 ipsis—adest
1578 4467 1678 4569 per
1731 4501 2031 4579 judicium,

442 4556 642 4627 quibus
694 4563 883 4623 deesse
922 4574 1165 4632 cernitur
1207 4556 1313 4650 per
1347 4556 1751 4656 adjumentum:
1785 4595 1878 4654 Sic
1923 4556 2030 4657 ita:

407 4744 520 4819 psic
565 4744 829 4807 interiora
875 4756 1093 4829 implet,
1146 4772 1207 4820 ut
1250 4772 1525 4828 exteriora
1579 4777 1879 4838 circumdet
1908 4801 1924 4840 :
1953 4787 2032 4843 sic

425 5312 698 5370 nequeat:
731 5310 776 5364 si
809 5313 979 5370 videri
1007 5334 1116 5377 non
1142 5324 1304 5392 valet,
1338 5337 1400 5383 ut
1430 5339 1609 5388 tamen
1638 5334 1757 5405 ejus
1778 5351 2016 5407 praesen-

425 5390 559 5447 tiam
587 5393 702 5465 ipsa
741 5415 834 5456 sua
854 5404 1060 5474 judicia
1085 5390 1352 5472 testentur
1382 5437 1396 5474 :
1426 5421 1504 5478 sic
1529 5438 1588 5479 se
1621 5390 2016 5488 nobisrintelli-

423 5483 659 5554 gendum
702 5492 936 5562 praebet,
975 5509 1034 5554 ut
1063 5511 1243 5561 tamen
1265 5507 1465 5578 -ipsum
1494 5515 1654 5572 nobis
1682 5520 1896 5576 radium
1925 5525 2010 5580 sui

425 5574 728 5636 intellectus
775 5584 1091 5656 obnubilet,
1137 5601 1194 5649 et
1243 5574 1458 5658 rursum
1506 5605 1585 5661 sic
1630 5608 1861 5681 caligine
1909 5629 2010 5671 nos

423 5670 740 5738 ignorantiae
779 5683 1056 5751 reprimit,
1099 5694 1159 5742 ut
1188 5697 1370 5748 tamen
1408 5700 1574 5754 menti
1605 5670 1803 5760 nostra:
1841 5709 2007 5764 radiis

421 5775 530 5816 sum
583 5765 846 5826 claritatis
891 5771 1238 5846 intermicet,
1295 5794 1565 5850 quatenus
1619 5800 1673 5846 et
1726 5795 2004 5855 sublevata

2205 555 2330 596 eum
2362 541 2526 597 sicuti
2568 549 2653 599 est
2697 545 2883 601 videre
2927 563 3036 603 non
3070 557 3287 620 potest,
3335 553 3692 626 aliquatenus
3725 563 3826 618 vi-

2203 629 2380 685 dendo
2395 641 2704 704 cognoscat.
2722 632 2830 691 Sed
2846 636 2962 692 haec
2974 639 3215 696 heretici
3236 652 3479 702 sanctam
3495 647 3826 708 Ecclesiam

2195 724 2345 780 scire
2369 741 2480 783 non
2503 729 2808 799 aestimant,
2830 733 2958 803 quia
2995 737 3160 794 stulto
3176 737 3383 809 judicio
3414 745 3563 802 solos
3584 763 3656 804 se
3687 764 3824 808 esse

2201 818 2475 888 sapientes
2505 829 2717 891 putant.
2743 821 2952 882 Idcirco
2985 827 3090 884 iste
3124 832 3388 903 propheta
3415 850 3545 893 mox
3566 842 3818 913 corripit

2201 923 2295 968 eos
2321 912 2414 981 qui
2443 912 2548 970 ista
2570 914 2884 986 opinantur,
2913 918 3104 977 dicens
3131 939 3148 977 :
3585 1004 3594 1012 _

2271 1001 2433 1060 Hem.
2457 1023 2477 1056 ι
2504 1004 2636 1073 Quis
2655 1014 2742 1064 est
2756 1009 2861 1067 iste
2878 1010 2974 1082 qui
2994 1011 3155 1082 dixit,
3176 1022 3236 1071 ut
3253 1016 3411 1075 ﬁeret
3429 1004 3676 1080 Domi-no
3693 1041 3810 1082 non

2205 1113 2225 1147 ι
2250 1094 2516 1167 jubente?
2539 1118 2560 1153 ι

2269 1186 2433 1244 Mem.
2467 1206 2488 1242 ‹
2520 1190 2602 1246 Ex
2648 1207 2745 1250 ore
2773 1195 3040 1254 Altissimi
3092 1215 3202 1259 non
3238 1205 3635 1278 egredientur,
3700 1229 3806 1271 nec

2199 1295 2224 1331 ε
2260 1279 2422 1346 bona,
2450 1297 2552 1338 nec
2578 1285 2739 1340 mala.
2769 1305 2788 1338 ι

2266 1369 2429 1427 Mem.
2468 1393 2489 1426 ι
2531 1375 2673 1443 Quid
2706 1384 3070 1440 murmuravit
3113 1386 3277 1447 homo
3303 1391 3515 1464 vivens,
3559 1398 3652 1453 vir
3701 1417 3803 1471 pro

2200 1479 2221 1515 ι
2257 1467 2500 1533 peccatis
2525 1469 2659 1526 suis.
2696 1490 2717 1524 ι
2752 1472 3046 1549 (ΜΑιιιιιιε.)
3075 1479 3321 1539 Fuerunt
3345 1487 3488 1544 enim
3517 1467 3799 1556 haeretici,

2189 1555 2284 1625 qui
2313 1557 2564 1615 dixerunt
2602 1561 2772 1619 Deum
2804 1581 2912 1622 non
2959 1569 3141 1628 facere
3189 1576 3366 1644 mala,
3417 1590 3614 1639 contra
3659 1555 3800 1643 illud

2189 1648 2335 1717 quod
2362 1651 2624 1723 scriptum
2648 1663 2770 1711 est:
2814 1678 2832 1710 ι
2865 1658 2979 1731 Ego
3009 1661 3271 1724 Dominus
3294 1668 3543 1730 formans
3565 1675 3755 1735 lucem
3779 1723 3794 1746 ,

2190 1747 2247 1794 et
2264 1754 2458 1800 creans
2482 1746 2754 1815 tenebras,
2792 1750 2998 1809 faciens
3010 1771 3226 1827 pacem,
3253 1767 3308 1815 et
3342 1775 3536 1821 creans
3583 1768 3797 1825 malum

2108 1832 2159 1894 B
2188 1829 2324 1902 (Ita.
2361 1837 2509 1910 xxv).
2539 1858 2560 1891 ι
2593 1839 2636 1894 Ε
2657 1845 2934 1901 contrario
2962 1845 3185 1906 fuerunt
3219 1851 3345 1919 alii,
3389 1857 3482 1928 qui
3528 1859 3799 1918 dixerunt

2186 1924 2357 1981 Deum
2379 1943 2602 1986 creasse
2630 1933 2798 2001 mala,
2827 1946 3017 1995 contra
3071 1941 3128 1997 id
3169 1944 3317 2015 quod
3349 1924 3618 2019 scriptum
3655 1964 3751 2009 est
3779 1974 3794 2011 :

2192 2037 2212 2071 ι
2243 2017 2400 2076 Fecit
2427 2021 2574 2079 Deus
2599 2026 2785 2082 omnia
2811 2027 2953 2084 bona
2991 2030 3162 2104 (Eccl.
3184 2049 3294 2108 ιιι).
3332 2056 3352 2090 ι
3379 2017 3627 2098 Fuerunt
3653 2045 3796 2100 item

2181 2108 2298 2176 alii,
2327 2111 2422 2183 qui
2450 2114 2707 2172 dixerunt
2732 2117 2869 2176 duas
2891 2130 3132 2192 naturas,
3181 2137 3238 2183 et
3282 2129 3418 2187 duas
3445 2134 3796 2195 substantias

2182 2203 2252 2258 ab
2273 2204 2432 2262 initio
2453 2205 2641 2276 fuisse,
2672 2209 2728 2266 id
2758 2221 2866 2278 est,
2894 2215 3090 2273 bonam
3115 2227 3174 2274 et
3199 2222 3422 2291 malam,
3445 2241 3572 2282 cum
3604 2233 3793 2286 omnis

2181 2303 2400 2367 natura,
2421 2308 2520 2359 aut
2536 2309 2754 2362 creator
2776 2305 2846 2369 sit
2868 2345 2884 2372 ,
2925 2317 3020 2364 aut
3048 2318 3241 2368 natura
3273 2312 3599 2393 [creatura].
3633 2320 3790 2378 Unde

2181 2388 2376 2448 falsum
2405 2403 2490 2451 est
2516 2399 2663 2467 quod
2709 2408 2904 2457 natura
2936 2405 3042 2460 ulla
3073 2405 3216 2464 mala
3255 2406 3350 2478 sit,
3396 2423 3521 2466 cum
3553 2388 3790 2473 creator

2157 2493 2422 2540 summus
2475 2494 2532 2541 et
2587 2490 2824 2560 optimus
2863 2500 3134 2554 creaverit
3178 2501 3374 2558 bonam
3420 2516 3739 2566 creaturam
3768 2555 3783 2578 ,

2176 2576 2304 2645 quia
2345 2578 2483 2636 vidit
2530 2581 2674 2640 Deus
2703 2596 2900 2643 cuncta
2940 2606 3060 2662 quas
3105 2592 3266 2663 fecit,
3314 2608 3372 2654 et
3413 2613 3573 2659 erant
3623 2576 3783 2663 valde

2172 2668 2317 2724 bona
2349 2668 2504 2744 (Gen.
2551 2674 2616 2749 ι).
2667 2677 2894 2751 Tropice
2944 2683 3110 2756 igitur
3156 2687 3299 2746 Deus
3344 2691 3550 2751 dicitur
3591 2697 3780 2756 facere

2173 2762 2340 2830 mala,
2361 2765 2466 2823 hoc
2489 2778 2577 2826 est
2600 2811 2617 2838 ,
2660 2774 2887 2831 adversa
2936 2783 3296 2842 maerentibus
3326 2786 3571 2861 inﬂigere
3613 2795 3780 2865 juxta

2169 2851 2324 2922 illud,
2355 2859 2498 2926 quod
2526 2860 2583 2916 in
2612 2862 2753 2919 Isaia
2787 2867 3047 2939 scriptum
3078 2883 3196 2929 est:
3235 2895 3255 2928 ι
3285 2876 3400 2950 Ego
3422 2851 3687 2939 Domitius
3714 2851 3777 2941 et

2168 2959 2276 3000 non
2299 2955 2385 3003 est
2408 2948 2547 3006 alter
2573 2971 2587 3007 :
2613 2953 2855 3013 formans
2880 2959 3057 3019 lucem
3081 3005 3097 3030 ,
3128 2975 3184 3021 et
3228 2948 3424 3027 creans
3464 2976 3723 3032 tenebras
3749 2995 3766 3043 ;

2166 3034 2375 3095 faciens
2401 3055 2614 3112 pacem,
2657 3056 2713 3103 et
2743 3063 2948 3107 creans‘
2974 3055 3213 3112 malum:
3245 3075 3348 3131 ego
3385 3061 3650 3122 Dominus
3686 3034 3770 3122 fa;

2163 3329 2291 3369 nem
2317 3317 2686 3394 virtutemque
2731 3341 2909 3384 meam
2937 3371 2952 3396 ,
2981 3339 3038 3388 et
3066 3336 3388 3405 sapientiam
3423 3317 3544 3412 qua:
3575 3346 3630 3401 in
3674 3367 3760 3406 me

2159 3416 2246 3463 est
2278 3425 2292 3461 :
2322 3407 2512 3467 Nullus
2536 3423 2623 3470 est
2653 3415 2792 3473 alter
2810 3419 2956 3478 Deus
2981 3433 3036 3479 et
3063 3426 3179 3484 haec
3201 3428 3326 3499 feci,
3355 3442 3416 3487 ut
3434 3407 3506 3490 ab
3547 3440 3755 3496 oriente

2159 3505 2216 3552 et
2249 3499 2530 3558 occidente
2573 3507 2750 3564 omnis
2777 3512 2926 3568 orbis
2953 3528 3234 3587 agnoscat,
3295 3524 3610 3599 nullumque
3636 3547 3753 3588 esse

2157 3586 2322 3646 alium
2365 3593 2570 3665 absque
2615 3614 2701 3654 me
2731 3600 2902 3659 Deum
2944 3623 2958 3659 :
2991 3622 3012 3658 ·‹
3049 3607 3162 3680 Ego
3208 3586 3604 3685 Dominus,‘et

2156 3690 2240 3737 est
2269 3683 2426 3741 alter.
2468 3707 2488 3740 ι
2520 3688 2684 3746 Pater
2719 3696 2863 3752 enim
2892 3699 2946 3754 in
2983 3697 3142 3769 Filio,
3173 3714 3230 3760 et
3256 3706 3425 3766 Filius
3466 3683 3521 3768 in
3551 3715 3746 3783 Patre,

2155 3774 2247 3843 qui
2299 3775 2542 3848 loquitur
2579 3783 2633 3837 in
2675 3785 3014 3859 Evangelia:
3050 3815 3070 3847 ‹
3106 3796 3220 3868 Ego
3267 3809 3320 3856 et
3365 3801 3528 3860 Pater
3579 3774 3748 3866 unum

2151 3880 2344 3924 sumus
2369 3870 2554 3942 (Joan.
2584 3876 2661 3947 ιι).
2701 3898 2721 3931 ι
2750 3878 2810 3934 In
2853 3882 3006 3940 Ezraa
3059 3889 3331 3950 volumine
3374 3897 3614 3965 positum
3665 3913 3751 3959 cst

2149 3959 2434 4029 scripsisse
2486 3963 2686 4037 Cyrum
2739 3971 2806 4025 ad
2855 3989 3046 4034 omnes
3099 3989 3304 4052 gentes,
3361 3987 3571 4044 nullum
3621 4010 3748 4051 esse

2149 4049 2320 4107 Deum
2345 4055 2449 4110 nisi
2478 4057 2651 4115 solum
2673 4059 2843 4118 Deum
2859 4065 3050 4137 Israel,
3066 4049 3182 4130 sive
3203 4075 3278 4130 ita
3308 4049 3744 4153 intelligendum,

2147 4144 2293 4213 quod
2317 4148 2656 4217 captivorum
2699 4153 2920 4226 laxatio,
2961 4170 3016 4216 et
3044 4159 3141 4219 Dei
3170 4164 3226 4221 in
3272 4144 3526 4240 populum
3579 4144 3742 4232 suum

2145 4234 2458 4305 clementia,
2489 4243 2702 4300 cunctis
2723 4249 2974 4318 gentibus
2999 4250 3170 4310 Deum
3203 4234 3397 4315 fecerit
3441 4264 3738 4322 notiorem.

2143 4323 2248 4392 Qui
2270 4327 2439 4398 igitur
2467 4331 2590 4388 dedi
2620 4335 2715 4390 tibi
2743 4337 3139 4415 fortitudinem,
3173 4356 3230 4404 et
3248 4350 3396 4408 solus
3419 4353 3566 4412 Deus
3589 4373 3736 4426 sum,

2140 4418 2257 4488 ipse
2285 4434 2376 4477 res
2405 4423 2548 4480 intra
2573 4442 2632 4483 se
2663 4432 2968 4490 contrarias
2993 4434 3155 4506 facio,
3171 4439 3345 4498 lucem
3366 4454 3424 4500 et
3453 4450 3730 4518 tenebras,

2139 4513 2195 4570 id
2232 4523 2356 4582 est,
2385 4515 2530 4574 diem
2558 4528 2615 4576 et
2641 4531 2878 4592 noctem,
2909 4543 3097 4598 pacem
3119 4541 3175 4588 et
3203 4536 3403 4593 malum
3431 4579 3445 4604 ,
3479 4540 3583 4596 hoc
3603 4554 3688 4598 est

2135 4605 2310 4662 otium
2330 4616 2386 4664 et
2412 4609 2631 4679 bellum,
2660 4627 2758 4683 per
2786 4630 2908 4686 quae
2945 4621 3216 4693 significat
3244 4627 3445 4685 iratum
3476 4646 3536 4688 se
3560 4605 3732 4690 fuisse

2015 4713 2028 4750 :
2134 4697 2332 4766 populo
2371 4714 2488 4766 suo,
2533 4703 2748 4771 quando
2791 4710 3044 4767 tenebras
3089 4717 3438 4787 captivitatis,
3472 4723 3726 4795 malaque

2131 4790 2390 4847 sustinuit
2441 4794 2740 4863 servitutis,
2763 4807 2817 4853 et
2857 4818 3069 4860 rursum
3129 4809 3416 4868 misertum
3443 4853 3460 4881 ,
3501 4790 3722 4886 quando

2128 5066 2355 5121 trarium
2385 5076 2471 5124 est
2497 5070 2716 5127 bellum.
2751 5075 2904 5132 Unde
2944 5087 3001 5134 et
3044 5081 3410 5143 confundatur
3431 5066 3674 5164 haeresis
3695 5133 3710 5160 ,

2125 5171 2246 5226 quae
2274 5158 2537 5216 malorum
2559 5163 2858 5222 arbitratur
2887 5171 3226 5231 conditorem
3252 5179 3441 5245 Deum,
3467 5196 3591 5238 cum
3607 5158 3711 5240 hic

2003 5251 2018 5306 ἰ
2121 5250 2326 5305 malum
2375 5267 2483 5308 non
2537 5259 2870 5314 contrarium
2916 5262 3078 5328 bono,
3137 5268 3232 5324 sed
3269 5283 3373 5339 pro
3413 5270 3705 5332 atllictione

2116 5353 2351 5410 ponatur
2387 5353 2443 5399 et
2483 5345 2643 5413 bello,
2683 5352 2979 5408 secundum
3009 5354 3140 5412 illud
3159 5361 3306 5429 quod
3332 5361 3385 5416 in
3411 5363 3705 5437 Evangelio

2119 5433 2380 5503 scriptum
2401 5444 2514 5492 est:
2533 5457 2553 5490 ι
2582 5437 2792 5496 Sufﬁcit
2815 5441 2922 5498 diei
2946 5445 3147 5502 malitia
3185 5465 3283 5504 sua
3316 5452 3534 5524 (Matth.
3564 5433 3696 5528 vi)»

2119 5524 2393 5601 [Hierom]
2438 5529 2576 5586 Mala
2605 5547 2725 5603 quae
2751 5534 2895 5590 nulla
2947 5552 3046 5594 sua
3094 5549 3294 5598 natura
3321 5524 3632 5603 subsistunt
3669 5565 3700 5604 a

2113 5618 2347 5677 Domino
2364 5639 2474 5679 non
2503 5636 2773 5693 creantur,
2808 5631 2903 5686 sed
2921 5642 3185 5692 creaturae
3210 5653 3322 5694 suae
3347 5641 3487 5695 mala
3507 5642 3698 5698 Domi-

2113 5725 2214 5767 nus
2265 5711 2514 5780 indicat,
2557 5732 2679 5772 cum
2732 5721 3010 5780 resbene
3055 5727 3304 5786 conditas
3351 5732 3507 5788 nobis
3553 5734 3696 5790 male

2112 5805 2396 5876 agentibus
2441 5809 2494 5863 in
2542 5809 2806 5880 ﬂagellum
2848 5813 3084 5888 format,
3126 5827 3183 5876 ut
3229 5837 3294 5880 ea
3341 5824 3456 5894 ipsa
3499 5835 3554 5882 ct
3593 5837 3694 5896 per
