  <div class='ocr_page' id='page_1' title='image "/cluster/home/n/w/nwhite01/storage/ocr_20150623/111/hvd.32044009716333/624.png"; bbox 0 0 4056 6336; ppageno 0'>
   <div class='ocr_carea' id='block_1_1' title="bbox 354 345 506 449">
    <p class='ocr_par' dir='ltr' id='par_1_1' title="bbox 354 345 506 449">
     <span class='ocr_line' id='line_1_1' title="bbox 354 345 506 449; baseline -0.007 0"><span class='ocrx_word' id='word_1_1' title='bbox 354 345 506 449; x_wconf 39' lang='grc' dir='ltr'><strong>’ωδ</strong></span> 
     </span>
    </p>
   </div>
   <div class='ocr_carea' id='block_1_2' title="bbox 1251 379 2745 441">
    <p class='ocr_par' dir='ltr' id='par_1_2' title="bbox 1251 379 2745 441">
     <span class='ocr_line' id='line_1_2' title="bbox 1251 379 2745 441; baseline 0.001 -3"><span class='ocrx_word' id='word_1_2' title='bbox 1251 379 1611 440; x_wconf 79' lang='lat' dir='ltr'><strong>EXPOSlTlO</strong></span> <span class='ocrx_word' id='word_1_3' title='bbox 1651 381 1879 440; x_wconf 76' lang='lat' dir='ltr'><strong>SUPER</strong></span> <span class='ocrx_word' id='word_1_4' title='bbox 1914 382 2284 441; x_wconf 78' lang='lat' dir='ltr'><strong>JEBEMIAM.</strong></span> <span class='ocrx_word' id='word_1_5' title='bbox 2325 414 2395 426; x_wconf 89' lang='lat'><strong>—-</strong></span> <span class='ocrx_word' id='word_1_6' title='bbox 2427 384 2558 441; x_wconf 87' lang='lat' dir='ltr'><strong>LIB.</strong></span> <span class='ocrx_word' id='word_1_7' title='bbox 2603 382 2745 440; x_wconf 80' lang='lat' dir='ltr'><strong>XIX.</strong></span> 
     </span>
    </p>
   </div>
   <div class='ocr_carea' id='block_1_3' title="bbox 3501 335 3639 431">
    <p class='ocr_par' dir='ltr' id='par_1_3' title="bbox 3501 335 3639 431">
     <span class='ocr_line' id='line_1_3' title="bbox 3501 335 3639 431; baseline 0.007 -1"><span class='ocrx_word' id='word_1_8' title='bbox 3501 335 3639 431; x_wconf 56' lang='lat'><strong>.254</strong></span> 
     </span>
    </p>
   </div>
   <div class='ocr_carea' id='block_1_4' title="bbox 363 493 3640 570">
    <p class='ocr_par' dir='ltr' id='par_1_4' title="bbox 363 493 3640 570">
     <span class='ocr_line' id='line_1_4' title="bbox 363 493 3640 570; baseline -0.002 -13"><span class='ocrx_word' id='word_1_9' title='bbox 363 500 606 559; x_wconf 81' lang='lat' dir='ltr'><strong>dolorem</strong></span> <span class='ocrx_word' id='word_1_10' title='bbox 633 514 741 570; x_wconf 86' lang='lat' dir='ltr'><strong>quo</strong></span> <span class='ocrx_word' id='word_1_11' title='bbox 777 497 995 561; x_wconf 90' lang='lat' dir='ltr'><strong>feriunt,</strong></span> <span class='ocrx_word' id='word_1_12' title='bbox 1043 495 1477 566; x_wconf 90' lang='lat' dir='ltr'><strong>delinquentibus</strong></span> <span class='ocrx_word' id='word_1_13' title='bbox 1521 495 1664 551; x_wconf 86' lang='lat' dir='ltr'><strong>mala</strong></span> <span class='ocrx_word' id='word_1_14' title='bbox 1708 495 1856 564; x_wconf 87' lang='lat' dir='ltr'><strong>sint,</strong></span> <span class='ocrx_word' id='word_1_15' title='bbox 1895 503 1953 552; x_wconf 93' lang='lat' dir='ltr'><strong>et</strong></span> <span class='ocrx_word' id='word_1_16' title='bbox 1976 498 2362 561; x_wconf 73' lang='lat' dir='ltr'><strong>Avenientem</strong></span> <span class='ocrx_word' id='word_1_17' title='bbox 2384 507 2726 570; x_wconf 73' lang='lat' dir='ltr'><strong>spernentes,</strong></span> <span class='ocrx_word' id='word_1_18' title='bbox 2776 505 2924 553; x_wconf 90' lang='lat' dir='ltr'><strong>tanta</strong></span> <span class='ocrx_word' id='word_1_19' title='bbox 2963 493 3640 564; x_wconf 79' lang='lat' dir='ltr'><strong>alfeceruntcomumelia,</strong></span> 
     </span>
    </p>
   </div>
   <div class='ocr_carea' id='block_1_5' title="bbox 363 588 1951 669">
    <p class='ocr_par' dir='ltr' id='par_1_5' title="bbox 363 588 1951 669">
     <span class='ocr_line' id='line_1_5' title="bbox 363 588 1951 669; baseline -0.004 -18"><span class='ocrx_word' id='word_1_20' title='bbox 363 609 465 669; x_wconf 87' lang='lat' dir='ltr'><strong>per</strong></span> <span class='ocrx_word' id='word_1_21' title='bbox 509 601 758 651; x_wconf 89' lang='lat' dir='ltr'><strong>naturam</strong></span> <span class='ocrx_word' id='word_1_22' title='bbox 787 605 894 662; x_wconf 91' lang='lat' dir='ltr'><strong>qua</strong></span> <span class='ocrx_word' id='word_1_23' title='bbox 923 591 1166 646; x_wconf 81' lang='lat' dir='ltr'><strong>existunt</strong></span> <span class='ocrx_word' id='word_1_24' title='bbox 1203 590 1366 655; x_wconf 89' lang='lat' dir='ltr'><strong>bona,</strong></span> <span class='ocrx_word' id='word_1_25' title='bbox 1400 603 1666 645; x_wconf 90' lang='lat' dir='ltr'><strong>venenum</strong></span> <span class='ocrx_word' id='word_1_26' title='bbox 1694 588 1901 644; x_wconf 78' lang='lat' dir='ltr'><strong>scilicet</strong></span> <span class='ocrx_word' id='word_1_27' title='bbox 1933 628 1951 656; x_wconf 92' lang='lat'><strong>,</strong></span> 
     </span>
    </p>
   </div>
   <div class='ocr_carea' id='block_1_6' title="bbox 364 681 1951 758">
    <p class='ocr_par' dir='ltr' id='par_1_6' title="bbox 364 681 1951 758">
     <span class='ocr_line' id='line_1_6' title="bbox 364 681 1951 758; baseline -0.006 -12"><span class='ocrx_word' id='word_1_28' title='bbox 364 703 516 746; x_wconf 90' lang='lat' dir='ltr'><strong>mors</strong></span> <span class='ocrx_word' id='word_1_29' title='bbox 541 685 810 758; x_wconf 84' lang='lat' dir='ltr'><strong>siquidem</strong></span> <span class='ocrx_word' id='word_1_30' title='bbox 831 693 918 742; x_wconf 89' lang='lat' dir='ltr'><strong>est</strong></span> <span class='ocrx_word' id='word_1_31' title='bbox 938 683 1144 739; x_wconf 89' lang='lat' dir='ltr'><strong>homini</strong></span> <span class='ocrx_word' id='word_1_32' title='bbox 1156 723 1184 752; x_wconf 75' lang='grc'><strong>,,</strong></span> <span class='ocrx_word' id='word_1_33' title='bbox 1211 683 1308 740; x_wconf 86' lang='lat' dir='ltr'><strong>sed</strong></span> <span class='ocrx_word' id='word_1_34' title='bbox 1335 689 1515 738; x_wconf 88' lang='lat' dir='ltr'><strong>tamen</strong></span> <span class='ocrx_word' id='word_1_35' title='bbox 1542 682 1652 737; x_wconf 87' lang='lat' dir='ltr'><strong>vita</strong></span> <span class='ocrx_word' id='word_1_36' title='bbox 1689 681 1951 752; x_wconf 75' lang='lat' dir='ltr'><strong>serpenti.</strong></span> 
     </span>
    </p>
   </div>
   <div class='ocr_carea' id='block_1_7' title="bbox 363 771 1954 848">
    <p class='ocr_par' dir='ltr' id='par_1_7' title="bbox 363 771 1954 848">
     <span class='ocr_line' id='line_1_7' title="bbox 363 771 1954 848; baseline -0.006 -10"><span class='ocrx_word' id='word_1_37' title='bbox 363 781 566 838; x_wconf 80' lang='lat' dir='ltr'><strong>Amore</strong></span> <span class='ocrx_word' id='word_1_38' title='bbox 601 778 746 836; x_wconf 89' lang='lat' dir='ltr'><strong>enim</strong></span> <span class='ocrx_word' id='word_1_39' title='bbox 796 775 1148 848; x_wconf 83' lang='lat' dir='ltr'><strong>praesentium</strong></span> <span class='ocrx_word' id='word_1_40' title='bbox 1201 775 1270 830; x_wconf 89' lang='lat' dir='ltr'><strong>ab</strong></span> <span class='ocrx_word' id='word_1_41' title='bbox 1323 772 1562 828; x_wconf 92' lang='lat' dir='ltr'><strong>auctoris</strong></span> <span class='ocrx_word' id='word_1_42' title='bbox 1605 772 1779 828; x_wconf 77' lang='lat' dir='ltr'><strong>nostri</strong></span> <span class='ocrx_word' id='word_1_43' title='bbox 1823 771 1954 828; x_wconf 91' lang='lat' dir='ltr'><strong>dile-</strong></span> 
     </span>
    </p>
   </div>
   <div class='ocr_carea' id='block_1_8' title="bbox 367 870 1958 945">
    <p class='ocr_par' dir='ltr' id='par_1_8' title="bbox 367 870 1958 945">
     <span class='ocr_line' id='line_1_8' title="bbox 367 870 1958 945; baseline -0.004 -12"><span class='ocrx_word' id='word_1_44' title='bbox 367 877 547 934; x_wconf 85' lang='lat' dir='ltr'><strong>ctione</strong></span> <span class='ocrx_word' id='word_1_45' title='bbox 599 875 925 932; x_wconf 87' lang='lat' dir='ltr'><strong>recessimus</strong></span> <span class='ocrx_word' id='word_1_46' title='bbox 949 915 966 942; x_wconf 92' lang='lat'><strong>,</strong></span> <span class='ocrx_word' id='word_1_47' title='bbox 1006 881 1062 929; x_wconf 90' lang='lat' dir='ltr'><strong>et</strong></span> <span class='ocrx_word' id='word_1_48' title='bbox 1109 886 1364 945; x_wconf 91' lang='lat' dir='ltr'><strong>perversa</strong></span> <span class='ocrx_word' id='word_1_49' title='bbox 1389 885 1544 928; x_wconf 91' lang='lat' dir='ltr'><strong>mens</strong></span> <span class='ocrx_word' id='word_1_50' title='bbox 1565 870 1694 926; x_wconf 90' lang='lat' dir='ltr'><strong>dum</strong></span> <span class='ocrx_word' id='word_1_51' title='bbox 1723 870 1958 927; x_wconf 88' lang='lat' dir='ltr'><strong>delecta-</strong></span> 
     </span>
    </p>
   </div>
   <div class='ocr_carea' id='block_1_9' title="bbox 365 967 1957 1035">
    <p class='ocr_par' dir='ltr' id='par_1_9' title="bbox 365 967 1957 1035">
     <span class='ocr_line' id='line_1_9' title="bbox 365 967 1957 1035; baseline -0.003 -7"><span class='ocrx_word' id='word_1_52' title='bbox 365 972 513 1029; x_wconf 80' lang='lat' dir='ltr'><strong>tione</strong></span> <span class='ocrx_word' id='word_1_53' title='bbox 553 979 816 1028; x_wconf 80' lang='lat' dir='ltr'><strong>creaturae</strong></span> <span class='ocrx_word' id='word_1_54' title='bbox 851 984 911 1026; x_wconf 88' lang='lat' dir='ltr'><strong>se</strong></span> <span class='ocrx_word' id='word_1_55' title='bbox 939 968 1199 1035; x_wconf 88' lang='lat' dir='ltr'><strong>subdidit,</strong></span> <span class='ocrx_word' id='word_1_56' title='bbox 1230 967 1546 1025; x_wconf 88' lang='lat' dir='ltr'><strong>acreatoris</strong></span> <span class='ocrx_word' id='word_1_57' title='bbox 1587 982 1648 1024; x_wconf 90' lang='lat' dir='ltr'><strong>se</strong></span> <span class='ocrx_word' id='word_1_58' title='bbox 1696 967 1957 1024; x_wconf 83' lang='lat' dir='ltr'><strong>societate</strong></span> 
     </span>
    </p>
   </div>
   <div class='ocr_carea' id='block_1_10' title="bbox 365 1057 1956 1133">
    <p class='ocr_par' dir='ltr' id='par_1_10' title="bbox 365 1057 1956 1133">
     <span class='ocr_line' id='line_1_10' title="bbox 365 1057 1956 1133; baseline -0.003 -14"><span class='ocrx_word' id='word_1_59' title='bbox 365 1062 645 1133; x_wconf 87' lang='lat' dir='ltr'><strong>disjunxit.</strong></span> <span class='ocrx_word' id='word_1_60' title='bbox 677 1062 759 1117; x_wconf 87' lang='lat' dir='ltr'><strong>Ex</strong></span> <span class='ocrx_word' id='word_1_61' title='bbox 791 1062 879 1118; x_wconf 90' lang='lat' dir='ltr'><strong>his</strong></span> <span class='ocrx_word' id='word_1_62' title='bbox 903 1075 1032 1133; x_wconf 84' lang='lat' dir='ltr'><strong>ergo</strong></span> <span class='ocrx_word' id='word_1_63' title='bbox 1057 1060 1124 1115; x_wconf 90' lang='lat' dir='ltr'><strong>ab</strong></span> <span class='ocrx_word' id='word_1_64' title='bbox 1149 1067 1372 1115; x_wconf 87' lang='lat' dir='ltr'><strong>auctore</strong></span> <span class='ocrx_word' id='word_1_65' title='bbox 1396 1057 1640 1115; x_wconf 83' lang='lat' dir='ltr'><strong>ferienda</strong></span> <span class='ocrx_word' id='word_1_66' title='bbox 1667 1065 1807 1125; x_wconf 90' lang='lat' dir='ltr'><strong>erat,</strong></span> <span class='ocrx_word' id='word_1_67' title='bbox 1828 1057 1956 1128; x_wconf 86' lang='lat' dir='ltr'><strong>quia</strong></span> 
     </span>
    </p>
   </div>
   <div class='ocr_carea' id='block_1_11' title="bbox 363 1146 1956 1223">
    <p class='ocr_par' dir='ltr' id='par_1_11' title="bbox 363 1146 1956 1223">
     <span class='ocr_line' id='line_1_11' title="bbox 363 1146 1956 1223; baseline -0.008 -12"><span class='ocrx_word' id='word_1_68' title='bbox 363 1167 556 1211; x_wconf 83' lang='lat' dir='ltr'><strong>errans</strong></span> <span class='ocrx_word' id='word_1_69' title='bbox 583 1161 861 1210; x_wconf 81' lang='lat' dir='ltr'><strong>auctorem</strong></span> <span class='ocrx_word' id='word_1_70' title='bbox 882 1158 1286 1223; x_wconf 86' lang='lat' dir='ltr'><strong>postposuerat,</strong></span> <span class='ocrx_word' id='word_1_71' title='bbox 1312 1157 1372 1205; x_wconf 92' lang='lat' dir='ltr'><strong>ut</strong></span> <span class='ocrx_word' id='word_1_72' title='bbox 1395 1149 1540 1205; x_wconf 90' lang='lat' dir='ltr'><strong>unde</strong></span> <span class='ocrx_word' id='word_1_73' title='bbox 1566 1149 1732 1205; x_wconf 86' lang='lat' dir='ltr'><strong>homo</strong></span> <span class='ocrx_word' id='word_1_74' title='bbox 1743 1146 1956 1217; x_wconf 90' lang='lat' dir='ltr'><strong>culpam</strong></span> 
     </span>
    </p>
   </div>
   <div class='ocr_carea' id='block_1_12' title="bbox 364 1238 1958 1317">
    <p class='ocr_par' dir='ltr' id='par_1_12' title="bbox 364 1238 1958 1317">
     <span class='ocr_line' id='line_1_12' title="bbox 364 1238 1958 1317; baseline -0.006 -14"><span class='ocrx_word' id='word_1_75' title='bbox 364 1263 472 1303; x_wconf 90' lang='lat' dir='ltr'><strong>non</strong></span> <span class='ocrx_word' id='word_1_76' title='bbox 502 1247 683 1302; x_wconf 90' lang='lat' dir='ltr'><strong>timuit</strong></span> <span class='ocrx_word' id='word_1_77' title='bbox 719 1246 984 1317; x_wconf 90' lang='lat' dir='ltr'><strong>superbus</strong></span> <span class='ocrx_word' id='word_1_78' title='bbox 1021 1243 1337 1309; x_wconf 84' lang='lat' dir='ltr'><strong>admittere,</strong></span> <span class='ocrx_word' id='word_1_79' title='bbox 1373 1242 1499 1298; x_wconf 91' lang='lat' dir='ltr'><strong>inde</strong></span> <span class='ocrx_word' id='word_1_80' title='bbox 1527 1255 1748 1313; x_wconf 61' lang='lat' dir='ltr'><strong>penam</strong></span> <span class='ocrx_word' id='word_1_81' title='bbox 1784 1238 1958 1296; x_wconf 90' lang='lat' dir='ltr'><strong>corri-</strong></span> 
     </span>
    </p>
   </div>
   <div class='ocr_carea' id='block_1_13' title="bbox 364 1329 1958 1410">
    <p class='ocr_par' dir='ltr' id='par_1_13' title="bbox 364 1329 1958 1410">
     <span class='ocr_line' id='line_1_13' title="bbox 364 1329 1958 1410; baseline -0.006 -16"><span class='ocrx_word' id='word_1_82' title='bbox 364 1338 568 1410; x_wconf 89' lang='lat' dir='ltr'><strong>gendus</strong></span> <span class='ocrx_word' id='word_1_83' title='bbox 612 1337 912 1402; x_wconf 84' lang='lat' dir='ltr'><strong>inveniret,</strong></span> <span class='ocrx_word' id='word_1_84' title='bbox 955 1343 1018 1391; x_wconf 93' lang='lat' dir='ltr'><strong>ut</strong></span> <span class='ocrx_word' id='word_1_85' title='bbox 1055 1343 1207 1391; x_wconf 87' lang='lat' dir='ltr'><strong>tanto</strong></span> <span class='ocrx_word' id='word_1_86' title='bbox 1247 1334 1400 1391; x_wconf 90' lang='lat' dir='ltr'><strong>ocius</strong></span> <span class='ocrx_word' id='word_1_87' title='bbox 1436 1333 1737 1404; x_wconf 86' lang='lat' dir='ltr'><strong>respiceret</strong></span> <span class='ocrx_word' id='word_1_88' title='bbox 1761 1331 1831 1386; x_wconf 90' lang='lat' dir='ltr'><strong>ad</strong></span> <span class='ocrx_word' id='word_1_89' title='bbox 1866 1329 1958 1385; x_wconf 90' lang='lat' dir='ltr'><strong>illa</strong></span> 
     </span>
    </p>
   </div>
   <div class='ocr_carea' id='block_1_14' title="bbox 365 1419 1959 1499">
    <p class='ocr_par' dir='ltr' id='par_1_14' title="bbox 365 1419 1959 1499">
     <span class='ocr_line' id='line_1_14' title="bbox 365 1419 1959 1499; baseline -0.004 -17"><span class='ocrx_word' id='word_1_90' title='bbox 365 1444 485 1498; x_wconf 69' lang='lat' dir='ltr'><strong>qua:</strong></span> <span class='ocrx_word' id='word_1_91' title='bbox 513 1427 769 1499; x_wconf 87' lang='lat' dir='ltr'><strong>perdidit,</strong></span> <span class='ocrx_word' id='word_1_92' title='bbox 801 1434 1008 1497; x_wconf 88' lang='lat' dir='ltr'><strong>quanto</strong></span> <span class='ocrx_word' id='word_1_93' title='bbox 1046 1424 1250 1481; x_wconf 88' lang='lat' dir='ltr'><strong>doloris</strong></span> <span class='ocrx_word' id='word_1_94' title='bbox 1296 1438 1514 1495; x_wconf 87' lang='lat' dir='ltr'><strong>poenam</strong></span> <span class='ocrx_word' id='word_1_95' title='bbox 1566 1437 1688 1479; x_wconf 90' lang='lat' dir='ltr'><strong>esse</strong></span> <span class='ocrx_word' id='word_1_96' title='bbox 1739 1419 1959 1491; x_wconf 87' lang='lat' dir='ltr'><strong>conspi-</strong></span> 
     </span>
    </p>
   </div>
   <div class='ocr_carea' id='block_1_15' title="bbox 363 1505 1956 1588">
    <p class='ocr_par' dir='ltr' id='par_1_15' title="bbox 363 1505 1956 1588">
     <span class='ocr_line' id='line_1_15' title="bbox 363 1505 1956 1588; baseline -0.006 -14"><span class='ocrx_word' id='word_1_97' title='bbox 363 1526 512 1574; x_wconf 88' lang='lat' dir='ltr'><strong>ceret</strong></span> <span class='ocrx_word' id='word_1_98' title='bbox 532 1533 654 1588; x_wconf 69' lang='lat' dir='ltr'><strong>quae</strong></span> <span class='ocrx_word' id='word_1_99' title='bbox 680 1505 946 1587; x_wconf 73' lang='lat' dir='ltr'><strong>quaesivit.</strong></span> <span class='ocrx_word' id='word_1_100' title='bbox 975 1512 1268 1588; x_wconf 69' lang='lat' dir='ltr'><strong>(MAURUS.)</strong></span> <span class='ocrx_word' id='word_1_101' title='bbox 1299 1514 1432 1582; x_wconf 84' lang='lat' dir='ltr'><strong>Quis</strong></span> <span class='ocrx_word' id='word_1_102' title='bbox 1477 1522 1563 1570; x_wconf 87' lang='lat' dir='ltr'><strong>est</strong></span> <span class='ocrx_word' id='word_1_103' title='bbox 1606 1512 1732 1579; x_wconf 91' lang='lat' dir='ltr'><strong>iste,</strong></span> <span class='ocrx_word' id='word_1_104' title='bbox 1760 1510 1956 1581; x_wconf 86' lang='lat' dir='ltr'><strong>inquit,</strong></span> 
     </span>
    </p>
   </div>
   <div class='ocr_carea' id='block_1_16' title="bbox 364 1603 1958 1680">
    <p class='ocr_par' dir='ltr' id='par_1_16' title="bbox 364 1603 1958 1680">
     <span class='ocr_line' id='line_1_16' title="bbox 364 1603 1958 1680; baseline -0.003 -16"><span class='ocrx_word' id='word_1_105' title='bbox 364 1610 457 1680; x_wconf 89' lang='lat' dir='ltr'><strong>qui</strong></span> <span class='ocrx_word' id='word_1_106' title='bbox 484 1609 640 1675; x_wconf 82' lang='lat' dir='ltr'><strong>dixit,</strong></span> <span class='ocrx_word' id='word_1_107' title='bbox 665 1616 728 1663; x_wconf 91' lang='lat' dir='ltr'><strong>ut</strong></span> <span class='ocrx_word' id='word_1_108' title='bbox 758 1608 916 1664; x_wconf 82' lang='lat' dir='ltr'><strong>fieret</strong></span> <span class='ocrx_word' id='word_1_109' title='bbox 939 1607 1169 1664; x_wconf 90' lang='lat' dir='ltr'><strong>Domino</strong></span> <span class='ocrx_word' id='word_1_110' title='bbox 1200 1622 1308 1664; x_wconf 91' lang='lat' dir='ltr'><strong>non</strong></span> <span class='ocrx_word' id='word_1_111' title='bbox 1342 1603 1589 1674; x_wconf 76' lang='lat' dir='ltr'><strong>iubente,</strong></span> <span class='ocrx_word' id='word_1_112' title='bbox 1617 1605 1708 1675; x_wconf 90' lang='lat' dir='ltr'><strong>qui</strong></span> <span class='ocrx_word' id='word_1_113' title='bbox 1739 1603 1874 1660; x_wconf 88' lang='lat' dir='ltr'><strong>nihil</strong></span> <span class='ocrx_word' id='word_1_114' title='bbox 1901 1604 1958 1660; x_wconf 89' lang='lat' dir='ltr'><strong>in</strong></span> 
     </span>
    </p>
   </div>
   <div class='ocr_carea' id='block_1_17' title="bbox 365 1696 1960 1771">
    <p class='ocr_par' dir='ltr' id='par_1_17' title="bbox 365 1696 1960 1771">
     <span class='ocr_line' id='line_1_17' title="bbox 365 1696 1960 1771; baseline -0.003 -16"><span class='ocrx_word' id='word_1_115' title='bbox 365 1702 529 1756; x_wconf 86' lang='lat' dir='ltr'><strong>rebus</strong></span> <span class='ocrx_word' id='word_1_116' title='bbox 554 1700 615 1756; x_wconf 86' lang='lat' dir='ltr'><strong>ﬁt</strong></span> <span class='ocrx_word' id='word_1_117' title='bbox 639 1701 743 1756; x_wconf 89' lang='lat' dir='ltr'><strong>nisi</strong></span> <span class='ocrx_word' id='word_1_118' title='bbox 768 1700 1018 1771; x_wconf 81' lang='lat' dir='ltr'><strong>iubente,</strong></span> <span class='ocrx_word' id='word_1_119' title='bbox 1045 1707 1140 1755; x_wconf 92' lang='lat' dir='ltr'><strong>aut</strong></span> <span class='ocrx_word' id='word_1_120' title='bbox 1190 1698 1540 1769; x_wconf 88' lang='lat' dir='ltr'><strong>permittente</strong></span> <span class='ocrx_word' id='word_1_121' title='bbox 1579 1697 1710 1763; x_wconf 93' lang='lat' dir='ltr'><strong>Deo,</strong></span> <span class='ocrx_word' id='word_1_122' title='bbox 1740 1696 1831 1766; x_wconf 91' lang='lat' dir='ltr'><strong>qui</strong></span> <span class='ocrx_word' id='word_1_123' title='bbox 1861 1709 1960 1766; x_wconf 90' lang='lat' dir='ltr'><strong>per</strong></span> 
     </span>
    </p>
   </div>
   <div class='ocr_carea' id='block_1_18' title="bbox 363 1793 1960 1865">
    <p class='ocr_par' dir='ltr' id='par_1_18' title="bbox 363 1793 1960 1865">
     <span class='ocr_line' id='line_1_18' title="bbox 363 1793 1960 1865; baseline -0.003 -15"><span class='ocrx_word' id='word_1_124' title='bbox 363 1794 820 1861; x_wconf 89' lang='lat' dir='ltr'><strong>misericordiam,</strong></span> <span class='ocrx_word' id='word_1_125' title='bbox 847 1810 983 1865; x_wconf 89' lang='lat' dir='ltr'><strong>quos</strong></span> <span class='ocrx_word' id='word_1_126' title='bbox 1021 1793 1138 1848; x_wconf 85' lang='lat' dir='ltr'><strong>vult</strong></span> <span class='ocrx_word' id='word_1_127' title='bbox 1175 1801 1376 1855; x_wconf 89' lang='lat' dir='ltr'><strong>sanat,</strong></span> <span class='ocrx_word' id='word_1_128' title='bbox 1406 1800 1460 1847; x_wconf 89' lang='lat' dir='ltr'><strong>et</strong></span> <span class='ocrx_word' id='word_1_129' title='bbox 1506 1805 1611 1846; x_wconf 88' lang='lat' dir='ltr'><strong>non</strong></span> <span class='ocrx_word' id='word_1_130' title='bbox 1658 1805 1794 1860; x_wconf 88' lang='lat' dir='ltr'><strong>quos</strong></span> <span class='ocrx_word' id='word_1_131' title='bbox 1835 1805 1960 1860; x_wconf 90' lang='lat' dir='ltr'><strong>pro-</strong></span> 
     </span>
    </p>
   </div>
   <div class='ocr_carea' id='block_1_19' title="bbox 364 1881 1957 1958">
    <p class='ocr_par' dir='ltr' id='par_1_19' title="bbox 364 1881 1957 1958">
     <span class='ocr_line' id='line_1_19' title="bbox 364 1881 1957 1958; baseline -0.003 -16"><span class='ocrx_word' id='word_1_132' title='bbox 364 1887 459 1942; x_wconf 89' lang='lat' dir='ltr'><strong>bat</strong></span> <span class='ocrx_word' id='word_1_133' title='bbox 507 1901 700 1943; x_wconf 88' lang='lat' dir='ltr'><strong>sanare</strong></span> <span class='ocrx_word' id='word_1_134' title='bbox 738 1885 888 1956; x_wconf 87' lang='lat' dir='ltr'><strong>justo</strong></span> <span class='ocrx_word' id='word_1_135' title='bbox 929 1885 1134 1958; x_wconf 87' lang='lat' dir='ltr'><strong>judicio</strong></span> <span class='ocrx_word' id='word_1_136' title='bbox 1181 1884 1450 1956; x_wconf 89' lang='lat' dir='ltr'><strong>permittit</strong></span> <span class='ocrx_word' id='word_1_137' title='bbox 1501 1883 1761 1938; x_wconf 88' lang='lat' dir='ltr'><strong>interire?</strong></span> <span class='ocrx_word' id='word_1_138' title='bbox 1808 1881 1957 1950; x_wconf 92' lang='lat' dir='ltr'><strong>Qua-</strong></span> 
     </span>
    </p>
   </div>
   <div class='ocr_carea' id='block_1_20' title="bbox 365 1977 1960 2056">
    <p class='ocr_par' dir='ltr' id='par_1_20' title="bbox 365 1977 1960 2056">
     <span class='ocr_line' id='line_1_20' title="bbox 365 1977 1960 2056; baseline -0.004 -16"><span class='ocrx_word' id='word_1_139' title='bbox 365 1993 590 2056; x_wconf 89' lang='lat' dir='ltr'><strong>propter</strong></span> <span class='ocrx_word' id='word_1_140' title='bbox 627 1983 830 2040; x_wconf 78' lang='lat' dir='ltr'><strong>frustra</strong></span> <span class='ocrx_word' id='word_1_141' title='bbox 882 1989 1188 2039; x_wconf 87' lang='lat' dir='ltr'><strong>murmurat</strong></span> <span class='ocrx_word' id='word_1_142' title='bbox 1255 1981 1418 2036; x_wconf 90' lang='lat' dir='ltr'><strong>homo</strong></span> <span class='ocrx_word' id='word_1_143' title='bbox 1463 1987 1653 2035; x_wconf 89' lang='lat' dir='ltr'><strong>contra</strong></span> <span class='ocrx_word' id='word_1_144' title='bbox 1695 1977 1960 2034; x_wconf 87' lang='lat' dir='ltr'><strong>factorem</strong></span> 
     </span>
    </p>
   </div>
   <div class='ocr_carea' id='block_1_21' title="bbox 366 2071 1961 2146">
    <p class='ocr_par' dir='ltr' id='par_1_21' title="bbox 366 2071 1961 2146">
     <span class='ocr_line' id='line_1_21' title="bbox 366 2071 1961 2146; baseline -0.003 -16"><span class='ocrx_word' id='word_1_145' title='bbox 366 2090 545 2142; x_wconf 89' lang='lat' dir='ltr'><strong>suum,</strong></span> <span class='ocrx_word' id='word_1_146' title='bbox 574 2075 667 2146; x_wconf 89' lang='lat' dir='ltr'><strong>qui</strong></span> <span class='ocrx_word' id='word_1_147' title='bbox 690 2073 870 2144; x_wconf 91' lang='lat' dir='ltr'><strong>justus</strong></span> <span class='ocrx_word' id='word_1_148' title='bbox 898 2083 983 2130; x_wconf 89' lang='lat' dir='ltr'><strong>est</strong></span> <span class='ocrx_word' id='word_1_149' title='bbox 1007 2074 1064 2128; x_wconf 92' lang='lat' dir='ltr'><strong>in</strong></span> <span class='ocrx_word' id='word_1_150' title='bbox 1087 2072 1342 2129; x_wconf 91' lang='lat' dir='ltr'><strong>omnibus</strong></span> <span class='ocrx_word' id='word_1_151' title='bbox 1364 2071 1470 2128; x_wconf 91' lang='lat' dir='ltr'><strong>viis</strong></span> <span class='ocrx_word' id='word_1_152' title='bbox 1491 2071 1624 2138; x_wconf 90' lang='lat' dir='ltr'><strong>suis,</strong></span> <span class='ocrx_word' id='word_1_153' title='bbox 1652 2079 1709 2126; x_wconf 91' lang='lat' dir='ltr'><strong>et</strong></span> <span class='ocrx_word' id='word_1_154' title='bbox 1741 2079 1961 2127; x_wconf 87' lang='lat' dir='ltr'><strong>sanctus</strong></span> 
     </span>
    </p>
   </div>
   <div class='ocr_carea' id='block_1_22' title="bbox 366 2161 1962 2236">
    <p class='ocr_par' dir='ltr' id='par_1_22' title="bbox 366 2161 1962 2236">
     <span class='ocr_line' id='line_1_22' title="bbox 366 2161 1962 2236; baseline -0.003 -13"><span class='ocrx_word' id='word_1_155' title='bbox 366 2166 426 2223; x_wconf 89' lang='lat' dir='ltr'><strong>in</strong></span> <span class='ocrx_word' id='word_1_156' title='bbox 476 2165 731 2222; x_wconf 90' lang='lat' dir='ltr'><strong>omnibus</strong></span> <span class='ocrx_word' id='word_1_157' title='bbox 775 2165 1034 2236; x_wconf 89' lang='lat' dir='ltr'><strong>operibus</strong></span> <span class='ocrx_word' id='word_1_158' title='bbox 1085 2164 1220 2220; x_wconf 88' lang='lat' dir='ltr'><strong>suis.</strong></span> <span class='ocrx_word' id='word_1_159' title='bbox 1275 2161 1430 2218; x_wconf 89' lang='lat' dir='ltr'><strong>Unde</strong></span> <span class='ocrx_word' id='word_1_160' title='bbox 1481 2161 1654 2218; x_wconf 89' lang='lat' dir='ltr'><strong>satius</strong></span> <span class='ocrx_word' id='word_1_161' title='bbox 1693 2171 1776 2218; x_wconf 86' lang='lat' dir='ltr'><strong>est</strong></span> <span class='ocrx_word' id='word_1_162' title='bbox 1817 2163 1962 2233; x_wconf 89' lang='lat' dir='ltr'><strong>quod</strong></span> 
     </span>
    </p>
   </div>
   <div class='ocr_carea' id='block_1_23' title="bbox 367 2256 1966 2333">
    <p class='ocr_par' dir='ltr' id='par_1_23' title="bbox 367 2256 1966 2333">
     <span class='ocr_line' id='line_1_23' title="bbox 367 2256 1966 2333; baseline -0.004 -16"><span class='ocrx_word' id='word_1_163' title='bbox 367 2275 663 2333; x_wconf 86' lang='lat' dir='ltr'><strong>sequamur</strong></span> <span class='ocrx_word' id='word_1_164' title='bbox 707 2260 1084 2332; x_wconf 88' lang='lat' dir='ltr'><strong>propheticam</strong></span> <span class='ocrx_word' id='word_1_165' title='bbox 1114 2256 1540 2314; x_wconf 90' lang='lat' dir='ltr'><strong>admonitionem</strong></span> <span class='ocrx_word' id='word_1_166' title='bbox 1564 2295 1582 2325; x_wconf 93' lang='lat'><strong>,</strong></span> <span class='ocrx_word' id='word_1_167' title='bbox 1614 2271 1720 2327; x_wconf 84' lang='lat' dir='ltr'><strong>qua</strong></span> <span class='ocrx_word' id='word_1_168' title='bbox 1765 2257 1966 2312; x_wconf 87' lang='lat' dir='ltr'><strong>exhor-</strong></span> 
     </span>
    </p>
   </div>
   <div class='ocr_carea' id='block_1_24' title="bbox 370 2350 893 2408">
    <p class='ocr_par' dir='ltr' id='par_1_24' title="bbox 370 2350 893 2408">
     <span class='ocr_line' id='line_1_24' title="bbox 370 2350 893 2408; baseline -0.004 -2"><span class='ocrx_word' id='word_1_169' title='bbox 370 2356 518 2407; x_wconf 87' lang='lat' dir='ltr'><strong>tatur</strong></span> <span class='ocrx_word' id='word_1_170' title='bbox 544 2365 646 2407; x_wconf 86' lang='lat' dir='ltr'><strong>nos</strong></span> <span class='ocrx_word' id='word_1_171' title='bbox 667 2350 853 2408; x_wconf 87' lang='lat' dir='ltr'><strong>dicens</strong></span> <span class='ocrx_word' id='word_1_172' title='bbox 880 2368 893 2404; x_wconf 90' lang='lat'><strong>:</strong></span> 
     </span>
    </p>
   </div>
   <div class='ocr_carea' id='block_1_25' title="bbox 439 2439 1967 2511">
    <p class='ocr_par' dir='ltr' id='par_1_25' title="bbox 439 2439 1967 2511">
     <span class='ocr_line' id='line_1_25' title="bbox 439 2439 1967 2511; baseline -0.001 -15"><span class='ocrx_word' id='word_1_173' title='bbox 439 2439 591 2497; x_wconf 84' lang='lat' dir='ltr'><strong>Nun.</strong></span> <span class='ocrx_word' id='word_1_174' title='bbox 625 2459 644 2494; x_wconf 73' lang='grc' dir='ltr'><strong><em>ι</em></strong></span> <span class='ocrx_word' id='word_1_175' title='bbox 676 2439 1000 2498; x_wconf 89' lang='lat' dir='ltr'><strong>Scrutemur</strong></span> <span class='ocrx_word' id='word_1_176' title='bbox 1024 2440 1145 2498; x_wconf 84' lang='lat' dir='ltr'><strong>vias</strong></span> <span class='ocrx_word' id='word_1_177' title='bbox 1171 2449 1422 2508; x_wconf 88' lang='lat' dir='ltr'><strong>nostras,</strong></span> <span class='ocrx_word' id='word_1_178' title='bbox 1470 2448 1529 2496; x_wconf 92' lang='lat' dir='ltr'><strong>et</strong></span> <span class='ocrx_word' id='word_1_179' title='bbox 1553 2453 1882 2511; x_wconf 78' lang='lat' dir='ltr'><strong>quaeramus,</strong></span> <span class='ocrx_word' id='word_1_180' title='bbox 1909 2445 1967 2494; x_wconf 91' lang='lat' dir='ltr'><strong>et</strong></span> 
     </span>
    </p>
   </div>
   <div class='ocr_carea' id='block_1_26' title="bbox 376 2534 1258 2591">
    <p class='ocr_par' dir='ltr' id='par_1_26' title="bbox 376 2534 1258 2591">
     <span class='ocr_line' id='line_1_26' title="bbox 376 2534 1258 2591; baseline 0.005 -6"><span class='ocrx_word' id='word_1_181' title='bbox 376 2550 396 2585; x_wconf 70' lang='grc' dir='ltr'>ι</span> <span class='ocrx_word' id='word_1_182' title='bbox 432 2541 774 2590; x_wconf 87' lang='lat' dir='ltr'><strong>revertamur</strong></span> <span class='ocrx_word' id='word_1_183' title='bbox 800 2535 869 2590; x_wconf 91' lang='lat' dir='ltr'><strong>ad</strong></span> <span class='ocrx_word' id='word_1_184' title='bbox 897 2534 1206 2591; x_wconf 88' lang='lat' dir='ltr'><strong>Dominum.</strong></span> <span class='ocrx_word' id='word_1_185' title='bbox 1237 2554 1258 2588; x_wconf 74' lang='grc' dir='ltr'><strong><em>ι</em></strong></span> 
     </span>
    </p>
   </div>
   <div class='ocr_carea' id='block_1_27' title="bbox 444 2622 2008 2688">
    <p class='ocr_par' dir='ltr' id='par_1_27' title="bbox 444 2622 2008 2688">
     <span class='ocr_line' id='line_1_27' title="bbox 444 2622 2008 2688; baseline 0.003 -11"><span class='ocrx_word' id='word_1_186' title='bbox 444 2622 594 2678; x_wconf 88' lang='lat' dir='ltr'><strong>Nun.</strong></span> <span class='ocrx_word' id='word_1_187' title='bbox 627 2643 647 2675; x_wconf 84' lang='grc'>‹</span> <span class='ocrx_word' id='word_1_188' title='bbox 680 2624 949 2682; x_wconf 91' lang='lat' dir='ltr'><strong>Levamus</strong></span> <span class='ocrx_word' id='word_1_189' title='bbox 988 2627 1154 2682; x_wconf 91' lang='lat' dir='ltr'><strong>corda</strong></span> <span class='ocrx_word' id='word_1_190' title='bbox 1203 2633 1390 2683; x_wconf 89' lang='lat' dir='ltr'><strong>nostra</strong></span> <span class='ocrx_word' id='word_1_191' title='bbox 1425 2639 1550 2682; x_wconf 92' lang='lat' dir='ltr'><strong>cum</strong></span> <span class='ocrx_word' id='word_1_192' title='bbox 1593 2625 1846 2682; x_wconf 89' lang='lat' dir='ltr'><strong>manibus</strong></span> <span class='ocrx_word' id='word_1_193' title='bbox 1896 2625 1968 2682; x_wconf 90' lang='lat' dir='ltr'><strong>ad</strong></span> <span class='ocrx_word' id='word_1_194' title='bbox 2001 2680 2008 2688; x_wconf 87' lang='grc'><em>,</em></span> 
     </span>
    </p>
   </div>
   <div class='ocr_carea' id='block_1_28' title="bbox 379 2712 1969 2789">
    <p class='ocr_par' dir='ltr' id='par_1_28' title="bbox 379 2712 1969 2789">
     <span class='ocr_line' id='line_1_28' title="bbox 379 2712 1969 2789; baseline 0.006 -24"><span class='ocrx_word' id='word_1_195' title='bbox 379 2731 398 2764; x_wconf 69' lang='grc' dir='ltr'><strong><em>ι</em></strong></span> <span class='ocrx_word' id='word_1_196' title='bbox 431 2712 602 2768; x_wconf 90' lang='lat' dir='ltr'><strong>Deum</strong></span> <span class='ocrx_word' id='word_1_197' title='bbox 629 2715 684 2770; x_wconf 92' lang='lat' dir='ltr'><strong>in</strong></span> <span class='ocrx_word' id='word_1_198' title='bbox 710 2716 934 2772; x_wconf 66' lang='lat' dir='ltr'><strong>caelum.</strong></span> <span class='ocrx_word' id='word_1_199' title='bbox 969 2736 989 2769; x_wconf 69' lang='grc' dir='ltr'><strong><em>ι</em></strong></span> <span class='ocrx_word' id='word_1_200' title='bbox 1026 2716 1321 2773; x_wconf 90' lang='lat' dir='ltr'><strong>Sciendum</strong></span> <span class='ocrx_word' id='word_1_201' title='bbox 1345 2732 1477 2775; x_wconf 90' lang='lat' dir='ltr'><strong>vero</strong></span> <span class='ocrx_word' id='word_1_202' title='bbox 1527 2725 1611 2774; x_wconf 90' lang='lat' dir='ltr'><strong>est</strong></span> <span class='ocrx_word' id='word_1_203' title='bbox 1652 2718 1798 2789; x_wconf 91' lang='lat' dir='ltr'><strong>quod</strong></span> <span class='ocrx_word' id='word_1_204' title='bbox 1817 2717 1969 2789; x_wconf 90' lang='lat' dir='ltr'><strong>quis-</strong></span> 
     </span>
    </p>
   </div>
   <div class='ocr_carea' id='block_1_29' title="bbox 375 2804 1968 2881">
    <p class='ocr_par' dir='ltr' id='par_1_29' title="bbox 375 2804 1968 2881">
     <span class='ocr_line' id='line_1_29' title="bbox 375 2804 1968 2881; baseline 0.005 -23"><span class='ocrx_word' id='word_1_205' title='bbox 375 2804 496 2873; x_wconf 88' lang='lat' dir='ltr'><strong>quis</strong></span> <span class='ocrx_word' id='word_1_206' title='bbox 517 2821 548 2860; x_wconf 90' lang='lat' dir='ltr'><strong>a</strong></span> <span class='ocrx_word' id='word_1_207' title='bbox 578 2807 866 2878; x_wconf 61' lang='lat' dir='ltr'><strong>praeceptis</strong></span> <span class='ocrx_word' id='word_1_208' title='bbox 901 2808 1198 2865; x_wconf 90' lang='lat' dir='ltr'><strong>Dominicis</strong></span> <span class='ocrx_word' id='word_1_209' title='bbox 1231 2809 1507 2866; x_wconf 89' lang='lat' dir='ltr'><strong>discordat</strong></span> <span class='ocrx_word' id='word_1_210' title='bbox 1545 2825 1732 2881; x_wconf 88' lang='lat' dir='ltr'><strong>opere,</strong></span> <span class='ocrx_word' id='word_1_211' title='bbox 1757 2809 1968 2879; x_wconf 90' lang='lat' dir='ltr'><strong>quoties</strong></span> 
     </span>
    </p>
   </div>
   <div class='ocr_carea' id='block_1_30' title="bbox 373 2897 1965 2972">
    <p class='ocr_par' dir='ltr' id='par_1_30' title="bbox 373 2897 1965 2972">
     <span class='ocr_line' id='line_1_30' title="bbox 373 2897 1965 2972; baseline 0.004 -22"><span class='ocrx_word' id='word_1_212' title='bbox 373 2905 438 2950; x_wconf 83' lang='lat' dir='ltr'><strong>ea</strong></span> <span class='ocrx_word' id='word_1_213' title='bbox 473 2897 623 2952; x_wconf 89' lang='lat' dir='ltr'><strong>audit</strong></span> <span class='ocrx_word' id='word_1_214' title='bbox 648 2899 813 2953; x_wconf 90' lang='lat' dir='ltr'><strong>corde</strong></span> <span class='ocrx_word' id='word_1_215' title='bbox 839 2914 939 2956; x_wconf 89' lang='lat' dir='ltr'><strong>suo</strong></span> <span class='ocrx_word' id='word_1_216' title='bbox 960 2900 1376 2970; x_wconf 88' lang='lat' dir='ltr'><strong>reprehenditur</strong></span> <span class='ocrx_word' id='word_1_217' title='bbox 1403 2909 1568 2972; x_wconf 86' lang='lat' dir='ltr'><strong>atque</strong></span> <span class='ocrx_word' id='word_1_218' title='bbox 1597 2899 1965 2968; x_wconf 85' lang='lat' dir='ltr'><strong>confunditur,</strong></span> 
     </span>
    </p>
   </div>
   <div class='ocr_carea' id='block_1_31' title="bbox 375 2988 1970 3065">
    <p class='ocr_par' dir='ltr' id='par_1_31' title="bbox 375 2988 1970 3065">
     <span class='ocr_line' id='line_1_31' title="bbox 375 2988 1970 3065; baseline 0.005 -23"><span class='ocrx_word' id='word_1_219' title='bbox 375 2988 508 3059; x_wconf 81' lang='lat' dir='ltr'><strong>quia</strong></span> <span class='ocrx_word' id='word_1_220' title='bbox 543 2989 598 3044; x_wconf 89' lang='lat' dir='ltr'><strong>id</strong></span> <span class='ocrx_word' id='word_1_221' title='bbox 635 2990 780 3059; x_wconf 92' lang='lat' dir='ltr'><strong>quod</strong></span> <span class='ocrx_word' id='word_1_222' title='bbox 820 2989 1011 3048; x_wconf 83' lang='lat' dir='ltr'><strong>fecerit</strong></span> <span class='ocrx_word' id='word_1_223' title='bbox 1051 3001 1386 3048; x_wconf 82' lang='lat' dir='ltr'><strong>memoratur</strong></span> <span class='ocrx_word' id='word_1_224' title='bbox 1425 3011 1439 3048; x_wconf 91' lang='lat'><strong>:</strong></span> <span class='ocrx_word' id='word_1_225' title='bbox 1489 3008 1618 3049; x_wconf 89' lang='lat' dir='ltr'><strong>nam</strong></span> <span class='ocrx_word' id='word_1_226' title='bbox 1664 2993 1720 3049; x_wconf 95' lang='lat' dir='ltr'><strong>in</strong></span> <span class='ocrx_word' id='word_1_227' title='bbox 1759 3009 1869 3065; x_wconf 89' lang='lat' dir='ltr'><strong>quo</strong></span> <span class='ocrx_word' id='word_1_228' title='bbox 1909 3009 1970 3050; x_wconf 89' lang='lat' dir='ltr'><strong>se</strong></span> 
     </span>
    </p>
   </div>
   <div class='ocr_carea' id='block_1_32' title="bbox 374 3079 1969 3152">
    <p class='ocr_par' dir='ltr' id='par_1_32' title="bbox 374 3079 1969 3152">
     <span class='ocr_line' id='line_1_32' title="bbox 374 3079 1969 3152; baseline 0.006 -22"><span class='ocrx_word' id='word_1_229' title='bbox 374 3090 588 3133; x_wconf 88' lang='lat' dir='ltr'><strong>errasse</strong></span> <span class='ocrx_word' id='word_1_230' title='bbox 631 3079 976 3148; x_wconf 88' lang='lat' dir='ltr'><strong>considerat,</strong></span> <span class='ocrx_word' id='word_1_231' title='bbox 1045 3082 1161 3152; x_wconf 92' lang='lat' dir='ltr'><strong>ipsa</strong></span> <span class='ocrx_word' id='word_1_232' title='bbox 1220 3097 1280 3138; x_wconf 92' lang='lat' dir='ltr'><strong>se</strong></span> <span class='ocrx_word' id='word_1_233' title='bbox 1333 3083 1570 3139; x_wconf 89' lang='lat' dir='ltr'><strong>latenter</strong></span> <span class='ocrx_word' id='word_1_234' title='bbox 1629 3084 1969 3142; x_wconf 86' lang='lat' dir='ltr'><strong>conscientia</strong></span> 
     </span>
    </p>
   </div>
   <div class='ocr_carea' id='block_1_33' title="bbox 375 3171 1964 3249">
    <p class='ocr_par' dir='ltr' id='par_1_33' title="bbox 375 3171 1964 3249">
     <span class='ocr_line' id='line_1_33' title="bbox 375 3171 1964 3249; baseline 0.007 -24"><span class='ocrx_word' id='word_1_235' title='bbox 375 3179 618 3226; x_wconf 87' lang='lat' dir='ltr'><strong>accusat.</strong></span> <span class='ocrx_word' id='word_1_236' title='bbox 649 3171 803 3229; x_wconf 90' lang='lat' dir='ltr'><strong>Unde</strong></span> <span class='ocrx_word' id='word_1_237' title='bbox 840 3173 1012 3230; x_wconf 87' lang='lat' dir='ltr'><strong>David</strong></span> <span class='ocrx_word' id='word_1_238' title='bbox 1056 3176 1324 3246; x_wconf 83' lang='lat' dir='ltr'><strong>propheta</strong></span> <span class='ocrx_word' id='word_1_239' title='bbox 1373 3179 1696 3249; x_wconf 88' lang='lat' dir='ltr'><strong>deprecatur</strong></span> <span class='ocrx_word' id='word_1_240' title='bbox 1737 3178 1964 3236; x_wconf 89' lang='lat' dir='ltr'><strong>dicens:</strong></span> 
     </span>
    </p>
   </div>
   <div class='ocr_carea' id='block_1_34' title="bbox 2056 583 3640 659">
    <p class='ocr_par' dir='ltr' id='par_1_34' title="bbox 2056 583 3640 659">
     <span class='ocr_line' id='line_1_34' title="bbox 2056 583 3640 659; baseline -0.001 -17"><span class='ocrx_word' id='word_1_241' title='bbox 2056 587 2197 644; x_wconf 90' lang='lat' dir='ltr'><strong>sicut</strong></span> <span class='ocrx_word' id='word_1_242' title='bbox 2221 587 2359 644; x_wconf 88' lang='lat' dir='ltr'><strong>alius</strong></span> <span class='ocrx_word' id='word_1_243' title='bbox 2383 587 2648 659; x_wconf 87' lang='lat' dir='ltr'><strong>propheta</strong></span> <span class='ocrx_word' id='word_1_244' title='bbox 2675 586 2916 644; x_wconf 89' lang='lat' dir='ltr'><strong>ostendit</strong></span> <span class='ocrx_word' id='word_1_245' title='bbox 2946 585 3132 641; x_wconf 89' lang='lat' dir='ltr'><strong>dicens</strong></span> <span class='ocrx_word' id='word_1_246' title='bbox 3163 599 3178 638; x_wconf 88' lang='lat'><strong>:</strong></span> <span class='ocrx_word' id='word_1_247' title='bbox 3211 603 3228 635; x_wconf 73' lang='grc' dir='ltr'><strong><em>ι</em></strong></span> <span class='ocrx_word' id='word_1_248' title='bbox 3261 583 3491 656; x_wconf 87' lang='lat' dir='ltr'><strong>Propter</strong></span> <span class='ocrx_word' id='word_1_249' title='bbox 3510 598 3640 656; x_wconf 85' lang='lat' dir='ltr'><strong>pec-</strong></span> 
     </span>
    </p>
   </div>
   <div class='ocr_carea' id='block_1_35' title="bbox 2055 678 3643 749">
    <p class='ocr_par' dir='ltr' id='par_1_35' title="bbox 2055 678 3643 749">
     <span class='ocr_line' id='line_1_35' title="bbox 2055 678 3643 749; baseline -0.003 -13"><span class='ocrx_word' id='word_1_250' title='bbox 2055 687 2176 736; x_wconf 90' lang='lat' dir='ltr'><strong>cata</strong></span> <span class='ocrx_word' id='word_1_251' title='bbox 2204 678 2350 734; x_wconf 90' lang='lat' dir='ltr'><strong>enim</strong></span> <span class='ocrx_word' id='word_1_252' title='bbox 2377 687 2566 735; x_wconf 88' lang='lat' dir='ltr'><strong>nostra</strong></span> <span class='ocrx_word' id='word_1_253' title='bbox 2594 719 2610 746; x_wconf 92' lang='lat'><strong>,</strong></span> <span class='ocrx_word' id='word_1_254' title='bbox 2637 687 2695 734; x_wconf 91' lang='lat' dir='ltr'><strong>et</strong></span> <span class='ocrx_word' id='word_1_255' title='bbox 2721 679 3036 749; x_wconf 86' lang='lat' dir='ltr'><strong>iniquitates</strong></span> <span class='ocrx_word' id='word_1_256' title='bbox 3063 683 3278 747; x_wconf 86' lang='lat' dir='ltr'><strong>patrum</strong></span> <span class='ocrx_word' id='word_1_257' title='bbox 3305 683 3643 744; x_wconf 89' lang='lat' dir='ltr'><strong>nostrorum,</strong></span> 
     </span>
    </p>
   </div>
   <div class='ocr_carea' id='block_1_36' title="bbox 2054 767 3648 842">
    <p class='ocr_par' dir='ltr' id='par_1_36' title="bbox 2054 767 3648 842">
     <span class='ocr_line' id='line_1_36' title="bbox 2054 767 3648 842; baseline -0.003 -14"><span class='ocrx_word' id='word_1_258' title='bbox 2054 769 2357 828; x_wconf 80' lang='lat' dir='ltr'><strong>Jerusalem</strong></span> <span class='ocrx_word' id='word_1_259' title='bbox 2406 779 2462 826; x_wconf 92' lang='lat' dir='ltr'><strong>et</strong></span> <span class='ocrx_word' id='word_1_260' title='bbox 2503 771 2735 842; x_wconf 88' lang='lat' dir='ltr'><strong>populus</strong></span> <span class='ocrx_word' id='word_1_261' title='bbox 2759 781 2885 825; x_wconf 89' lang='lat' dir='ltr'><strong>tuus</strong></span> <span class='ocrx_word' id='word_1_262' title='bbox 2911 770 2967 824; x_wconf 92' lang='lat' dir='ltr'><strong>in</strong></span> <span class='ocrx_word' id='word_1_263' title='bbox 2995 767 3345 840; x_wconf 88' lang='lat' dir='ltr'><strong>opprobrium</strong></span> <span class='ocrx_word' id='word_1_264' title='bbox 3380 775 3506 821; x_wconf 89' lang='lat' dir='ltr'><strong>sunt</strong></span> <span class='ocrx_word' id='word_1_265' title='bbox 3530 782 3648 823; x_wconf 88' lang='lat' dir='ltr'><strong>om-</strong></span> 
     </span>
    </p>
   </div>
   <div class='ocr_carea' id='block_1_37' title="bbox 2057 863 3650 936">
    <p class='ocr_par' dir='ltr' id='par_1_37' title="bbox 2057 863 3650 936">
     <span class='ocr_line' id='line_1_37' title="bbox 2057 863 3650 936; baseline -0.001 -15"><span class='ocrx_word' id='word_1_266' title='bbox 2057 865 2216 922; x_wconf 86' lang='lat' dir='ltr'><strong>nibus</strong></span> <span class='ocrx_word' id='word_1_267' title='bbox 2241 880 2340 936; x_wconf 92' lang='lat' dir='ltr'><strong>per</strong></span> <span class='ocrx_word' id='word_1_268' title='bbox 2369 865 2660 922; x_wconf 88' lang='lat' dir='ltr'><strong>circuitum</strong></span> <span class='ocrx_word' id='word_1_269' title='bbox 2706 875 2974 921; x_wconf 90' lang='lat' dir='ltr'><strong>nostrum.</strong></span> <span class='ocrx_word' id='word_1_270' title='bbox 3011 884 3030 916; x_wconf 84' lang='grc'>›</span> <span class='ocrx_word' id='word_1_271' title='bbox 3077 863 3232 920; x_wconf 90' lang='lat' dir='ltr'><strong>Unde</strong></span> <span class='ocrx_word' id='word_1_272' title='bbox 3277 863 3441 918; x_wconf 89' lang='lat' dir='ltr'><strong>etiam</strong></span> <span class='ocrx_word' id='word_1_273' title='bbox 3491 863 3650 919; x_wconf 87' lang='lat' dir='ltr'><strong>nobis</strong></span> 
     </span>
    </p>
   </div>
   <div class='ocr_carea' id='block_1_38' title="bbox 2055 956 3646 1027">
    <p class='ocr_par' dir='ltr' id='par_1_38' title="bbox 2055 956 3646 1027">
     <span class='ocr_line' id='line_1_38' title="bbox 2055 956 3646 1027; baseline -0.001 -15"><span class='ocrx_word' id='word_1_274' title='bbox 2055 957 2357 1014; x_wconf 87' lang='lat' dir='ltr'><strong>timendum</strong></span> <span class='ocrx_word' id='word_1_275' title='bbox 2378 965 2482 1024; x_wconf 92' lang='lat' dir='ltr'><strong>est,</strong></span> <span class='ocrx_word' id='word_1_276' title='bbox 2507 972 2578 1012; x_wconf 89' lang='lat' dir='ltr'><strong>ne</strong></span> <span class='ocrx_word' id='word_1_277' title='bbox 2607 965 2662 1012; x_wconf 91' lang='lat' dir='ltr'><strong>et</strong></span> <span class='ocrx_word' id='word_1_278' title='bbox 2695 957 2794 1027; x_wconf 90' lang='lat' dir='ltr'><strong>ipsi</strong></span> <span class='ocrx_word' id='word_1_279' title='bbox 2822 997 2836 1022; x_wconf 93' lang='lat'><strong>,</strong></span> <span class='ocrx_word' id='word_1_280' title='bbox 2884 957 2931 1012; x_wconf 91' lang='lat' dir='ltr'><strong>si</strong></span> <span class='ocrx_word' id='word_1_281' title='bbox 2971 956 3459 1026; x_wconf 87' lang='lat' dir='ltr'><strong>contempserimus</strong></span> <span class='ocrx_word' id='word_1_282' title='bbox 3505 970 3646 1025; x_wconf 63' lang='lat' dir='ltr'><strong>prae-</strong></span> 
     </span>
    </p>
   </div>
   <div class='ocr_carea' id='block_1_39' title="bbox 2056 1045 3650 1118">
    <p class='ocr_par' dir='ltr' id='par_1_39' title="bbox 2056 1045 3650 1118">
     <span class='ocr_line' id='line_1_39' title="bbox 2056 1045 3650 1118; baseline -0.001 -14"><span class='ocrx_word' id='word_1_283' title='bbox 2056 1057 2213 1118; x_wconf 85' lang='lat' dir='ltr'><strong>cepta</strong></span> <span class='ocrx_word' id='word_1_284' title='bbox 2268 1047 2406 1114; x_wconf 88' lang='lat' dir='ltr'><strong>Dei,</strong></span> <span class='ocrx_word' id='word_1_285' title='bbox 2472 1055 2527 1102; x_wconf 91' lang='lat' dir='ltr'><strong>et</strong></span> <span class='ocrx_word' id='word_1_286' title='bbox 2592 1047 2966 1104; x_wconf 90' lang='lat' dir='ltr'><strong>inobedientes</strong></span> <span class='ocrx_word' id='word_1_287' title='bbox 3030 1045 3293 1102; x_wconf 82' lang='lat' dir='ltr'><strong>fuerimus</strong></span> <span class='ocrx_word' id='word_1_288' title='bbox 3358 1046 3650 1118; x_wconf 80' lang='lat' dir='ltr'><strong>Evangelia</strong></span> 
     </span>
    </p>
   </div>
   <div class='ocr_carea' id='block_1_40' title="bbox 2055 1137 3653 1210">
    <p class='ocr_par' dir='ltr' id='par_1_40' title="bbox 2055 1137 3653 1210">
     <span class='ocr_line' id='line_1_40' title="bbox 2055 1137 3653 1210; baseline -0.001 -16"><span class='ocrx_word' id='word_1_289' title='bbox 2055 1137 2284 1205; x_wconf 88' lang='lat' dir='ltr'><strong>Christi,</strong></span> <span class='ocrx_word' id='word_1_290' title='bbox 2335 1139 2527 1194; x_wconf 89' lang='lat' dir='ltr'><strong>duram</strong></span> <span class='ocrx_word' id='word_1_291' title='bbox 2567 1139 2828 1210; x_wconf 61' lang='lat' dir='ltr'><strong>gehennae</strong></span> <span class='ocrx_word' id='word_1_292' title='bbox 2855 1137 3154 1193; x_wconf 88' lang='lat' dir='ltr'><strong>sentiamus</strong></span> <span class='ocrx_word' id='word_1_293' title='bbox 3180 1138 3474 1206; x_wconf 73' lang='lat' dir='ltr'><strong>vindictam</strong></span> <span class='ocrx_word' id='word_1_294' title='bbox 3498 1179 3514 1203; x_wconf 94' lang='lat'><strong>,</strong></span> <span class='ocrx_word' id='word_1_295' title='bbox 3557 1137 3653 1208; x_wconf 88' lang='lat' dir='ltr'><strong>qui</strong></span> 
     </span>
    </p>
   </div>
   <div class='ocr_carea' id='block_1_41' title="bbox 2057 1230 3650 1304">
    <p class='ocr_par' dir='ltr' id='par_1_41' title="bbox 2057 1230 3650 1304">
     <span class='ocr_line' id='line_1_41' title="bbox 2057 1230 3650 1304; baseline 0.001 -16"><span class='ocrx_word' id='word_1_296' title='bbox 2057 1232 2258 1304; x_wconf 78' lang='lat' dir='ltr'><strong>corrigi</strong></span> <span class='ocrx_word' id='word_1_297' title='bbox 2289 1231 2542 1288; x_wconf 85' lang='lat' dir='ltr'><strong>nolumus</strong></span> <span class='ocrx_word' id='word_1_298' title='bbox 2563 1233 2630 1288; x_wconf 90' lang='lat' dir='ltr'><strong>de</strong></span> <span class='ocrx_word' id='word_1_299' title='bbox 2658 1232 2901 1301; x_wconf 90' lang='lat' dir='ltr'><strong>peccatis</strong></span> <span class='ocrx_word' id='word_1_300' title='bbox 2923 1233 2991 1287; x_wconf 90' lang='lat' dir='ltr'><strong>ad</strong></span> <span class='ocrx_word' id='word_1_301' title='bbox 3011 1230 3304 1301; x_wconf 82' lang='lat' dir='ltr'><strong>justitiam.</strong></span> <span class='ocrx_word' id='word_1_302' title='bbox 3339 1231 3480 1287; x_wconf 89' lang='lat' dir='ltr'><strong>Dicit</strong></span> <span class='ocrx_word' id='word_1_303' title='bbox 3504 1233 3650 1290; x_wconf 88' lang='lat' dir='ltr'><strong>enim</strong></span> 
     </span>
    </p>
   </div>
   <div class='ocr_carea' id='block_1_42' title="bbox 2055 1321 3653 1394">
    <p class='ocr_par' dir='ltr' id='par_1_42' title="bbox 2055 1321 3653 1394">
     <span class='ocr_line' id='line_1_42' title="bbox 2055 1321 3653 1394; baseline 0.002 -18"><span class='ocrx_word' id='word_1_304' title='bbox 2055 1321 2350 1393; x_wconf 83' lang='lat' dir='ltr'><strong>Apostolus</strong></span> <span class='ocrx_word' id='word_1_305' title='bbox 2377 1322 2566 1394; x_wconf 84' lang='lat' dir='ltr'><strong>(Hebr.</strong></span> <span class='ocrx_word' id='word_1_306' title='bbox 2592 1322 2649 1394; x_wconf 68' lang='grc' dir='ltr'><strong>Χ)</strong></span> <span class='ocrx_word' id='word_1_307' title='bbox 2685 1341 2698 1377; x_wconf 87' lang='grc'>;</span> <span class='ocrx_word' id='word_1_308' title='bbox 2736 1342 2756 1374; x_wconf 86' lang='grc'><strong><em>‹</em></strong></span> <span class='ocrx_word' id='word_1_309' title='bbox 2785 1323 3105 1379; x_wconf 80' lang='lat' dir='ltr'><strong>Voluntarie</strong></span> <span class='ocrx_word' id='word_1_310' title='bbox 3133 1324 3279 1378; x_wconf 90' lang='lat' dir='ltr'><strong>enim</strong></span> <span class='ocrx_word' id='word_1_311' title='bbox 3301 1325 3653 1394; x_wconf 87' lang='lat' dir='ltr'><strong>peccantibus</strong></span> 
     </span>
    </p>
   </div>
   <div class='ocr_carea' id='block_1_43' title="bbox 2057 1415 3652 1487">
    <p class='ocr_par' dir='ltr' id='par_1_43' title="bbox 2057 1415 3652 1487">
     <span class='ocr_line' id='line_1_43' title="bbox 2057 1415 3652 1487; baseline 0.001 -17"><span class='ocrx_word' id='word_1_312' title='bbox 2057 1417 2214 1471; x_wconf 90' lang='lat' dir='ltr'><strong>nobis</strong></span> <span class='ocrx_word' id='word_1_313' title='bbox 2241 1423 2364 1486; x_wconf 92' lang='lat' dir='ltr'><strong>post</strong></span> <span class='ocrx_word' id='word_1_314' title='bbox 2391 1424 2671 1487; x_wconf 85' lang='lat' dir='ltr'><strong>acceptam</strong></span> <span class='ocrx_word' id='word_1_315' title='bbox 2716 1416 2968 1473; x_wconf 87' lang='lat' dir='ltr'><strong>notitiam</strong></span> <span class='ocrx_word' id='word_1_316' title='bbox 3008 1416 3257 1472; x_wconf 89' lang='lat' dir='ltr'><strong>veritatis</strong></span> <span class='ocrx_word' id='word_1_317' title='bbox 3275 1415 3390 1485; x_wconf 88' lang='lat' dir='ltr'><strong>jam</strong></span> <span class='ocrx_word' id='word_1_318' title='bbox 3417 1433 3525 1471; x_wconf 92' lang='lat' dir='ltr'><strong>non</strong></span> <span class='ocrx_word' id='word_1_319' title='bbox 3555 1417 3652 1471; x_wconf 86' lang='lat' dir='ltr'><strong>de-</strong></span> 
     </span>
    </p>
   </div>
   <div class='ocr_carea' id='block_1_44' title="bbox 2059 1506 3653 1579">
    <p class='ocr_par' dir='ltr' id='par_1_44' title="bbox 2059 1506 3653 1579">
     <span class='ocr_line' id='line_1_44' title="bbox 2059 1506 3653 1579; baseline 0 -17"><span class='ocrx_word' id='word_1_320' title='bbox 2059 1506 2383 1576; x_wconf 87' lang='lat' dir='ltr'><strong>relinquitur</strong></span> <span class='ocrx_word' id='word_1_321' title='bbox 2435 1522 2535 1578; x_wconf 90' lang='lat' dir='ltr'><strong>pro</strong></span> <span class='ocrx_word' id='word_1_322' title='bbox 2593 1509 2831 1579; x_wconf 89' lang='lat' dir='ltr'><strong>peccatis</strong></span> <span class='ocrx_word' id='word_1_323' title='bbox 2887 1508 3065 1564; x_wconf 89' lang='lat' dir='ltr'><strong>hostia</strong></span> <span class='ocrx_word' id='word_1_324' title='bbox 3093 1550 3108 1574; x_wconf 95' lang='lat'><strong>,</strong></span> <span class='ocrx_word' id='word_1_325' title='bbox 3163 1508 3423 1564; x_wconf 83' lang='lat' dir='ltr'><strong>terribilis</strong></span> <span class='ocrx_word' id='word_1_326' title='bbox 3474 1517 3653 1563; x_wconf 90' lang='lat' dir='ltr'><strong>autem</strong></span> 
     </span>
    </p>
   </div>
   <div class='ocr_carea' id='block_1_45' title="bbox 2059 1598 3658 1672">
    <p class='ocr_par' dir='ltr' id='par_1_45' title="bbox 2059 1598 3658 1672">
     <span class='ocr_line' id='line_1_45' title="bbox 2059 1598 3658 1672; baseline -0.001 -18"><span class='ocrx_word' id='word_1_327' title='bbox 2059 1600 2306 1669; x_wconf 67' lang='lat' dir='ltr'><strong>quaedam</strong></span> <span class='ocrx_word' id='word_1_328' title='bbox 2349 1601 2684 1670; x_wconf 84' lang='lat' dir='ltr'><strong>exspectatio</strong></span> <span class='ocrx_word' id='word_1_329' title='bbox 2713 1600 2905 1671; x_wconf 90' lang='lat' dir='ltr'><strong>judicii</strong></span> <span class='ocrx_word' id='word_1_330' title='bbox 2928 1640 2944 1666; x_wconf 95' lang='lat'><strong>,</strong></span> <span class='ocrx_word' id='word_1_331' title='bbox 2993 1607 3048 1655; x_wconf 89' lang='lat' dir='ltr'><strong>et</strong></span> <span class='ocrx_word' id='word_1_332' title='bbox 3077 1599 3218 1672; x_wconf 88' lang='lat' dir='ltr'><strong>ignis</strong></span> <span class='ocrx_word' id='word_1_333' title='bbox 3241 1599 3513 1654; x_wconf 69' lang='lat' dir='ltr'><strong>annillatio</strong></span> <span class='ocrx_word' id='word_1_334' title='bbox 3541 1598 3658 1671; x_wconf 93' lang='lat' dir='ltr'><strong>[cu-</strong></span> 
     </span>
    </p>
   </div>
   <div class='ocr_carea' id='block_1_46' title="bbox 2057 1691 3659 1768">
    <p class='ocr_par' dir='ltr' id='par_1_46' title="bbox 2057 1691 3659 1768">
     <span class='ocr_line' id='line_1_46' title="bbox 2057 1691 3659 1768; baseline -0.004 -17"><span class='ocrx_word' id='word_1_335' title='bbox 2057 1694 2336 1768; x_wconf 87' lang='lat' dir='ltr'><strong>mulatio],</strong></span> <span class='ocrx_word' id='word_1_336' title='bbox 2388 1710 2510 1765; x_wconf 63' lang='lat' dir='ltr'><strong>quae</strong></span> <span class='ocrx_word' id='word_1_337' title='bbox 2557 1703 2943 1765; x_wconf 77' lang='lat' dir='ltr'><strong>consumptum</strong></span> <span class='ocrx_word' id='word_1_338' title='bbox 2998 1703 3086 1750; x_wconf 87' lang='lat' dir='ltr'><strong>est</strong></span> <span class='ocrx_word' id='word_1_339' title='bbox 3139 1693 3502 1751; x_wconf 86' lang='lat' dir='ltr'><strong>adversarios.</strong></span> <span class='ocrx_word' id='word_1_340' title='bbox 3540 1712 3559 1744; x_wconf 76' lang='grc' dir='ltr'><strong><em>ι</em></strong></span> <span class='ocrx_word' id='word_1_341' title='bbox 3591 1691 3659 1747; x_wconf 84' lang='grc' dir='ltr'><strong>Ει</strong></span> 
     </span>
    </p>
   </div>
   <div class='ocr_carea' id='block_1_47' title="bbox 2061 1782 3652 1857">
    <p class='ocr_par' dir='ltr' id='par_1_47' title="bbox 2061 1782 3652 1857">
     <span class='ocr_line' id='line_1_47' title="bbox 2061 1782 3652 1857; baseline -0.003 -15"><span class='ocrx_word' id='word_1_342' title='bbox 2061 1786 2195 1842; x_wconf 87' lang='lat' dir='ltr'><strong>item</strong></span> <span class='ocrx_word' id='word_1_343' title='bbox 2225 1803 2238 1839; x_wconf 89' lang='lat'>:</span> <span class='ocrx_word' id='word_1_344' title='bbox 2271 1803 2289 1838; x_wconf 73' lang='grc' dir='ltr'>ι</span> <span class='ocrx_word' id='word_1_345' title='bbox 2321 1785 2537 1841; x_wconf 86' lang='lat' dir='ltr'><strong>lrritam</strong></span> <span class='ocrx_word' id='word_1_346' title='bbox 2567 1827 2583 1854; x_wconf 95' lang='lat'><strong>,</strong></span> <span class='ocrx_word' id='word_1_347' title='bbox 2625 1786 2825 1857; x_wconf 92' lang='lat' dir='ltr'><strong>inquit,</strong></span> <span class='ocrx_word' id='word_1_348' title='bbox 2865 1786 2989 1857; x_wconf 91' lang='lat' dir='ltr'><strong>quis</strong></span> <span class='ocrx_word' id='word_1_349' title='bbox 3017 1784 3221 1841; x_wconf 82' lang='lat' dir='ltr'><strong>faciens</strong></span> <span class='ocrx_word' id='word_1_350' title='bbox 3252 1784 3424 1855; x_wconf 81' lang='lat' dir='ltr'><strong>legem</strong></span> <span class='ocrx_word' id='word_1_351' title='bbox 3462 1782 3652 1855; x_wconf 84' lang='lat' dir='ltr'><strong>Moysi,</strong></span> 
     </span>
    </p>
   </div>
   <div class='ocr_carea' id='block_1_48' title="bbox 2063 1878 3659 1946">
    <p class='ocr_par' dir='ltr' id='par_1_48' title="bbox 2063 1878 3659 1946">
     <span class='ocr_line' id='line_1_48' title="bbox 2063 1878 3659 1946; baseline -0.003 -10"><span class='ocrx_word' id='word_1_352' title='bbox 2063 1881 2182 1936; x_wconf 90' lang='lat' dir='ltr'><strong>sine</strong></span> <span class='ocrx_word' id='word_1_353' title='bbox 2222 1880 2330 1936; x_wconf 91' lang='lat' dir='ltr'><strong>ulla</strong></span> <span class='ocrx_word' id='word_1_354' title='bbox 2359 1880 2710 1937; x_wconf 84' lang='lat' dir='ltr'><strong>miseratione</strong></span> <span class='ocrx_word' id='word_1_355' title='bbox 2739 1922 2756 1946; x_wconf 92' lang='lat'><strong>,</strong></span> <span class='ocrx_word' id='word_1_356' title='bbox 2806 1880 3016 1936; x_wconf 91' lang='lat' dir='ltr'><strong>duobus</strong></span> <span class='ocrx_word' id='word_1_357' title='bbox 3068 1880 3155 1936; x_wconf 86' lang='lat' dir='ltr'><strong>vel</strong></span> <span class='ocrx_word' id='word_1_358' title='bbox 3208 1879 3382 1934; x_wconf 83' lang='lat' dir='ltr'><strong>tribus</strong></span> <span class='ocrx_word' id='word_1_359' title='bbox 3432 1878 3659 1933; x_wconf 82' lang='lat' dir='ltr'><strong>testibus</strong></span> 
     </span>
    </p>
   </div>
   <div class='ocr_carea' id='block_1_49' title="bbox 2062 1968 3659 2044">
    <p class='ocr_par' dir='ltr' id='par_1_49' title="bbox 2062 1968 3659 2044">
     <span class='ocr_line' id='line_1_49' title="bbox 2062 1968 3659 2044; baseline -0.003 -16"><span class='ocrx_word' id='word_1_360' title='bbox 2062 1972 2328 2040; x_wconf 89' lang='lat' dir='ltr'><strong>moritur,</strong></span> <span class='ocrx_word' id='word_1_361' title='bbox 2384 1982 2590 2044; x_wconf 87' lang='lat' dir='ltr'><strong>quanto</strong></span> <span class='ocrx_word' id='word_1_362' title='bbox 2642 1974 2815 2044; x_wconf 88' lang='lat' dir='ltr'><strong>magis</strong></span> <span class='ocrx_word' id='word_1_363' title='bbox 2875 1972 3079 2043; x_wconf 90' lang='lat' dir='ltr'><strong>putatis</strong></span> <span class='ocrx_word' id='word_1_364' title='bbox 3131 1970 3402 2028; x_wconf 88' lang='lat' dir='ltr'><strong>deteriora</strong></span> <span class='ocrx_word' id='word_1_365' title='bbox 3459 1968 3659 2025; x_wconf 88' lang='lat' dir='ltr'><strong>mereri</strong></span> 
     </span>
    </p>
   </div>
   <div class='ocr_carea' id='block_1_50' title="bbox 2066 2061 3659 2136">
    <p class='ocr_par' dir='ltr' id='par_1_50' title="bbox 2066 2061 3659 2136">
     <span class='ocr_line' id='line_1_50' title="bbox 2066 2061 3659 2136; baseline -0.005 -14"><span class='ocrx_word' id='word_1_366' title='bbox 2066 2064 2348 2136; x_wconf 86' lang='lat' dir='ltr'><strong>supplicia,</strong></span> <span class='ocrx_word' id='word_1_367' title='bbox 2373 2065 2466 2136; x_wconf 89' lang='lat' dir='ltr'><strong>qui</strong></span> <span class='ocrx_word' id='word_1_368' title='bbox 2487 2064 2685 2120; x_wconf 88' lang='lat' dir='ltr'><strong>Filium</strong></span> <span class='ocrx_word' id='word_1_369' title='bbox 2699 2065 2795 2119; x_wconf 93' lang='lat' dir='ltr'><strong>Dei</strong></span> <span class='ocrx_word' id='word_1_370' title='bbox 2824 2063 3243 2126; x_wconf 91' lang='lat' dir='ltr'><strong>conculcaverit,</strong></span> <span class='ocrx_word' id='word_1_371' title='bbox 3259 2071 3315 2117; x_wconf 92' lang='lat' dir='ltr'><strong>et</strong></span> <span class='ocrx_word' id='word_1_372' title='bbox 3339 2061 3659 2133; x_wconf 83' lang='lat' dir='ltr'><strong>sanguinem</strong></span> 
     </span>
    </p>
   </div>
   <div class='ocr_carea' id='block_1_51' title="bbox 2065 2154 3656 2229">
    <p class='ocr_par' dir='ltr' id='par_1_51' title="bbox 2065 2154 3656 2229">
     <span class='ocr_line' id='line_1_51' title="bbox 2065 2154 3656 2229; baseline -0.002 -18"><span class='ocrx_word' id='word_1_373' title='bbox 2065 2156 2382 2213; x_wconf 86' lang='lat' dir='ltr'><strong>testamenti</strong></span> <span class='ocrx_word' id='word_1_374' title='bbox 2412 2156 2677 2229; x_wconf 90' lang='lat' dir='ltr'><strong>pollutum</strong></span> <span class='ocrx_word' id='word_1_375' title='bbox 2697 2155 2933 2221; x_wconf 87' lang='lat' dir='ltr'><strong>duxerit,</strong></span> <span class='ocrx_word' id='word_1_376' title='bbox 2959 2157 3016 2210; x_wconf 90' lang='lat' dir='ltr'><strong>in</strong></span> <span class='ocrx_word' id='word_1_377' title='bbox 3037 2170 3146 2225; x_wconf 90' lang='lat' dir='ltr'><strong>quo</strong></span> <span class='ocrx_word' id='word_1_378' title='bbox 3166 2154 3534 2211; x_wconf 85' lang='lat' dir='ltr'><strong>sanctificatus</strong></span> <span class='ocrx_word' id='word_1_379' title='bbox 3552 2162 3656 2219; x_wconf 90' lang='lat' dir='ltr'><strong>est,</strong></span> 
     </span>
    </p>
   </div>
   <div class='ocr_carea' id='block_1_52' title="bbox 2066 2247 3656 2323">
    <p class='ocr_par' dir='ltr' id='par_1_52' title="bbox 2066 2247 3656 2323">
     <span class='ocr_line' id='line_1_52' title="bbox 2066 2247 3656 2323; baseline -0.003 -17"><span class='ocrx_word' id='word_1_380' title='bbox 2066 2259 2122 2306; x_wconf 91' lang='lat' dir='ltr'><strong>et</strong></span> <span class='ocrx_word' id='word_1_381' title='bbox 2147 2250 2364 2322; x_wconf 91' lang='lat' dir='ltr'><strong>spiritui</strong></span> <span class='ocrx_word' id='word_1_382' title='bbox 2392 2250 2581 2323; x_wconf 84' lang='lat' dir='ltr'><strong>gratiae</strong></span> <span class='ocrx_word' id='word_1_383' title='bbox 2610 2249 2996 2307; x_wconf 89' lang='lat' dir='ltr'><strong>contumeliam</strong></span> <span class='ocrx_word' id='word_1_384' title='bbox 3033 2247 3258 2304; x_wconf 83' lang='lat' dir='ltr'><strong>fecerit?</strong></span> <span class='ocrx_word' id='word_1_385' title='bbox 3293 2267 3313 2300; x_wconf 72' lang='grc' dir='ltr'><strong><em>ι</em></strong></span> <span class='ocrx_word' id='word_1_386' title='bbox 3346 2247 3605 2317; x_wconf 88' lang='lat' dir='ltr'><strong>Sequitur</strong></span> <span class='ocrx_word' id='word_1_387' title='bbox 3642 2264 3656 2302; x_wconf 90' lang='lat'><strong>:</strong></span> 
     </span>
    </p>
   </div>
   <div class='ocr_carea' id='block_1_53' title="bbox 2095 2339 3658 2412">
    <p class='ocr_par' dir='ltr' id='par_1_53' title="bbox 2095 2339 3658 2412">
     <span class='ocr_line' id='line_1_53' title="bbox 2095 2339 3658 2412; baseline -0.003 -13"><span class='ocrx_word' id='word_1_388' title='bbox 2095 2393 2100 2399; x_wconf 94' lang='lat'><strong>.</strong></span> <span class='ocrx_word' id='word_1_389' title='bbox 2137 2339 2384 2398; x_wconf 83' lang='lat' dir='ltr'><strong>Sameclt.</strong></span> <span class='ocrx_word' id='word_1_390' title='bbox 2418 2361 2438 2394; x_wconf 71' lang='grc' dir='ltr'><em>α</em></span> <span class='ocrx_word' id='word_1_391' title='bbox 2469 2340 2743 2412; x_wconf 88' lang='lat' dir='ltr'><strong>Operuisti</strong></span> <span class='ocrx_word' id='word_1_392' title='bbox 2775 2341 2829 2396; x_wconf 90' lang='lat' dir='ltr'><strong>in</strong></span> <span class='ocrx_word' id='word_1_393' title='bbox 2860 2342 3068 2406; x_wconf 90' lang='lat' dir='ltr'><strong>furore,</strong></span> <span class='ocrx_word' id='word_1_394' title='bbox 3105 2348 3157 2395; x_wconf 89' lang='lat' dir='ltr'><strong>et</strong></span> <span class='ocrx_word' id='word_1_395' title='bbox 3189 2339 3504 2411; x_wconf 89' lang='lat' dir='ltr'><strong>percussisti</strong></span> <span class='ocrx_word' id='word_1_396' title='bbox 3535 2354 3658 2405; x_wconf 90' lang='lat' dir='ltr'><strong>nos,</strong></span> 
     </span>
    </p>
   </div>
   <div class='ocr_carea' id='block_1_54' title="bbox 2072 2429 3659 2508">
    <p class='ocr_par' dir='ltr' id='par_1_54' title="bbox 2072 2429 3659 2508">
     <span class='ocr_line' id='line_1_54' title="bbox 2072 2429 3659 2508; baseline -0.001 -19"><span class='ocrx_word' id='word_1_397' title='bbox 2072 2455 2093 2489; x_wconf 72' lang='grc' dir='ltr'><strong><em>ι</em></strong></span> <span class='ocrx_word' id='word_1_398' title='bbox 2137 2436 2385 2492; x_wconf 91' lang='lat' dir='ltr'><strong>occidisti</strong></span> <span class='ocrx_word' id='word_1_399' title='bbox 2414 2445 2471 2492; x_wconf 91' lang='lat' dir='ltr'><strong>et</strong></span> <span class='ocrx_word' id='word_1_400' title='bbox 2492 2451 2603 2493; x_wconf 89' lang='lat' dir='ltr'><strong>non</strong></span> <span class='ocrx_word' id='word_1_401' title='bbox 2625 2436 2939 2508; x_wconf 89' lang='lat' dir='ltr'><strong>pepercisti.</strong></span> <span class='ocrx_word' id='word_1_402' title='bbox 2974 2455 2994 2489; x_wconf 76' lang='grc' dir='ltr'><strong><em>ι</em></strong></span> <span class='ocrx_word' id='word_1_403' title='bbox 3031 2429 3350 2504; x_wconf 86' lang='lat' dir='ltr'><strong>Ubicunque</strong></span> <span class='ocrx_word' id='word_1_404' title='bbox 3397 2434 3542 2490; x_wconf 92' lang='lat' dir='ltr'><strong>enim</strong></span> <span class='ocrx_word' id='word_1_405' title='bbox 3572 2433 3659 2488; x_wconf 87' lang='lat' dir='ltr'><strong>fu-</strong></span> 
     </span>
    </p>
   </div>
   <div class='ocr_carea' id='block_1_55' title="bbox 2069 2528 3665 2601">
    <p class='ocr_par' dir='ltr' id='par_1_55' title="bbox 2069 2528 3665 2601">
     <span class='ocr_line' id='line_1_55' title="bbox 2069 2528 3665 2601; baseline -0.003 -15"><span class='ocrx_word' id='word_1_406' title='bbox 2069 2544 2183 2598; x_wconf 83' lang='lat' dir='ltr'><strong>ror,</strong></span> <span class='ocrx_word' id='word_1_407' title='bbox 2209 2529 2295 2586; x_wconf 87' lang='lat' dir='ltr'><strong>vel</strong></span> <span class='ocrx_word' id='word_1_408' title='bbox 2322 2529 2405 2585; x_wconf 89' lang='lat' dir='ltr'><strong>ira</strong></span> <span class='ocrx_word' id='word_1_409' title='bbox 2432 2529 2531 2586; x_wconf 92' lang='lat' dir='ltr'><strong>Dei</strong></span> <span class='ocrx_word' id='word_1_410' title='bbox 2562 2531 2619 2585; x_wconf 91' lang='lat' dir='ltr'><strong>in</strong></span> <span class='ocrx_word' id='word_1_411' title='bbox 2650 2528 2952 2601; x_wconf 92' lang='lat' dir='ltr'><strong>Scripturis</strong></span> <span class='ocrx_word' id='word_1_412' title='bbox 2979 2529 3200 2600; x_wconf 90' lang='lat' dir='ltr'><strong>legitur,</strong></span> <span class='ocrx_word' id='word_1_413' title='bbox 3226 2544 3334 2584; x_wconf 91' lang='lat' dir='ltr'><strong>non</strong></span> <span class='ocrx_word' id='word_1_414' title='bbox 3359 2528 3665 2598; x_wconf 86' lang='lat' dir='ltr'><strong>perturba-</strong></span> 
     </span>
    </p>
   </div>
   <div class='ocr_carea' id='block_1_56' title="bbox 2071 2620 3665 2694">
    <p class='ocr_par' dir='ltr' id='par_1_56' title="bbox 2071 2620 3665 2694">
     <span class='ocr_line' id='line_1_56' title="bbox 2071 2620 3665 2694; baseline -0.003 -16"><span class='ocrx_word' id='word_1_415' title='bbox 2071 2623 2148 2679; x_wconf 91' lang='lat' dir='ltr'><strong>tio</strong></span> <span class='ocrx_word' id='word_1_416' title='bbox 2187 2623 2425 2689; x_wconf 87' lang='lat' dir='ltr'><strong>mentis,</strong></span> <span class='ocrx_word' id='word_1_417' title='bbox 2482 2622 2578 2679; x_wconf 88' lang='lat' dir='ltr'><strong>sed</strong></span> <span class='ocrx_word' id='word_1_418' title='bbox 2619 2622 2766 2694; x_wconf 85' lang='lat' dir='ltr'><strong>justa</strong></span> <span class='ocrx_word' id='word_1_419' title='bbox 2815 2623 3057 2679; x_wconf 84' lang='lat' dir='ltr'><strong>vindicta</strong></span> <span class='ocrx_word' id='word_1_420' title='bbox 3106 2622 3161 2678; x_wconf 91' lang='lat' dir='ltr'><strong>in</strong></span> <span class='ocrx_word' id='word_1_421' title='bbox 3188 2636 3375 2694; x_wconf 78' lang='lat' dir='ltr'><strong>ptena</strong></span> <span class='ocrx_word' id='word_1_422' title='bbox 3407 2620 3665 2692; x_wconf 90' lang='lat' dir='ltr'><strong>patientis</strong></span> 
     </span>
    </p>
   </div>
   <div class='ocr_carea' id='block_1_57' title="bbox 2052 2713 3666 2788">
    <p class='ocr_par' dir='ltr' id='par_1_57' title="bbox 2052 2713 3666 2788">
     <span class='ocr_line' id='line_1_57' title="bbox 2052 2713 3666 2788; baseline -0.003 -15"><span class='ocrx_word' id='word_1_423' title='bbox 2052 2717 2415 2788; x_wconf 9' lang='lat' dir='ltr'><strong>rexprimimr.</strong></span> <span class='ocrx_word' id='word_1_424' title='bbox 2452 2717 2598 2772; x_wconf 90' lang='lat' dir='ltr'><strong>Deus</strong></span> <span class='ocrx_word' id='word_1_425' title='bbox 2623 2716 2768 2772; x_wconf 93' lang='lat' dir='ltr'><strong>enim</strong></span> <span class='ocrx_word' id='word_1_426' title='bbox 2796 2715 3119 2772; x_wconf 89' lang='lat' dir='ltr'><strong>naturaliter</strong></span> <span class='ocrx_word' id='word_1_427' title='bbox 3161 2715 3283 2786; x_wconf 92' lang='lat' dir='ltr'><strong>pius</strong></span> <span class='ocrx_word' id='word_1_428' title='bbox 3329 2729 3544 2784; x_wconf 89' lang='lat' dir='ltr'><strong>semper</strong></span> <span class='ocrx_word' id='word_1_429' title='bbox 3569 2713 3666 2768; x_wconf 83' lang='lat' dir='ltr'><strong>bo-</strong></span> 
     </span>
    </p>
   </div>
   <div class='ocr_carea' id='block_1_58' title="bbox 2071 2807 3668 2880">
    <p class='ocr_par' dir='ltr' id='par_1_58' title="bbox 2071 2807 3668 2880">
     <span class='ocr_line' id='line_1_58' title="bbox 2071 2807 3668 2880; baseline -0.002 -17"><span class='ocrx_word' id='word_1_430' title='bbox 2071 2823 2194 2875; x_wconf 90' lang='lat' dir='ltr'><strong>nus,</strong></span> <span class='ocrx_word' id='word_1_431' title='bbox 2225 2816 2280 2864; x_wconf 89' lang='lat' dir='ltr'><strong>et</strong></span> <span class='ocrx_word' id='word_1_432' title='bbox 2312 2807 2557 2880; x_wconf 90' lang='lat' dir='ltr'><strong>placidus</strong></span> <span class='ocrx_word' id='word_1_433' title='bbox 2591 2818 2692 2874; x_wconf 88' lang='lat' dir='ltr'><strong>est,</strong></span> <span class='ocrx_word' id='word_1_434' title='bbox 2742 2817 2799 2864; x_wconf 93' lang='lat' dir='ltr'><strong>et</strong></span> <span class='ocrx_word' id='word_1_435' title='bbox 2839 2823 3057 2878; x_wconf 88' lang='lat' dir='ltr'><strong>semper</strong></span> <span class='ocrx_word' id='word_1_436' title='bbox 3100 2807 3244 2863; x_wconf 89' lang='lat' dir='ltr'><strong>idem</strong></span> <span class='ocrx_word' id='word_1_437' title='bbox 3288 2808 3402 2877; x_wconf 88' lang='lat' dir='ltr'><strong>ipse</strong></span> <span class='ocrx_word' id='word_1_438' title='bbox 3440 2815 3564 2871; x_wconf 87' lang='lat' dir='ltr'><strong>est,</strong></span> <span class='ocrx_word' id='word_1_439' title='bbox 3612 2814 3668 2860; x_wconf 91' lang='lat' dir='ltr'><strong>et</strong></span> 
     </span>
    </p>
   </div>
   <div class='ocr_carea' id='block_1_59' title="bbox 2073 2897 3666 2972">
    <p class='ocr_par' dir='ltr' id='par_1_59' title="bbox 2073 2897 3666 2972">
     <span class='ocr_line' id='line_1_59' title="bbox 2073 2897 3666 2972; baseline -0.003 -17"><span class='ocrx_word' id='word_1_440' title='bbox 2073 2901 2202 2956; x_wconf 93' lang='lat' dir='ltr'><strong>anni</strong></span> <span class='ocrx_word' id='word_1_441' title='bbox 2227 2900 2346 2972; x_wconf 86' lang='lat' dir='ltr'><strong>ejus</strong></span> <span class='ocrx_word' id='word_1_442' title='bbox 2381 2915 2491 2957; x_wconf 90' lang='lat' dir='ltr'><strong>non</strong></span> <span class='ocrx_word' id='word_1_443' title='bbox 2535 2900 2809 2958; x_wconf 81' lang='lat' dir='ltr'><strong>deficient.</strong></span> <span class='ocrx_word' id='word_1_444' title='bbox 2850 2901 2928 2956; x_wconf 91' lang='lat' dir='ltr'><strong>De</strong></span> <span class='ocrx_word' id='word_1_445' title='bbox 2955 2914 3064 2970; x_wconf 90' lang='lat' dir='ltr'><strong>quo</strong></span> <span class='ocrx_word' id='word_1_446' title='bbox 3094 2898 3224 2954; x_wconf 87' lang='lat' dir='ltr'><strong>alibi</strong></span> <span class='ocrx_word' id='word_1_447' title='bbox 3250 2898 3490 2969; x_wconf 89' lang='lat' dir='ltr'><strong>legitur:</strong></span> <span class='ocrx_word' id='word_1_448' title='bbox 3530 2915 3550 2947; x_wconf 83' lang='grc'><strong><em>‹</em></strong></span> <span class='ocrx_word' id='word_1_449' title='bbox 3585 2897 3666 2952; x_wconf 89' lang='lat' dir='ltr'><strong>Tu</strong></span> 
     </span>
    </p>
   </div>
   <div class='ocr_carea' id='block_1_60' title="bbox 2073 2989 3668 3060">
    <p class='ocr_par' dir='ltr' id='par_1_60' title="bbox 2073 2989 3668 3060">
     <span class='ocr_line' id='line_1_60' title="bbox 2073 2989 3668 3060; baseline -0.004 -12"><span class='ocrx_word' id='word_1_450' title='bbox 2073 3000 2292 3059; x_wconf 90' lang='lat' dir='ltr'><strong>autem,</strong></span> <span class='ocrx_word' id='word_1_451' title='bbox 2348 2993 2578 3049; x_wconf 90' lang='lat' dir='ltr'><strong>Domine</strong></span> <span class='ocrx_word' id='word_1_452' title='bbox 2622 2994 3004 3048; x_wconf 89' lang='lat' dir='ltr'><strong>universorum</strong></span> <span class='ocrx_word' id='word_1_453' title='bbox 3036 3032 3052 3057; x_wconf 96' lang='lat'><strong>,</strong></span> <span class='ocrx_word' id='word_1_454' title='bbox 3111 3006 3235 3047; x_wconf 89' lang='lat' dir='ltr'><strong>cum</strong></span> <span class='ocrx_word' id='word_1_455' title='bbox 3272 2989 3668 3060; x_wconf 87' lang='lat' dir='ltr'><strong>tranquillitate</strong></span> 
     </span>
    </p>
   </div>
   <div class='ocr_carea' id='block_1_61' title="bbox 2066 3081 3668 3159">
    <p class='ocr_par' dir='ltr' id='par_1_61' title="bbox 2066 3081 3668 3159">
     <span class='ocr_line' id='line_1_61' title="bbox 2066 3081 3668 3159; baseline -0.004 -17"><span class='ocrx_word' id='word_1_456' title='bbox 2066 3085 2282 3157; x_wconf 86' lang='lat' dir='ltr'><strong>judicas</strong></span> <span class='ocrx_word' id='word_1_457' title='bbox 2321 3095 2377 3142; x_wconf 91' lang='lat' dir='ltr'><strong>et</strong></span> <span class='ocrx_word' id='word_1_458' title='bbox 2405 3086 2660 3157; x_wconf 90' lang='lat' dir='ltr'><strong>desponis</strong></span> <span class='ocrx_word' id='word_1_459' title='bbox 2693 3086 2876 3142; x_wconf 91' lang='lat' dir='ltr'><strong>omnia</strong></span> <span class='ocrx_word' id='word_1_460' title='bbox 2923 3083 3088 3159; x_wconf 86' lang='lat' dir='ltr'><strong>(Sap.</strong></span> <span class='ocrx_word' id='word_1_461' title='bbox 3139 3084 3276 3158; x_wconf 82' lang='lat' dir='ltr'><strong>xu);</strong></span> <span class='ocrx_word' id='word_1_462' title='bbox 3315 3104 3335 3138; x_wconf 73' lang='grc' dir='ltr'><strong>ι</strong></span> <span class='ocrx_word' id='word_1_463' title='bbox 3375 3083 3498 3139; x_wconf 89' lang='lat' dir='ltr'><strong>ideo</strong></span> <span class='ocrx_word' id='word_1_464' title='bbox 3539 3081 3668 3137; x_wconf 88' lang='lat' dir='ltr'><strong>dum</strong></span> 
     </span>
    </p>
   </div>
   <div class='ocr_carea' id='block_1_62' title="bbox 2070 3176 3669 3248">
    <p class='ocr_par' dir='ltr' id='par_1_62' title="bbox 2070 3176 3669 3248">
     <span class='ocr_line' id='line_1_62' title="bbox 2070 3176 3669 3248; baseline -0.003 -14"><span class='ocrx_word' id='word_1_465' title='bbox 2070 3177 2309 3248; x_wconf 90' lang='lat' dir='ltr'><strong>percutit</strong></span> <span class='ocrx_word' id='word_1_466' title='bbox 2333 3177 2630 3248; x_wconf 88' lang='lat' dir='ltr'><strong>quemlibet</strong></span> <span class='ocrx_word' id='word_1_467' title='bbox 2654 3177 2742 3233; x_wconf 90' lang='lat' dir='ltr'><strong>vel</strong></span> <span class='ocrx_word' id='word_1_468' title='bbox 2766 3177 2991 3244; x_wconf 88' lang='lat' dir='ltr'><strong>occidit,</strong></span> <span class='ocrx_word' id='word_1_469' title='bbox 3021 3192 3122 3232; x_wconf 91' lang='lat' dir='ltr'><strong>nec</strong></span> <span class='ocrx_word' id='word_1_470' title='bbox 3150 3176 3364 3248; x_wconf 88' lang='lat' dir='ltr'><strong>parcit,</strong></span> <span class='ocrx_word' id='word_1_471' title='bbox 3401 3191 3511 3232; x_wconf 91' lang='lat' dir='ltr'><strong>non</strong></span> <span class='ocrx_word' id='word_1_472' title='bbox 3539 3190 3669 3246; x_wconf 88' lang='lat' dir='ltr'><strong>per-</strong></span> 
     </span>
    </p>
   </div>
   <div class='ocr_carea' id='block_1_63' title="bbox 380 3243 3670 3342">
    <p class='ocr_par' dir='ltr' id='par_1_63' title="bbox 380 3243 3670 3342">
     <span class='ocr_line' id='line_1_63' title="bbox 380 3243 3670 3342; baseline 0.002 -24"><span class='ocrx_word' id='word_1_473' title='bbox 380 3285 399 3316; x_wconf 81' lang='grc'><strong><em>‹</em></strong></span> <span class='ocrx_word' id='word_1_474' title='bbox 435 3263 588 3322; x_wconf 91' lang='lat' dir='ltr'><strong>Tunc</strong></span> <span class='ocrx_word' id='word_1_475' title='bbox 619 3282 730 3322; x_wconf 90' lang='lat' dir='ltr'><strong>non</strong></span> <span class='ocrx_word' id='word_1_476' title='bbox 758 3243 1210 3326; x_wconf 24' lang='lat' dir='ltr'><strong>confundarﬁduin</strong></span> <span class='ocrx_word' id='word_1_477' title='bbox 1257 3243 1493 3342; x_wconf 74' lang='lat' dir='ltr'><strong>respicio</strong></span> <span class='ocrx_word' id='word_1_478' title='bbox 1519 3271 1575 3328; x_wconf 92' lang='lat' dir='ltr'><strong>in</strong></span> <span class='ocrx_word' id='word_1_479' title='bbox 1599 3272 1782 3328; x_wconf 89' lang='lat' dir='ltr'><strong>omnia</strong></span> <span class='ocrx_word' id='word_1_480' title='bbox 1813 3288 1969 3329; x_wconf 86' lang='lat' dir='ltr'><strong>man—</strong></span> <span class='ocrx_word' id='word_1_481' title='bbox 1993 3243 2042 3308; x_wconf 65' lang='grc' dir='ltr'>ο</span> <span class='ocrx_word' id='word_1_482' title='bbox 2072 3243 2441 3326; x_wconf 74' lang='lat' dir='ltr'><strong>turbatiouem</strong></span> <span class='ocrx_word' id='word_1_483' title='bbox 2477 3270 2644 3326; x_wconf 91' lang='lat' dir='ltr'><strong>ullam</strong></span> <span class='ocrx_word' id='word_1_484' title='bbox 2683 3271 2741 3327; x_wconf 90' lang='lat' dir='ltr'><strong>in</strong></span> <span class='ocrx_word' id='word_1_485' title='bbox 2785 3271 3080 3342; x_wconf 89' lang='lat' dir='ltr'><strong>semetipso</strong></span> <span class='ocrx_word' id='word_1_486' title='bbox 3117 3243 3304 3338; x_wconf 77' lang='lat' dir='ltr'><strong>sentit,</strong></span> <span class='ocrx_word' id='word_1_487' title='bbox 3337 3270 3434 3326; x_wconf 89' lang='lat' dir='ltr'><strong>sed</strong></span> <span class='ocrx_word' id='word_1_488' title='bbox 3453 3243 3670 3342; x_wconf 75' lang='lat' dir='ltr'><strong>quietus</strong></span> 
     </span>
    </p>
   </div>
   <div class='ocr_carea' id='block_1_64' title="bbox 376 3356 1972 3436">
    <p class='ocr_par' dir='ltr' id='par_1_64' title="bbox 376 3356 1972 3436">
     <span class='ocr_line' id='line_1_64' title="bbox 376 3356 1972 3436; baseline 0.006 -24"><span class='ocrx_word' id='word_1_489' title='bbox 376 3356 503 3414; x_wconf 89' lang='lat' dir='ltr'><strong>data</strong></span> <span class='ocrx_word' id='word_1_490' title='bbox 527 3367 619 3414; x_wconf 89' lang='lat' dir='ltr'><strong>tua</strong></span> <span class='ocrx_word' id='word_1_491' title='bbox 649 3359 824 3431; x_wconf 68' lang='lat' dir='ltr'><strong>(Paul.</strong></span> <span class='ocrx_word' id='word_1_492' title='bbox 852 3361 1066 3435; x_wconf 83' lang='lat' dir='ltr'><strong>cxvm).</strong></span> <span class='ocrx_word' id='word_1_493' title='bbox 1091 3382 1112 3417; x_wconf 74' lang='grc' dir='ltr'><strong><em>ι</em></strong></span> <span class='ocrx_word' id='word_1_494' title='bbox 1137 3362 1394 3420; x_wconf 87' lang='lat' dir='ltr'><strong>Graviter</strong></span> <span class='ocrx_word' id='word_1_495' title='bbox 1421 3380 1657 3436; x_wconf 89' lang='lat' dir='ltr'><strong>namque</strong></span> <span class='ocrx_word' id='word_1_496' title='bbox 1682 3366 1972 3436; x_wconf 85' lang='lat' dir='ltr'><strong>unusquis-</strong></span> 
     </span>
    </p>
   </div>
   <div class='ocr_carea' id='block_1_65' title="bbox 376 3449 1967 3528">
    <p class='ocr_par' dir='ltr' id='par_1_65' title="bbox 376 3449 1967 3528">
     <span class='ocr_line' id='line_1_65' title="bbox 376 3449 1967 3528; baseline 0.006 -25"><span class='ocrx_word' id='word_1_497' title='bbox 376 3463 483 3519; x_wconf 91' lang='lat' dir='ltr'><strong>que</strong></span> <span class='ocrx_word' id='word_1_498' title='bbox 521 3449 872 3508; x_wconf 83' lang='lat' dir='ltr'><strong>confunditur</strong></span> <span class='ocrx_word' id='word_1_499' title='bbox 893 3493 909 3520; x_wconf 91' lang='lat'><strong>,</strong></span> <span class='ocrx_word' id='word_1_500' title='bbox 933 3455 1440 3524; x_wconf 74' lang='lat' dir='ltr'><strong>quando,mandata</strong></span> <span class='ocrx_word' id='word_1_501' title='bbox 1463 3456 1580 3522; x_wconf 90' lang='lat' dir='ltr'><strong>Dei,</strong></span> <span class='ocrx_word' id='word_1_502' title='bbox 1612 3457 1700 3512; x_wconf 90' lang='lat' dir='ltr'><strong>vel</strong></span> <span class='ocrx_word' id='word_1_503' title='bbox 1719 3457 1967 3528; x_wconf 88' lang='lat' dir='ltr'><strong>legendo,</strong></span> 
     </span>
    </p>
   </div>
   <div class='ocr_carea' id='block_1_66' title="bbox 376 3538 1972 3620">
    <p class='ocr_par' dir='ltr' id='par_1_66' title="bbox 376 3538 1972 3620">
     <span class='ocr_line' id='line_1_66' title="bbox 376 3538 1972 3620; baseline 0.009 -27"><span class='ocrx_word' id='word_1_504' title='bbox 376 3538 463 3595; x_wconf 89' lang='lat' dir='ltr'><strong>vel</strong></span> <span class='ocrx_word' id='word_1_505' title='bbox 491 3539 760 3597; x_wconf 90' lang='lat' dir='ltr'><strong>audiendo</strong></span> <span class='ocrx_word' id='word_1_506' title='bbox 782 3543 1022 3614; x_wconf 91' lang='lat' dir='ltr'><strong>respicit,</strong></span> <span class='ocrx_word' id='word_1_507' title='bbox 1052 3546 1146 3615; x_wconf 91' lang='lat' dir='ltr'><strong>qui</strong></span> <span class='ocrx_word' id='word_1_508' title='bbox 1187 3546 1418 3603; x_wconf 89' lang='lat' dir='ltr'><strong>vivendo</strong></span> <span class='ocrx_word' id='word_1_509' title='bbox 1456 3549 1800 3620; x_wconf 89' lang='lat' dir='ltr'><strong>contempsit.</strong></span> <span class='ocrx_word' id='word_1_510' title='bbox 1833 3549 1972 3607; x_wconf 79' lang='lat' dir='ltr'><strong>Hinc</strong></span> 
     </span>
    </p>
   </div>
   <div class='ocr_carea' id='block_1_67' title="bbox 362 3630 1972 3703">
    <p class='ocr_par' dir='ltr' id='par_1_67' title="bbox 362 3630 1972 3703">
     <span class='ocr_line' id='line_1_67' title="bbox 362 3630 1972 3703; baseline 0.007 -18"><span class='ocrx_word' id='word_1_511' title='bbox 362 3647 592 3703; x_wconf 23' lang='lat' dir='ltr'><strong>[quoque</strong></span> <span class='ocrx_word' id='word_1_512' title='bbox 619 3630 844 3690; x_wconf 87' lang='lat' dir='ltr'><strong>Joannis</strong></span> <span class='ocrx_word' id='word_1_513' title='bbox 867 3649 999 3691; x_wconf 86' lang='lat' dir='ltr'><strong>voce</strong></span> <span class='ocrx_word' id='word_1_514' title='bbox 1025 3635 1227 3693; x_wconf 90' lang='lat' dir='ltr'><strong>dicitur</strong></span> <span class='ocrx_word' id='word_1_515' title='bbox 1258 3657 1273 3693; x_wconf 89' lang='lat'><strong>:</strong></span> <span class='ocrx_word' id='word_1_516' title='bbox 1309 3657 1330 3691; x_wconf 75' lang='grc' dir='ltr'>ι</span> <span class='ocrx_word' id='word_1_517' title='bbox 1370 3638 1430 3694; x_wconf 89' lang='lat' dir='ltr'><strong>Si</strong></span> <span class='ocrx_word' id='word_1_518' title='bbox 1467 3654 1564 3695; x_wconf 90' lang='lat' dir='ltr'><strong>cor</strong></span> <span class='ocrx_word' id='word_1_519' title='bbox 1585 3649 1831 3696; x_wconf 91' lang='lat' dir='ltr'><strong>nostrum</strong></span> <span class='ocrx_word' id='word_1_520' title='bbox 1860 3656 1972 3697; x_wconf 88' lang='lat' dir='ltr'><strong>non</strong></span> 
     </span>
    </p>
   </div>
   <div class='ocr_carea' id='block_1_68' title="bbox 378 3725 1974 3802">
    <p class='ocr_par' dir='ltr' id='par_1_68' title="bbox 378 3725 1974 3802">
     <span class='ocr_line' id='line_1_68' title="bbox 378 3725 1974 3802; baseline 0.008 -23"><span class='ocrx_word' id='word_1_521' title='bbox 378 3725 790 3796; x_wconf 89' lang='lat' dir='ltr'><strong>reprehenderit</strong></span> <span class='ocrx_word' id='word_1_522' title='bbox 832 3743 934 3784; x_wconf 91' lang='lat' dir='ltr'><strong>nos</strong></span> <span class='ocrx_word' id='word_1_523' title='bbox 958 3769 974 3796; x_wconf 92' lang='lat'><strong>,</strong></span> <span class='ocrx_word' id='word_1_524' title='bbox 1008 3729 1260 3787; x_wconf 86' lang='lat' dir='ltr'><strong>ﬁduciam</strong></span> <span class='ocrx_word' id='word_1_525' title='bbox 1303 3732 1569 3789; x_wconf 88' lang='lat' dir='ltr'><strong>habemus</strong></span> <span class='ocrx_word' id='word_1_526' title='bbox 1597 3734 1666 3789; x_wconf 93' lang='lat' dir='ltr'><strong>ad</strong></span> <span class='ocrx_word' id='word_1_527' title='bbox 1699 3735 1890 3802; x_wconf 88' lang='lat' dir='ltr'><strong>Deum,</strong></span> <span class='ocrx_word' id='word_1_528' title='bbox 1917 3744 1974 3791; x_wconf 91' lang='lat' dir='ltr'><strong>et</strong></span> 
     </span>
    </p>
   </div>
   <div class='ocr_carea' id='block_1_69' title="bbox 377 3817 1966 3898">
    <p class='ocr_par' dir='ltr' id='par_1_69' title="bbox 377 3817 1966 3898">
     <span class='ocr_line' id='line_1_69' title="bbox 377 3817 1966 3898; baseline 0.004 -28"><span class='ocrx_word' id='word_1_529' title='bbox 377 3817 639 3888; x_wconf 90' lang='lat' dir='ltr'><strong>quidquid</strong></span> <span class='ocrx_word' id='word_1_530' title='bbox 667 3819 984 3889; x_wconf 89' lang='lat' dir='ltr'><strong>petierimus</strong></span> <span class='ocrx_word' id='word_1_531' title='bbox 1004 3822 1072 3877; x_wconf 91' lang='lat' dir='ltr'><strong>ab</strong></span> <span class='ocrx_word' id='word_1_532' title='bbox 1092 3836 1160 3878; x_wconf 90' lang='lat' dir='ltr'><strong>eo</strong></span> <span class='ocrx_word' id='word_1_533' title='bbox 1187 3823 1516 3894; x_wconf 89' lang='lat' dir='ltr'><strong>accipiemus</strong></span> <span class='ocrx_word' id='word_1_534' title='bbox 1545 3823 1599 3896; x_wconf 90' lang='grc' dir='ltr'><strong>(ι</strong></span> <span class='ocrx_word' id='word_1_535' title='bbox 1620 3824 1781 3880; x_wconf 84' lang='lat' dir='ltr'><strong>Joan.</strong></span> <span class='ocrx_word' id='word_1_536' title='bbox 1809 3824 1924 3898; x_wconf 75' lang='lat' dir='ltr'><strong>in);</strong></span> <span class='ocrx_word' id='word_1_537' title='bbox 1947 3845 1966 3877; x_wconf 77' lang='grc' dir='ltr'><strong>ι</strong></span> 
     </span>
    </p>
   </div>
   <div class='ocr_carea' id='block_1_70' title="bbox 378 3908 1973 3988">
    <p class='ocr_par' dir='ltr' id='par_1_70' title="bbox 378 3908 1973 3988">
     <span class='ocr_line' id='line_1_70' title="bbox 378 3908 1973 3988; baseline 0.008 -26"><span class='ocrx_word' id='word_1_538' title='bbox 378 3922 445 3963; x_wconf 91' lang='lat' dir='ltr'><strong>ac</strong></span> <span class='ocrx_word' id='word_1_539' title='bbox 474 3908 520 3964; x_wconf 92' lang='lat' dir='ltr'><strong>si</strong></span> <span class='ocrx_word' id='word_1_540' title='bbox 549 3909 755 3965; x_wconf 89' lang='lat' dir='ltr'><strong>diceret</strong></span> <span class='ocrx_word' id='word_1_541' title='bbox 782 3927 798 3966; x_wconf 87' lang='lat'><strong>:</strong></span> <span class='ocrx_word' id='word_1_542' title='bbox 823 3910 880 3967; x_wconf 89' lang='lat' dir='ltr'><strong>Si</strong></span> <span class='ocrx_word' id='word_1_543' title='bbox 913 3912 967 3967; x_wconf 92' lang='lat' dir='ltr'><strong>id</strong></span> <span class='ocrx_word' id='word_1_544' title='bbox 992 3914 1135 3983; x_wconf 90' lang='lat' dir='ltr'><strong>quod</strong></span> <span class='ocrx_word' id='word_1_545' title='bbox 1172 3915 1419 3985; x_wconf 73' lang='lat' dir='ltr'><strong>praecipit</strong></span> <span class='ocrx_word' id='word_1_546' title='bbox 1449 3915 1679 3971; x_wconf 81' lang='lat' dir='ltr'><strong>facimus</strong></span> <span class='ocrx_word' id='word_1_547' title='bbox 1700 3957 1715 3982; x_wconf 92' lang='lat'><strong>,</strong></span> <span class='ocrx_word' id='word_1_548' title='bbox 1743 3917 1798 3972; x_wconf 89' lang='lat' dir='ltr'><strong>id</strong></span> <span class='ocrx_word' id='word_1_549' title='bbox 1829 3918 1973 3988; x_wconf 87' lang='lat' dir='ltr'><strong>quod</strong></span> 
     </span>
    </p>
   </div>
   <div class='ocr_carea' id='block_1_71' title="bbox 377 4000 1973 4079">
    <p class='ocr_par' dir='ltr' id='par_1_71' title="bbox 377 4000 1973 4079">
     <span class='ocr_line' id='line_1_71' title="bbox 377 4000 1973 4079; baseline 0.006 -23"><span class='ocrx_word' id='word_1_550' title='bbox 377 4000 612 4071; x_wconf 88' lang='lat' dir='ltr'><strong>petimus</strong></span> <span class='ocrx_word' id='word_1_551' title='bbox 636 4002 1024 4061; x_wconf 91' lang='lat' dir='ltr'><strong>obtinebimus.</strong></span> <span class='ocrx_word' id='word_1_552' title='bbox 1056 4005 1225 4062; x_wconf 83' lang='lat' dir='ltr'><strong>Valde</strong></span> <span class='ocrx_word' id='word_1_553' title='bbox 1254 4023 1488 4078; x_wconf 89' lang='lat' dir='ltr'><strong>namque</strong></span> <span class='ocrx_word' id='word_1_554' title='bbox 1513 4008 1656 4079; x_wconf 88' lang='lat' dir='ltr'><strong>apud</strong></span> <span class='ocrx_word' id='word_1_555' title='bbox 1682 4007 1973 4065; x_wconf 89' lang='lat' dir='ltr'><strong>Dominum</strong></span> 
     </span>
    </p>
   </div>
   <div class='ocr_carea' id='block_1_72' title="bbox 379 4096 1975 4171">
    <p class='ocr_par' dir='ltr' id='par_1_72' title="bbox 379 4096 1975 4171">
     <span class='ocr_line' id='line_1_72' title="bbox 379 4096 1975 4171; baseline 0.007 -25"><span class='ocrx_word' id='word_1_556' title='bbox 379 4100 609 4164; x_wconf 89' lang='lat' dir='ltr'><strong>utraque</strong></span> <span class='ocrx_word' id='word_1_557' title='bbox 643 4096 758 4150; x_wconf 82' lang='lat' dir='ltr'><strong>haec</strong></span> <span class='ocrx_word' id='word_1_558' title='bbox 793 4097 895 4152; x_wconf 91' lang='lat' dir='ltr'><strong>sibi</strong></span> <span class='ocrx_word' id='word_1_559' title='bbox 943 4100 1258 4156; x_wconf 88' lang='lat' dir='ltr'><strong>necessario</strong></span> <span class='ocrx_word' id='word_1_560' title='bbox 1298 4109 1644 4171; x_wconf 82' lang='lat' dir='ltr'><strong>congruunt,</strong></span> <span class='ocrx_word' id='word_1_561' title='bbox 1686 4108 1750 4156; x_wconf 91' lang='lat' dir='ltr'><strong>ut</strong></span> <span class='ocrx_word' id='word_1_562' title='bbox 1775 4109 1830 4156; x_wconf 91' lang='lat' dir='ltr'><strong>et</strong></span> <span class='ocrx_word' id='word_1_563' title='bbox 1849 4116 1975 4157; x_wconf 89' lang='lat' dir='ltr'><strong>ora-</strong></span> 
     </span>
    </p>
   </div>
   <div class='ocr_carea' id='block_1_73' title="bbox 361 4186 1974 4260">
    <p class='ocr_par' dir='ltr' id='par_1_73' title="bbox 361 4186 1974 4260">
     <span class='ocr_line' id='line_1_73' title="bbox 361 4186 1974 4260; baseline 0.005 -19"><span class='ocrx_word' id='word_1_564' title='bbox 361 4186 526 4243; x_wconf 85' lang='lat' dir='ltr'><strong>-tione</strong></span> <span class='ocrx_word' id='word_1_565' title='bbox 556 4189 804 4258; x_wconf 84' lang='lat' dir='ltr'><strong>operatio</strong></span> <span class='ocrx_word' id='word_1_566' title='bbox 827 4230 842 4255; x_wconf 94' lang='lat'><strong>,</strong></span> <span class='ocrx_word' id='word_1_567' title='bbox 873 4198 930 4245; x_wconf 93' lang='lat' dir='ltr'><strong>et</strong></span> <span class='ocrx_word' id='word_1_568' title='bbox 968 4191 1285 4260; x_wconf 90' lang='lat' dir='ltr'><strong>operatione</strong></span> <span class='ocrx_word' id='word_1_569' title='bbox 1315 4191 1572 4248; x_wconf 87' lang='lat' dir='ltr'><strong>fulciatur</strong></span> <span class='ocrx_word' id='word_1_570' title='bbox 1595 4193 1790 4249; x_wconf 91' lang='lat' dir='ltr'><strong>oratio.</strong></span> <span class='ocrx_word' id='word_1_571' title='bbox 1835 4191 1974 4249; x_wconf 80' lang='lat' dir='ltr'><strong>Hinc</strong></span> 
     </span>
    </p>
   </div>
   <div class='ocr_carea' id='block_1_74' title="bbox 379 4277 1969 4354">
    <p class='ocr_par' dir='ltr' id='par_1_74' title="bbox 379 4277 1969 4354">
     <span class='ocr_line' id='line_1_74' title="bbox 379 4277 1969 4354; baseline 0.006 -23"><span class='ocrx_word' id='word_1_572' title='bbox 379 4284 434 4331; x_wconf 87' lang='lat' dir='ltr'><strong>et</strong></span> <span class='ocrx_word' id='word_1_573' title='bbox 476 4277 638 4333; x_wconf 89' lang='lat' dir='ltr'><strong>modo</strong></span> <span class='ocrx_word' id='word_1_574' title='bbox 677 4277 946 4336; x_wconf 90' lang='lat' dir='ltr'><strong>Jeremias</strong></span> <span class='ocrx_word' id='word_1_575' title='bbox 979 4281 1100 4338; x_wconf 88' lang='lat' dir='ltr'><strong>ait:</strong></span> <span class='ocrx_word' id='word_1_576' title='bbox 1131 4301 1150 4334; x_wconf 72' lang='grc' dir='ltr'>ι</span> <span class='ocrx_word' id='word_1_577' title='bbox 1190 4282 1510 4339; x_wconf 87' lang='lat' dir='ltr'><strong>Scrutemur</strong></span> <span class='ocrx_word' id='word_1_578' title='bbox 1544 4284 1663 4340; x_wconf 90' lang='lat' dir='ltr'><strong>vias</strong></span> <span class='ocrx_word' id='word_1_579' title='bbox 1709 4292 1929 4341; x_wconf 92' lang='lat' dir='ltr'><strong>nostras</strong></span> <span class='ocrx_word' id='word_1_580' title='bbox 1952 4327 1969 4354; x_wconf 91' lang='lat'><strong>,</strong></span> 
     </span>
    </p>
   </div>
   <div class='ocr_carea' id='block_1_75' title="bbox 380 4374 1974 4442">
    <p class='ocr_par' dir='ltr' id='par_1_75' title="bbox 380 4374 1974 4442">
     <span class='ocr_line' id='line_1_75' title="bbox 380 4374 1974 4442; baseline 0.005 -18"><span class='ocrx_word' id='word_1_581' title='bbox 380 4378 436 4425; x_wconf 90' lang='lat' dir='ltr'><strong>et</strong></span> <span class='ocrx_word' id='word_1_582' title='bbox 459 4385 766 4440; x_wconf 76' lang='lat' dir='ltr'><strong>quaeramus</strong></span> <span class='ocrx_word' id='word_1_583' title='bbox 793 4380 852 4428; x_wconf 89' lang='lat' dir='ltr'><strong>et</strong></span> <span class='ocrx_word' id='word_1_584' title='bbox 879 4381 1224 4430; x_wconf 88' lang='lat' dir='ltr'><strong>revertamur</strong></span> <span class='ocrx_word' id='word_1_585' title='bbox 1266 4375 1335 4430; x_wconf 90' lang='lat' dir='ltr'><strong>ad</strong></span> <span class='ocrx_word' id='word_1_586' title='bbox 1385 4374 1695 4442; x_wconf 89' lang='lat' dir='ltr'><strong>Dominum,</strong></span> <span class='ocrx_word' id='word_1_587' title='bbox 1731 4376 1974 4433; x_wconf 85' lang='lat' dir='ltr'><strong>levemus</strong></span> 
     </span>
    </p>
   </div>
   <div class='ocr_carea' id='block_1_76' title="bbox 381 4465 1964 4526">
    <p class='ocr_par' dir='ltr' id='par_1_76' title="bbox 381 4465 1964 4526">
     <span class='ocr_line' id='line_1_76' title="bbox 381 4465 1964 4526; baseline 0.006 -9"><span class='ocrx_word' id='word_1_588' title='bbox 381 4465 544 4518; x_wconf 91' lang='lat' dir='ltr'><strong>corda</strong></span> <span class='ocrx_word' id='word_1_589' title='bbox 571 4474 761 4520; x_wconf 89' lang='lat' dir='ltr'><strong>nostra</strong></span> <span class='ocrx_word' id='word_1_590' title='bbox 805 4481 931 4522; x_wconf 88' lang='lat' dir='ltr'><strong>cum</strong></span> <span class='ocrx_word' id='word_1_591' title='bbox 972 4467 1226 4523; x_wconf 89' lang='lat' dir='ltr'><strong>manibus</strong></span> <span class='ocrx_word' id='word_1_592' title='bbox 1277 4468 1347 4523; x_wconf 89' lang='lat' dir='ltr'><strong>ad</strong></span> <span class='ocrx_word' id='word_1_593' title='bbox 1390 4467 1562 4524; x_wconf 87' lang='lat' dir='ltr'><strong>Deum</strong></span> <span class='ocrx_word' id='word_1_594' title='bbox 1618 4469 1675 4524; x_wconf 92' lang='lat' dir='ltr'><strong>in</strong></span> <span class='ocrx_word' id='word_1_595' title='bbox 1724 4470 1913 4526; x_wconf 62' lang='lat' dir='ltr'><strong>caelos.</strong></span> <span class='ocrx_word' id='word_1_596' title='bbox 1945 4489 1964 4526; x_wconf 74' lang='grc' dir='ltr'><strong><em>ι</em></strong></span> 
     </span>
    </p>
   </div>
   <div class='ocr_carea' id='block_1_77' title="bbox 381 4551 1990 4631">
    <p class='ocr_par' dir='ltr' id='par_1_77' title="bbox 381 4551 1990 4631">
     <span class='ocr_line' id='line_1_77' title="bbox 381 4551 1990 4631; baseline 0.007 -24"><span class='ocrx_word' id='word_1_597' title='bbox 381 4551 511 4608; x_wconf 85' lang='lat' dir='ltr'><strong>Vias</strong></span> <span class='ocrx_word' id='word_1_598' title='bbox 542 4555 742 4610; x_wconf 90' lang='lat' dir='ltr'><strong>etenim</strong></span> <span class='ocrx_word' id='word_1_599' title='bbox 792 4565 1008 4612; x_wconf 90' lang='lat' dir='ltr'><strong>nostras</strong></span> <span class='ocrx_word' id='word_1_600' title='bbox 1051 4561 1304 4624; x_wconf 90' lang='lat' dir='ltr'><strong>scrutari,</strong></span> <span class='ocrx_word' id='word_1_601' title='bbox 1336 4567 1422 4615; x_wconf 86' lang='lat' dir='ltr'><strong>est</strong></span> <span class='ocrx_word' id='word_1_602' title='bbox 1451 4561 1840 4631; x_wconf 83' lang='lat' dir='ltr'><strong>cogitationum</strong></span> <span class='ocrx_word' id='word_1_603' title='bbox 1888 4563 1990 4618; x_wconf 59' lang='lat' dir='ltr'><strong>in-&#39;</strong></span> 
     </span>
    </p>
   </div>
   <div class='ocr_carea' id='block_1_78' title="bbox 383 4645 1970 4725">
    <p class='ocr_par' dir='ltr' id='par_1_78' title="bbox 383 4645 1970 4725">
     <span class='ocr_line' id='line_1_78' title="bbox 383 4645 1970 4725; baseline 0.008 -26"><span class='ocrx_word' id='word_1_604' title='bbox 383 4653 538 4701; x_wconf 87' lang='lat' dir='ltr'><strong>terna</strong></span> <span class='ocrx_word' id='word_1_605' title='bbox 569 4645 858 4704; x_wconf 90' lang='lat' dir='ltr'><strong>discutere.</strong></span> <span class='ocrx_word' id='word_1_606' title='bbox 891 4648 999 4705; x_wconf 89' lang='lat' dir='ltr'><strong>Cor</strong></span> <span class='ocrx_word' id='word_1_607' title='bbox 1025 4665 1159 4707; x_wconf 91' lang='lat' dir='ltr'><strong>vero</strong></span> <span class='ocrx_word' id='word_1_608' title='bbox 1197 4667 1323 4708; x_wconf 88' lang='lat' dir='ltr'><strong>cum</strong></span> <span class='ocrx_word' id='word_1_609' title='bbox 1349 4653 1602 4708; x_wconf 88' lang='lat' dir='ltr'><strong>manibus</strong></span> <span class='ocrx_word' id='word_1_610' title='bbox 1645 4653 1829 4722; x_wconf 88' lang='lat' dir='ltr'><strong>levat,</strong></span> <span class='ocrx_word' id='word_1_611' title='bbox 1858 4656 1970 4725; x_wconf 84' lang='lat' dir='ltr'><strong>qui</strong></span> 
     </span>
    </p>
   </div>
   <div class='ocr_carea' id='block_1_79' title="bbox 379 4737 1973 4816">
    <p class='ocr_par' dir='ltr' id='par_1_79' title="bbox 379 4737 1973 4816">
     <span class='ocr_line' id='line_1_79' title="bbox 379 4737 1973 4816; baseline 0.006 -25"><span class='ocrx_word' id='word_1_612' title='bbox 379 4737 680 4794; x_wconf 89' lang='lat' dir='ltr'><strong>orationem</strong></span> <span class='ocrx_word' id='word_1_613' title='bbox 722 4755 878 4796; x_wconf 90' lang='lat' dir='ltr'><strong>suam</strong></span> <span class='ocrx_word' id='word_1_614' title='bbox 931 4743 1187 4812; x_wconf 83' lang='lat' dir='ltr'><strong>Operibus</strong></span> <span class='ocrx_word' id='word_1_615' title='bbox 1243 4744 1484 4800; x_wconf 89' lang='lat' dir='ltr'><strong>roborat.</strong></span> <span class='ocrx_word' id='word_1_616' title='bbox 1545 4742 1682 4799; x_wconf 87' lang='lat' dir='ltr'><strong>Nam</strong></span> <span class='ocrx_word' id='word_1_617' title='bbox 1723 4745 1973 4816; x_wconf 89' lang='lat' dir='ltr'><strong>quisquis</strong></span> 
     </span>
    </p>
   </div>
   <div class='ocr_carea' id='block_1_80' title="bbox 380 4830 1972 4902">
    <p class='ocr_par' dir='ltr' id='par_1_80' title="bbox 380 4830 1972 4902">
     <span class='ocr_line' id='line_1_80' title="bbox 380 4830 1972 4902; baseline 0.006 -20"><span class='ocrx_word' id='word_1_618' title='bbox 380 4838 522 4896; x_wconf 85' lang='lat' dir='ltr'><strong>orat,</strong></span> <span class='ocrx_word' id='word_1_619' title='bbox 541 4830 639 4886; x_wconf 90' lang='lat' dir='ltr'><strong>sed</strong></span> <span class='ocrx_word' id='word_1_620' title='bbox 659 4833 878 4902; x_wconf 86' lang='lat' dir='ltr'><strong>operari</strong></span> <span class='ocrx_word' id='word_1_621' title='bbox 902 4832 1228 4900; x_wconf 90' lang='lat' dir='ltr'><strong>dissimulat,</strong></span> <span class='ocrx_word' id='word_1_622' title='bbox 1253 4850 1348 4890; x_wconf 91' lang='lat' dir='ltr'><strong>cor</strong></span> <span class='ocrx_word' id='word_1_623' title='bbox 1373 4834 1541 4901; x_wconf 90' lang='lat' dir='ltr'><strong>levat,</strong></span> <span class='ocrx_word' id='word_1_624' title='bbox 1565 4842 1621 4890; x_wconf 91' lang='lat' dir='ltr'><strong>et</strong></span> <span class='ocrx_word' id='word_1_625' title='bbox 1644 4850 1839 4890; x_wconf 89' lang='lat' dir='ltr'><strong>manus</strong></span> <span class='ocrx_word' id='word_1_626' title='bbox 1861 4850 1972 4892; x_wconf 89' lang='lat' dir='ltr'><strong>non</strong></span> 
     </span>
    </p>
   </div>
   <div class='ocr_carea' id='block_1_81' title="bbox 378 4921 1972 4998">
    <p class='ocr_par' dir='ltr' id='par_1_81' title="bbox 378 4921 1972 4998">
     <span class='ocr_line' id='line_1_81' title="bbox 378 4921 1972 4998; baseline 0.005 -22"><span class='ocrx_word' id='word_1_627' title='bbox 378 4921 521 4977; x_wconf 89' lang='lat' dir='ltr'><strong>levat</strong></span> <span class='ocrx_word' id='word_1_628' title='bbox 560 4941 574 4978; x_wconf 89' lang='lat'><strong>:</strong></span> <span class='ocrx_word' id='word_1_629' title='bbox 624 4924 874 4995; x_wconf 85' lang='lat' dir='ltr'><strong>quisquis</strong></span> <span class='ocrx_word' id='word_1_630' title='bbox 898 4941 1032 4983; x_wconf 90' lang='lat' dir='ltr'><strong>vero</strong></span> <span class='ocrx_word' id='word_1_631' title='bbox 1067 4935 1325 4998; x_wconf 88' lang='lat' dir='ltr'><strong>operatur</strong></span> <span class='ocrx_word' id='word_1_632' title='bbox 1366 4935 1424 4982; x_wconf 92' lang='lat' dir='ltr'><strong>et</strong></span> <span class='ocrx_word' id='word_1_633' title='bbox 1469 4942 1580 4983; x_wconf 91' lang='lat' dir='ltr'><strong>non</strong></span> <span class='ocrx_word' id='word_1_634' title='bbox 1605 4936 1748 4995; x_wconf 90' lang='lat' dir='ltr'><strong>orat,</strong></span> <span class='ocrx_word' id='word_1_635' title='bbox 1778 4943 1972 4985; x_wconf 89' lang='lat' dir='ltr'><strong>manus</strong></span> 
     </span>
    </p>
   </div>
   <div class='ocr_carea' id='block_1_82' title="bbox 380 5015 1972 5093">
    <p class='ocr_par' dir='ltr' id='par_1_82' title="bbox 380 5015 1972 5093">
     <span class='ocr_line' id='line_1_82' title="bbox 380 5015 1972 5093; baseline 0.006 -23"><span class='ocrx_word' id='word_1_636' title='bbox 380 5015 542 5084; x_wconf 90' lang='lat' dir='ltr'><strong>levat,</strong></span> <span class='ocrx_word' id='word_1_637' title='bbox 573 5026 628 5073; x_wconf 91' lang='lat' dir='ltr'><strong>et</strong></span> <span class='ocrx_word' id='word_1_638' title='bbox 667 5033 765 5075; x_wconf 91' lang='lat' dir='ltr'><strong>cor</strong></span> <span class='ocrx_word' id='word_1_639' title='bbox 809 5035 919 5076; x_wconf 91' lang='lat' dir='ltr'><strong>non</strong></span> <span class='ocrx_word' id='word_1_640' title='bbox 952 5019 1116 5077; x_wconf 90' lang='lat' dir='ltr'><strong>levat.</strong></span> <span class='ocrx_word' id='word_1_641' title='bbox 1167 5021 1330 5076; x_wconf 84' lang='lat' dir='ltr'><strong>Juxta</strong></span> <span class='ocrx_word' id='word_1_642' title='bbox 1369 5037 1500 5093; x_wconf 89' lang='lat' dir='ltr'><strong>ergo</strong></span> <span class='ocrx_word' id='word_1_643' title='bbox 1526 5021 1751 5078; x_wconf 86' lang='lat' dir='ltr'><strong>Joannis</strong></span> <span class='ocrx_word' id='word_1_644' title='bbox 1781 5038 1972 5079; x_wconf 90' lang='lat' dir='ltr'><strong>vocem</strong></span> 
     </span>
    </p>
   </div>
   <div class='ocr_carea' id='block_1_83' title="bbox 383 5109 1974 5182">
    <p class='ocr_par' dir='ltr' id='par_1_83' title="bbox 383 5109 1974 5182">
     <span class='ocr_line' id='line_1_83' title="bbox 383 5109 1974 5182; baseline 0.007 -22"><span class='ocrx_word' id='word_1_645' title='bbox 383 5115 508 5163; x_wconf 92' lang='lat' dir='ltr'><strong>tunc</strong></span> <span class='ocrx_word' id='word_1_646' title='bbox 531 5123 628 5164; x_wconf 84' lang='lat' dir='ltr'><strong>cor</strong></span> <span class='ocrx_word' id='word_1_647' title='bbox 645 5109 902 5166; x_wconf 84' lang='lat' dir='ltr'><strong>fiduciam</strong></span> <span class='ocrx_word' id='word_1_648' title='bbox 931 5111 987 5166; x_wconf 92' lang='lat' dir='ltr'><strong>in</strong></span> <span class='ocrx_word' id='word_1_649' title='bbox 1022 5112 1271 5168; x_wconf 90' lang='lat' dir='ltr'><strong>oratione</strong></span> <span class='ocrx_word' id='word_1_650' title='bbox 1296 5113 1529 5182; x_wconf 89' lang='lat' dir='ltr'><strong>accipit,</strong></span> <span class='ocrx_word' id='word_1_651' title='bbox 1558 5129 1681 5168; x_wconf 90' lang='lat' dir='ltr'><strong>cum</strong></span> <span class='ocrx_word' id='word_1_652' title='bbox 1712 5113 1816 5169; x_wconf 88' lang='lat' dir='ltr'><strong>sibi</strong></span> <span class='ocrx_word' id='word_1_653' title='bbox 1849 5114 1974 5171; x_wconf 65' lang='lat' dir='ltr'><strong>vitae</strong></span> 
     </span>
    </p>
   </div>
   <div class='ocr_carea' id='block_1_84' title="bbox 379 5203 1974 5277">
    <p class='ocr_par' dir='ltr' id='par_1_84' title="bbox 379 5203 1974 5277">
     <span class='ocr_line' id='line_1_84' title="bbox 379 5203 1974 5277; baseline 0.006 -23"><span class='ocrx_word' id='word_1_654' title='bbox 379 5203 618 5270; x_wconf 89' lang='lat' dir='ltr'><strong>pravitas</strong></span> <span class='ocrx_word' id='word_1_655' title='bbox 641 5204 789 5260; x_wconf 89' lang='lat' dir='ltr'><strong>nulla</strong></span> <span class='ocrx_word' id='word_1_656' title='bbox 816 5205 1159 5275; x_wconf 88' lang='lat' dir='ltr'><strong>contradicit,</strong></span> <span class='ocrx_word' id='word_1_657' title='bbox 1207 5214 1264 5263; x_wconf 90' lang='lat' dir='ltr'><strong>et</strong></span> <span class='ocrx_word' id='word_1_658' title='bbox 1286 5206 1552 5262; x_wconf 88' lang='lat' dir='ltr'><strong>bonorum</strong></span> <span class='ocrx_word' id='word_1_659' title='bbox 1576 5221 1802 5277; x_wconf 91' lang='lat' dir='ltr'><strong>operum</strong></span> <span class='ocrx_word' id='word_1_660' title='bbox 1830 5207 1974 5264; x_wconf 90' lang='lat' dir='ltr'><strong>actio</strong></span> 
     </span>
    </p>
   </div>
   <div class='ocr_carea' id='block_1_85' title="bbox 379 5299 910 5359">
    <p class='ocr_par' dir='ltr' id='par_1_85' title="bbox 379 5299 910 5359">
     <span class='ocr_line' id='line_1_85' title="bbox 379 5299 910 5359; baseline 0.011 -7"><span class='ocrx_word' id='word_1_661' title='bbox 379 5299 613 5355; x_wconf 87' lang='lat' dir='ltr'><strong>orationi</strong></span> <span class='ocrx_word' id='word_1_662' title='bbox 643 5303 910 5359; x_wconf 80' lang='lat' dir='ltr'><strong>concinit.</strong></span> 
     </span>
    </p>
   </div>
   <div class='ocr_carea' id='block_1_86' title="bbox 450 5391 1972 5472">
    <p class='ocr_par' dir='ltr' id='par_1_86' title="bbox 450 5391 1972 5472">
     <span class='ocr_line' id='line_1_86' title="bbox 450 5391 1972 5472; baseline 0.008 -28"><span class='ocrx_word' id='word_1_663' title='bbox 450 5391 600 5447; x_wconf 85' lang='lat' dir='ltr'><strong>Nun.</strong></span> <span class='ocrx_word' id='word_1_664' title='bbox 633 5411 654 5446; x_wconf 69' lang='grc' dir='ltr'>ι</span> <span class='ocrx_word' id='word_1_665' title='bbox 687 5394 797 5453; x_wconf 86' lang='lat' dir='ltr'><strong>Nos</strong></span> <span class='ocrx_word' id='word_1_666' title='bbox 820 5397 1006 5468; x_wconf 88' lang='lat' dir='ltr'><strong>inique</strong></span> <span class='ocrx_word' id='word_1_667' title='bbox 1041 5400 1277 5471; x_wconf 88' lang='lat' dir='ltr'><strong>egimus,</strong></span> <span class='ocrx_word' id='word_1_668' title='bbox 1300 5406 1357 5453; x_wconf 91' lang='lat' dir='ltr'><strong>et</strong></span> <span class='ocrx_word' id='word_1_669' title='bbox 1378 5398 1448 5455; x_wconf 91' lang='lat' dir='ltr'><strong>ad</strong></span> <span class='ocrx_word' id='word_1_670' title='bbox 1471 5397 1812 5454; x_wconf 86' lang='lat' dir='ltr'><strong>iracundiam</strong></span> <span class='ocrx_word' id='word_1_671' title='bbox 1847 5413 1972 5472; x_wconf 91' lang='lat' dir='ltr'><strong>pro-</strong></span> 
     </span>
    </p>
   </div>
   <div class='ocr_carea' id='block_1_87' title="bbox 385 5484 1969 5560">
    <p class='ocr_par' dir='ltr' id='par_1_87' title="bbox 385 5484 1969 5560">
     <span class='ocr_line' id='line_1_87' title="bbox 385 5484 1969 5560; baseline 0.008 -26"><span class='ocrx_word' id='word_1_672' title='bbox 385 5498 406 5532; x_wconf 73' lang='grc' dir='ltr'>ι</span> <span class='ocrx_word' id='word_1_673' title='bbox 446 5484 756 5541; x_wconf 88' lang='lat' dir='ltr'><strong>vocavimus</strong></span> <span class='ocrx_word' id='word_1_674' title='bbox 786 5527 802 5552; x_wconf 88' lang='lat'><strong>,</strong></span> <span class='ocrx_word' id='word_1_675' title='bbox 852 5488 1054 5545; x_wconf 90' lang='lat' dir='ltr'><strong>idcirco</strong></span> <span class='ocrx_word' id='word_1_676' title='bbox 1107 5500 1162 5545; x_wconf 91' lang='lat' dir='ltr'><strong>tu</strong></span> <span class='ocrx_word' id='word_1_677' title='bbox 1208 5489 1560 5546; x_wconf 77' lang='lat' dir='ltr'><strong>inexorabilis</strong></span> <span class='ocrx_word' id='word_1_678' title='bbox 1583 5504 1662 5546; x_wconf 94' lang='lat' dir='ltr'><strong>es.</strong></span> <span class='ocrx_word' id='word_1_679' title='bbox 1689 5510 1708 5543; x_wconf 84' lang='grc'>›</span> <span class='ocrx_word' id='word_1_680' title='bbox 1737 5489 1969 5560; x_wconf 87' lang='lat' dir='ltr'><strong>Propter</strong></span> 
     </span>
    </p>
   </div>
   <div class='ocr_carea' id='block_1_88' title="bbox 380 5577 1967 5656">
    <p class='ocr_par' dir='ltr' id='par_1_88' title="bbox 380 5577 1967 5656">
     <span class='ocr_line' id='line_1_88' title="bbox 380 5577 1967 5656; baseline 0.006 -27"><span class='ocrx_word' id='word_1_681' title='bbox 380 5583 605 5646; x_wconf 88' lang='lat' dir='ltr'><strong>peccata</strong></span> <span class='ocrx_word' id='word_1_682' title='bbox 638 5577 782 5632; x_wconf 88' lang='lat' dir='ltr'><strong>enim</strong></span> <span class='ocrx_word' id='word_1_683' title='bbox 829 5581 1017 5650; x_wconf 87' lang='lat' dir='ltr'><strong>populi</strong></span> <span class='ocrx_word' id='word_1_684' title='bbox 1061 5593 1116 5637; x_wconf 88' lang='lat' dir='ltr'><strong>et</strong></span> <span class='ocrx_word' id='word_1_685' title='bbox 1166 5583 1624 5656; x_wconf 87' lang='lat' dir='ltr'><strong>transgressiones</strong></span> <span class='ocrx_word' id='word_1_686' title='bbox 1665 5583 1928 5654; x_wconf 89' lang='lat' dir='ltr'><strong>plurimas</strong></span> <span class='ocrx_word' id='word_1_687' title='bbox 1950 5624 1967 5650; x_wconf 95' lang='lat'><strong>,</strong></span> 
     </span>
    </p>
   </div>
   <div class='ocr_carea' id='block_1_89' title="bbox 377 5669 1968 5739">
    <p class='ocr_par' dir='ltr' id='par_1_89' title="bbox 377 5669 1968 5739">
     <span class='ocr_line' id='line_1_89' title="bbox 377 5669 1968 5739; baseline 0.006 -16"><span class='ocrx_word' id='word_1_688' title='bbox 377 5682 516 5739; x_wconf 88' lang='lat' dir='ltr'><strong>quas</strong></span> <span class='ocrx_word' id='word_1_689' title='bbox 559 5669 628 5725; x_wconf 91' lang='lat' dir='ltr'><strong>ab</strong></span> <span class='ocrx_word' id='word_1_690' title='bbox 667 5670 821 5725; x_wconf 92' lang='lat' dir='ltr'><strong>initio</strong></span> <span class='ocrx_word' id='word_1_691' title='bbox 869 5671 1115 5729; x_wconf 83' lang='lat' dir='ltr'><strong>fecerunt</strong></span> <span class='ocrx_word' id='word_1_692' title='bbox 1154 5675 1444 5732; x_wconf 91' lang='lat' dir='ltr'><strong>Dominum</strong></span> <span class='ocrx_word' id='word_1_693' title='bbox 1501 5677 1570 5732; x_wconf 89' lang='lat' dir='ltr'><strong>ad</strong></span> <span class='ocrx_word' id='word_1_694' title='bbox 1599 5677 1968 5733; x_wconf 81' lang='lat' dir='ltr'><strong>iracundiam</strong></span> 
     </span>
    </p>
   </div>
   <div class='ocr_carea' id='block_1_90' title="bbox 377 5764 1967 5842">
    <p class='ocr_par' dir='ltr' id='par_1_90' title="bbox 377 5764 1967 5842">
     <span class='ocr_line' id='line_1_90' title="bbox 377 5764 1967 5842; baseline 0.006 -24"><span class='ocrx_word' id='word_1_695' title='bbox 377 5773 761 5834; x_wconf 90' lang='lat' dir='ltr'><strong>provocantes,</strong></span> <span class='ocrx_word' id='word_1_696' title='bbox 783 5764 942 5822; x_wconf 89' lang='lat' dir='ltr'><strong>simul</strong></span> <span class='ocrx_word' id='word_1_697' title='bbox 971 5782 1095 5823; x_wconf 90' lang='lat' dir='ltr'><strong>cum</strong></span> <span class='ocrx_word' id='word_1_698' title='bbox 1120 5770 1339 5827; x_wconf 87' lang='lat' dir='ltr'><strong>civitate</strong></span> <span class='ocrx_word' id='word_1_699' title='bbox 1359 5769 1598 5842; x_wconf 91' lang='lat' dir='ltr'><strong>disperdi</strong></span> <span class='ocrx_word' id='word_1_700' title='bbox 1627 5779 1967 5839; x_wconf 90' lang='lat' dir='ltr'><strong>meruerunt,</strong></span> 
     </span>
    </p>
   </div>
   <div class='ocr_carea' id='block_1_91' title="bbox 379 5853 1971 5929">
    <p class='ocr_par' dir='ltr' id='par_1_91' title="bbox 379 5853 1971 5929">
     <span class='ocr_line' id='line_1_91' title="bbox 379 5853 1971 5929; baseline 0.008 -22"><span class='ocrx_word' id='word_1_701' title='bbox 379 5869 479 5909; x_wconf 90' lang='lat' dir='ltr'><strong>nec</strong></span> <span class='ocrx_word' id='word_1_702' title='bbox 513 5853 626 5926; x_wconf 87' lang='lat' dir='ltr'><strong>jam</strong></span> <span class='ocrx_word' id='word_1_703' title='bbox 669 5853 817 5928; x_wconf 90' lang='lat' dir='ltr'><strong>digni</strong></span> <span class='ocrx_word' id='word_1_704' title='bbox 852 5856 1072 5915; x_wconf 87' lang='lat' dir='ltr'><strong>fuerunt</strong></span> <span class='ocrx_word' id='word_1_705' title='bbox 1101 5859 1282 5928; x_wconf 90' lang='lat' dir='ltr'><strong>venia,</strong></span> <span class='ocrx_word' id='word_1_706' title='bbox 1307 5859 1400 5929; x_wconf 91' lang='lat' dir='ltr'><strong>qui</strong></span> <span class='ocrx_word' id='word_1_707' title='bbox 1422 5858 1622 5918; x_wconf 90' lang='lat' dir='ltr'><strong>Filium</strong></span> <span class='ocrx_word' id='word_1_708' title='bbox 1656 5859 1752 5918; x_wconf 90' lang='lat' dir='ltr'><strong>Dei</strong></span> <span class='ocrx_word' id='word_1_709' title='bbox 1789 5860 1858 5917; x_wconf 90' lang='lat' dir='ltr'><strong>ad</strong></span> <span class='ocrx_word' id='word_1_710' title='bbox 1910 5875 1971 5920; x_wconf 85' lang='lat' dir='ltr'><strong>se</strong></span> 
     </span>
    </p>
   </div>
   <div class='ocr_carea' id='block_1_92' title="bbox 2075 3363 3706 3437">
    <p class='ocr_par' dir='ltr' id='par_1_92' title="bbox 2075 3363 3706 3437">
     <span class='ocr_line' id='line_1_92' title="bbox 2075 3363 3706 3437; baseline 0.001 -20"><span class='ocrx_word' id='word_1_711' title='bbox 2075 3363 2160 3420; x_wconf 93' lang='lat' dir='ltr'><strong>vel</strong></span> <span class='ocrx_word' id='word_1_712' title='bbox 2185 3363 2431 3435; x_wconf 89' lang='lat' dir='ltr'><strong>placidus</strong></span> <span class='ocrx_word' id='word_1_713' title='bbox 2459 3404 2475 3431; x_wconf 95' lang='lat'><strong>,</strong></span> <span class='ocrx_word' id='word_1_714' title='bbox 2525 3379 2650 3420; x_wconf 90' lang='lat' dir='ltr'><strong>reos</strong></span> <span class='ocrx_word' id='word_1_715' title='bbox 2677 3364 2889 3422; x_wconf 88' lang='lat' dir='ltr'><strong>debitas</strong></span> <span class='ocrx_word' id='word_1_716' title='bbox 2917 3379 3111 3436; x_wconf 72' lang='lat' dir='ltr'><strong>pmnas</strong></span> <span class='ocrx_word' id='word_1_717' title='bbox 3157 3366 3368 3423; x_wconf 88' lang='lat' dir='ltr'><strong>solvere</strong></span> <span class='ocrx_word' id='word_1_718' title='bbox 3395 3365 3559 3437; x_wconf 85' lang='lat' dir='ltr'><strong>cogit.</strong></span> <span class='ocrx_word' id='word_1_719' title='bbox 3593 3364 3670 3420; x_wconf 88' lang='lat' dir='ltr'><strong>De</strong></span> <span class='ocrx_word' id='word_1_720' title='bbox 3693 3418 3706 3436; x_wconf 18' lang='grc' dir='ltr'><strong>,λ</strong></span> 
     </span>
    </p>
   </div>
   <div class='ocr_carea' id='block_1_93' title="bbox 2075 3457 2701 3526">
    <p class='ocr_par' dir='ltr' id='par_1_93' title="bbox 2075 3457 2701 3526">
     <span class='ocr_line' id='line_1_93' title="bbox 2075 3457 2701 3526; baseline 0.002 -14"><span class='ocrx_word' id='word_1_721' title='bbox 2075 3471 2184 3526; x_wconf 90' lang='lat' dir='ltr'><strong>quo</strong></span> <span class='ocrx_word' id='word_1_722' title='bbox 2209 3457 2389 3514; x_wconf 88' lang='lat' dir='ltr'><strong>adhuc</strong></span> <span class='ocrx_word' id='word_1_723' title='bbox 2414 3457 2701 3514; x_wconf 87' lang='lat' dir='ltr'><strong>subditur:</strong></span> 
     </span>
    </p>
   </div>
   <div class='ocr_carea' id='block_1_94' title="bbox 2146 3544 3672 3619">
    <p class='ocr_par' dir='ltr' id='par_1_94' title="bbox 2146 3544 3672 3619">
     <span class='ocr_line' id='line_1_94' title="bbox 2146 3544 3672 3619; baseline 0.003 -18"><span class='ocrx_word' id='word_1_724' title='bbox 2146 3544 2396 3603; x_wconf 79' lang='lat' dir='ltr'><strong>Samech.</strong></span> <span class='ocrx_word' id='word_1_725' title='bbox 2437 3566 2457 3600; x_wconf 73' lang='grc' dir='ltr'><strong><em>ι</em></strong></span> <span class='ocrx_word' id='word_1_726' title='bbox 2494 3547 2807 3619; x_wconf 90' lang='lat' dir='ltr'><strong>Opposuisti</strong></span> <span class='ocrx_word' id='word_1_727' title='bbox 2859 3549 3063 3606; x_wconf 89' lang='lat' dir='ltr'><strong>nubem</strong></span> <span class='ocrx_word' id='word_1_728' title='bbox 3118 3547 3261 3618; x_wconf 83' lang='lat' dir='ltr'><strong>tibi,</strong></span> <span class='ocrx_word' id='word_1_729' title='bbox 3318 3566 3390 3607; x_wconf 88' lang='lat' dir='ltr'><strong>ne</strong></span> <span class='ocrx_word' id='word_1_730' title='bbox 3431 3559 3672 3608; x_wconf 87' lang='lat' dir='ltr'><strong>transeat</strong></span> 
     </span>
    </p>
   </div>
   <div class='ocr_carea' id='block_1_95' title="bbox 2081 3636 3670 3711">
    <p class='ocr_par' dir='ltr' id='par_1_95' title="bbox 2081 3636 3670 3711">
     <span class='ocr_line' id='line_1_95' title="bbox 2081 3636 3670 3711; baseline 0.005 -21"><span class='ocrx_word' id='word_1_731' title='bbox 2081 3657 2102 3690; x_wconf 74' lang='grc' dir='ltr'>ι</span> <span class='ocrx_word' id='word_1_732' title='bbox 2147 3637 2343 3694; x_wconf 88' lang='lat' dir='ltr'><strong>oratio.</strong></span> <span class='ocrx_word' id='word_1_733' title='bbox 2379 3656 2399 3690; x_wconf 71' lang='grc' dir='ltr'><strong><em>ι</em></strong></span> <span class='ocrx_word' id='word_1_734' title='bbox 2431 3636 2643 3695; x_wconf 81' lang='lat' dir='ltr'><strong>Nubem</strong></span> <span class='ocrx_word' id='word_1_735' title='bbox 2672 3639 2777 3695; x_wconf 91' lang='lat' dir='ltr'><strong>sibi</strong></span> <span class='ocrx_word' id='word_1_736' title='bbox 2796 3654 3071 3711; x_wconf 90' lang='lat' dir='ltr'><strong>opponere</strong></span> <span class='ocrx_word' id='word_1_737' title='bbox 3097 3641 3296 3697; x_wconf 89' lang='lat' dir='ltr'><strong>dicitur</strong></span> <span class='ocrx_word' id='word_1_738' title='bbox 3336 3644 3500 3708; x_wconf 90' lang='lat' dir='ltr'><strong>Deus,</strong></span> <span class='ocrx_word' id='word_1_739' title='bbox 3546 3659 3670 3698; x_wconf 87' lang='lat' dir='ltr'><strong>cum</strong></span> 
     </span>
    </p>
   </div>
   <div class='ocr_carea' id='block_1_96' title="bbox 2076 3726 3722 3803">
    <p class='ocr_par' dir='ltr' id='par_1_96' title="bbox 2076 3726 3722 3803">
     <span class='ocr_line' id='line_1_96' title="bbox 2076 3726 3722 3803; baseline 0.004 -21"><span class='ocrx_word' id='word_1_740' title='bbox 2076 3726 2318 3800; x_wconf 84' lang='lat' dir='ltr'><strong>ingratas</strong></span> <span class='ocrx_word' id='word_1_741' title='bbox 2340 3741 2534 3798; x_wconf 90' lang='lat' dir='ltr'><strong>preces</strong></span> <span class='ocrx_word' id='word_1_742' title='bbox 2559 3728 2860 3799; x_wconf 86' lang='lat' dir='ltr'><strong>petentium</strong></span> <span class='ocrx_word' id='word_1_743' title='bbox 2889 3730 3151 3786; x_wconf 82' lang='lat' dir='ltr'><strong>exaudire</strong></span> <span class='ocrx_word' id='word_1_744' title='bbox 3194 3731 3550 3803; x_wconf 87' lang='lat' dir='ltr'><strong>dedignatur,</strong></span> <span class='ocrx_word' id='word_1_745' title='bbox 3596 3733 3672 3788; x_wconf 84' lang='lat' dir='ltr'><strong>ita</strong></span> <span class='ocrx_word' id='word_1_746' title='bbox 3717 3743 3722 3750; x_wconf 88' lang='lat'>&#39;</span> 
     </span>
    </p>
   </div>
   <div class='ocr_carea' id='block_1_97' title="bbox 2077 3820 3676 3897">
    <p class='ocr_par' dir='ltr' id='par_1_97' title="bbox 2077 3820 3676 3897">
     <span class='ocr_line' id='line_1_97' title="bbox 2077 3820 3676 3897; baseline 0.004 -22"><span class='ocrx_word' id='word_1_747' title='bbox 2077 3820 2251 3878; x_wconf 89' lang='lat' dir='ltr'><strong>nubes</strong></span> <span class='ocrx_word' id='word_1_748' title='bbox 2278 3821 2529 3892; x_wconf 89' lang='lat' dir='ltr'><strong>opposita</strong></span> <span class='ocrx_word' id='word_1_749' title='bbox 2557 3823 2794 3879; x_wconf 91' lang='lat' dir='ltr'><strong>orationi</strong></span> <span class='ocrx_word' id='word_1_750' title='bbox 2820 3824 3037 3880; x_wconf 86' lang='lat' dir='ltr'><strong>videtur</strong></span> <span class='ocrx_word' id='word_1_751' title='bbox 3060 3865 3076 3890; x_wconf 92' lang='lat'><strong>,</strong></span> <span class='ocrx_word' id='word_1_752' title='bbox 3107 3839 3229 3880; x_wconf 92' lang='lat' dir='ltr'><strong>cum</strong></span> <span class='ocrx_word' id='word_1_753' title='bbox 3281 3825 3512 3896; x_wconf 88' lang='lat' dir='ltr'><strong>caligine</strong></span> <span class='ocrx_word' id='word_1_754' title='bbox 3541 3842 3676 3897; x_wconf 89' lang='lat' dir='ltr'><strong>qua-</strong></span> 
     </span>
    </p>
   </div>
   <div class='ocr_carea' id='block_1_98' title="bbox 2078 3913 3674 3985">
    <p class='ocr_par' dir='ltr' id='par_1_98' title="bbox 2078 3913 3674 3985">
     <span class='ocr_line' id='line_1_98' title="bbox 2078 3913 3674 3985; baseline 0.004 -17"><span class='ocrx_word' id='word_1_755' title='bbox 2078 3913 2203 3968; x_wconf 89' lang='lat' dir='ltr'><strong>dam</strong></span> <span class='ocrx_word' id='word_1_756' title='bbox 2231 3922 2288 3968; x_wconf 93' lang='lat' dir='ltr'><strong>et</strong></span> <span class='ocrx_word' id='word_1_757' title='bbox 2315 3914 2501 3970; x_wconf 88' lang='lat' dir='ltr'><strong>nubilo</strong></span> <span class='ocrx_word' id='word_1_758' title='bbox 2527 3913 2788 3971; x_wconf 84' lang='lat' dir='ltr'><strong>caecitatis</strong></span> <span class='ocrx_word' id='word_1_759' title='bbox 2812 3930 2970 3971; x_wconf 91' lang='lat' dir='ltr'><strong>mens</strong></span> <span class='ocrx_word' id='word_1_760' title='bbox 2995 3916 3325 3985; x_wconf 88' lang='lat' dir='ltr'><strong>obvolvitur,</strong></span> <span class='ocrx_word' id='word_1_761' title='bbox 3374 3933 3476 3974; x_wconf 90' lang='lat' dir='ltr'><strong>nec</strong></span> <span class='ocrx_word' id='word_1_762' title='bbox 3519 3918 3674 3974; x_wconf 86' lang='lat' dir='ltr'><strong>radio</strong></span> 
     </span>
    </p>
   </div>
   <div class='ocr_carea' id='block_1_99' title="bbox 2077 4007 3674 4084">
    <p class='ocr_par' dir='ltr' id='par_1_99' title="bbox 2077 4007 3674 4084">
     <span class='ocr_line' id='line_1_99' title="bbox 2077 4007 3674 4084; baseline 0.002 -22"><span class='ocrx_word' id='word_1_763' title='bbox 2077 4007 2275 4063; x_wconf 66' lang='lat' dir='ltr'><strong>divinae</strong></span> <span class='ocrx_word' id='word_1_764' title='bbox 2327 4007 2804 4078; x_wconf 89' lang='lat' dir='ltr'><strong>contemplationis</strong></span> <span class='ocrx_word' id='word_1_765' title='bbox 2846 4008 3108 4065; x_wconf 86' lang='lat' dir='ltr'><strong>illustrari</strong></span> <span class='ocrx_word' id='word_1_766' title='bbox 3147 4019 3443 4066; x_wconf 89' lang='lat' dir='ltr'><strong>mereatur.</strong></span> <span class='ocrx_word' id='word_1_767' title='bbox 3469 4008 3674 4084; x_wconf 83' lang='lat' dir='ltr'><strong>(Greg.)</strong></span> 
     </span>
    </p>
   </div>
   <div class='ocr_carea' id='block_1_100' title="bbox 2077 4096 3676 4170">
    <p class='ocr_par' dir='ltr' id='par_1_100' title="bbox 2077 4096 3676 4170">
     <span class='ocr_line' id='line_1_100' title="bbox 2077 4096 3676 4170; baseline 0.004 -17"><span class='ocrx_word' id='word_1_768' title='bbox 2077 4096 2213 4153; x_wconf 89' lang='lat' dir='ltr'><strong>Cum</strong></span> <span class='ocrx_word' id='word_1_769' title='bbox 2262 4097 2406 4154; x_wconf 91' lang='lat' dir='ltr'><strong>Deus</strong></span> <span class='ocrx_word' id='word_1_770' title='bbox 2443 4099 2500 4154; x_wconf 92' lang='lat' dir='ltr'><strong>in</strong></span> <span class='ocrx_word' id='word_1_771' title='bbox 2525 4098 2775 4155; x_wconf 91' lang='lat' dir='ltr'><strong>oratione</strong></span> <span class='ocrx_word' id='word_1_772' title='bbox 2801 4114 2910 4155; x_wconf 91' lang='lat' dir='ltr'><strong>non</strong></span> <span class='ocrx_word' id='word_1_773' title='bbox 2938 4100 3219 4170; x_wconf 84' lang='lat' dir='ltr'><strong>quaeritur,</strong></span> <span class='ocrx_word' id='word_1_774' title='bbox 3249 4101 3413 4158; x_wconf 86' lang='lat' dir='ltr'><strong>citius</strong></span> <span class='ocrx_word' id='word_1_775' title='bbox 3461 4103 3676 4159; x_wconf 88' lang='lat' dir='ltr'><strong>animus</strong></span> 
     </span>
    </p>
   </div>
   <div class='ocr_carea' id='block_1_101' title="bbox 2076 4189 3678 4266">
    <p class='ocr_par' dir='ltr' id='par_1_101' title="bbox 2076 4189 3678 4266">
     <span class='ocr_line' id='line_1_101' title="bbox 2076 4189 3678 4266; baseline 0.003 -21"><span class='ocrx_word' id='word_1_776' title='bbox 2076 4189 2134 4245; x_wconf 90' lang='lat' dir='ltr'><strong>in</strong></span> <span class='ocrx_word' id='word_1_777' title='bbox 2183 4190 2433 4247; x_wconf 91' lang='lat' dir='ltr'><strong>oratione</strong></span> <span class='ocrx_word' id='word_1_778' title='bbox 2478 4191 2715 4247; x_wconf 89' lang='lat' dir='ltr'><strong>lassatur</strong></span> <span class='ocrx_word' id='word_1_779' title='bbox 2756 4207 2772 4248; x_wconf 89' lang='lat'><strong>:</strong></span> <span class='ocrx_word' id='word_1_780' title='bbox 2825 4193 2953 4264; x_wconf 84' lang='lat' dir='ltr'><strong>quia</strong></span> <span class='ocrx_word' id='word_1_781' title='bbox 3005 4209 3132 4248; x_wconf 89' lang='lat' dir='ltr'><strong>cum</strong></span> <span class='ocrx_word' id='word_1_782' title='bbox 3179 4193 3270 4248; x_wconf 90' lang='lat' dir='ltr'><strong>illa</strong></span> <span class='ocrx_word' id='word_1_783' title='bbox 3317 4195 3547 4266; x_wconf 86' lang='lat' dir='ltr'><strong>quisque</strong></span> <span class='ocrx_word' id='word_1_784' title='bbox 3579 4209 3678 4265; x_wconf 84' lang='lat' dir='ltr'><strong>po-</strong></span> 
     </span>
    </p>
   </div>
   <div class='ocr_carea' id='block_1_102' title="bbox 2075 4284 3678 4358">
    <p class='ocr_par' dir='ltr' id='par_1_102' title="bbox 2075 4284 3678 4358">
     <span class='ocr_line' id='line_1_102' title="bbox 2075 4284 3678 4358; baseline 0.002 -17"><span class='ocrx_word' id='word_1_785' title='bbox 2075 4284 2260 4352; x_wconf 87' lang='lat' dir='ltr'><strong>stulat,</strong></span> <span class='ocrx_word' id='word_1_786' title='bbox 2292 4301 2414 4356; x_wconf 72' lang='lat' dir='ltr'><strong>quae</strong></span> <span class='ocrx_word' id='word_1_787' title='bbox 2462 4285 2697 4342; x_wconf 78' lang='lat' dir='ltr'><strong>fortasse</strong></span> <span class='ocrx_word' id='word_1_788' title='bbox 2725 4286 2886 4358; x_wconf 85' lang='lat' dir='ltr'><strong>juxta</strong></span> <span class='ocrx_word' id='word_1_789' title='bbox 2931 4286 3204 4344; x_wconf 90' lang='lat' dir='ltr'><strong>occultum</strong></span> <span class='ocrx_word' id='word_1_790' title='bbox 3239 4287 3502 4357; x_wconf 88' lang='lat' dir='ltr'><strong>judicium</strong></span> <span class='ocrx_word' id='word_1_791' title='bbox 3531 4287 3678 4345; x_wconf 87' lang='lat' dir='ltr'><strong>Deus</strong></span> 
     </span>
    </p>
   </div>
   <div class='ocr_carea' id='block_1_103' title="bbox 2077 4381 3674 4453">
    <p class='ocr_par' dir='ltr' id='par_1_103' title="bbox 2077 4381 3674 4453">
     <span class='ocr_line' id='line_1_103' title="bbox 2077 4381 3674 4453; baseline 0 -16"><span class='ocrx_word' id='word_1_792' title='bbox 2077 4381 2379 4437; x_wconf 87' lang='lat' dir='ltr'><strong>retribuere</strong></span> <span class='ocrx_word' id='word_1_793' title='bbox 2418 4390 2656 4449; x_wconf 90' lang='lat' dir='ltr'><strong>recusat,</strong></span> <span class='ocrx_word' id='word_1_794' title='bbox 2697 4382 2800 4453; x_wconf 89' lang='lat' dir='ltr'><strong>ipsi</strong></span> <span class='ocrx_word' id='word_1_795' title='bbox 2842 4396 3058 4453; x_wconf 90' lang='lat' dir='ltr'><strong>quoque</strong></span> <span class='ocrx_word' id='word_1_796' title='bbox 3104 4381 3254 4437; x_wconf 88' lang='lat' dir='ltr'><strong>venit</strong></span> <span class='ocrx_word' id='word_1_797' title='bbox 3278 4382 3333 4436; x_wconf 91' lang='lat' dir='ltr'><strong>in</strong></span> <span class='ocrx_word' id='word_1_798' title='bbox 3365 4381 3674 4451; x_wconf 88' lang='lat' dir='ltr'><strong>fastidium,</strong></span> 
     </span>
    </p>
   </div>
   <div class='ocr_carea' id='block_1_104' title="bbox 2075 4473 3678 4545">
    <p class='ocr_par' dir='ltr' id='par_1_104' title="bbox 2075 4473 3678 4545">
     <span class='ocr_line' id='line_1_104' title="bbox 2075 4473 3678 4545; baseline -0.001 -15"><span class='ocrx_word' id='word_1_799' title='bbox 2075 4475 2170 4545; x_wconf 90' lang='lat' dir='ltr'><strong>qui</strong></span> <span class='ocrx_word' id='word_1_800' title='bbox 2195 4490 2305 4530; x_wconf 92' lang='lat' dir='ltr'><strong>non</strong></span> <span class='ocrx_word' id='word_1_801' title='bbox 2355 4473 2473 4530; x_wconf 87' lang='lat' dir='ltr'><strong>vult</strong></span> <span class='ocrx_word' id='word_1_802' title='bbox 2517 4475 2652 4530; x_wconf 90' lang='lat' dir='ltr'><strong>dare</strong></span> <span class='ocrx_word' id='word_1_803' title='bbox 2693 4475 2839 4545; x_wconf 88' lang='lat' dir='ltr'><strong>quod</strong></span> <span class='ocrx_word' id='word_1_804' title='bbox 2876 4484 3109 4530; x_wconf 89' lang='lat' dir='ltr'><strong>amatur.</strong></span> <span class='ocrx_word' id='word_1_805' title='bbox 3161 4473 3425 4531; x_wconf 90' lang='lat' dir='ltr'><strong>Conditor</strong></span> <span class='ocrx_word' id='word_1_806' title='bbox 3459 4475 3678 4530; x_wconf 88' lang='lat' dir='ltr'><strong>univer-</strong></span> 
     </span>
    </p>
   </div>
   <div class='ocr_carea' id='block_1_105' title="bbox 2075 4566 3673 4638">
    <p class='ocr_par' dir='ltr' id='par_1_105' title="bbox 2075 4566 3673 4638">
     <span class='ocr_line' id='line_1_105' title="bbox 2075 4566 3673 4638; baseline 0.001 -16"><span class='ocrx_word' id='word_1_807' title='bbox 2075 4568 2253 4623; x_wconf 90' lang='lat' dir='ltr'><strong>sitatis</strong></span> <span class='ocrx_word' id='word_1_808' title='bbox 2325 4566 2586 4622; x_wconf 91' lang='lat' dir='ltr'><strong>Dominus</strong></span> <span class='ocrx_word' id='word_1_809' title='bbox 2644 4583 2703 4622; x_wconf 91' lang='lat' dir='ltr'><strong>se</strong></span> <span class='ocrx_word' id='word_1_810' title='bbox 2774 4569 2949 4638; x_wconf 87' lang='lat' dir='ltr'><strong>magis</strong></span> <span class='ocrx_word' id='word_1_811' title='bbox 3013 4582 3175 4638; x_wconf 89' lang='lat' dir='ltr'><strong>quam</strong></span> <span class='ocrx_word' id='word_1_812' title='bbox 3244 4583 3307 4623; x_wconf 85' lang='lat' dir='ltr'><strong>ea</strong></span> <span class='ocrx_word' id='word_1_813' title='bbox 3359 4582 3480 4637; x_wconf 77' lang='lat' dir='ltr'><strong>quae</strong></span> <span class='ocrx_word' id='word_1_814' title='bbox 3539 4583 3673 4623; x_wconf 90' lang='lat' dir='ltr'><strong>con-</strong></span> 
     </span>
    </p>
   </div>
   <div class='ocr_carea' id='block_1_106' title="bbox 2080 4657 3674 4728">
    <p class='ocr_par' dir='ltr' id='par_1_106' title="bbox 2080 4657 3674 4728">
     <span class='ocr_line' id='line_1_106' title="bbox 2080 4657 3674 4728; baseline 0 -14"><span class='ocrx_word' id='word_1_815' title='bbox 2080 4660 2214 4714; x_wconf 92' lang='lat' dir='ltr'><strong>didit</strong></span> <span class='ocrx_word' id='word_1_816' title='bbox 2240 4657 2358 4713; x_wconf 90' lang='lat' dir='ltr'><strong>vult</strong></span> <span class='ocrx_word' id='word_1_817' title='bbox 2407 4658 2618 4724; x_wconf 90' lang='lat' dir='ltr'><strong>amari,</strong></span> <span class='ocrx_word' id='word_1_818' title='bbox 2658 4666 2714 4712; x_wconf 92' lang='lat' dir='ltr'><strong>et</strong></span> <span class='ocrx_word' id='word_1_819' title='bbox 2767 4667 2971 4714; x_wconf 64' lang='lat' dir='ltr'><strong>aeterna</strong></span> <span class='ocrx_word' id='word_1_820' title='bbox 3020 4659 3201 4728; x_wconf 90' lang='lat' dir='ltr'><strong>potius</strong></span> <span class='ocrx_word' id='word_1_821' title='bbox 3237 4673 3400 4728; x_wconf 90' lang='lat' dir='ltr'><strong>quam</strong></span> <span class='ocrx_word' id='word_1_822' title='bbox 3458 4666 3674 4715; x_wconf 87' lang='lat' dir='ltr'><strong>terrena</strong></span> 
     </span>
    </p>
   </div>
   <div class='ocr_carea' id='block_1_107' title="bbox 2079 4749 3676 4820">
    <p class='ocr_par' dir='ltr' id='par_1_107' title="bbox 2079 4749 3676 4820">
     <span class='ocr_line' id='line_1_107' title="bbox 2079 4749 3676 4820; baseline 0.002 -14"><span class='ocrx_word' id='word_1_823' title='bbox 2079 4749 2383 4820; x_wconf 87' lang='lat' dir='ltr'><strong>postulari,</strong></span> <span class='ocrx_word' id='word_1_824' title='bbox 2443 4765 2566 4804; x_wconf 90' lang='lat' dir='ltr'><strong>cum</strong></span> <span class='ocrx_word' id='word_1_825' title='bbox 2608 4751 2800 4807; x_wconf 90' lang='lat' dir='ltr'><strong>eadem</strong></span> <span class='ocrx_word' id='word_1_826' title='bbox 2841 4750 3059 4807; x_wconf 82' lang='lat' dir='ltr'><strong>Veritas</strong></span> <span class='ocrx_word' id='word_1_827' title='bbox 3108 4751 3254 4806; x_wconf 89' lang='lat' dir='ltr'><strong>dicat</strong></span> <span class='ocrx_word' id='word_1_828' title='bbox 3303 4769 3318 4808; x_wconf 91' lang='lat'><strong>:</strong></span> <span class='ocrx_word' id='word_1_829' title='bbox 3381 4769 3400 4803; x_wconf 87' lang='grc'><strong><em>‹</em></strong></span> <span class='ocrx_word' id='word_1_830' title='bbox 3435 4750 3676 4820; x_wconf 64' lang='grc' dir='ltr'><strong>ρυωτὶιθ</strong></span> 
     </span>
    </p>
   </div>
   <div class='ocr_carea' id='block_1_108' title="bbox 2081 4841 3675 4914">
    <p class='ocr_par' dir='ltr' id='par_1_108' title="bbox 2081 4841 3675 4914">
     <span class='ocr_line' id='line_1_108' title="bbox 2081 4841 3675 4914; baseline 0.003 -18"><span class='ocrx_word' id='word_1_831' title='bbox 2081 4849 2261 4897; x_wconf 88' lang='lat' dir='ltr'><strong>autem</strong></span> <span class='ocrx_word' id='word_1_832' title='bbox 2289 4841 2523 4912; x_wconf 91' lang='lat' dir='ltr'><strong>primum</strong></span> <span class='ocrx_word' id='word_1_833' title='bbox 2554 4857 2781 4914; x_wconf 86' lang='lat' dir='ltr'><strong>regnum</strong></span> <span class='ocrx_word' id='word_1_834' title='bbox 2810 4843 2906 4899; x_wconf 93' lang='lat' dir='ltr'><strong>Dei</strong></span> <span class='ocrx_word' id='word_1_835' title='bbox 2931 4842 3270 4912; x_wconf 89' lang='lat' dir='ltr'><strong>etjustitiam</strong></span> <span class='ocrx_word' id='word_1_836' title='bbox 3306 4843 3443 4914; x_wconf 89' lang='lat' dir='ltr'><strong>ejus,</strong></span> <span class='ocrx_word' id='word_1_837' title='bbox 3473 4851 3527 4900; x_wconf 90' lang='lat' dir='ltr'><strong>et</strong></span> <span class='ocrx_word' id='word_1_838' title='bbox 3556 4844 3675 4900; x_wconf 65' lang='lat' dir='ltr'><strong>haec</strong></span> 
     </span>
    </p>
   </div>
   <div class='ocr_carea' id='block_1_109' title="bbox 2078 4933 3675 5006">
    <p class='ocr_par' dir='ltr' id='par_1_109' title="bbox 2078 4933 3675 5006">
     <span class='ocr_line' id='line_1_109' title="bbox 2078 4933 3675 5006; baseline 0.002 -17"><span class='ocrx_word' id='word_1_839' title='bbox 2078 4933 2260 4989; x_wconf 89' lang='lat' dir='ltr'><strong>omnia</strong></span> <span class='ocrx_word' id='word_1_840' title='bbox 2291 4934 2613 5005; x_wconf 87' lang='lat' dir='ltr'><strong>adjicientur</strong></span> <span class='ocrx_word' id='word_1_841' title='bbox 2635 4935 2791 4990; x_wconf 91' lang='lat' dir='ltr'><strong>vobis</strong></span> <span class='ocrx_word' id='word_1_842' title='bbox 2817 4933 3035 5006; x_wconf 81' lang='lat' dir='ltr'><strong>(Matth.</strong></span> <span class='ocrx_word' id='word_1_843' title='bbox 3079 4934 3180 5003; x_wconf 85' lang='lat' dir='ltr'><strong>v1).</strong></span> <span class='ocrx_word' id='word_1_844' title='bbox 3214 4952 3233 4986; x_wconf 83' lang='grc'>›</span> <span class='ocrx_word' id='word_1_845' title='bbox 3264 4933 3367 5002; x_wconf 89' lang='lat' dir='ltr'><strong>Qui</strong></span> <span class='ocrx_word' id='word_1_846' title='bbox 3393 4935 3536 4990; x_wconf 92' lang='lat' dir='ltr'><strong>enim</strong></span> <span class='ocrx_word' id='word_1_847' title='bbox 3563 4951 3675 4992; x_wconf 89' lang='lat' dir='ltr'><strong>non</strong></span> 
     </span>
    </p>
   </div>
   <div class='ocr_carea' id='block_1_110' title="bbox 2079 5023 3676 5097">
    <p class='ocr_par' dir='ltr' id='par_1_110' title="bbox 2079 5023 3676 5097">
     <span class='ocr_line' id='line_1_110' title="bbox 2079 5023 3676 5097; baseline 0 -16"><span class='ocrx_word' id='word_1_848' title='bbox 2079 5027 2172 5090; x_wconf 88' lang='lat' dir='ltr'><strong>ait,</strong></span> <span class='ocrx_word' id='word_1_849' title='bbox 2201 5026 2494 5091; x_wconf 90' lang='lat' dir='ltr'><strong>dabuntur,</strong></span> <span class='ocrx_word' id='word_1_850' title='bbox 2523 5025 2618 5081; x_wconf 91' lang='lat' dir='ltr'><strong>sed</strong></span> <span class='ocrx_word' id='word_1_851' title='bbox 2640 5024 2960 5096; x_wconf 87' lang='lat' dir='ltr'><strong>adjicientur</strong></span> <span class='ocrx_word' id='word_1_852' title='bbox 2985 5041 3000 5079; x_wconf 87' lang='lat'><strong>:</strong></span> <span class='ocrx_word' id='word_1_853' title='bbox 3030 5023 3275 5097; x_wconf 87' lang='lat' dir='ltr'><strong>profecto</strong></span> <span class='ocrx_word' id='word_1_854' title='bbox 3293 5025 3505 5096; x_wconf 90' lang='lat' dir='ltr'><strong>judicat</strong></span> <span class='ocrx_word' id='word_1_855' title='bbox 3528 5024 3676 5082; x_wconf 91' lang='lat' dir='ltr'><strong>aliud</strong></span> 
     </span>
    </p>
   </div>
   <div class='ocr_carea' id='block_1_111' title="bbox 2075 5117 3672 5190">
    <p class='ocr_par' dir='ltr' id='par_1_111' title="bbox 2075 5117 3672 5190">
     <span class='ocr_line' id='line_1_111' title="bbox 2075 5117 3672 5190; baseline 0 -16"><span class='ocrx_word' id='word_1_856' title='bbox 2075 5133 2197 5175; x_wconf 89' lang='lat' dir='ltr'><strong>esse</strong></span> <span class='ocrx_word' id='word_1_857' title='bbox 2231 5119 2374 5189; x_wconf 88' lang='lat' dir='ltr'><strong>quod</strong></span> <span class='ocrx_word' id='word_1_858' title='bbox 2403 5118 2777 5190; x_wconf 89' lang='lat' dir='ltr'><strong>principaliter</strong></span> <span class='ocrx_word' id='word_1_859' title='bbox 2815 5119 3004 5186; x_wconf 90' lang='lat' dir='ltr'><strong>datur,</strong></span> <span class='ocrx_word' id='word_1_860' title='bbox 3053 5117 3198 5173; x_wconf 88' lang='lat' dir='ltr'><strong>aliud</strong></span> <span class='ocrx_word' id='word_1_861' title='bbox 3237 5117 3383 5188; x_wconf 87' lang='lat' dir='ltr'><strong>quod</strong></span> <span class='ocrx_word' id='word_1_862' title='bbox 3408 5118 3672 5189; x_wconf 91' lang='lat' dir='ltr'><strong>superad-</strong></span> 
     </span>
    </p>
   </div>
   <div class='ocr_carea' id='block_1_112' title="bbox 2076 5207 3672 5277">
    <p class='ocr_par' dir='ltr' id='par_1_112' title="bbox 2076 5207 3672 5277">
     <span class='ocr_line' id='line_1_112' title="bbox 2076 5207 3672 5277; baseline 0.001 -12"><span class='ocrx_word' id='word_1_863' title='bbox 2076 5210 2240 5265; x_wconf 87' lang='lat' dir='ltr'><strong>ditur.</strong></span> <span class='ocrx_word' id='word_1_864' title='bbox 2274 5209 2413 5276; x_wconf 87' lang='lat' dir='ltr'><strong>Quia</strong></span> <span class='ocrx_word' id='word_1_865' title='bbox 2447 5209 2594 5264; x_wconf 90' lang='lat' dir='ltr'><strong>enim</strong></span> <span class='ocrx_word' id='word_1_866' title='bbox 2629 5209 2788 5265; x_wconf 88' lang='lat' dir='ltr'><strong>nobis</strong></span> <span class='ocrx_word' id='word_1_867' title='bbox 2823 5209 2882 5263; x_wconf 90' lang='lat' dir='ltr'><strong>in</strong></span> <span class='ocrx_word' id='word_1_868' title='bbox 2909 5207 3210 5264; x_wconf 92' lang='lat' dir='ltr'><strong>intentione</strong></span> <span class='ocrx_word' id='word_1_869' title='bbox 3252 5208 3532 5264; x_wconf 81' lang='lat' dir='ltr'><strong>aeternitas</strong></span> <span class='ocrx_word' id='word_1_870' title='bbox 3555 5251 3571 5277; x_wconf 97' lang='lat'><strong>,</strong></span> <span class='ocrx_word' id='word_1_871' title='bbox 3613 5209 3672 5266; x_wconf 91' lang='lat' dir='ltr'><strong>in</strong></span> 
     </span>
    </p>
   </div>
   <div class='ocr_carea' id='block_1_113' title="bbox 2075 5299 3674 5371">
    <p class='ocr_par' dir='ltr' id='par_1_113' title="bbox 2075 5299 3674 5371">
     <span class='ocr_line' id='line_1_113' title="bbox 2075 5299 3674 5371; baseline 0.001 -15"><span class='ocrx_word' id='word_1_872' title='bbox 2075 5316 2178 5356; x_wconf 90' lang='lat' dir='ltr'><strong>usu</strong></span> <span class='ocrx_word' id='word_1_873' title='bbox 2204 5315 2337 5356; x_wconf 91' lang='lat' dir='ltr'><strong>vero</strong></span> <span class='ocrx_word' id='word_1_874' title='bbox 2369 5300 2744 5371; x_wconf 90' lang='lat' dir='ltr'><strong>temporalitas</strong></span> <span class='ocrx_word' id='word_1_875' title='bbox 2776 5314 2898 5356; x_wconf 86' lang='lat' dir='ltr'><strong>esse</strong></span> <span class='ocrx_word' id='word_1_876' title='bbox 2929 5300 3089 5356; x_wconf 89' lang='lat' dir='ltr'><strong>debet</strong></span> <span class='ocrx_word' id='word_1_877' title='bbox 3122 5318 3135 5354; x_wconf 92' lang='lat'><strong>:</strong></span> <span class='ocrx_word' id='word_1_878' title='bbox 3171 5307 3229 5356; x_wconf 92' lang='lat' dir='ltr'><strong>et</strong></span> <span class='ocrx_word' id='word_1_879' title='bbox 3256 5299 3388 5356; x_wconf 92' lang='lat' dir='ltr'><strong>illud</strong></span> <span class='ocrx_word' id='word_1_880' title='bbox 3409 5299 3592 5368; x_wconf 90' lang='lat' dir='ltr'><strong>datur,</strong></span> <span class='ocrx_word' id='word_1_881' title='bbox 3615 5309 3674 5357; x_wconf 91' lang='lat' dir='ltr'><strong>et</strong></span> 
     </span>
    </p>
   </div>
   <div class='ocr_carea' id='block_1_114' title="bbox 2073 5392 3673 5465">
    <p class='ocr_par' dir='ltr' id='par_1_114' title="bbox 2073 5392 3673 5465">
     <span class='ocr_line' id='line_1_114' title="bbox 2073 5392 3673 5465; baseline 0.002 -17"><span class='ocrx_word' id='word_1_882' title='bbox 2073 5393 2180 5449; x_wconf 88' lang='lat' dir='ltr'><strong>hoc</strong></span> <span class='ocrx_word' id='word_1_883' title='bbox 2207 5393 2467 5448; x_wconf 89' lang='lat' dir='ltr'><strong>nimirum</strong></span> <span class='ocrx_word' id='word_1_884' title='bbox 2502 5408 2570 5449; x_wconf 89' lang='lat' dir='ltr'><strong>ex</strong></span> <span class='ocrx_word' id='word_1_885' title='bbox 2609 5393 2906 5448; x_wconf 89' lang='lat' dir='ltr'><strong>abundanti</strong></span> <span class='ocrx_word' id='word_1_886' title='bbox 2946 5392 3349 5465; x_wconf 89' lang='lat' dir='ltr'><strong>superadditur.</strong></span> <span class='ocrx_word' id='word_1_887' title='bbox 3387 5395 3457 5451; x_wconf 88' lang='lat' dir='ltr'><strong>Et</strong></span> <span class='ocrx_word' id='word_1_888' title='bbox 3486 5405 3673 5452; x_wconf 89' lang='lat' dir='ltr'><strong>tamen</strong></span> 
     </span>
    </p>
   </div>
   <div class='ocr_carea' id='block_1_115' title="bbox 2075 5484 3670 5558">
    <p class='ocr_par' dir='ltr' id='par_1_115' title="bbox 2075 5484 3670 5558">
     <span class='ocr_line' id='line_1_115' title="bbox 2075 5484 3670 5558; baseline 0.001 -19"><span class='ocrx_word' id='word_1_889' title='bbox 2075 5498 2218 5555; x_wconf 81' lang='lat' dir='ltr'><strong>saepe</strong></span> <span class='ocrx_word' id='word_1_890' title='bbox 2246 5484 2494 5540; x_wconf 90' lang='lat' dir='ltr'><strong>homines</strong></span> <span class='ocrx_word' id='word_1_891' title='bbox 2519 5484 2649 5540; x_wconf 88' lang='lat' dir='ltr'><strong>dum</strong></span> <span class='ocrx_word' id='word_1_892' title='bbox 2672 5485 2730 5539; x_wconf 90' lang='lat' dir='ltr'><strong>in</strong></span> <span class='ocrx_word' id='word_1_893' title='bbox 2756 5486 3005 5542; x_wconf 88' lang='lat' dir='ltr'><strong>oratione</strong></span> <span class='ocrx_word' id='word_1_894' title='bbox 3033 5485 3175 5542; x_wconf 92' lang='lat' dir='ltr'><strong>bona</strong></span> <span class='ocrx_word' id='word_1_895' title='bbox 3197 5486 3513 5558; x_wconf 89' lang='lat' dir='ltr'><strong>temporalia</strong></span> <span class='ocrx_word' id='word_1_896' title='bbox 3539 5499 3670 5556; x_wconf 89' lang='lat' dir='ltr'><strong>pos-</strong></span> 
     </span>
    </p>
   </div>
   <div class='ocr_carea' id='block_1_116' title="bbox 2075 5575 3671 5649">
    <p class='ocr_par' dir='ltr' id='par_1_116' title="bbox 2075 5575 3671 5649">
     <span class='ocr_line' id='line_1_116' title="bbox 2075 5575 3671 5649; baseline 0.003 -20"><span class='ocrx_word' id='word_1_897' title='bbox 2075 5575 2282 5640; x_wconf 88' lang='lat' dir='ltr'><strong>tulant,</strong></span> <span class='ocrx_word' id='word_1_898' title='bbox 2312 5583 2515 5630; x_wconf 61' lang='lat' dir='ltr'><strong>aeterna</strong></span> <span class='ocrx_word' id='word_1_899' title='bbox 2551 5590 2682 5632; x_wconf 88' lang='lat' dir='ltr'><strong>vero</strong></span> <span class='ocrx_word' id='word_1_900' title='bbox 2726 5577 2949 5647; x_wconf 84' lang='lat' dir='ltr'><strong>praemia</strong></span> <span class='ocrx_word' id='word_1_901' title='bbox 2989 5593 3099 5635; x_wconf 91' lang='lat' dir='ltr'><strong>non</strong></span> <span class='ocrx_word' id='word_1_902' title='bbox 3135 5580 3441 5649; x_wconf 88' lang='lat' dir='ltr'><strong>requirunt,</strong></span> <span class='ocrx_word' id='word_1_903' title='bbox 3477 5585 3671 5646; x_wconf 88' lang='lat' dir='ltr'><strong>petunt</strong></span> 
     </span>
    </p>
   </div>
   <div class='ocr_carea' id='block_1_117' title="bbox 2075 5665 3665 5738">
    <p class='ocr_par' dir='ltr' id='par_1_117' title="bbox 2075 5665 3665 5738">
     <span class='ocr_line' id='line_1_117' title="bbox 2075 5665 3665 5738; baseline -0.002 -16"><span class='ocrx_word' id='word_1_904' title='bbox 2075 5667 2221 5738; x_wconf 87' lang='lat' dir='ltr'><strong>quod</strong></span> <span class='ocrx_word' id='word_1_905' title='bbox 2244 5667 2496 5722; x_wconf 89' lang='lat' dir='ltr'><strong>additur:</strong></span> <span class='ocrx_word' id='word_1_906' title='bbox 2528 5675 2586 5722; x_wconf 90' lang='lat' dir='ltr'><strong>et</strong></span> <span class='ocrx_word' id='word_1_907' title='bbox 2609 5666 2739 5724; x_wconf 91' lang='lat' dir='ltr'><strong>illud</strong></span> <span class='ocrx_word' id='word_1_908' title='bbox 2755 5683 2866 5725; x_wconf 90' lang='lat' dir='ltr'><strong>non</strong></span> <span class='ocrx_word' id='word_1_909' title='bbox 2889 5669 3221 5734; x_wconf 87' lang='lat' dir='ltr'><strong>desiderant,</strong></span> <span class='ocrx_word' id='word_1_910' title='bbox 3245 5668 3338 5723; x_wconf 90' lang='lat' dir='ltr'><strong>ubi</strong></span> <span class='ocrx_word' id='word_1_911' title='bbox 3353 5665 3665 5736; x_wconf 90' lang='lat' dir='ltr'><strong>adjiciatur,</strong></span> 
     </span>
    </p>
   </div>
   <div class='ocr_carea' id='block_1_118' title="bbox 2075 5757 3668 5832">
    <p class='ocr_par' dir='ltr' id='par_1_118' title="bbox 2075 5757 3668 5832">
     <span class='ocr_line' id='line_1_118' title="bbox 2075 5757 3668 5832; baseline -0.003 -14"><span class='ocrx_word' id='word_1_912' title='bbox 2075 5777 2177 5818; x_wconf 84' lang='lat' dir='ltr'><strong>nec</strong></span> <span class='ocrx_word' id='word_1_913' title='bbox 2204 5761 2416 5816; x_wconf 91' lang='lat' dir='ltr'><strong>lucrum</strong></span> <span class='ocrx_word' id='word_1_914' title='bbox 2445 5775 2568 5816; x_wconf 85' lang='lat' dir='ltr'><strong>esse</strong></span> <span class='ocrx_word' id='word_1_915' title='bbox 2596 5774 2708 5816; x_wconf 70' lang='lat' dir='ltr'><strong>suae</strong></span> <span class='ocrx_word' id='word_1_916' title='bbox 2733 5762 3015 5832; x_wconf 84' lang='lat' dir='ltr'><strong>petitionis</strong></span> <span class='ocrx_word' id='word_1_917' title='bbox 3061 5763 3343 5830; x_wconf 86' lang='lat' dir='ltr'><strong>deputant,</strong></span> <span class='ocrx_word' id='word_1_918' title='bbox 3372 5757 3419 5814; x_wconf 94' lang='lat' dir='ltr'><strong>si</strong></span> <span class='ocrx_word' id='word_1_919' title='bbox 3440 5757 3530 5814; x_wconf 89' lang='lat' dir='ltr'><strong>hic</strong></span> <span class='ocrx_word' id='word_1_920' title='bbox 3555 5757 3668 5814; x_wconf 89' lang='lat' dir='ltr'><strong>sint</strong></span> 
     </span>
    </p>
   </div>
   <div class='ocr_carea' id='block_1_119' title="bbox 2076 5849 3664 5928">
    <p class='ocr_par' dir='ltr' id='par_1_119' title="bbox 2076 5849 3664 5928">
     <span class='ocr_line' id='line_1_119' title="bbox 2076 5849 3664 5928; baseline -0.006 -14"><span class='ocrx_word' id='word_1_921' title='bbox 2076 5855 2450 5926; x_wconf 87' lang='lat' dir='ltr'><strong>temporaliter</strong></span> <span class='ocrx_word' id='word_1_922' title='bbox 2473 5868 2760 5926; x_wconf 87' lang='lat' dir='ltr'><strong>pauperes,</strong></span> <span class='ocrx_word' id='word_1_923' title='bbox 2787 5863 2844 5928; x_wconf 85' lang='lat' dir='ltr'><strong>et</strong></span> <span class='ocrx_word' id='word_1_924' title='bbox 2874 5855 2985 5912; x_wconf 90' lang='lat' dir='ltr'><strong>illic</strong></span> <span class='ocrx_word' id='word_1_925' title='bbox 3012 5852 3345 5912; x_wconf 86' lang='lat' dir='ltr'><strong>beatitudine</strong></span> <span class='ocrx_word' id='word_1_926' title='bbox 3382 5849 3578 5908; x_wconf 88' lang='lat' dir='ltr'><strong>divites</strong></span> <span class='ocrx_word' id='word_1_927' title='bbox 3605 5849 3664 5905; x_wconf 91' lang='lat' dir='ltr'><strong>in</strong></span> 
     </span>
    </p>
   </div>
  </div>
