4056 6336
466 394 608 452 1255

1138 399 1199 453 B.
1243 397 1497 461 nsum
1537 400 1758 461 MAURI
1792 401 2109 463 meumr.
2146 366 2756 463 nosunremuw
2790 402 2972 463 PARS
3008 403 3095 460 ιιι.

3602 402 3759 462 19.56

466 519 733 571 aeternum
758 511 976 577 vivant,
1003 512 1099 569 sed
1129 497 1280 579 solis,
1308 522 1368 571 ut
1394 515 1595 577 dictum
1619 523 1727 580 est.
1752 514 2056 575 visibillbns
2082 519 2133 585 Α
2160 530 2311 577 resse
2346 515 2610 587 conspicit
2633 555 2648 583 ,
2676 525 2735 574 et
2761 517 2807 573 si
2836 532 2957 589 eam
2994 517 3265 587 quomodo
3296 526 3524 595 accepta.
3546 522 3759 590 nequi-

465 602 685 671 intenti.
712 602 899 661 labore
921 604 1301 674 postulationis
1323 616 1556 663 renuunt
1586 608 1877 667 invisibilia
1907 624 2055 667 mero

464 696 613 763 cari;
640 696 733 766 qui
752 696 798 752 si
829 712 1065 768 superna
1103 709 1430 768 quarerent,
1462 701 1575 771 iam
1596 716 1724 757 cum
1759 701 1938 758 fructu
1967 702 2049 758 la-

463 789 649 844 borem
691 789 1039 847 exhiberem.
1077 791 1214 847 Hinc
1261 791 1498 850 Iacobus
1520 794 1596 863 ait
1636 813 1649 848 :
1692 814 1713 846 ι
1762 794 1958 851 Potitia
1996 802 2055 852 et

464 896 574 937 non
605 881 871 953 accipitis,
923 899 990 939 eo
1019 883 1163 952 quod
1218 884 1360 939 male
1411 886 1606 955 petatis
1634 926 1650 950 .
1678 895 1742 943 ut
1769 886 1823 944 in
1844 896 2053 953 concu-

461 975 746 1049 piscentiis
777 976 975 1031 vestris
1020 978 1304 1033 iusumatis
1354 979 1499 1049 (lac.
1533 978 1595 1046 ι).
1638 1000 1660 1037 ›
1714 980 2052 1038 Praedixerat

462 1081 560 1122 eos
585 1082 695 1122 non
728 1068 1036 1138 postulare,
1070 1078 1128 1123 et
1168 1078 1296 1125 tunc
1322 1070 1465 1148 'dicit
1501 1084 1596 1125 eos
1638 1071 1779 1133 male
1823 1081 2008 1140 petere
2030 1112 2045 1135 ,

462 1161 590 1229 quia
612 1161 704 1229 qui
735 1161 875 1216 male
904 1164 1038 1232 petit
1075 1161 1189 1231 jam
1228 1164 1283 1217 in
1331 1172 1625 1233 compecto
1666 1165 1864 1223 interni
1894 1165 2051 1220 testis

461 1250 600 1306 nihil
624 1259 807 1320 petere
841 1252 1071 1307 videtur.
1104 1252 1241 1309 Male
1268 1261 1450 1309 autem
1492 1254 1659 1323 petit,
1691 1255 1784 1322 qui
1833 1255 2045 1311 Domini

455 1341 602 1409 iussa
636 1351 989 1399 contemnens
1021 1360 1050 1398 a
1093 1345 1320 1401 Domino
1359 1345 1620 1401 beneﬁcia
1643 1358 1875 1417 superna
1907 1345 2048 1400 desi-

460 1434 630 1489 derat.
673 1434 809 1490 Male
852 1437 988 1505 petit
1029 1444 1085 1492 et
1125 1436 1213 1493 ille
1266 1437 1380 1506 qui.
1416 1438 1619 1493 amisso
1644 1452 1831 1493 amore
1857 1454 2049 1507 super-

458 1545 673 1595 uorum,
690 1530 874 1585 inﬁma
900 1541 1107 1587 tantum
1128 1532 1323 1601 quaerit
1349 1531 1491 1586 bona
1510 1531 1814 1601 percipere.
1840 1531 1904 1586 Et
1932 1530 2049 1586 haec

456 1638 568 1679 non
594 1622 661 1676 ad
697 1623 1146 1679 sustentationem
1188 1623 1440 1693 humanas
1469 1621 1799 1692 fragilitatis,
1845 1622 1941 1677 sed
1976 1621 2052 1691 ad

456 1714 877 1769 redundantiam
920 1714 1105 1768 libera:
1142 1713 1457 1784 voluptatis.
1483 1712 1596 1771 Hoc
1619 1721 1705 1771 est
1729 1712 1875 1773 enim
1897 1713 2045 1785 quod

453 1806 553 1872 ait,
578 1814 639 1860 ut
674 1806 729 1860 in
759 1805 1212 1874 concupiscentiis
1242 1804 1440 1865 vestris
1467 1803 1773 1865 insumatis.

2155 609 2229 669 tia
2257 622 2516 665 revocare
2544 609 2749 678 possit,
2791 617 2909 667 toto
2948 611 3069 669 nisu
3114 610 3397 669 elaborare
3421 613 3747 675 contendit.

2156 701 2257 761 Ubi
2311 701 2646 767 notandum.
2686 702 2830 770 quod
2866 715 2976 763 non
3019 716 3126 759 una
3174 704 3474 773 eodemeue
3516 720 3751 776 semper

2150 795 2503 865 compunctio.
2535 796 2605 853 sit
2638 795 2695 855 in
2722 794 2913 855 electis
2939 836 2956 862 ,
2991 796 3085 855 sed
3113 812 3213 867 pro
3242 798 3508 857 varietate
3550 816 3747 858 rerum

2152 884 2365 941 animus
2408 900 2598 947 eorum
2639 886 2870 955 diversis
2925 888 3102 949 modis
3152 890 3554 960 compungitur.
3616 890 3742 949 Non

2149 973 2295 1031 enim
2334 975 2514 1032 omnis
2563 975 2923 1048 lacrymarum
2969 976 3209 1049 profusio
3261 995 3370 1037 uno
3412 978 3612 1036 adiectu
3651 981 3744 1037 vel

2148 1080 2257 1125 una
2306 1067 2505 1125 virtute
2551 1068 2904 1140 depromitur.
2949 1069 3120 1127 Aliter
3172 1072 3319 1129 enim
3376 1072 3464 1128 ille
3507 1082 3741 1128 emanat

2147 1154 2325 1225 ﬂetus,
2350 1156 2443 1225 qui
2468 1166 2813 1225 peccatorum
2860 1159 3014 1232 spina
3061 1174 3158 1215 cor
3198 1162 3443 1219 nostrum
3468 1177 3738 1233 compun—

2148 1256 2308 1318 gente
2326 1247 2621 1316 profertur.
2651 1248 2726 1304 De
2747 1265 2853 1318 quo
2874 1249 3098 1305 dicitur:
3124 1249 3421 1313 «Laboravi
3444 1253 3500 1307 in
3528 1255 3736 1324 gemitu

2149 1354 2291 1405 meo,
2324 1340 2514 1401 lavabo
2539 1357 2637 1413 per
2663 1342 2902 1414 singulas
2930 1352 3116 1401 noctes
3152 1344 3355 1417 lectum
3400 1359 3608 1408 meum,
3664 1344 3740 1400 la-

2148 1431 2351 1501 crymis
2396 1433 2533 1491 meis
2569 1441 2803 1491 stratum
2850 1449 3027 1497 meum
3068 1435 3272 1507 rigabo.
3302 1455 3322 1491 ι
3348 1435 3524 1493 Aliter
3546 1438 3644 1507 qui
3672 1437 3737 1492 de

2147 1523 2601 1595 cmitemplatione
2652 1536 2978 1583 aeternorum
3009 1527 3297 1593 bonorum,
3361 1534 3419 1583 et
3457 1529 3738 1585 desiderio

2148 1611 2341 1671 futurae
2368 1614 2508 1670 illius
2532 1614 2817 1675 citaritatis
2843 1617 3107 1673 exoritur.
3137 1616 3242 1673 Pro
3270 1633 3379 1690 qua
3412 1618 3575 1674 etiam
3598 1618 3740 1675 ube-

2148 1705 2323 1773 riores
2352 1707 2718 1779 lacrymarum
2758 1706 2936 1767 fontes
2962 1710 3028 1765 de
3068 1708 3412 1767 intolerantia
3458 1712 3645 1782 gaudii
3683 1724 3741 1767 et

2040 1818 2047 1821 ·
2146 1798 2445 1859 alacritatis
2469 1800 2836 1859 immensitate
2865 1810 3240 1874 prorumpunt,
3264 1804 3391 1875 dum
3410 1804 3526 1863 sitit
3547 1806 3738 1865 anima

525 1897 767 1955 Sameclt.
803 1916 823 1951 t
863 1899 1299 1954 Eradicationem
1331 1908 1387 1955 et
1432 1896 1787 1967 abjectiouem
1813 1897 2042 1967 posuisti
2068 1880 2119 1947 Β
2148 1900 2331 1949 nostra
2352 1892 2419 1949 ad
2440 1894 2609 1949 Deum
2623 1894 2827 1955 fontem
2845 1897 3050 1963 vivum,
3066 1897 3251 1953 dicens
3271 1912 3393 1953 cum
3415 1898 3694 1970 Propheta
3717 1917 3735 1957 :

456 2010 478 2044 σ
523 2009 611 2048 me
636 1994 693 2047 in
724 1993 1388 2063 conspectu-populorum.
1436 1991 1726 2066 (Mannum)
1781 1991 2043 2060 Eradiea-

453 2093 562 2138 tam
594 2099 656 2140 se
683 2084 881 2141 asserit
921 2092 978 2140 et
1026 2085 1291 2154 abiectam
1324 2085 1477 2156 plebs
1522 2084 1745 2145 Judaica
1767 2124 1789 2151 ,
1824 2085 1953 2154 quia
1984 2084 2041 2143 in

449 2172 742 2229 Cbaldaica
773 2176 1083 2245 captivitate
1116 2192 1259 2246 serpe
1294 2192 1394 2246 pro
1426 2177 1721 2233 sceleribus
1758 2176 1875 2236 suis
1910 2190 2042 2234 con»

446 2266 577 2321 trita
603 2274 705 2322 est.
736 2267 982 2323 Primum
998 2268 1102 2325 sub
1119 2266 1389 2336 Joacbim,
1411 2269 1605 2325 deinde
1632 2268 1734 2329 sub
1752 2266 2041 2334 tlechonia,

449 2360 610 2416 tertio
630 2360 737 2415 sub
757 2358 1022 2417 Sedechia
1044 2403 1060 2428 ,
1093 2363 1310 2432 quando
1335 2363 1467 2419 urbs
1492 2370 1701 2419 vastata
1751 2361 2038 2431 templum-

446 2467 552 2521 que
572 2452 871 2524 incensum
899 2461 1002 2520 est,
1033 2461 1086 2509 et
1116 2454 1257 2512 muri
1283 2454 1539 2513 destrueti
1560 2493 1575 2519 .
1605 2461 1880 2529 postremo
1907 2453 2036 2511 I'Cllv

445 2544 607 2613 QUliB,
663 2560 785 2616 quin
834 2546 937 2602 sub
981 2545 1204 2605 Godolia
1258 2548 1326 2605 ad
1371 2545 1720 2611 habitandam
1757 2554 1959 2605 terram
2002 2561 2036 2605 ιι

445 2634 808 2694 Nabuzardan
837 2640 1082 2710 principe
1132 2640 1341 2697 militiae
1383 2640 1587 2703 relictis
1638 2648 1804 2707 sunt,
1844 2649 2035 2700 contra

442 2739 777 2800 praeceptum
823 2732 1056 2799 Domini,
1088 2734 1232 2803 quod
1262 2735 1344 2793 eis
1380 2748 1480 2805 per
1519 2734 1837 2805 prophetam
1880 2750 2035 2795 man-

444 2825 693 2889 daverat,
718 2824 773 2880 in
802 2824 1096 2896 IEgyptum
1125 2844 1220 2900 per
1249 2837 1439 2900 gentes
1468 2830 1540 2887 ibi
1567 2830 1949 2900 disperierunt.
1972 2829 2033 2889 lu

442 2912 688 2971 Romana
720 2930 852 2971 vero
879 2917 1194 2985 captivitate
1220 2919 1295 2977 ita
1326 2920 1457 2977 urbs
1492 2926 1605 2977 tota
1650 2928 1705 2977 et
1756 2927 1903 2975 terra
1934 2920 2032 2979 de-

442 3014 656 3061 vastata
685 3016 789 3072 est,
819 3016 873 3062 et
906 3008 1059 3077 plebs
1087 3010 1364 3081 dissipata,
1387 3020 1446 3067 ut
1476 3011 1678 3069 nullam
1708 3012 1846 3071 ultra
1878 3026 2031 3081 spem

442 3100 858 3157 restaurationis
898 3103 1180 3167 haberent,
1214 3104 1308 3161 sed
1355 3118 1527 3173 usque
1574 3104 1629 3159 in
1657 3103 1821 3161 linem
1850 3118 2031 3173 perse-

2151 2003 2170 2041 t
2212 1984 2437 2054 Quando
2486 1988 2698 2047 veniam
2736 1995 2792 2049 et
2822 1990 3025 2062 parebo
3055 2000 3184 2047 ante
3225 2001 3577 2063 conspectum
3596 1992 3739 2051 Dei?

2146 2075 2318 2149 (Ρωι.
2335 2077 2508 2151 cxtx.)
2520 2098 2539 2133 ι
2569 2078 2812 2139 Fuerunt
2826 2082 2957 2141 mihi
2972 2081 3225 2157 lacrytnie
3237 2098 3371 2141 meae
3382 2099 3551 2155 panes
3563 2086 3653 2143 die
3666 2102 3738 2142 ac

2142 2180 2322 2237 nocte,
2349 2188 2472 2233 cum
2511 2172 2715 2244 ejulatu
2744 2175 2985 2245 quotidie
3010 2184 3066 2232 et
3093 2174 3482 2237 lamentatione
3512 2178 3737 2251 procla-

2142 2280 2297 2325 mans
2325 2283 2338 2320 :
2370 2285 2387 2317 t
2412 2265 2711 2345 Heu‘mibi!
2740 2269 2884 2340 quod
2906 2269 3173 2339 incolatus
3199 2285 3357 2331 meus
3373 2270 3735 2344 prolongatus

2140 2363 2246 2420 est,
2276 2362 2329 2410 et
2355 2356 2582 2412 multum
2610 2358 2785 2414 incola
2811 2359 2915 2415 fuit
2941 2360 3120 2416 anima
3162 2375 3303 2421 mea.
3337 2381 3357 2417 ι
3398 2361 3573 2423 Aliter
3594 2377 3734 2432 pro-

2138 2444 2312 2517 ﬂuunt
2356 2447 2610 2535 lacrytuac
2652 2452 2857 2523 absque
2900 2451 3007 2513 ulla
3049 2452 3265 2524 quidem
3303 2452 3492 2513 talium
3536 2455 3730 2515 crimi—

2138 2552 2267 2591 num
2314 2540 2667 2605 conscientia,
2719 2541 2812 2595 sed
2856 2551 3039 2605 tamen
3084 2543 3153 2603 de
3200 2553 3348 2601 metu
3376 2546 3637 2617 gehennae
3672 2556 3733 2604 et

2138 2628 2396 2687 terribilis
2425 2630 2565 2689 illius
2591 2629 2779 2702 judicii
2810 2633 3184 2693 recordatione
3207 2638 3530 2708 procedunt,
3568 2637 3728 2709 cuius

2139 2727 2347 2783 terrore
2389 2719 2659 2797 Propheta
2708 2723 2988 2798 perculsus
3024 2734 3147 2783 orat
3195 2727 3265 2787 ad
3312 2726 3526 2799 Deum;
3555 2749 3575 2782 t
3604 2730 3727 2785 Non

2135 2810 2306 2866 intres
2346 2811 2399 2865 in
2432 2811 2693 2883 judicium
2734 2828 2857 2869 cum
2888 2830 3046 2871 servo
3087 2823 3198 2880 tuo,
3229 2817 3357 2890 quia
3385 2833 3492 2883 non
3515 2816 3724 2892 justiti-

2136 2900 2348 2956 cabitur
2375 2900 2428 2959 in
2455 2914 2745 2977 conspectu
2773 2914 2863 2961 tuo
2888 2906 3065 2965 omnis
3089 2908 3273 2969 vivens
3296 2902 3468 2983 (Paul.
3494 2912 3715 2981 omn.»

2133 2986 2232 3051 Est
2255 2992 2418 3051 etiam
2461 2993 2604 3049 aliud
2639 3011 2810 3071 genus
2856 2996 3233 3070 lacrymarum,
3282 3000 3428 3070 quod
3471 3017 3578 3059 non
3618 3018 3722 3076 pro

2135 3098 2230 3139 sua
2278 3084 2627 3152 conscientia,
2661 3089 2753 3144 sed
2783 3105 2883 3160 pro
2921 3091 3094 3151 aliena
3144 3092 3340 3151 duritia
3366 3095 3721 3166 peccatisquo

444 3189 661 3247 vorabit
679 3189 799 3260 ejus
827 3192 1109 3249 desolatio.
1138 3194 1367 3265 Mystice
1395 3203 1576 3251 autem
1602 3196 2028 3255 eradicationem

2137 3188 2468 3259 generatur,
2520 3182 2664 3252 quod
2716 3181 2934 3243 Samuel
2989 3176 3132 3241 illam
3179 3202 3395 3259 quoque
3439 3187 3720 3244 civitatem

440 3248 889 3350 et.abjectionem
925 3299 958 3341 a
986 3248 1214 3341 Domino
1241 3286 1445 3355 patitur
1467 3286 1646 3343 anima
1672 3288 1947 3358 peccatrix
1974 3288 2026 3345 in

2136 3254 2498 3342 Hierusalem,
2527 3274 2612 3329 vel
2642 3266 2902 3333 Dominus
2938 3272 2991 3333 in
3018 3270 3331 3350 Evangelio,
3367 3279 3453 3336 vel
3498 3280 3552 3336 in
3580 3295 3718 3353 pra-

442 3371 625 3427 medio
675 3374 999 3444 populorum
1034 3376 1369 3442 constituta,
1418 3377 1635 3446 quando
1688 3393 1718 3437 a
1777 3377 2031 3455 malignis
2134 3363 2311 3433 teritis
2375 3362 2636 3423 Jeremias
2703 3365 2914 3423 ﬂevisse
2981 3366 3303 3425 describitur
3361 3368 3435 3427 ita
3494 3369 3713 3425 dicens:

442 3464 726 3534 spiritibus
759 3465 833 3520 ita
862 3465 1153 3523 virtutibus
1182 3467 1465 3537 spoliatur.
1492 3475 1547 3531 et
1586 3468 1769 3529 radice
1799 3467 1925 3531 ﬁdei
1948 3476 2027 3531 ιο-
2138 3474 2157 3543 s
2194 3454 2326 3529 Quis
2365 3456 2515 3519 dabit
2548 3459 2712 3537 auriti
2744 3476 2866 3515 meo
2890 3476 3119 3532 aquam.
3151 3471 3205 3520 el
3231 3463 3401 3521 oculis
3426 3464 3562 3520 meis
3594 3463 3714 3521 fon-

440 3560 680 3620 nuatur,
732 3562 789 3613 ut
822 3554 937 3625 jam
985 3570 1092 3617 non
1132 3555 1363 3624 honori,
1414 3555 1508 3617 sed
1555 3559 1799 3617 omnium
1840 3568 2027 3630 pateat
2132 3558 2241 3611 tem
2288 3550 2668 3625 lacrymarum,
2701 3562 2757 3611 et
2790 3544 3016 3627 βιοῖ’ίίὺο
3052 3555 3106 3610 in
3144 3557 3232 3613 die
3265 3564 3322 3615 et
3349 3557 3403 3612 in
3430 3569 3594 3616 nocte
3635 3558 3715 3615 in-

437 3643 697 3713 irrisioni,
730 3645 945 3718 ipsique
968 3645 1174 3707 inimici
1203 3648 1551 3707 dominentur
1596 3649 1778 3718 illius,
1825 3660 1881 3715 at
1926 3652 2022 3709 de.
2130 3641 2385 3699 terfectos
2433 3644 2557 3701 tilia:
2605 3646 2787 3724 populi
2844 3646 2999 3703 mei?
3031 3666 3049 3700 ο
3101 3646 3234 3720 (Jer.
3287 3648 3387 3723 ut.)
3422 3647 3519 3703 Vel
3566 3658 3713 3705 certe

436 3744 608 3805 cepta:
630 3736 911 3805 insultent,
948 3738 1076 3809 quia
1100 3738 1255 3808 juxta
1289 3740 1485 3799 met-ita
1527 3755 1623 3801 sua
1650 3755 1863 3811 pmnas,
1888 3758 2024 3812 quas
2127 3734 2317 3809 quales
2345 3735 2449 3793 illic
2474 3744 2601 3795 sunt
2644 3737 2915 3813 lacrymm,
2944 3739 3009 3795 de
3045 3739 3325 3815 quibusin
3349 3739 3564 3797 Psalmo
3590 3757 3715 3795 cen-

434 3830 484 3886 ei
515 3846 672 3887 sacra
713 3832 995 3904 Scriptura
1029 3834 1313 3907 praedixit,
1336 3842 1391 3893 et
1417 3834 1669 3905 laqueum
1703 3836 2023 3907 perditionis
2129 3826 2322 3910 tesimo
2346 3828 2523 3901 primo
2551 3837 2836 3887 cantatur:
2874 3851 2891 3882 ι
2921 3830 3057 3901 Quia
3085 3832 3321 3889 cinerem
3355 3833 3494 3889 sicut
3519 3849 3713 3907 panem

432 3924 708 3980 sustinere
737 3934 983 3996 cogatur.
1017 3926 1168 3987 Unde
1188 3934 1244 3985 et
1264 3927 1513 3997 sequitur
1547 3946 1560 3984 ι

506 4014 637 4073 Phe.
668 4036 686 4067 ε
717 4017 1066 4088 Aperuerunt
1095 4033 1260 4090 super
1281 4035 1382 4085 nos
1412 4035 1477 4083 os
1509 4034 1668 4085 suum
1701 4034 1895 4085 clunes
1916 4020 2020 4083 ini-

438 4124 457 4157 t
502 4108 629 4164 miei
659 4109 856 4170 nostri.
895 4129 915 4162 ι

500 4194 634 4252 Plte.
667 4218 685 4252 t
717 4198 972 4261 Formido
1000 4209 1057 4265 et
1089 4201 1315 4272 laqueus
1360 4202 1540 4265 factus
1569 4211 1657 4265 ett
1688 4202 1846 4261 nobis
1882 4202 2019 4260 vati-

434 4308 454 4345 ι
499 4288 702 4345 cinatio
725 4299 780 4345 et
808 4291 1085 4351 contritio.
1126 4311 1145 4351 ι
1175 4294 1442 4364 Aperiunt
1467 4294 1615 4355 enim
1645 4302 1773 4351 tunc
1812 4294 2017 4353 inimici

429 4397 493 4435 os
520 4395 675 4436 suum
711 4397 875 4452 super
901 4393 1253 4453 peccatores,
1298 4386 1518 4456 quando
1553 4394 1648 4442 eos
1682 4385 1912 4443 diversis
1939 4384 2017 4444 la-

425 4473 662 4541 niatibus
689 4481 745 4535 et
775 4475 1105 4535 cruciatibus
1135 4477 1398 4539 devorare
1438 4477 1700 4537 festinant
1718 4478 2013 4545 debitores,

426 4580 526 4640 nec
552 4565 633 4625 eis
662 4567 717 4622 in
746 4567 928 4640 aliquo
964 4568 1287 4631 miserantes
1312 4578 1538 4641 parcent
1566 4610 1582 4638 ,
1613 4571 1708 4627 sed
1732 4571 1786 4627 in
1822 4569 2009 4627 formi-

423 4750 569 4821 quod
614 4752 963 4827 propheticus
992 4768 1172 4809 sermo
1197 4756 1553 4824 peccantibus
1572 4756 1846 4827 prwdixit,
1871 4772 2011 4831 pric-

422 4842 649 4917 cipitare
704 4844 923 4901 student
969 4862 984 4899 :
1036 4845 1178 4901 unde
1242 4854 1373 4903 tunc
1416 4849 1680 4921 propheta
1728 4848 2009 4905 interitum

418 4932 600 5009 populi
732 4932 1111 5011 multipliciter
1150 4936 1405 5009 ploravit,
1437 4945 1493 4994 et
1521 4954 1666 4994 nunc
1687 4948 1874 4995 sancta
1904 4940 2009 4996 Ec-

2125 3917 2543 3986 manducabam,
2569 3927 2624 3975 et
2645 3919 2895 3990 poculum
2915 3936 3091 3977 meum
3118 3938 3238 3977 cum
3262 3920 3387 3977 ﬂetu
3412 3922 3713 3979 miscebant

2126 4010 2299 4087 (Paul.
2326 4010 2400 4085 οι)
2428 4030 2440 4065 :
2477 4032 2495 4063 ι
2526 4028 2661 4083 quas
2689 4021 2898 4069 certum
2926 4024 3011 4071 est
3044 4029 3150 4069 non
3182 4014 3274 4071 illo
3302 4013 3497 4071 aﬁ‘ectu
3521 4017 3715 4088 primi,

2122 4104 2214 4173 qui
2258 4104 2312 4160 in
2352 4113 2503 4159 sexto
2532 4102 2750 4161 Psalmo
2792 4121 2858 4165 ex
2898 4120 3129 4179 persona
3174 4098 3485 4178 pmniteutis
3530 4123 3711 4164 emcr-

2122 4207 2273 4271 gunt,
2313 4197 2405 4252 sed
2447 4214 2544 4269 pro
2584 4198 2857 4255 anxietate
2886 4198 3009 4257 vita:
3043 4198 3201 4277 hujus
3241 4206 3404 4273 atque
3444 4199 3711 4272 angustiis

2121 4296 2177 4342 et
2209 4290 2487 4356 erumnis,
2529 4290 2727 4360 quibus
2761 4290 2899 4361 justi
2946 4291 3000 4346 in
3037 4292 3141 4347 hoc
3179 4290 3381 4350 mundo
3415 4292 3575 4362 positi
3607 4292 3708 4346 de-

2119 4382 2459 4455 primuntur,
2505 4384 2648 4454 quod
2699 4384 2863 4440 etiam
2912 4384 3107 4457 psalmi
3158 4384 3328 4457 ipsius
3375 4401 3482 4441 non
3524 4384 3706 4441 solum

2120 4480 2319 4543 textus,
2351 4475 2445 4550 sed
2471 4475 2637 4535 etiam
2666 4475 2856 4533 titulus
2886 4464 3166 4537 evidenter
3200 4477 3453 4552 ostendit,
3500 4478 3593 4548 qui
3629 4495 3700 4532 ex

2115 4581 2348 4637 persona
2374 4570 2625 4641 pauperis
2653 4569 2818 4635 illius,
2847 4569 2912 4627 de
2941 4585 3048 4640 quo
3076 4570 3131 4625 in
3154 4569 3443 4641 Evangelio
3468 4570 3699 4626 dicitur:

371 4691 387 4738 ί
425 4630 606 4731 dinem
649 4622 973 4729 pmnarltm,
1006 4667 1061 4715 et
1086 4622 1341 4733 laqueum
1382 4662 1722 4735 perditionis,
1761 4662 1915 4735 juxta
1957 4664 2011 4721 id
2036 4622 2092 4687 Ι)
2123 4680 2141 4717 ι
2178 4662 2330 4719 Beati
2368 4679 2636 4737 pauperes
2671 4662 2897 4737 spiritu,
2920 4665 3174 4737 quoniam
3218 4664 3457 4738 ipsorum
3493 4672 3579 4719 est
3608 4679 3699 4720 rc-

2114 4771 2279 4827 gnum
2317 4756 2575 4829 cmlorum
2607 4754 2823 4831 (Matth.
2853 4754 2931 4825 v),
2984 4775 3004 4807 ι
3038 4758 3109 4813 ita
3147 4756 3474 4815 describitur
3505 4775 3518 4811 :
3569 4755 3702 4813 Ora-

2114 4846 2190 4911 tio
2211 4848 2465 4921 pauperis
2489 4864 2613 4907 cum
2642 4848 2897 4905 auxiatus
2926 4846 3107 4915 fuerit,
3138 4859 3193 4905 et
3220 4864 3407 4906 coram
3437 4850 3546 4906 Deo
3571 4848 3701 4904 effu—

2111 4939 2253 5003 derit
2284 4955 2500 5011 precem
2541 4942 2715 4997 suam.
2763 4939 2847 4995 Ab
2882 4940 2968 4995 his
3007 4955 3136 5013 ergo
3167 4939 3425 5012 lacrymis
3466 4939 3694 5013 multum

372 5032 381 5040 ‘
417 5024 923 5101 clesiaﬁauimarum
966 5028 1309 5099 peccantium
1353 5028 1567 5087 ruinam
1609 5029 2007 5090 incessabiliter
2108 5030 2316 5089 distant
2358 5031 2484 5096 ιιιω,
2527 5045 2648 5102 qua:
2692 5030 2956 5087 obdurato
3005 5031 3166 5086 corde
3212 5030 3280 5087 de
3326 5026 3488 5089 siccis
3524 5029 3697 5083 oculis

416 5114 642 5190 plangit,
680 5116 820 5171 sicut
848 5118 902 5171 in
929 5112 1176 5192 sequenti
1202 5120 1473 5175 sententia
1505 5121 1929 5178 demonstratur.

487 5203 621 5258 Phe.
659 5222 679 5256 ι
720 5206 1021 5267 Divisiones
1044 5224 1311 5279 aquarum
1338 5209 1559 5269 deduxit
1594 5212 1783 5267 oculus
1808 5229 1960 5270 meus
1985 5256 2000 5282 ,

420 5311 441 5357 ς
483 5295 539 5348 in
577 5297 906 5354 contritione
940 5299 1062 5354 tiliae
1096 5299 1279 5370 populi
1320 5300 1448 5361 mei.
1485 5321 1503 5354 ι
1542 5300 1844 5357 Divisioncs
1872 5319 2000 5377 ergo

415 5401 681 5459 aquarum
707 5389 972 5446 deducere
996 5407 1055 5449 se
1078 5393 1145 5453 ab
1167 5393 1337 5450 oculis
1360 5395 1624 5467 propheta
1658 5397 1912 5471 perhibet
1940 5398 1995 5461 in

415 5478 745 5545 contritione
770 5480 893 5536 tiliae
922 5480 1103 5559 populi
1145 5486 1228 5545 sui
1251 5528 1264 5553 ,
1317 5489 1444 5558 quia
1488 5498 1545 5545 et
1585 5490 1999 5561 perversitatem

414 5572 597 5639 cordis
624 5572 767 5629 illius
800 5573 1037 5643 deﬂevit,
1079 5586 1135 5633 et
1175 5580 1384 5639 ruinam
1430 5584 1485 5645 in
1511 5587 1767 5655 peccatis,
1798 5595 1852 5640 et
1872 5602 2000 5643 con-

416 5664 692 5725 tritionem
739 5666 797 5725 in
836 5664 1241 5741 devastatione,
1291 5674 1373 5730 sic
1412 5684 1469 5733 et
1509 5691 1657 5737 nunc
1702 5676 1999 5737 electorum

419 5757 579 5815 turba
620 5772 721 5829 pro
769 5758 951 5822 anima
998 5761 1054 5816 in
1105 5765 1349 5835 peccatis
1394 5769 1641 5839 perdita.
1676 5770 2002 5843 multiplices

421 5847 657 5935 gemitus
677 5846 877 5921 fundit.
898 5851 1027 5927 quia
1052 5853 1112 5917 in
1136 5855 1365 5929 diversis
1406 5857 1741 5948 facinoribus
1765 5877 1893 5942 eam
1911 5877 2003 5923 er-

2114 5123 2512 5195 exprimuntur,
2557 5137 2695 5194 quas
2748 5122 2875 5178 licet
2919 5137 3025 5177 non
3069 5123 3286 5193 penitus
3332 5121 3695 5179 infructuosus

2111 5226 2231 5271 esse
2258 5213 2578 5268 credamus:
2612 5211 2754 5268 bono
2783 5213 2927 5267 enim
2975 5213 3251 5287 proposito
3287 5227 3478 5271 earum
3510 5220 3686 5267 atten-

2110 5310 2256 5357 tatur
2299 5301 2541 5357 emissio.
2599 5300 2680 5356 Ab
2719 5303 2802 5357 his
2855 5304 3153 5372 praesertim
3190 5304 3281 5377 qui
3323 5303 3572 5367 necdum,
3606 5303 3690 5359 vel

2110 5395 2176 5452 ad
2207 5395 2488 5450 scientiam
2522 5396 2807 5466 pervenire
2842 5395 3158 5473 perfectam,
3192 5390 3279 5452 vel
3300 5384 3687 5479 pristinorum,

2110 5504 2203 5549 seu
2234 5486 2581 5557 prmscntium
2613 5484 2867 5542 vitiorum
2905 5492 3202 5557 potuerunt
3240 5480 3307 5543 ad
3336 5480 3532 5560 purum
3569 5486 3690 5542 labe

2108 5580 2379 5645 mundari,
2412 5579 2480 5636 ab
2519 5581 2604 5636 his
2635 5588 2834 5645 tamen,
2868 5579 2957 5651 qui
2995 5579 3050 5634 in
3080 5576 3329 5638 allectum
3357 5580 3475 5654 jam
3507 5588 3687 5636 trans-

2108 5676 2221 5731 iere
2278 5674 2541 5729 virtutum
2591 5687 2933 5743 nequaquam
2972 5660 3130 5727 debet
3174 5672 3275 5728 hoc
3313 5668 3477 5728 modo
3505 5664 3689 5728 extor-

2107 5766 2262 5839 queri
2298 5765 2542 5841 profusio
2582 5764 2962 5836 lacrymarum,
2996 5779 3095 5819 nec
3132 5762 3420 5821 exterioris
3453 5762 3685 5818 hominis

2108 5852 2433 5933 magnopere
2460 5848 2745 5921 aﬂectandi
2788 5866 2911 5914 sunt
2946 5853 3125 5928 ﬂetus,
3158 5855 3251 5941 qui
3281 5856 3443 5916 etiam
3476 5855 3524 5915 si
3565 5854 3653 5915 [ιω
