4056 6336
299 355 440 423 4257
1186 300 1554 408 imosmo
1592 319 2231 404 surna'mnsnmn.
2273 373 2345 386 -
2380 341 2508 400 LIB.
2545 337 2688 398 ιιι.
2867 387 2874 394 .
3440 339 3589 401 ms

299 483 445 549 rint,
497 484 774 548 utcunque
797 467 1070 544 'producit
1126 477 1404 536 nunquam
1454 459 1762 533 pertingere
1825 457 1893 514 ad
2001 457 2188 549 dicat:
2217 476 2236 509 ι
2269 456 2410 526 Quid
2437 457 2536 544 tibi
2574 457 2658 518 vis
2685 455 2917 514 faciam?
2947 477 2966 510 ι
3003 456 3260 531 Nunquid
3287 459 3380 532 qui
3411 457 3596 518 lumen

302 545 450 634 illam
499 545 920 646 spontanearum
977 564 1340 634 lacrymarum
1387 554 1627 628 potuerit
1672 545 1924 631 ubertaf
1987 547 2231 646 reddere
2244 555 2478 620 poterat,
2495 549 2624 620 quid
2638 549 2802 606 vellet
2819 564 2994 606 aecus
3014 549 3332 630 ignorabat?
3355 550 3462 608 Sed
3482 552 3596 624 peti

304 681 436 734 tem,
458 641 632 738 magis
654 663 800 720 enim
827 655 1183 730 supplicantis
1211 653 1453 707 animum
1479 647 1591 704 suis
1612 645 1894 702 conatibus
1997 641 2116 738 vult
2139 641 2195 698 id
2223 642 2368 712 quod
2388 650 2444 698 et
2469 658 2568 699 nos
2591 651 2778 712 petere
2799 652 2854 698 et
2885 658 2943 700 se
2965 643 3265 702 concedere
3284 644 3593 714 praenoscit.

305 732 672 820 distrahentes
718 751 1114 816 bumiliabunt,
1170 755 1335 818 atque
1385 745 1624 800 humana
1680 737 1895 797 demer-
1999 732 2314 804 Importune
2350 751 2586 806 namque
2623 737 2688 791 ad
2731 737 3032 794 orationem
3069 753 3170 810 nos
3209 735 3482 804 admonet,
3514 737 3599 796 di-

301 863 454 928 gent,
485 861 540 924 et
566 851 635 906 ab
665 847 754 904 illa
781 843 991 904 cmlesti
1017 837 1350 899 sublimitate
1381 835 1675 928 deponent,
1706 833 1761 888 in
1788 847 1894 903 qua
2000 838 2132 927 cens
2157 843 2170 878 :
2201 845 2221 878 ε
2253 824 2370 881 Scit
2398 825 2545 880 enim
2575 826 2950 928 Paterves‘ter
2978 826 3213 884 caelestis
3238 825 3436 900 quibus
3467 828 3602 885 indi-

302 916 541 1006 ;ttonita
594 953 749 996 mens
794 933 1005 992 orantis
1047 925 1505 987 indeclinabiliter
1545 923 1734 980 debuit
1776 935 1897 978 esse
1991 916 2166 1002 lgetis,
2200 938 2217 970 ι
2273 928 2561 1005 antequam
2591 919 2808 990 petatis.
2843 919 2926 975 Ad
2965 921 3068 977 hoc
3101 935 3233 992 ergo
3261 921 3510 992 requirit,
3539 928 3601 976 ut

305 1001 504 1100 deﬁxa,
534 1031 756 1103 jamque
794 1023 1156 1096 compellente
1190 1034 1414 1095 precum
1460 1031 1683 1074 suarum
1721 1015 1900 1069 inten-
1992 1001 2244 1081 petatur,
2287 1001 2354 1065 ad
2385 1011 2487 1066 hoc
2529 1025 2658 1079 ergo
2686 1009 2937 1080 requirit,
2969 1019 3031 1066 ut
3071 1026 3168 1067 cor
3196 1011 3266 1066 ad
3293 1011 3600 1066 orationem

302 1105 455 1186 ἰίοηρ
490 1100 676 1180 laxata?
705 1137 838 1192 erga
875 1117 1091 1176 steriles
1127 1123 1184 1172 et
1221 1111 1506 1170 coactitias
1533 1109 1900 1180 lacrymarum
1995 1103 2233 1172 excitet.
2266 1102 2420 1159 Unde
2446 1109 2500 1157 et
2526 1117 2700 1157 ctecus
2721 1103 2968 1176 protinus
2993 1100 3235 1176 adjungit
3258 1121 3273 1162 :
3298 1121 3316 1154 α
3343 1103 3597 1167 Domine,

301 1220 548 1297 guttulas
573 1224 863 1288 aegrotare.

301 1291 335 1374 ,ν
379 1314 501 1370 Ain.
548 1329 568 1364 ι
605 1308 807 1366 Oculus
855 1320 1006 1361 meus
1045 1299 1277 1358 aillictus
1313 1307 1421 1365 est,
1459 1311 1560 1353 nec
1605 1291 1800 1359 tacuit,
1835 1305 1902 1348 eo

315 1424 336 1459 ο
379 1403 524 1476 quod
559 1418 664 1457 non
694 1406 839 1456 esset
867 1395 1102 1468 requies.
1143 1413 1163 1445 ι

381 1495 505 1552 Ain.
557 1514 577 1546 ‹
623 1493 806 1548 Donec
849 1489 1146 1559 respiceret
1188 1492 1244 1540 et
1288 1483 1499 1538 videret
1540 1477 1805 1534 Dominus
1841 1478 1909 1534 de

315 1609 337 1642 ο
382 1587 555 1644 cmlis.
591 1604 612 1638 ι
667 1582 989 1638 instantiam
1031 1577 1298 1635 orationis
1345 1584 1400 1631 et
1442 1571 1908 1644 perseverantiam

307 1696 414 1738 nos
437 1681 642 1736 habere
676 1677 940 1748 propheta
970 1673 1155 1737 docet,
1196 1670 1324 1740 quia
1349 1669 1442 1739 qui
1473 1667 1541 1721 ad
1572 1665 1755 1735 cupita
1786 1679 1911 1733 per-

317 1773 500 1828 venire
521 1770 776 1832 voluerit,
808 1766 1082 1850 reﬂectere
1110 1773 1347 1820 mentem
1375 1778 1405 1818 a
1436 1760 1616 1816 studio
1641 1757 1908 1816 orationis

2007 1195 2313 1250 utvidcam.
2339 1216 2356 1247 ι
2375 1195 2512 1251 Ecce
2536 1203 2713 1251 crocus
2735 1211 2764 1248 a
2779 1196 3009 1250 Domino
3032 1211 3141 1252 non
3163 1211 3376 1264 aurum,
3399 1197 3496 1253 sed
3515 1197 3602 1252 lu-

1991 1274 2129 1368 :cem
2145 1289 2360 1360 quaerit.
2376 1288 2726 1360 Parvipendit
2742 1296 2897 1344 extra
2920 1288 3095 1345 lucem
3118 1289 3323 1360 aliquid
3336 1303 3602 1366 quaerere,

2013 1378 2139 1448 quia
2167 1387 2220 1433 et
2247 1380 2290 1433 si
2321 1380 2521 1435 habere
2561 1395 2736 1434 caecus
2773 1379 3055 1449 quodlibet
3087 1389 3286 1450 potest,
3329 1380 3447 1436 sine
3487 1380 3608 1437 luce

1993 1487 2124 1542 .non
2153 1480 2331 1544 potest
2360 1472 2547 1526 videre
2572 1470 2715 1542 quod
2750 1471 2934 1527 habet.
2975 1470 3261 1526 Imitemur
3284 1486 3417 1543 ergo
3456 1486 3604 1538 eum,

2015 1578 2174 1633 quem
2212 1573 2268 1618 et
2293 1579 2520 1633 corpore
2563 1561 2870 1618 audivimus
2897 1570 2950 1618 et
2973 1570 3154 1619 mente
3181 1561 3470 1628 salvatum,
3498 1577 3605 1617 non

2014 1657 2182 1712 falsas
2208 1655 2449 1720 divitias,
2491 1671 2598 1710 non
2641 1663 2856 1710 terrena
2887 1655 3050 1722 dona,
3082 1671 3190 1712 non
3231 1654 3484 1726 fugitivos
3511 1655 3610 1710 ho-

2018 1763 2179 1810 nores
2215 1763 2246 1802 a
2279 1747 2526 1812 Domino,
2581 1747 2676 1802 sed
2716 1746 2887 1802 lucem
2920 1763 3248 1818 quaeramus,
3303 1763 3403 1803 nec
3435 1747 3609 1803 lucem

312 1879 423 1920 non
449 1864 630 1928 debet,
661 1861 758 1917 sed
794 1835 969 1930 magis
993 1869 1346 1928 perseverare
1387 1853 1440 1908 in
1469 1850 1771 1906 intentione
1799 1865 1908 1904 cm—
1935 1835 1985 1896 B
2015 1858 2134 1912 qum
2169 1842 2287 1895 loco
2329 1840 2620 1906 clauditur,
2665 1857 2785 1910 quae
2831 1850 3072 1910 tempore
3114 1841 3324 1908 ﬁnitur,
3359 1856 3480 1912 qum
3517 1854 3610 1895 no-

317 1965 406 2028 pta
443 1955 594 2028 illum
625 1961 858 2024 oportet.
891 1951 1028 2005 lline
1055 1948 1308 2018 estquod
1355 1946 1409 2000 in
1441 1944 1581 2000 libro
1607 1945 1813 2014 Regum
1842 1943 1910 1999 de

319 2027 759 2116 Anna-scriptum
785 2051 874 2108 est
905 2060 923 2094 ε
952 2042 1096 2112 quod
1120 2045 1406 2112 postquam
1435 2035 1696 2100 oraverit,
1727 2033 1911 2090 vultus

319 2139 439 2210 ejus
464 2153 572 2194 non
601 2144 727 2192 sunt
761 2133 992 2205 amplius
1018 2133 1072 2187 in
1097 2133 1312 2188 diversa
1335 2128 1530 2186 mutati
1561 2126 1612 2199 (Ι
1637 2127 1766 2198 Reg.
1791 2132 1855 2197 ι).
1887 2145 1906 2178 ι

321 2231 459 2288 Hinc
487 2237 542 2285 et
593 2229 648 2284 in
675 2226 964 2299 Evangelio
994 2223 1148 2296 (Luc.
1176 2221 1333 2295 xvut)
1361 2234 1538 2277 caecus
1570 2219 1684 2286 ille,
1708 2218 1803 2288 qui
1825 2216 1915 2272 Je-

324 2321 474 2378 ricbo
509 2319 859 2375 transientem
885 2313 1072 2372 Jesum
1108 2312 1377 2378 audierat,
1415 2309 1662 2366 misereri
1703 2306 1805 2363 sibi
1845 2305 1917 2362 ab

309 2429 391 2472 .eo
414 2415 632 2486 petebat
677 2431 690 2466 :
734 2395 832 2468 sed
879 2425 1004 2466 eum
1049 2425 1080 2464 a
1115 2405 1486 2478 praeeuntibus
1533 2403 1609 2460 illi
1631 2403 1916 2474 iuberetur

323 2515 387 2563 ut
433 2513 669 2576 taceret,
727 2504 842 2576 ipse
889 2501 1064 2556 multo
1108 2499 1281 2571 magis
1324 2497 1628 2561 clamabat,
1689 2495 1914 2550 dicens:

320 2618 352 2671 ¹ι
386 2583 643 2654 Miserere
692 2596 818 2659 mei,
847 2593 1098 2658 Domine,
1121 2591 1196 2646 ﬁli
1224 2589 1414 2645 David.
1454 2607 1472 2638 ι
1530 2585 1732 2660 (Greg.)
1766 2584 1920 2641 Unde

329 2699 387 2746 et
415 2689 616 2754 lumen,
647 2689 790 2760 quod
817 2687 1030 2759 petivit,
1062 2702 1093 2740 a
1120 2684 1401 2740 Salvatore
1425 2679 1674 2752 accipere
1706 2691 1922 2750 prome-

330 2783 464 2840 ruit.
493 2782 630 2851 Quid
653 2790 836 2836 autem
859 2781 1144 2852 designant
1169 2778 1258 2834 isti
1283 2777 1375 2847 qui
1400 2774 1586 2832 Jesum
1617 2773 1924 2830 venientem

331 2872 662 2944 praecedunt,
689 2871 796 2926 nisi
825 2869 1216 2926 desideriorum
1255 2867 1556 2924 carnalium
1595 2863 1802 2932 turbas,
1833 2871 1925 2917 tu-

315 2965 644 3037 multusque
689 2964 984 3020 vitiorum?
1033 2963 1125 3034 qui
1171 2961 1485 3033 priusquam
1529 2958 1688 3016 Jesus
1727 2956 1798 3011 ad
1831 2971 1928 3012 cor

335 3067 581 3114 nostrum
611 3046 812 3125 veniat,
846 3055 1236 3112 tentationibus
1263 3055 1378 3110 suis
1403 3052 1787 3124 cogitationem
1830 3063 1930 3104 uo-

311 3159 508 3208 .stram
535 3149 818 3222 dissipant,
850 3157 908 3206 et
934 3162 1094 3202 voces
1135 3146 1312 3202 cordis
1345 3145 1398 3200 in
1429 3143 1678 3200 oratione
1708 3148 1928 3211 pertur-

335 3241 508 3298 bant?
539 3242 694 3314 Saepe
741 3255 976 3322 namque
1027 3240 1156 3296 dum
1204 3237 1450 3295 converti
1497 3235 1566 3291 ad
1603 3235 1774 3290 Deum
1807 3239 1930 3304 post

336 3344 648 3408 perpetrata
688 3335 820 3392 vitia
858 3333 1138 3398 volumus,
1183 3333 1310 3390 dum
1345 3341 1536 3393 contra
1582 3331 1700 3388 haec
1739 3327 1930 3384 eadem

339 3443 568 3482 exorare
609 3428 758 3492 vitia,
793 3442 914 3498 quae
954 3427 1383 3498 perpetravimus
1427 3437 1714 3489 conamur,
1741 3435 1933 3479 occur-

321 3529 472 3584 runt
501 3521 652 3576 cordi
689 3511 1072 3590 phantasmata
1105 3527 1476 3589 peccatorum,
1519 3531 1639 3589 quae
1681 3516 1928 3582 fecimus,

323 3609 542 3666 .mentis
580 3619 782 3667 nostra:
818 3611 994 3666 aciem
1032 3611 1402 3675 reverberant,
1441 3609 1780 3666 confundunt
1809 3608 1931 3662 ani-

347 3718 494 3758 mum
521 3739 538 3770 ,
581 3712 639 3760 et
670 3719 860 3760 vocem
898 3703 1297 3774 deprecationis
1335 3711 1606 3774 premunt.
1651 3702 1754 3770 Qui
1793 3715 1935 3772 prte-

347 3795 503 3852 ibant
535 3811 668 3873 ergo
696 3797 1056 3866 increpabant
1089 3811 1214 3851 eum
1241 3805 1302 3850 ut
1337 3802 1564 3859 taceret,
1597 3795 1722 3866 quia
1757 3794 1936 3864 prius-

259 3902 271 3934 ~'
348 3902 510 3957 quam
537 3887 693 3944 Jesus
731 3887 798 3942 ad
833 3903 931 3944 cor
957 3893 1206 3944 nostrum
1234 3885 1441 3951 veniat,
1473 3885 1624 3953 mala,
1647 3893 1769 3954 qua)
1799 3883 1934 3938 icci-

325 3994 492 4046 .mus,
519 3979 833 4051 cogitationi
854 3988 1053 4037 nostra:
1077 3979 1190 4034 suis
1204 3977 1529 4050 imaginibus
1555 3977 1720 4042 illisa,
1743 3977 1797 4030 in
1819 3975 1934 4045 ipsa

349 4086 452 4127 nos
489 4079 678 4128 nostra
713 4071 964 4129 oratione
1008 4069 1353 4128 conturbant.
1403 4070 1544 4126 Ecce
1579 4082 1742 4140 quem
1781 4067 1938 4124 turba

351 4162 597 4232 increpat
642 4171 704 4219 ut
746 4171 948 4231 taceat,
993 4163 1170 4235 magis
1211 4178 1277 4218 ac
1321 4162 1494 4234 magis
1540 4161 1762 4228 clamat,
1813 4160 1940 4232 quia

351 4263 554 4322 quanto
604 4254 856 4325 graviore
914 4254 1144 4310 tumultu
1201 4253 1590 4325 cogitationum
1641 4251 1941 4307 carnalium

349 4343 672 4414 premimur,
711 4353 860 4400 tanto
894 4345 1130 4400 orationi
1171 4344 1424 4400 insistere
1457 4343 1737 4400 ardentius
1779 4342 1944 4398 debe-

353 4451 494 4490 mus.
522 4435 862 4492 Contradicit
889 4437 1046 4492 turba
1077 4451 1147 4492 ne
1193 4435 1510 4500 clamemus,
1542 4434 1670 4505 quia
1697 4442 1943 4504 peccato-

2015 1933 2183 1988 ctium
2228 1931 2624 2001 interruptione
2667 1931 2931 1997 variatur,
2959 1947 3080 2001 qua:
3110 1947 3140 1986 a
3165 1932 3324 1986 nobis
3371 1945 3613 1986 commu-

2015 2025 2161 2080 niter
2207 2039 2331 2078 cum
2372 2023 2661 2094 pecoribus
2716 2024 2988 2090 cernitur,
3038 2024 3132 2079 sed
3177 2023 3352 2078 lucem
3395 2037 3610 2095 quaera-

1993 2107 2160 2178 mus,
2187 2130 2350 2184 quam
2382 2111 2563 2168 videre
2586 2129 2708 2169 cum
2739 2114 2868 2170 solis
2906 2115 3110 2186 angelis
3135 2118 3426 2186 possimus,
3450 2130 3615 2186 quam

1995 2195 2121 2263 Inec
2164 2205 2378 2260 initium
2410 2207 2662 2272 inchoat,
2711 2223 2809 2262 nec
2846 2207 2969 2264 ﬁnis
3008 2217 3290 2279 angustat,
3337 2210 3406 2265 ad
3450 2226 3615 2282 quam

2018 2295 2195 2354 lucem
2225 2299 2312 2354 via
2351 2297 2487 2354 ﬁdes
2511 2307 2614 2354 est.
2649 2299 2938 2374 (MAURUS.)
2975 2300 3128 2357 Unde
3165 2285 3309 2358 recte
3335 2311 3389 2358 et
3419 2301 3620 2358 illumi-

2020 2401 2150 2450 nalo
2163 2393 2578 2464 cmco.protinus
2592 2393 2946 2463 respondetur
2963 2412 2974 2446 :
2997 2414 3014 2444 α
3028 2393 3274 2464 Respice,
3297 2393 3435 2448 ﬁdes
3459 2402 3548 2448 tua
3563 2405 3618 2448 te

2022 2487 2234 2544 salvum
2264 2480 2409 2543 fecit.
2438 2507 2456 2538 ι
2485 2487 2805 2556 Quicunque
2835 2487 2981 2542 enim
3018 2488 3122 2543 ﬁde
3153 2487 3312 2558 plena
3350 2485 3486 2558 petit
3513 2487 3620 2542 hoc

2023 2581 2169 2652 quod
2215 2581 2456 2653 expedit,
2487 2579 2634 2636 nullo
2660 2580 2824 2636 modo
2865 2579 2984 2650 ejus
3029 2578 3209 2636 fructu
3237 2578 3466 2635 carebit.
3513 2577 3620 2634 lle-

2025 2673 2186 2744 spicit
2213 2675 2358 2728 enim
2403 2672 2660 2752 Dominus
2685 2672 2752 2727 de
2780 2672 2956 2740 coelis,
2985 2683 3042 2728 et
3067 2671 3241 2729 ﬁdelis
3265 2672 3349 2729 sui
3385 2672 3622 2728 oratoris

2023 2781 2217 2837 preces
2245 2766 2568 2835 suscipiens,
2603 2764 2810 2820 salvum
2837 2765 3002 2820 faciet
3025 2780 3172 2832 eum,
3201 2761 3454 2836 quoniam
3495 2780 3619 2836 spe-

2027 2858 2170 2912 ravit
2217 2857 2516 2928 in'ipsum.
2565 2857 2706 2912 Dicit
2749 2857 2896 2928 enim
2949 2857 3068 2928 ipsa
3107 2857 3365 2913 Veritas:
3401 2875 3419 2907 ‹
3446 2859 3620 2914 Amen

2028 2950 2150 3006 dico
2195 2951 2378 3017 vobis,
2425 2949 2685 3020 quidquid
2727 2957 2948 3006 orantes
2989 2949 3204 3022 petitis,
3255 2949 3460 3006 credite
3493 2950 3622 3020 quia

2007 3027 2309 3124 Zaccipietis
2365 3052 2422 3098 et
2447 3043 2544 3097 ﬁet
2583 3043 2738 3098 vobis
2792 3041 2989 3115 (Marc.
3035 3040 3135 3116 χι).
3173 3061 3192 3096 ι
3252 3041 3322 3097 Ει
3366 3041 3492 3112 quia
3525 3059 3623 3113 per

2031 3135 2310 3191 oculorum
2349 3141 2629 3206 aspectum
2675 3149 2818 3205 saepe
2863 3133 3025 3208 noxia
3073 3131 3515 3202 concupiscentia
3566 3133 3620 3188 in

1954 3207 2001 3271 θ
2032 3235 2272 3283 mentem
2303 3227 2494 3292 intrat,
2519 3225 2803 3296 sequitur:

2106 3318 2223 3372 Ain.
2254 3337 2272 3368 ι
2301 3317 2502 3374 Oculus
2526 3331 2680 3371 meus
2699 3291 3038 3385 depraedatus
3061 3323 3144 3370 est
3165 3315 3401 3369 animam
3423 3328 3624 3381 meam,

2039 3431 2059 3464 ι
2106 3413 2160 3466 in
2187 3411 2396 3466 cunctis
2423 3411 2635 3464 ﬁliabus
2664 3409 2812 3464 urbis
2837 3423 2994 3464 mem.
3030 3429 3050 3462 ι
3091 3408 3268 3470 Nunc
3295 3405 3473 3464 reddit
3498 3423 3628 3463 cau-

2003 3489 2149 3574 isam
2177 3518 2346 3574 quare
2373 3501 2687 3572 praedixerit
2718 3500 2932 3554 oculum
2975 3515 3132 3568 suum
3177 3499 3437 3554 amictum
3483 3513 3626 3566 esse,

2035 3614 2102 3654 eo
2139 3597 2283 3667 quod
2317 3613 2424 3650 non
2461 3577 2606 3649 esset
2642 3593 2878 3662 requies,
2909 3592 3165 3664 quoniam
3207 3607 3330 3647 cum
3359 3607 3457 3661 per
3482 3592 3632 3647 incu-

2034 3694 2172 3750 riam
2220 3698 2470 3761 aspectus
2512 3685 2818 3758 patefactus
2865 3682 3031 3739 fuerit
3091 3684 3373 3739 tentationi
3427 3683 3628 3750 aditus,

2033 3786 2125 3841 vix
2165 3781 2616 3854 tranquillitatem
2656 3777 2898 3834 inveniet
2939 3777 3154 3832 animus
3189 3774 3471 3841 turbatus,
3522 3773 3630 3830 nisi

2037 3877 2114 3932 illi
2167 3871 2484 3930 subvenerit
2529 3869 2726 3924 divinae
2769 3867 2989 3939 pietatis
3050 3866 3298 3922 intuitus.
3363 3865 3504 3920 Hinc
3545 3873 3631 3921 est

2039 3965 2184 4037 quod
2210 3965 2403 4020 beatus
2429 3959 2529 4016 Job
2559 3960 2633 4015 ait
2659 3958 2804 4038 (Job.
2832 3957 2992 4030 xui):
3029 3977 3047 4009 ‹
3079 3956 3266 4030 l‘epigi
3293 3955 3471 4012 fatdus
3502 3970 3627 4010 cum

2039 4058 2211 4117 oculis
2248 4057 2408 4124 meis,
2447 4066 2506 4110 ut
2547 4069 2651 4110 nec
2677 4052 2896 4124 quidem
2930 4051 3230 4122 cogitarem
3257 4050 3324 4105 de
3345 4049 3573 4120 virgine.
3607 4068 3627 4102 ι

2043 4149 2248 4224 (στος.)
2279 4148 2349 4206 Ut
2385 4129 2532 4204 enim
2570 4144 2928 4218 cogitationes
2977 4142 3160 4216 cordis
3201 4149 3351 4198 caste
3407 4153 3630 4196 servare

2041 4243 2330 4316 potuisset,
2349 4240 2528 4313 {cedas
2554 4253 2676 4294 cum
2705 4236 2876 4293 oculis
2901 4234 3122 4307 pepigit,
3147 4249 3217 4289 ne
3239 4233 3392 4306 prius
3419 4231 3636 4288 incaute

2045 4337 2312 4408 aspiceret
2367 4333 2512 4406 quod
2579 4329 2924 4405 postmodum
2982 4328 3127 4383 intus
3180 4335 3406 4397 amaret.
3467 4321 3638 4379 Valde

2045 4443 2280 4500 namque
2323 4435 2406 4484 est
2446 4425 2589 4497 quod
2636 4436 2766 4478 caro
2811 4421 3063 4477 deorsum
3109 4417 3318 4486 trahit,
3368 4423 3424 4473 et
3466 4412 3636 4472 semel
3735 4423 3747 4430 '

352 4541 474 4580 rum
513 4536 824 4584 nostrorum
869 4529 1245 4599 phantasmata
1283 4528 1600 4600 plerumque
1637 4535 1696 4583 et
1732 4528 1787 4583 in
1817 4542 1942 4582 ora-
1968 4567 2024 4629 Β
2047 4521 2256 4592 species
2297 4519 2485 4577 formae
2517 4515 2670 4572 cordi
2708 4529 2806 4586 per
2837 4513 3024 4570 oculos
3064 4511 3292 4584 illigata.
3331 4509 3422 4565 Vix
3451 4507 3636 4580 magni

359 4617 390 4629 ,ο
607 4617 637 4629 ,ο
903 4620 914 4629 .
987 4619 999 4629 .
1065 4621 1073 4629 ,
1569 4627 1575 4629 Α
1649 4625 1658 4629 -
2049 4619 2062 4629 ι
2145 4627 2149 4629 _
2254 4618 2265 4629 .
2312 4617 2324 4629 .
2633 4611 2825 4629 _|,,,9.___.
2899 4607 2970 4629 tu-
3009 4622 3126 4629 -_...-
3157 4605 3400 4629 ..-.......I.....
3429 4602 3633 4629 ιιιι--ἶηη

356 4617 502 4671 tione
528 4617 794 4686 patimur;
823 4620 916 4677 sed
947 4619 1203 4676 nimirum
1239 4633 1466 4675 necesse
1499 4627 1584 4674 est
1607 4625 1667 4674 ut
1694 4633 1798 4674 vox
1825 4633 1946 4673 cor-

355 4706 438 4762 dis
473 4708 645 4767 nostri
667 4747 683 4774 ,
716 4726 824 4782 quo
865 4711 1056 4766 durius
1086 4711 1387 4780 repellitur,
1420 4723 1486 4766 eo
1517 4710 1784 4766 valentius
1813 4711 1946 4766 iusi-

355 4810 485 4868 stat,
517 4810 788 4873 quatenus
821 4805 1164 4877 cogitationis
1209 4806 1414 4862 illicitae
1457 4805 1746 4862 tumultum
1788 4820 1946 4875 supe-

357 4903 459 4960 ret,
491 4904 656 4966 atqtte
683 4895 753 4951 ad
778 4895 896 4966 pias
927 4911 1086 4954 aures
1117 4897 1332 4954 Domini
1369 4895 1655 4952 nimietate
1687 4911 1800 4950 suae
1848 4896 1945 4952 im-

355 4989 705 5058 portunitatis
732 4999 998 5061 erumpat.
1041 4990 1184 5046 Ecce
1209 4998 1339 5056 stat,
1369 4989 1462 5060 qui
1485 4997 1615 5045 ante
1645 4986 1943 5053 transibat,

357 5087 484 5157 quia
519 5087 648 5142 dum
685 5087 864 5143 adhuc
903 5087 1092 5142 turbas
1123 5088 1563 5158 phantasmatum
1605 5084 1660 5138 in
1699 5083 1947 5138 oratione

355 5181 610 5250 patimur,
637 5180 823 5238 Jesum
866 5181 1206 5251 aliquatenus
1255 5179 1610 5234 transientem
1649 5176 1936 5232 sentimus.

346 5275 493 5330 'Cum
516 5283 649 5331 vero
674 5275 906 5331 orationi
927 5276 1280 5330 vehementer
1305 5271 1630 5334 insiStimus,
1654 5275 1764 5324 stat
1787 5266 1944 5322 Jesus

345 5375 420 5422 ut
445 5369 622 5424 lucem
649 5371 920 5437 restituat,
951 5369 1078 5440 quia
1104 5367 1248 5424 Deus
1273 5367 1329 5422 in
1353 5366 1518 5421 corde
1545 5359 1750 5436 ﬁgitur,
1779 5363 1836 5416 et
1854 5360 1945 5415 lux

360 5459 560 5514 amissa
603 5464 910 5531 reparatur.
955 5459 1170 5517 Caecum
1213 5459 1384 5532 igitur
1425 5457 1752 5512 clamantem
1787 5452 1946 5509 Iesus

361 5553 634 5609 transiens
669 5555 848 5619 audit,
893 5562 1044 5610 stans
1086 5553 1387 5610 illuminat.
1437 5551 1562 5621 quia
1612 5560 1710 5620 per
1755 5548 1947 5602 huma-

359 5647 588 5700 nitatem
623 5649 779 5700 suam
813 5645 1031 5702 vocibus
1057 5653 1260 5701 nostrae
1285 5644 1545 5701 caecitatis
1569 5637 1947 5711 oompatiendo

360 5736 616 5794 misertus
645 5745 750 5792 est.
783 5735 892 5794 Sed
920 5735 1101 5791 lumen
1128 5736 1286 5792 nobis
1311 5736 1497 5808 gratiae
1518 5747 1619 5805 per
1645 5728 1948 5788 divinitatis

347 5832 658 5907 potentiam
688 5829 902 5888 inludit.
954 5831 1025 5888 Et
1048 5831 1348 5889 uelandum
1373 5827 1502 5902 quid
1535 5837 1681 5886 ceco
1705 5823 1946 5884 venitmti

2047 4617 2357 4674 luctaminls
2397 4629 2560 4670 manu
2598 4611 2847 4667 solvitur.
2897 4607 2976 4664 Ne
3002 4622 3132 4677 ergo
3155 4605 3404 4676 quaedam
3429 4602 3637 4657 lubrica

2046 4711 2102 4766 in
2149 4707 2474 4776 cogitatione
2517 4717 2820 4766 versemus,
2865 4699 3257 4771 providendum
3301 4693 3460 4750 nobis
3507 4703 3631 4758 est;

2047 4801 2174 4872 quia
2215 4797 2416 4854 intueri
2457 4810 2562 4851 non
2599 4795 2756 4850 decet
2795 4791 2941 4862 quod
2989 4805 3096 4846 non
3136 4789 3262 4842 licet
3299 4783 3630 4872 concupisci.

2049 4891 2121 4949 Ut
2149 4889 2295 4945 enim
2331 4887 2530 4942 munda
2565 4899 2720 4940 mens
2752 4882 2807 4937 in
2832 4880 3162 4952 cogitatione
3192 4883 3456 4941 servetur,
3494 4887 3524 4928 a
3561 4871 3640 4926 la-

2047 4984 2217 5042 scivia
2250 4978 2540 5050 voluptatis
2578 4992 2689 5032 suae
2727 4971 3066 5045 deprimendi
3113 4978 3240 5026 sunt
3278 4966 3444 5034 oculi,
3475 4963 3634 5036 quasi

2047 5078 2268 5149 quidam
2289 5082 2536 5144 raptores
2561 5071 2630 5128 ad
2653 5069 2884 5140 culpam.
2915 5065 3102 5135 Neque
3127 5062 3276 5142 enim
3295 5060 3408 5114 Eva
3432 5057 3638 5128 lignum

2031 5169 2274 5225 vetitum
2313 5164 2649 5236 contigisset,
2681 5160 2786 5216 nisi
2811 5160 2919 5215 hoc
2956 5157 3109 5229 prius
3150 5155 3368 5209 incaute
3397 5149 3636 5219 respice-

2047 5267 2152 5316 ret.
2196 5256 2472 5325 Scriptum
2505 5251 2705 5322 quippe
2741 5256 2829 5306 est
2857 5264 2870 5301 :
2901 5263 2919 5300 ι
2949 5243 3097 5301 Vidit
3135 5241 3330 5298 mulier
3357 5239 3500 5310 quod
3542 5236 3640 5292 bo-

2049 5365 2178 5408 num
2215 5356 2360 5406 esset
2393 5347 2600 5420 lignum
2639 5343 2706 5400 ad
2739 5339 3092 5404 vescendum,
3124 5345 3181 5394 et
3200 5333 3488 5408 pulchrum
3513 5344 3642 5387 ocu-

2051 5443 2140 5507 lis,
2169 5448 2501 5510 aspectuque
2536 5432 2889 5499 delectabile,
2925 5439 2984 5487 et
3007 5428 3132 5494 tulit
3163 5427 3231 5485 de
3258 5426 3440 5482 fructu
3470 5421 3636 5487 illius,

2049 5545 2108 5590 et
2134 5532 2372 5589 comedit
2397 5527 2550 5604 (Gen.
2587 5527 2696 5600 tu).
2728 5546 2748 5580 ι
2801 5524 2944 5582 Hine
2980 5534 3111 5594 ergo
3145 5517 3487 5592 pensandum
3531 5519 3637 5576 est,

2051 5634 2256 5698 quanto
2306 5624 2568 5681 debemus
2613 5617 2984 5678 moderamine
3043 5628 3174 5686 erga
3232 5611 3423 5674 illicita
3461 5607 3640 5662 visum

2049 5721 2403 5790 restringere,
2431 5731 2534 5772 nos
2561 5714 2654 5785 qui
2679 5711 2983 5768 mut-taliter
3008 5707 3264 5771 vivimus,
3295 5703 3346 5765 si,
3373 5708 3430 5756 et
3463 5702 3641 5790 mater

2050 5787 2348 5874 viventium
2373 5807 2686 5884 peruenies
2710 5806 2784 5864 ad
2811 5811 3044 5866 mortem
3065 5798 3234 5860 venit.
3284 5793 3430 5856 Hinc
3467 5787 3636 5847 etiam
