4056 6336
478 358 500 412 1
511 356 616 412 259

1157 358 1219 413 Β.
1261 356 1515 414 RABANI
1554 357 1776 415 MAURI
1813 355 2140 415 ARCHIEP.’
2176 356 2483 442 MOGUNT.
2521 356 2815 414 OPERUM.
2841 356 3024 412 PARS
3059 357 3145 412 111.

3627 358 3798 414 1244]

473 475 635 529 modo
669 478 768 530 sub
793 476 987 530 Iudaeae
1013 488 1169 539 voce,
1196 489 1326 545 "qua:
1353 474 1628 529 exteriora
1664 472 1897 528 videndo
1927 486 2055 528 con-
2081 472 2132 533 A
2160 485 2280 537 nos,
2306 471 2399 541 qui
2428 471 2567 541 apud
2606 485 2664 527 se
2695 480 2815 526 erat
2843 470 3187 535 immortalis,
3218 470 3443 526 Invenit.
3469 470 3589 526 Sed
3611 471 3801 543 hujus

477 569 778 636 cupiscens,
812 567 953 624 bona
997 567 1256 623 interiora
1281 565 1614 636 perdiderat.
1662 564 1932 636 Propheta
1981 564 2062 618 di-

478 660 551 714 cit
575 678 586 714 :
616 678 634 710 ‹
663 658 862 716 Oculus
887 674 1042 714 meus
1066 657 1404 728 depraedatus
1425 664 1510 711 est
1533 656 1772 711 animam
1800 670 2009 720 meam;
2035 675 2054 707 ι

476 751 904 821 concupiscendo
952 750 1100 805 enim
1143 749 1410 813 visibilia,
1477 746 1775 803 invisibiles
1830 748 2062 802 virtutes

475 842 674 898 amisit.
700 841 832 911 Quae
855 857 986 911 ergo
1013 841 1324 896 interiorem
1352 840 1584 894 fructum
1610 855 1709 909 per
1729 839 2057 895 exteriorem

474 933 651 988 visum
671 933 923 1004 perdidit,
946 948 1042 1004 per
1069 931 1283 988 oculum
1311 931 1554 1001 corporis
1579 931 1797 1002 pertulit
1820 931 2061 1002 praedam

476 1025 674 1080 cordis.
713 1022 868 1079 Unde
905 1024 1062 1079 nobis
1089 1023 1155 1078 ad
1170 1017 1588 1079 custodiendam
1617 1022 1798 1076 cordis
1840 1021 2062 1077 mundi-

477 1116 644 1180 tiam,
683 1123 1035 1171 externorum
1064 1129 1279 1185 quoque
1323 1129 1581 1170 sensuum
1613 1113 1895 1184 disciplina
1940 1127 2058 1168 ser-

477 1208 653 1264 vanda
694 1215 796 1264 est.
853 1207 989 1263 Nam
1022 1186 1599 1278 quantalibet'virtute
1643 1223 1798 1262 mens
1838 1207 2058 1278 polleat,

476 1299 810 1370 quantalibet
833 1301 1096 1372 gravitate
1127 1301 1328 1370 vigeat,
1370 1300 1618 1356 carnales
1639 1308 1820 1356 tamen
1870 1314 2064 1356 sensus

474 1392 679 1462 puerile
692 1392 944 1463 quiddam
956 1402 1301 1465 perstrepunt
1315 1395 1576 1458 exterius,
1591 1403 1646 1449 et
1665 1395 1765 1449 nisi
1791 1394 2064 1450 interioris

476 1485 758 1554 gravitatis
784 1485 1040 1555 pondere,
1085 1493 1142 1541 et
1166 1486 1323 1556 quasi
1353 1485 1580 1554 juvenili
1615 1486 1849 1558 quodam
1877 1487 2064 1558 vigore

474 1575 839 1644 refrenentur,
869 1577 938 1632 ad
960 1575 1104 1632 ﬂuxa
1124 1593 1351 1647 quaeque
1384 1586 1438 1631 et
1465 1578 1604 1633 levia
1632 1586 1869 1633 mentem
1901 1593 2060 1633 ener-

473 1683 596 1724 vcm
622 1669 862 1724 trahunt.
886 1667 1158 1724 Hactenus
1181 1670 1282 1724 sub
1301 1684 1433 1724 voce
1457 1669 1805 1724 lamentantis
1829 1670 2064 1740 prophe-

475 1769 526 1815 ta
558 1769 885 1831 conquestus
904 1771 989 1818 est
1011 1763 1221 1817 ruinam
1250 1763 1431 1834 populi
1469 1764 1574 1829 sui,
1602 1763 1685 1818 vel
1711 1765 1903 1819 animae
1936 1779 2062 1833 pec—

2164 561 2394 617 vulturis
2421 561 2610 617 oculus
2638 561 2740 616 fuit
2765 561 2881 632 ipsa
2909 561 3137 616 intentio
3160 568 3364 618 nostra:
3391 564 3797 620 resurrectio-

2164 654 2269 720 nis,
2312 654 2438 724 quia
2472 654 2587 724 ipse
2627 654 2696 710 ad
2741 652 2978 708 triduum
3024 661 3272 708 mortuus
3309 655 3379 710 ab
3400 662 3624 710 aeterna
3677 671 3796 712 nos

2163 755 2338 802 morte
2364 746 2631 802 liberavit.
2663 743 2755 801 llle
2778 761 2880 817 ego
2908 745 3148 817 perﬁdus
3187 744 3496 802 Iudaeorum
3525 747 3790 817 populus

2163 836 2444 892 mortalem
2468 837 2621 901 vidit,
2645 836 2739 892 sed
2764 837 2908 907 quod
2933 845 3108 892 morte
3130 852 3226 892 sua
3249 845 3496 892 nostram
3524 846 3789 893 mortem

2164 929 2472 985 destrueret
2509 930 2732 985 minime
2755 930 3010 986 attendit.
3059 929 3354 1002 Conspexit
3379 931 3615 1001 quidem
3651 932 3785 987 vul-

2163 1028 2360 1085 turem,
2416 1022 2511 1078 sed
2548 1021 2733 1078 oculos
2770 1021 3000 1077 vulturis
3048 1036 3155 1076 non
3195 1022 3426 1093 aspexit,
3479 1023 3578 1092 qui
3645 1023 3782 1078 dum

2163 1109 2485 1168 humilitatis
2522 1110 2638 1180 ejus
2660 1111 2797 1178 vias,
2826 1112 3022 1181 quibus
3056 1126 3117 1167 se
3143 1126 3244 1168 nos
3269 1113 3339 1168 ad
3367 1112 3482 1167 alta
3516 1112 3783 1168 subleva-

2163 1200 2261 1266 vit,
2293 1201 2639 1258 considerare
2669 1202 2862 1269 noluit,
2897 1203 3146 1258 semitam
3181 1203 3299 1259 avis
3324 1204 3608 1274 ignoravit
3633 1221 3650 1256 :
3679 1219 3781 1258 oe-

2163 1309 2270 1363 que
2307 1293 2451 1348 enim
2491 1310 2722 1366 pensare
2768 1295 2994 1362 studuit,
3023 1295 3170 1365 quod
3205 1294 3321 1364 ejus
3356 1310 3457 1351 nos
3478 1294 3776 1350 humilitas

2163 1387 2471 1443 sublevaret
2498 1388 2566 1443 ad
2597 1387 2857 1453 caelestia,
2885 1395 2940 1443 et
2967 1388 3158 1443 mortis
3179 1386 3298 1455 ejus
3319 1387 3551 1443 intentio
3584 1387 3774 1442 refor~

2163 1487 2338 1533 marci
2362 1478 2431 1533 ad
2455 1478 2642 1533 vitam.
2673 1476 2936 1533 Semitam
2966 1477 3132 1549 igitur
3174 1478 3446 1548 ignoravit
3489 1478 3638 1542 avis,
3671 1493 3777 1534 nec

2164 1567 2391 1623 intuitus
2405 1578 2490 1624 est
2513 1568 2698 1624 oculos
2719 1568 2968 1633 vulturis,
2996 1567 3122 1637 quia
3145 1568 3247 1623 etsi
3267 1569 3402 1623 vidit
3422 1583 3574 1633 eum,
3592 1583 3772 1638 quem

2163 1656 2220 1712 in
2261 1667 2434 1714 morte
2478 1659 2683 1725 tenuit,
2721 1659 2907 1714 videre
2945 1659 3119 1714 noluit
3151 1668 3354 1730 quanta
3393 1660 3522 1715 vita:
3557 1669 3775 1715 nostra

2165 1749 2337 1819 gloria
2359 1749 2424 1803 de
2444 1747 2560 1818 ejus
2588 1756 2762 1804 morte
2799 1756 3140 1820 sequeretur.
3188 1748 3342 1806 Unde
3363 1749 3432 1805 ad
3457 1750 3772 1806 crudelita-

475 1855 724 1919 catricis;
745 1868 888 1909 nunc
901 1867 1031 1909 vero
1045 1853 1204 1909 aliam
1226 1855 1631 1911 introducturus
1643 1864 1726 1911 est
1750 1872 2057 1927 personam,
2087 1838 2137 1899 Β
2166 1849 2273 1898 lem
2295 1857 2511 1913 quoque
2538 1842 2933 1913 Persecmionis
2980 1842 3210 1909 θΧπείῐν
3234 1842 3406 1898 verba
3428 1841 3556 1897 "iu?-
3575 1843 3771 1912 Ρθτεί·

474 1961 594 2015 qum
617 1955 795 2000 tamen
817 1945 1068 2000 similiter
1085 1961 1240 2002 suam
1263 1948 1669 2019 oppressionem
1691 1951 2059 2020 conqueritur,

475 2038 573 2092 sed
598 2037 653 2091 in
676 2052 740 2092 eo
763 2037 941 2093 diﬁ‘ert
960 2039 1104 2109 quod
1124 2055 1244 2095 eam
1271 2041 1405 2095 dicit
1425 2055 1546 2096 esse
1571 2042 1741 2112 gratis
1760 2041 1984 2108 factam,
2009 2051 2066 2098 et

476 2130 593 2185 sine
608 2145 788 2197 causa,
810 2131 952 2201 quod
964 2131 1109 2187 nullo
1125 2133 1284 2187 modo
1297 2132 1364 2188 ad
1391 2143 1728 2204 peccatorem
1755 2135 1846 2206 qui
1874 2149 2064 2206 poenas

476 2225 698 2280 meritas
724 2225 954 2280 sustinet
974 2240 1071 2295 per
1086 2224 1530 2297 signiﬁcationem
1544 2227 1836 2282 transferri
1857 2237 2059 2298 potest.

476 2314 630 2371 Unde
662 2325 876 2387 oportet
906 2325 965 2372 ut
1000 2318 1099 2372 sub
1121 2332 1354 2389 persona
1383 2317 1552 2388 ipsius
1575 2319 1854 2388 prophetae
1885 2321 2062 2374 susci-

475 2408 687 2476 piamus
731 2407 835 2462 viri
881 2407 1165 2475 cujuslibet
1212 2407 1345 2478 justi
1385 2423 1704 2479 personam,
1757 2410 1843 2465 vel
1882 2411 2064 2480 potius

474 2497 589 2552 veri
617 2497 781 2554 Josiae
809 2500 1002 2565 nostri,
1032 2500 1199 2570 ipsius
1223 2500 1474 2556 videlicet
1501 2502 1714 2557 Domini
1742 2502 2058 2570 Salvatoris,

476 2588 567 2658 qui
601 2589 796 2644 merito
858 2589 1004 2645 salus
1027 2590 1260 2656 Domini,
1292 2591 1378 2646 vel
1425 2590 1690 2647 fortitudo
1716 2593 1933 2648 Domini
1980 2593 2062 2648 di-

475 2682 637 2749 citur,
664 2683 794 2754 quia
823 2683 891 2738 de
923 2697 988 2738 eo
1017 2683 1280 2753 scriptum
1306 2692 1427 2739 est:
1463 2703 1482 2736 ι
1514 2684 1632 2755 ipse
1666 2686 1811 2740 enim
1852 2685 2061 2740 salvum

476 2772 637 2831 faciet
659 2774 915 2845 populum
945 2789 1100 2829 suum
1139 2790 1172 2828 a
1197 2775 1432 2844 peccatis
1461 2791 1650 2831 eorum
1683 2774 1899 2849 (Matth.
1934 2777 1995 2848 ι).
2034 2795 2055 2830 ι

478 2867 545 2922 Et
573 2868 638 2923 de
662 2883 767 2937 quo
790 2867 1061 2938 Propheta
1089 2867 1203 2922 ait:
1235 2885 1263 2920 ι
1283 2867 1569 2926 Fortitudo
1593 2885 1714 2926 mea
1743 2877 1798 2925 et
1820 2871 2061 2926 laudatio

481 2973 602 3012 mea
654 2960 933 3023 Dominus,
980 2967 1036 3015 et
1063 2958 1237 3016 factus
1270 2971 1352 3015 est
1377 2961 1508 3016 mihi
1539 2961 1595 3016 in
1622 2960 1852 3018 salutem
1880 2960 2056 3033 (Pral.

474 3046 667 3118 cxvii).
730 3067 748 3099 ι
809 3049 988 3118 lpsum
1031 3062 1161 3121 ergo
1205 3049 1412 3106 inimici
1459 3050 1544 3105 sui
1586 3051 1755 3122 gratis
1783 3052 2058 3121 persecuti

480 3145 628 3202 sunt,
665 3138 919 3207 quoniam
944 3154 1068 3194 cum
1110 3139 1312 3194 nullam
1339 3141 1394 3194 in
1421 3155 1487 3196 eo
1534 3141 1839 3197 invenirent
1866 3144 2060 3198 mortis

2164 1948 2294 2005 pere
2350 1934 2564 2000 renuit,
2617 1933 3004 2004 praedicatores
3052 1935 3205 2006 regni
3243 1933 3510 1990 ccelorum
3566 1935 3770 2005 probi-

2164 2030 2362 2095 bendo,
2389 2029 2682 2095 saeviendo,
2720 2028 2968 2084 feriendo
2998 2025 3217 2100 repulit.
3267 2061 3274 2064 -

2235 2118 2394 2174 Sade.
2421 2137 2440 2171 ι
2469 2119 2644 2190 Lapsa
2667 2128 2753 2190 est
2781 2121 2836 2174 in
2859 2120 3038 2176 lacum
3059 2120 3171 2175 vita
3196 2133 3346 2186 mea,
3373 2125 3428 2176 et
3458 2130 3772 2191 posuerunt

2171 2231 2190 2264 ‹
2219 2211 2456 2282 lapidem
2485 2227 2649 2282 super
2675 2227 2782 2268 me.
2819 2232 2836 2263 ι
2889 2211 3182 2284 (Μλυκῦε.)
3217 2211 3355 2267 Cum
3399 2213 3657 2283 superius
3688 2214 3769 2268 di-

2165 2306 2333 2360 xisset
2355 2306 2643 2361 venatione
2678 2321 2737 2360 se
2761 2305 2919 2376 quasi
2972 2296 3127 2361 avem
3159 2313 3401 2376 captam,
3432 2321 3579 2361 nunc
3609 2306 3767 2360 addit

2166 2401 2333 2455 vitam
2371 2415 2524 2456 suam
2562 2400 2768 2471 lapsam
2798 2400 2852 2454 in
2883 2399 3083 2466 lacum,
3121 2407 3178 2455 et
3216 2399 3448 2469 lapidem
3489 2414 3767 2470 superpo-

2164 2493 2348 2549 situm.
2377 2494 2515 2560 Quid
2537 2502 2621 2549 est
2646 2509 2776 2564 ergo
2800 2494 2967 2548 vitam
2989 2493 3096 2548 labi
3120 2493 3176 2548 in
3200 2492 3398 2560 lacum,
3427 2493 3533 2548 nisi
3562 2509 3764 2564 oorpo-

2165 2585 2332 2640 ralem
2364 2587 2532 2642 vitam
2563 2586 2748 2642 venire
2789 2601 2961 2656 usque
3001 2587 3069 2642 ad
3098 2586 3404 2643 defectum?
3453 2586 3632 2658 Lapsa
3681 2598 3766 2643 est

2163 2692 2296 2748 ergo
2325 2678 2436 2732 vita
2461 2677 2665 2734 Christi
2706 2678 2764 2732 in
2798 2677 2997 2745 lacum,
3027 2678 3244 2748 quando
3269 2678 3385 2748 ejus
3410 2694 3542 2735 caro
3571 2694 3766 2750 perve-

2163 2768 2244 2822 nit
2267 2784 2438 2839 usque
2459 2769 2528 2824 ad
2553 2769 2749 2825 mortis
2781 2769 3091 2826 occubitum
3118 2789 3130 2825 :
3165 2772 3252 2826 cui
3295 2779 3763 2843 superposuerunt

2161 2861 2432 2932 lapidem,
2477 2863 2695 2933 quando
2737 2879 2804 2918 eo
2848 2863 3060 2933 sepulto
3104 2864 3379 2936 petierunt
3418 2881 3452 2919 a
3492 2864 3671 2920 Pilato
3701 2873 3764 2921 ut

2155 2951 2372 3022 iuberet
2414 2955 2675 3010 custodiri
2722 2955 3050 3024 sepulcrum,
3101 2971 3170 3011 ne
3213 2955 3356 3012 forte
3386 2957 3636 3013 venirent
3671 2957 3759 3012 di-

2162 3043 2356 3115 scipuli
2396 3045 2514 3115 ejus
2554 3044 2869 3103 furarentur
2909 3063 3055 3103 eum.
3088 3047 3296 3115 Quibus
3339 3065 3464 3104 cum
3517 3051 3636 3120 ipse
3671 3065 3759 3103 re-

2162 3137 2474 3208 sponderet,
2488 3136 2713 3196 Habetis
2732 3139 3055 3206 custodiam,
3072 3140 3166 3205 ite,
3186 3141 3457 3197 custodite
3485 3142 3628 3197 sicut
3653 3141 3761 3196 sci-

479 3245 725 3297 causam,
765 3229 1042 3302 petierunt
1084 3248 1117 3289 a
1140 3233 1316 3290 Pilato
1351 3243 1413 3291 ut
1441 3235 1857 3293 interﬁceretur.
1909 3237 2062 3296 Unde
2087 3212 2136 3280 ο
2167 3228 2271 3284 “Si
2305 3228 2384 3283 ίηί
2415 3231 2675 3287 abellan
2734 3232 3051 3288 muniemm
3093 3233 3439 3302 δορυιοτιιιην
3478 3234 3759 3303 simules

476 3323 821 3396 subiungitur
850 3342 864 3378 :

549 3414 710 3470 Sade.
740 3434 760 3468 ι
793 3417 1085 3475 Venatione
1104 3427 1365 3491 ceperunt
1383 3433 1473 3476 me
1494 3421 1651 3492 quasi
1673 3436 1830 3477 avem
1855 3421 2063 3478 inimici

484 3527 503 3560 ι
535 3509 643 3564 mei
673 3511 860 3582 gratis.
885 3531 904 3564 ι
929 3511 1220 3584 (Manlius)
1243 3513 1375 3570 Avis
1395 3514 1543 3571 enim
1572 3515 1790 3571 nomine
1815 3517 1934 3587 ipse
1958 3516 2062 3573 Do-

479 3603 659 3664 minus
680 3604 1033 3676 signiﬁcatur,
1063 3606 1156 3678 qui
1193 3605 1322 3663 licet
1353 3605 1408 3664 Ir
1439 3615 1586 3665 terra
1613 3607 1680 3663 de
1704 3608 1912 3682 virgine
1940 3624 2057 3664 ma-

476 3703 560 3751 tre
589 3697 659 3752 sit
700 3697 896 3764 editus,
926 3706 1108 3753 tamen
1128 3698 1376 3754 caelestia
1400 3699 1646 3755 dsctrina
1676 3715 1773 3756 sua
1797 3710 1852 3757 et
1877 3715 2062 3756 exem-

471 3789 560 3858 plo
589 3803 806 3859 semper
837 3790 996 3860 petit,
1019 3791 1371 3862 membraque
1403 3806 1502 3848 sua
1526 3791 1632 3847 ﬁde
1667 3801 1722 3848 et
1748 3807 1864 3864 spe,
1902 3793 2059 3863 quasi

471 3880 682 3937 duabus
721 3881 841 3948 alis,
874 3882 944 3937 ad
981 3897 1215 3954 superna
1247 3897 1462 3954 semper
1501 3883 1768 3949 sublevat,
1789 3885 1975 3940 dicens
2001 3885 2058 3940 in

472 3971 764 4042 Evangelio
788 3990 800 4024 :
832 3991 852 4024 ‹
884 3973 1131 4044 Regnum
1158 3990 1344 4030 meum
1376 3989 1485 4030 non
1515 3984 1602 4032 est
1628 3975 1696 4030 de
1725 3977 1829 4031 hoc
1857 3977 2060 4032 mundo

471 4061 654 4129 (Joan.
682 4062 860 4134 xvm).
899 4082 921 4116 ›
955 4063 1026 4118 Ει
1057 4064 1224 4120 item‘:
1257 4083 1276 4116 ι
1304 4065 1484 4132 Exivi,
1520 4067 1714 4136 inquit,
1752 4083 1784 4121 a
1812 4067 1975 4123 Patre
2002 4078 2060 4123 et

469 4153 592 4206 veni
629 4153 680 4207 in
703 4153 996 4220 mundum;
1036 4154 1234 4210 iterum
1256 4154 1504 4227 relinquo
1525 4158 1811 4225 mundum,
1839 4167 1892 4214 et
1916 4157 2056 4213 vado

472 4244 538 4298 ad
564 4243 778 4298 Patrem
805 4242 988 4314 (Joan.
1013 4242 1148 4317 xvr).
1181 4264 1200 4298 ι
1231 4244 1301 4300 Et
1324 4261 1541 4301 rursum
1567 4265 1580 4301 :
1613 4265 1632 4298 ι
1661 4247 1765 4314 Qui
1793 4248 1927 4314 vult,
1957 4248 2053 4315 ait,

471 4341 596 4404 post
619 4347 702 4387 me
724 4333 933 4396 venire,
949 4335 1182 4404 abneget
1200 4335 1572 4405 semetipsum,
1587 4345 1642 4392 et
1661 4337 1814 4392 tollat
1836 4354 2054 4394 crucem

440 4427 444 4431 '
469 4438 622 4476 suam
648 4430 703 4478 et
731 4431 992 4492 sequatur
1032 4437 1122 4478 me
1159 4421 1376 4496 (lauit.
1399 4427 1535 4498 xvr).
1565 4446 1586 4480 ι
1637 4427 1714 4482 De
1743 4430 1846 4485 hac
1869 4446 1967 4486 ave
1995 4432 2052 4489 in

466 4510 569 4567 Job
601 4512 865 4582 scriptum
901 4522 985 4569 est
1012 4512 1156 4585 (Job.
1190 4515 1387 4586 xviii):
1428 4534 1447 4568 ι
1477 4515 1738 4573 Semitam
1785 4519 2054 4590 ignoravit

466 4605 602 4670 avis,
636 4619 739 4660 nec
782 4605 1010 4662 intuitus
1031 4614 1116 4662 est
1140 4605 1324 4663 oculos
1346 4607 1594 4664 vulturis.
1630 4629 1650 4663 ι
1689 4609 1892 4683 (Greg.)
1921 4610 2054 4679 Quis

464 4696 567 4751 hoc
598 4697 650 4750 in
675 4696 793 4751 loco
817 4697 932 4752 avis
959 4698 1178 4754 nomine
1202 4698 1308 4753 nisi
1329 4697 1419 4754 ille
1441 4700 1710 4771 signatur,
1737 4702 1829 4772 qui
1855 4717 2053 4772 corpus

461 4801 717 4842 carneum
749 4789 891 4858 quod
931 4787 1225 4861 assumpsit
1265 4791 1604 4846 ascendendo
1642 4793 1710 4846 ad
1757 4794 1961 4848 aethera
1989 4794 2055 4849 li-

461 4879 671 4934 bravit?
712 4879 802 4948 qui
829 4887 952 4950 apte
975 4894 1194 4950 quoque
1223 4880 1388 4935 etiam
1418 4881 1647 4938 vulturis
1691 4883 2052 4953 appellatione

459 4971 802 5041 exprimitur.
847 4969 1041 5026 Vultur
1069 4971 1269 5041 quippe
1299 4972 1427 5027 dum
1455 4973 1623 5039 volat,
1661 4973 1708 5029 si
1737 4973 1929 5044 jacens
1963 4990 2053 5030 ca-

461 5061 625 5116 daver
653 5061 935 5130 conspicit,
988 5075 1048 5116 se
1081 5061 1149 5116 ad
1194 5076 1348 5117 esum
1389 5061 1948 5132 cadaverisdeponit,
1994 5073 2049 5118 et

459 5150 776 5218 plerumque
823 5164 883 5205 se
929 5151 984 5206 in
1027 5157 1201 5208 morte
1248 5150 1480 5220 capitur,
1528 5150 1656 5205 dum
1703 5151 1771 5205 ad
1816 5159 2047 5206 mortem

463 5239 664 5293 animal
689 5239 758 5295 de
786 5241 1014 5296 summis
1040 5241 1206 5296 venit.
1246 5241 1414 5298 Recte
1439 5257 1568 5312 ergo
1593 5240 1857 5297 mediator
1881 5242 2048 5297 humi.

461 5347 592 5387 num
631 5333 940 5402 redemptor
972 5343 1159 5390 noster
1193 5335 1424 5390 vulturis
1462 5333 1821 5405 appellatione
1868 5334 2050 5405 signa-

463 5433 578 5488 tur,
606 5423 698 5494 qui
727 5439 949 5482 manens
978 5426 1035 5481 in
1063 5427 1346 5484 altitudine
1397 5427 1693 5484 divinitatis
1730 5443 1860 5495 suaa,
1890 5427 2049 5499 quasi

463 5528 495 5567 a
515 5514 750 5583 quodam
770 5515 954 5572 volatu
976 5517 1206 5576 sublime
1229 5520 1460 5576 cadaver
1483 5521 1826 5577 mortalitatis
1850 5531 2048 5578 nostrae

464 5607 748 5676 conspexit
785 5608 837 5661 in
882 5610 1104 5676 inﬁmis,
1139 5621 1195 5668 et
1234 5627 1352 5669 sese
1382 5614 1450 5669 de
1485 5613 1798 5671 coelestibus
1836 5615 1902 5669 ad
1940 5615 2048 5668 ima

465 5695 734 5752 submisit.
783 5699 928 5756 Fieri
963 5703 1163 5773 quippe
1201 5712 1422 5774 propter
1458 5721 1556 5761 uos
1595 5707 1757 5762 homo
1800 5706 2051 5776 dignatus

467 5796 576 5854 εει,
597 5796 657 5845 et
690 5790 815 5848 dum
849 5802 1122 5850 mortuum
1167 5797 1369 5852 animal
1414 5799 1593 5870 petiit,
1631 5807 1865 5856 mortem
1907 5797 2051 5868 apud

2164 3315 2400 3388 lapidem
2427 3334 2551 3374 cum
2576 3321 2893 3377 custodibus
2923 3320 3139 3394 (Matth.
3163 3323 3359 3395 xxvn).
3399 3322 3587 3379 Potest
3608 3332 3666 3379 et
3701 3324 3756 3378 in

2163 3410 2269 3467 laci
2306 3411 2543 3480 nomine,
2575 3413 2662 3470 vel
2697 3413 2942 3471 infernus
2967 3415 3284 3488 designatus
3321 3417 3519 3488 accipi,
3549 3417 3641 3473 vel
3671 3431 3754 3472 ca-

2162 3505 2376 3562 lamitas
2403 3505 2670 3578 profunda
2709 3508 2866 3565 istius
2890 3509 3100 3564 mundi.
3133 3508 3312 3567 Lacus
3339 3510 3558 3576 dicitur,
3593 3510 3750 3581 cujus

2161 3595 2361 3652 fundus
2389 3596 2540 3664 latet,
2564 3599 2692 3654 dum
2729 3599 2785 3654 in
2810 3614 2974 3655 unam
3012 3599 3225 3657 foveam
3269 3600 3642 3658 circumdatus
3668 3603 3749 3656 iu-

2161 3685 2420 3744 cluditur.
2490 3686 2589 3744 Hic
2625 3689 2791 3759 plano
2826 3697 2980 3762 tergo
3023 3691 3342 3748 intuendum
3386 3692 3558 3750 oculis
3617 3693 3749 3748 falsa

2160 3777 2552 3849 tranquillitate
2569 3778 2866 3848 blanditur,
2911 3781 3004 3837 sed
3027 3792 3292 3852 quantum
3340 3783 3415 3839 sit
3447 3780 3751 3853 profundus

2160 3871 2531 3932 absconditur.
2572 3871 2710 3928 Hinc
2735 3882 2793 3930 et
2819 3873 2876 3929 in
2900 3873 3117 3931 Psalmo
3145 3876 3405 3946 scriptum
3440 3883 3562 3932 est:
3603 3896 3623 3927 ι
3650 3875 3751 3931 Po-

2159 3971 2388 4022 sueruut
2418 3979 2506 4020 me
2538 3964 2592 4020 in
2621 3965 2739 4021 lacu
2769 3965 3038 4034 inferiori,
3075 3969 3130 4024 in
3171 3969 3424 4025 tenebras
3454 3978 3511 4025 et
3545 3970 3600 4024 in
3629 3987 3748 4026 um-

2157 4058 2254 4113 bra
2265 4055 2470 4114 'mortis
2493 4055 2663 4129 (Psal.
2690 4059 2959 4130 Lxxxvu).
3000 4062 3044 4124 ιε
3065 4058 3358 4134 {Cassium}
3383 4059 3560 4117 Lacus
3592 4077 3745 4133 ergo,

2156 4155 2217 4202 ut
2237 4149 2494 4216 diximus,
2519 4164 2619 4219 pro
2647 4150 2860 4208 inferno
2885 4152 3130 4223 ponitur.
3154 4161 3210 4209 et
3235 4168 3336 4224 pro
3357 4152 3642 4224 sepultura
3671 4155 3749 4210 l’o—

2155 4239 2311 4303 veali,
2341 4250 2396 4296 et
2421 4256 2520 4311 pro
2556 4242 2739 4296 mundi
2781 4243 2939 4299 istius
2972 4243 3391 4313 profundissima
3433 4243 3747 4300 calamitate

2156 4331 2411 4396 sentitur,
2429 4333 2573 4401 quod
2599 4333 2686 4387 hic
2714 4333 2884 4388 voluit
2912 4334 3161 4406 intelligi,
3184 4335 3311 4405 quia
3336 4349 3459 4390 eum
3483 4350 3744 4404 persecuv

2157 4431 2300 4479 tores
2335 4424 2418 4478 sui
2465 4424 2517 4478 in
2559 4422 2769 4492 alijecta
2814 4425 3007 4480 mortis
3047 4426 3356 4482 conditione
3406 4436 3741 4495 posuerunt,

2157 4524 2215 4571 ut
2247 4516 2496 4587 quamvis
2526 4515 2725 4587 injuste
2761 4516 3059 4585 probarent
3096 4525 3390 4581 mortuum,
3417 4532 3526 4572 non
3564 4519 3745 4572 crede-

2157 4616 2282 4663 rent
2299 4607 2704 4684 vindicandum,
2738 4607 2794 4662 in
2817 4607 3080 4674 tenebris,
3111 4607 3164 4663 id
3184 4617 3289 4673 est,
3323 4607 3426 4663 sub
3453 4608 3743 4664 oblivionis

2155 4701 2397 4756 czecitate
2438 4699 2754 4756 derelictum
2785 4707 2947 4768 atque
2979 4699 3332 4769 praeteritum,
3383 4715 3546 4768 quem
3581 4715 3741 4755 nemo

2155 4794 2474 4864 requireret,
2498 4807 2657 4848 nemo
2691 4791 2944 4848 salvaret.
2974 4791 3033 4846 ln
3059 4793 3250 4848 umbra
3275 4793 3466 4848 mortis
3488 4804 3741 4864 peceato-

2155 4899 2294 4950 rum,
2327 4884 2530 4939 indicat
2558 4883 2756 4948 locum,
2788 4883 2914 4952 quia
2951 4883 3143 4938 mortis
3164 4883 3595 4952 delinquentium
3622 4900 3741 4938 um-

2151 4974 2342 5029 brosus
2377 4987 2441 5028 ac
2482 4973 2796 5028 tenebrosos
2835 4972 3040 5043 patitur
3075 4988 3284 5039 manes,
3327 4975 3456 5029 dum
3493 4973 3574 5028 eis
3612 4989 3742 5044 gauo

2153 5065 2298 5119 dium
2343 5078 2450 5117 non
2482 5063 2704 5128 relucet,
2733 5062 2826 5132 qui
2854 5069 3113 5132 perpetua
3153 5063 3387 5118 tristitiae
3412 5078 3524 5118 sua:
3543 5063 3739 5118 obscu—

2152 5155 2313 5210 ritate
2339 5154 2561 5210 dimersi
2592 5163 2737 5210 sunt.

2224 5244 2388 5301 Sade.
2431 5263 2450 5298 ι
2485 5245 2890 5302 Inundaverunt
2932 5260 3085 5315 aqua:
3123 5260 3288 5316 super
3320 5255 3484 5318 caput
3520 5261 3731 5302 meum:

2159 5354 2178 5387 ι
2223 5336 2354 5402 dixi,
2388 5336 2582 5391 Perii.»
2613 5334 2813 5409 (Greg.)
2837 5336 3004 5406 Aqua:
3027 5335 3080 5390 in
3106 5334 3389 5407 Scriptura
3436 5351 3593 5393 sacra
3631 5336 3733 5392 ali—

2153 5428 2368 5499 quando
2398 5426 2660 5499 Spiritum
2703 5436 2950 5486 sanctum
2969 5469 2985 5494 ,
3017 5428 3310 5500 aliquando
3337 5429 3623 5504 scientiam
3648 5444 3735 5483 sa—

2152 5536 2320 5588 cram,
2351 5520 2640 5592 aliquando
2687 5521 2972 5601 scientiam
3001 5512 3255 5592 pravam,
3305 5522 3597 5593 aliquando
3639 5521 3735 5576 tri-

2151 5613 2499 5679 bulationem,
2539 5612 2828 5683 aliquando
2853 5613 3148 5670 deﬁuentes
3172 5614 3418 5685 populos,
3443 5613 3735 5684 aliquando

2152 5714 2360 5764 mentes
2400 5707 2560 5762 ﬁdem
2596 5707 2935 5777 sequentium
2975 5707 3347 5764 demonstrare
3388 5705 3588 5764 solent.
3630 5706 3736 5762 Per

2117 5811 2351 5867 'aquam
2391 5797 2587 5871 quippe
2626 5798 2798 5854 sancti
2843 5796 3078 5868 Spiritus
3138 5797 3340 5858 inlusio
3392 5798 3736 5870 designatur,
