4056 6336
313 384 448 439 42M

1192 373 1552 432 EXPOSITIO
1591 375 1816 432 SUPER
1855 373 2220 431 JEREMIAM.
2257 405 2326 418 υ-
2364 375 2494 431 LIB.
2535 374 2676 430 XIX.

3448 379 3592 435 1242

314 500 456 556 sicut
487 496 543 551 in
563 492 856 564 Evangelio
889 492 1088 547 dicitur
1113 507 1129 548 :
1159 510 1177 543 ι
1205 490 1308 558 Qui
1333 489 1509 545 credit
1537 489 1593 543 in
1620 504 1731 554 me,
1760 489 1902 542 sicut
1927 492 1981 549 A
2006 488 2145 544 alius
2169 491 2432 560 propheta
2467 491 2534 545 ad
2569 490 2744 559 ipsum
2771 489 3187 561 ltedemptorem
3229 492 3468 563 loquitur
3504 495 3592 550 di-

315 591 450 647 dicit
495 589 793 659 Scriptura,
843 586 1064 641 ﬁumina
1107 585 1174 641 de
1199 593 1387 640 ventre
1414 583 1529 652 ejus
1552 582 1719 638 liuent
1750 597 1904 652 aquae

313 683 453 738 viva:
475 681 659 754 (Joan.
688 679 808 751 vn).
843 699 862 730 ι
892 677 994 734 Ubi
1024 676 1353 748 evangelista
1385 683 1603 730 secutus
1627 675 1900 744 adjunxit:

322 793 346 828 ι
383 774 498 829 Hoc
518 781 700 828 autem
723 771 861 827 dixit
887 770 954 826 de
995 769 1210 841 spiritu,
1238 783 1399 839 quem
1432 767 1705 839 accepturi
1747 775 1906 822 erant

317 866 602 923 credentes
661 865 717 919 in
766 878 911 919 eum.
961 881 982 915 ›
1046 859 1283 917 Rursum
1331 875 1430 931 per
1495 875 1690 930 aquam
1748 874 1905 915 sacra

317 952 546 1012 scientia
573 954 904 1027 designatur,
946 951 1089 1008 sicut
1115 952 1350 1007 dicitur:
1383 971 1402 1004 ε
1431 953 1586 1020 Aqua
1629 950 1908 1022 sapientia:

315 1046 573 1102 salutaris
592 1044 801 1116 potavit
824 1058 920 1099 eos
946 1041 1122 1114 (Eccl.
1148 1042 1260 1114 xv).
1289 1062 1308 1095 ›
1343 1042 1448 1098 Per
1469 1057 1665 1113 aquam
1693 1057 1908 1111 quoque

316 1153 484 1210 prava
533 1138 761 1192 scientia
809 1134 1068 1207 appellari
1111 1135 1271 1199 solet,
1313 1135 1453 1191 sicut
1490 1135 1631 1205 apud
1655 1133 1908 1190 Salomo-

317 1244 443 1285 nem
488 1229 684 1284 mulier
735 1243 854 1298 qua:
909 1235 1093 1298 typum
1136 1228 1409 1283 haereseos
1471 1234 1651 1292 tenet,
1698 1225 1908 1282 callidis

319 1322 669 1378 suasionibus
696 1319 993 1382 blanditur,
1025 1319 1247 1374 dicens:
1284 1336 1304 1370 ‹
1335 1317 1505 1388 Aquae
1533 1316 1748 1372 furtivze
1791 1315 1907 1370 dul-

316 1413 494 1469 ciores
518 1424 644 1468 sunt
665 1409 848 1483 (Prov.
875 1408 974 1480 ιχ).
1008 1430 1026 1462 ι
1059 1409 1336 1478 Aquarum
1372 1422 1501 1479 ergo
1527 1407 1744 1462 nomine
1771 1420 1908 1460 non-

316 1522 595 1577 nunquam
641 1504 818 1560 solent
864 1502 1242 1558 tribulationes
1304 1501 1568 1573 intelligi,
1625 1500 1765 1555 sicut
1809 1514 1908 1570 per

316 1599 658 1654 Psalmistam
702 1595 902 1651 dicitur
936 1613 995 1650 ει
1037 1593 1256 1649 Salvum
1303 1609 1391 1649 me
1418 1592 1527 1658 fac,
1569 1593 1732 1656 Deus,
1773 1606 1910 1660 quo-

317 1689 468 1742 niam
523 1687 865 1742 intraverunt
914 1699 1067 1755 aqua:
1118 1699 1286 1753 usque
1334 1683 1402 1738 ad
1451 1684 1685 1737 animam
1730 1697 1906 1736 meam

317 1779 492 1852 (Psal.
531 1777 744 1851 vam).
779 1797 797 1830 ι
827 1777 931 1832 Per
959 1793 1157 1847 aquam
1184 1776 1366 1848 populi
1395 1776 1767 1846 designantur,
1797 1773 1906 1828 sic-

2007 594 2170 636 cens:
2199 599 2219 632 ‹
2243 581 2323 634 Tu
2351 589 2530 636 autem
2553 580 2608 634 in
2628 581 2891 652 sanguine
2919 583 3226 637 testamenti
3252 583 3330 638 tui
3357 584 3594 644 eduxisﬁ

2005 670 2217 726 vinctos
2243 678 2367 725 tuos
2393 672 2460 725 de
2483 669 2624 735 lacu,
2654 670 2709 725 in
2728 685 2836 740 quo
2858 685 2966 726 non
2991 681 3078 727 est
3100 687 3242 742 aqua
3266 671 3454 744 (Zach.
3482 675 3546 746 ι).
3566 693 3590 729 ι

2006 760 2280 816 lnvocavit
2309 775 2438 832 ergo
2469 761 2800 832 Redemptor
2837 773 3028 818 noster
3055 779 3252 819 nomen
3281 765 3495 820 Domini
3527 768 3595 824 de

2006 853 2130 908 lacu
2165 852 2484 917 novissimo,
2515 867 2640 907 cum
2670 853 2726 908 in
2753 853 2957 909 virtute
2990 855 3290 910 divinitatis
3316 857 3598 913 descendit

2007 947 2076 1002 ad
2101 944 2328 1011 inferos,
2359 953 2418 1000 et
2449 945 2738 1001 destructis
2767 946 3018 1002 claustris
3046 947 3266 1014 tartari,
3300 963 3428 1004 suos
3455 964 3592 1017 quos

2007 1039 2081 1094 ibi
2112 1039 2313 1110 reperit
2337 1051 2535 1093 eruens
2563 1039 2736 1093 victor
2760 1039 2826 1094 ad
2852 1055 3079 1109 superos
3121 1041 3386 1097 ascendit.
3440 1039 3593 1112 (Cas-

2005 1131 2168 1203 siod.)
2189 1129 2465 1186 lnfernum
2484 1147 2615 1188 vero
2642 1147 2750 1188 non
2776 1132 3218 1190 irrationabiliter
3249 1134 3475 1190 forsitan
3506 1149 3595 1189 ar-

2005 1225 2277 1280 bitramur
2299 1237 2424 1279 esse
2450 1224 2550 1280 sub
2591 1225 2772 1290 terris,
2807 1240 2930 1280 cum
2959 1225 3014 1279 in
3040 1224 3222 1281 Veteri
3247 1226 3594 1281 Testamento

2007 1313 2076 1369 de
2104 1314 2315 1369 Dathan
2345 1322 2400 1369 et
2423 1313 2629 1370 Abiron
2658 1315 2855 1386 legitur
2903 1315 3094 1386 (Num.
3128 1318 3276 1387 3m):
3315 1335 3334 1367 ι
3369 1317 3598 1387 Aperuit

2007 1423 2066 1464 se
2108 1417 2275 1474 terra,
2303 1417 2358 1464 et
2387 1407 2670 1480 deglntivit
2705 1423 2819 1475 eos,
2847 1418 2903 1464 et
2939 1409 3049 1464 vivi
3085 1408 3484 1464 descenderunt
3527 1411 3596 1465 ad

2007 1497 2230 1554 inferos.
2266 1518 2285 1552 ι
2334 1498 2442 1554 Sed
2476 1514 2583 1569 quo
2615 1499 2810 1555 itinere
2853 1497 2980 1555 illuc
3021 1497 3215 1554 animae
3247 1498 3589 1554 transferan-

2007 1597 2117 1657 tur,
2146 1589 2402 1660 quoniam
2444 1589 2498 1643 in
2530 1589 2855 1643 auctoritate
2896 1587 3080 1644 divina
3109 1603 3216 1643 non
3247 1588 3460 1658 legitur,
3493 1588 3596 1642 ha-

2007 1679 2200 1736 bemus
2225 1679 2512 1734 incertum.
2543 1677 2818 1733 Infernum
2846 1686 3028 1734 autem
3054 1678 3256 1734 habere
3284 1677 3597 1734 inferiorem

2009 1780 2241 1844 partem,
2272 1771 2549 1842 Evangelii
2593 1771 2746 1828 locus
2778 1770 2868 1826 ille
2898 1779 3126 1826 testatur
3152 1771 3244 1841 qui
3285 1771 3438 1837 dicit,
3472 1786 3599 1828 cum

315 1880 376 1926 ut
431 1886 528 1940 per
557 1868 820 1926 Joannem
853 1869 1050 1925 dicitur
1081 1886 1094 1922 :
1127 1888 1147 1920 ‹
1187 1869 1356 1940 Aqua:
1393 1882 1524 1923 vero
1556 1875 1682 1923 sunt
1721 1865 1903 1937 populi
1934 1855 1980 1915 Β
2008 1864 2230 1934 impium
2277 1863 2498 1918 divitem
2545 1861 2713 1918 ultrix
2768 1861 2985 1916 ﬂamma
3034 1868 3342 1930 torqueret,
3390 1860 3600 1917 levasse

317 1963 503 2037 (Apoc.
531 1962 688 2035 xvii).
724 1983 743 2016 ι
777 1963 884 2018 Per
913 1978 1110 2034 aquam
1136 1977 1351 2034 quoque
1386 1978 1493 2018 non
1523 1961 1698 2018 solum
1727 1960 1904 2018 ﬂuxus

315 2056 717 2112 decurrentium
744 2053 1084 2125 populorum,
1120 2055 1214 2110 sed
1245 2055 1408 2110 etiam
1441 2055 1708 2111 honorum
1747 2069 1904 2108 men-

315 2155 402 2204 tes
427 2147 550 2203 ﬁdei
579 2147 994 2217 prmdicamenta
1019 2145 1361 2216 sequentium
1391 2145 1768 2215 designantur,
1795 2143 1904 2199 sic-

315 2247 376 2292 ut
411 2238 671 2308 propheta
701 2236 778 2290 ait
803 2253 816 2290 :
853 2255 871 2286 ‹
911 2235 1063 2290 Beati
1090 2235 1181 2305 qui
1212 2234 1494 2290 seminatis
1522 2248 1686 2304 super
1714 2248 1904 2289 omnes

317 2345 490 2400 aquas
530 2329 665 2402 (Isa.
721 2331 916 2400 xxxn).
957 2349 976 2381 ι
1033 2328 1099 2382 Ει
1141 2344 1240 2398 per
1277 2327 1622 2382 Psalmistam
1667 2327 1902 2383 dicitur:

322 2439 341 2472 ι
379 2421 496 2476 Vox
527 2421 742 2475 Domini
785 2435 950 2490 super
997 2435 1168 2489 aquas
1205 2418 1378 2492 (Psal.
1411 2421 1628 2490 xxwu).
1667 2440 1686 2473 ›
1737 2421 1907 2490 Aquae

315 2527 445 2581 ergo
470 2527 632 2583 super
653 2520 813 2581 caput
829 2511 1205 2580 Redemptoris
1230 2511 1629 2565 inundaverunt
1652 2527 1665 2566 :
1691 2511 1908 2582 quando

316 2602 562 2657 seditiosi
591 2602 774 2672 populi
803 2599 1116 2656 Iudaeorum
1147 2602 1580 2670 persecutionem
1630 2610 1908 2658 moventes

315 2691 585 2746 divinitati
610 2693 986 2762 Redemptoris
1011 2693 1382 2747 detraxerunt.
1408 2691 1583 2763 Caput
1600 2707 1732 2747 vero
1751 2691 1908 2747 Chri-

316 2785 385 2839 sti
421 2793 505 2838 est
529 2785 692 2849 Deus,
740 2793 800 2837 ut
839 2783 1128 2853 Apostolus
1185 2790 1452 2839 testatur:
1477 2783 1576 2838 Cui
1607 2783 1910 2840 invidentes

314 2871 490 2930 Judaei
517 2875 774 2930 dixerunt
805 2873 874 2929 ad
902 2873 1134 2928 Pilatum
1161 2891 1174 2926 :
1224 2892 1242 2926 ι
1280 2873 1390 2930 Nos
1423 2874 1598 2943 legem
1625 2874 1908 2940 habemus,

314 2975 370 3022 et
406 2969 704 3023 secundum
742 2967 914 3039 legem
951 2967 1112 3022 debet
1141 2969 1305 3033 mori,
1345 2967 1472 3039 quia
1494 2967 1690 3023 Filium
1719 2967 1818 3022 Dei
1851 2983 1911 3023 se

313 3056 444 3112 l‘ecit
483 3056 666 3130 (Joan.
697 3058 834 3129 xxx).
891 3056 1183 3130 [Cassiod.]
1229 3059 1494 3114 Deitatem
1532 3075 1664 3116 vero
1707 3059 1911 3115 Christi

313 3149 701 3219 impassibilem
745 3159 940 3206 cuncta
976 3153 1175 3207 mentis
1200 3153 1406 3208 sanitas
1430 3152 1739 3209 conﬁtetur.
1793 3153 1902 3210 Sed

313 3213 607 3314 assumpsit
634 3243 1005 3299 inﬁrmitatem
1043 3253 1313 3310 nostram,
1336 3259 1458 3316 quae
1492 3244 1773 3316 subjacere
1802 3261 1900 3317 ρο·-
1929 3213 1976 3277 C

314 3336 506 3392 tuisset
529 3336 712 3392 exitio.
741 3336 894 3394 Unde
917 3337 1008 3393 hic
1036 3339 1299 3410 scriptum
1319 3347 1442 3396 est:
1473 3359 1493 3392 ι
1521 3340 1666 3407 Dixi,
1689 3341 1858 3408 Perii,
1881 3362 1900 3394 ι

313 3427 420 3484 hoc
445 3434 532 3482 est
563 3447 578 3480 :
610 3441 783 3497 usque
808 3427 877 3482 ad
915 3428 1108 3483 mortis
1148 3430 1357 3484 exitum
1395 3431 1637 3498 perveni.
1671 3431 1752 3486 Ex
1787 3426 1906 3502 ipsa

314 3531 444 3587 ergo
455 3516 856 3587 dispensatione
875 3515 1074 3572 clamat
1092 3518 1147 3573 in
1161 3517 1390 3575 Psalmis
1402 3520 1588 3576 dicens
1604 3536 1616 3573 :
1637 3537 1660 3572 ι
1683 3519 1906 3578 Salvum

317 3623 404 3663 me
427 3606 533 3675 fac,
576 3607 751 3674 Deus,
782 3608 1038 3678 quoniam
1079 3609 1421 3666 intraverunt
1455 3627 1610 3682 aqua:
1639 3626 1813 3682 usque
1838 3613 1910 3670 ad

317 3698 554 3754 animam
568 3711 746 3752 meam
762 3714 775 3752 :
801 3716 822 3750 ο
842 3705 903 3752 ut
915 3697 1041 3767 quia
1061 3707 1294 3754 mortem
1314 3697 1560 3771 refugere
1573 3715 1681 3757 non
1700 3700 1906 3769 debuit,

318 3805 481 3862 quam
519 3789 824 3846 voluntarie
867 3789 1187 3857 sustinebat,
1241 3792 1661 3849 resurrectionis
1707 3793 1910 3851 auxilio

323 3883 634 3938 humanitas
657 3879 774 3951 eius
805 3881 1038 3938 celerius
1068 3883 1185 3939 ﬁeri
1221 3882 1372 3939 salva
1391 3884 1674 3955 potuisset.
1704 3884 1909 3943 Passus

319 3983 405 4030 est
434 3973 580 4030 enim
615 3972 724 4036 ille,
763 3971 891 4042 quia
923 3970 1112 4027 voluit.
1166 3972 1455 4029 Patiuntur
1489 3984 1782 4047 martyres,
1813 3977 1909 4034 sed

321 4064 583 4121 nolentes.
609 4064 701 4120 Sic
720 4064 866 4120 enim
888 4064 1003 4134 ipse
1016 4065 1276 4122 Dominus
1289 4064 1450 4123 Petro
1471 4067 1609 4123 dixit
1631 4055 1905 4139 apostolo:

329 4178 346 4209 ι
376 4157 510 4213 Cum
540 4157 787 4214 senueris
819 4157 960 4214 alius
993 4166 1046 4216 te
1071 4158 1268 4230 cinget,
1296 4165 1353 4214 et
1385 4159 1546 4216 ducet
1568 4175 1676 4232 quo
1717 4169 1775 4216 tu
1798 4177 1909 4218 non

320 4251 405 4304 vis
431 4247 614 4320 (Joan.
639 4255 754 4320 xxx)
778 4267 792 4302 :
818 4268 837 4301 ι
869 4263 1208 4306 nune'causa
1236 4250 1482 4306 redditur
1507 4267 1678 4323 quare
1703 4268 1762 4310 se
1795 4254 1906 4310 sal-

321 4357 449 4396 vum
484 4340 602 4396 ﬁeri
640 4340 968 4412 postulabat,
1015 4341 1218 4397 scilicet
1264 4343 1520 4412 quoniam
1569 4343 1910 4401 intraverunt

323 4448 478 4502 aquae
513 4445 683 4502 usque
705 4433 774 4487 ad
797 4433 1032 4487 animam
1061 4433 1194 4502 ejus.
1221 4431 1406 4503 Aquas
1427 4448 1530 4504 pro
1551 4434 1909 4492 seditionibus

323 4523 496 4594 plebis
536 4533 794 4592 motuque
831 4523 1153 4594 populorum
1192 4523 1392 4581 debere
1429 4527 1665 4596 suspici,
1714 4529 1908 4599 saepius

324 4615 506 4670 divina
532 4613 811 4683 Scriptura
833 4621 1082 4680 testatur,
1119 4615 1260 4670 sicut
1287 4615 1418 4671 illud
1457 4625 1580 4674 est:
1612 4637 1630 4669 ‹
1658 4617 1909 4674 Forsitan

325 4702 473 4759 velut
496 4717 636 4773 aqua
665 4701 1072 4760 absorbuissent
1097 4718 1216 4761 nos.
1255 4724 1274 4757 ι
1301 4705 1368 4760 Ει
1405 4707 1688 4777 sequitur:
1722 4729 1741 4761 ι
1776 4709 1912 4766 Tor-

327 4806 536 4853 rentem
576 4797 924 4868 pertransivit
959 4797 1139 4852 anima
1165 4807 1374 4865 nostra,
1412 4798 1642 4855 forsitan
1664 4810 1913 4872 pertran-

328 4892 490 4948 sisset
541 4890 724 4971 anima
797 4898 979 4946 nostra
1039 4907 1236 4963 aquam
1293 4893 1691 4952 intolerabilem
1737 4893 1908 4966 (ρωι.

327 4984 515 5054 cxxm)
541 5003 554 5039 :
587 5003 606 5035 ι
636 4982 971 5055 Quapropter
999 4984 1227 5055 populus
1251 4984 1340 5040 ille
1363 4983 1620 5042 Judaicus
1648 5002 1818 5056 usque
1842 4987 1911 5043 ad

329 5078 564 5134 animam
613 5075 829 5133 Domini
878 5075 1176 5132 Salvatoris
1229 5079 1470 5145 intravit,
1524 5080 1740 5150 quando
1789 5095 1913 5136 eum

328 5167 644 5239 cruciﬁgere
673 5167 934 5224 scelerata
966 5175 1144 5223 mente
1171 5168 1536 5238 praesumpsit.
1570 5169 1637 5224 Et
1679 5170 1810 5239 quia
1855 5171 1912 5226 in

331 5274 490 5315 cruce
512 5267 760 5317 mortuus
779 5260 853 5316 ad
876 5259 1294 5330 deprtedandum
1316 5259 1590 5316 infernum
1609 5261 1912 5330 descendit,

332 5353 609 5422 sequitur:

403 5439 566 5514 Coph.
596 5461 616 5496 ι
644 5443 891 5500 lnvocavi
916 5459 1114 5501 nomen
1141 5453 1292 5501 tuum
1322 5446 1388 5502 de
1413 5445 1534 5501 lacu
1559 5445 1906 5504 novissimo.»

336 5534 626 5608 (Μλωιυε.)
653 5533 792 5600 Quid
817 5535 960 5590 enim
992 5536 1172 5592 lacum
1203 5537 1580 5603 novissimum,
1608 5536 1713 5592 nisi
1741 5537 1910 5593 infer-

331 5641 462 5681 num
509 5623 817 5679 interiorem
863 5625 1163 5698 intelligere
1216 5626 1526 5684 debemus?
1574 5627 1652 5683 De
1697 5643 1804 5697 quo
1854 5629 1912 5684 in

333 5717 548 5774 Psalmo
589 5716 849 5786 scriptum
877 5726 992 5772 est:
1023 5736 1042 5768 ι
1069 5718 1328 5789 Eripuisti
1372 5720 1610 5775 animam
1637 5734 1815 5776 meam
1845 5735 1914 5776 ex

329 5807 547 5864 inferno
587 5807 832 5867 interiori
856 5805 1030 5878 (Paul.
1057 5811 1280 5882 Lsxxv).
1321 5832 1341 5866 ι
1380 5811 1454 5867 Dc
1489 5813 1591 5870 hoc
1621 5826 1750 5884 ergo
1791 5811 1912 5870 lacu

1937 4583 1992 4643 ι)

2003 1955 2189 2013 oculos
2239 1970 2385 2021 suos,
2438 1962 2493 2009 et
2537 1954 2593 2008 in
2639 1953 2761 2008 sinu
2801 1953 3034 2008 Abraha:
3076 1952 3280 2008 vidisse
3329 1952 3597 2008 Lazarum

2004 2048 2162 2120 (Luc.
2209 2047 2344 2118 xvn).
2411 2045 2564 2102 Unde
2611 2053 2836 2116 apparet
2887 2055 3146 2116 utrosque
3198 2047 3340 2116 apud
3393 2045 3598 2100 inferos

2003 2138 2193 2205 fuisse,
2231 2147 2293 2192 ut
2327 2152 2386 2192 se
2413 2138 2598 2192 videre
2622 2137 2942 2202 valuissent,
2971 2145 3027 2192 et
3063 2137 3214 2193 illum
3252 2152 3320 2192 ex
3351 2137 3596 2194 inferiori

2004 2230 2126 2286 loco
2155 2231 2223 2286 ad
2251 2230 2531 2301 superiora
2557 2230 2742 2286 oculos
2771 2229 3032 2285 elevasse.
3080 2230 3187 2286 Sed
3223 2229 3349 2286 licet
3376 2231 3593 2300 utrique

2006 2321 2150 2391 apud
2175 2320 2383 2376 inferos
2410 2335 2532 2376 esse
2561 2320 2898 2385 viderentur,
2926 2335 3026 2392 pro
3061 2318 3382 2375 meritorum
3412 2328 3593 2375 tamen

2007 2413 2332 2469 discretione
2377 2411 2714 2482 superiorem
2759 2411 2937 2467 locum
2990 2411 3194 2468 sanctis
3217 2451 3232 2476 ,
3282 2409 3594 2467 inferiorem

2006 2504 2384 2577 peccatoribus
2420 2504 2610 2559 doctor
2632 2503 2969 2574 Augustinus
3008 2504 3245 2559 aestimat
3268 2518 3389 2560 esse
3423 2504 3593 2574 depu-

2009 2596 2251 2650 tandum.
2283 2593 2416 2648 Nam
2445 2601 2500 2650 et
2520 2593 2712 2650 beatus
2731 2591 2833 2648 Job
2860 2595 2936 2649 ait
2963 2593 3106 2665 (Job.
3132 2593 3300 2666 xvn):
3329 2612 3348 2647 ι
3381 2593 3438 2649 ln
3463 2609 3593 2664 pro-

2007 2689 2386 2746 fundissimum
2424 2687 2696 2744 infernum
2723 2688 3053 2744 descendent
3089 2687 3272 2745 omnia
3304 2701 3442 2752 mea,
3471 2702 3596 2744 cum

2010 2791 2118 2840 stet
2142 2783 2286 2855 quod
2315 2781 2455 2852 apud
2489 2780 2690 2837 inferos
2713 2779 2847 2850 justi
2877 2795 2986 2837 non
3016 2781 3072 2837 in
3105 2780 3241 2838 locis
3270 2780 3592 2852 poenalibus,

2011 2876 2107 2933 sed
2144 2876 2202 2931 in
2238 2873 2504 2946 superiori
2547 2873 2746 2945 quietis
2782 2874 2907 2930 sinu
2947 2883 3280 2932 tenerentur.
3321 2895 3340 2928 ι
3389 2874 3596 2949 (Greg.)

2013 2965 2202 3037 Magna
2254 2965 2411 3021 nobis
2456 2965 2700 3021 oboritur
2747 2966 2977 3038 quaestio
3013 2967 3270 3036 quidnam
3329 2968 3418 3032 sit,
3448 2968 3593 3038 quod

2010 3059 2204 3116 beatus
2227 3056 2330 3114 Job
2366 3059 2561 3114 asserit
2585 3057 2790 3124 dicens,
2817 3059 2878 3114 ln
2902 3057 3383 3129 profundissimam
3429 3058 3598 3115 infcr-

2012 3165 2142 3206 num
2158 3149 2488 3206 descendent
2507 3149 2688 3205 omnia
2706 3165 2826 3206 mea
2846 3167 2860 3204 :
2884 3150 3009 3220 quia
3030 3150 3134 3206 etsi
3154 3159 3281 3206 ante
3303 3151 3594 3207 adventum

2006 3242 2322 3302 mediatoris
2347 3241 2442 3296 Dei
2469 3248 2523 3297 et
2544 3241 2825 3298 hominum
2854 3241 2910 3296 in
2936 3241 3210 3299 infernum
3232 3241 3595 3300 descensurus

2004 3345 2145 3404 erat,
2202 3335 2374 3408 liquet
2413 3343 2594 3391 tamen
2634 3335 2761 3406 quia
2795 3335 2850 3391 in
2890 3335 3372 3408 profundissimum
3423 3335 3595 3394 infer-

2005 3443 2138 3484 num
2165 3429 2526 3486 descensurus
2561 3443 2672 3485 non
2697 3435 2837 3484 erat.
2867 3428 2952 3484 An
2991 3429 3111 3501 ipsa
3147 3431 3431 3501 superiora
3475 3429 3596 3488 loca

2007 3518 2204 3575 inferni
2227 3518 2940 3588 profundissimum’vocant,
2963 3521 3092 3591 quia
3105 3521 3375 3588 videlicet,
3392 3531 3598 3592 quanto

2008 3612 2080 3668 ad
2113 3611 2503 3667 sublimitatem
2535 3610 2658 3666 οωΙί
2694 3613 2808 3681 jam
2842 3609 3005 3680 hujus
3045 3611 3188 3668 aeris
3224 3612 3457 3681 spatium
3487 3628 3598 3669 non

2009 3705 2206 3762 merito
2249 3705 2355 3760 dici
2412 3703 2657 3760 infernus
2713 3711 2913 3775 potest.
2967 3702 3122 3760 Unde
3169 3718 3294 3760 cum
3340 3712 3598 3774 apostata:

2009 3795 2187 3868 angeli
2231 3811 2264 3851 a
2294 3795 2609 3852 caelestibus
2648 3795 2870 3852 sedibus
2909 3795 2965 3850 in
2994 3795 3097 3852 hoc
3137 3793 3433 3866 caliginoso
3470 3809 3598 3852 aere

2009 3888 2122 3944 sint
2146 3887 2400 3954 demersi,
2429 3888 2622 3943 Petrus
2651 3886 2928 3959 apostolus
2947 3886 3080 3943 dicit
3112 3904 3126 3941 :
3157 3905 3177 3939 ί
3209 3886 3432 3957 Angelis
3461 3903 3596 3958 pec-

2009 3978 2262 4035 cantibus
2292 3992 2399 4032 non
2423 3977 2684 4047 pepercit,
2715 3977 2810 4033 sed
2836 3975 3153 4033 rudentibus
3182 3976 3382 4033 inferni
3412 3977 3596 4034 detra-

2009 4081 2128 4129 ctos
2160 4072 2217 4126 in
2247 4079 2514 4126 tartarum
2555 4071 2777 4126 tradidit
2821 4070 2878 4126 in
2910 4069 3116 4140 judicio
3146 4070 3468 4127 cruciandos
3508 4086 3596 4128 re-

2009 4163 2216 4220 servari
2245 4161 2332 4231 (II
2360 4159 2478 4217 Pet.
2510 4161 2594 4233 ιι).
2634 4179 2654 4214 ι
2691 4159 2746 4217 Si
2777 4161 2960 4232 itaque
2985 4169 3248 4232 quantum
3277 4162 3344 4217 ad
3372 4160 3593 4218 celsitu-

2010 4254 2193 4310 dinem
2219 4252 2343 4309 caeli
2367 4267 2460 4308 aer
2479 4252 2580 4308 iste
2601 4251 2928 4322 caliginosus
2942 4252 3186 4308 infernus
3206 4261 3313 4318 est,
3333 4261 3595 4322 quantum

2010 4346 2077 4403 ad
2128 4343 2364 4416 ejusdem
2410 4344 2552 4401 aeris
2597 4343 2937 4401 altitudinem
2977 4353 3158 4412 terrae,
3203 4359 3322 4416 quae
3365 4345 3592 4401 inferius

2004 4437 2179 4506 jacet,
2229 4443 2287 4492 et
2331 4435 2574 4493 infernus
2630 4435 2888 4507 intelligi,
2937 4446 2995 4494 et
3038 4436 3335 4508 profundus
3393 4445 3593 4508 potest,

2014 4539 2274 4599 quantum
2302 4543 2436 4584 vero
2465 4529 2532 4584 ad
2561 4527 2803 4598 ejusdem
2857 4538 3016 4586 terra:
3061 4530 3425 4598 altitudinem,
3457 4538 3512 4586 et
3540 4530 3597 4588 in

2013 4621 2105 4676 illa
2127 4621 2244 4676 loca
2272 4619 2470 4685 inferi,
2492 4634 2614 4690 quae
2635 4621 2918 4691 superiora
2947 4630 3073 4677 sunt
3097 4623 3219 4677 aliis
3244 4621 3598 4692 receptaculis

2013 4711 2212 4766 inferni
2237 4730 2250 4764 :
2275 4713 2380 4767 hoc
2414 4711 2534 4766 loco
2571 4727 2680 4766 non
2717 4713 3012 4783 incongrue
3051 4712 3248 4767 inferni
3282 4712 3594 4782 profundis-

2011 4803 2137 4860 simi
2180 4802 2537 4873 appellatione
2581 4802 2882 4874 signantur.
2928 4801 3060 4869 Quae
3084 4803 3230 4873 quod
3265 4818 3368 4858 aen
3386 4803 3455 4858 ad
3485 4818 3599 4859 caa-

2011 4893 2150 4960 lnm,
2183 4900 2330 4948 terra
2359 4893 2429 4948 ad
2461 4906 2666 4960 aerem,
2695 4894 2798 4948 hoc
2839 4892 2928 4949 ille
2955 4903 3040 4949 est
3065 4893 3314 4964 superior
3356 4893 3597 4952 inferno-

2013 5001 2136 5042 rum
2170 4987 2322 5043 sinus
2367 4987 2435 5041 ad
2481 4995 2702 5042 terram.
2752 4985 2861 5042 Sed
2907 4987 3105 5042 mirum
3151 4985 3304 5042 valde
3341 4995 3427 5043 est
3452 4989 3599 5059 quod

2008 5076 2222 5149 jungit:
2253 5097 2273 5130 ι
2301 5078 2629 5134 descendent
2668 5079 2852 5134 omnia
2878 5093 3018 5134 mea.
3059 5096 3078 5130 ›
3131 5077 3266 5134 Cum
3297 5078 3442 5133 enim
3482 5078 3598 5134 sola

2013 5169 2196 5225 anima
2236 5170 2561 5226 descensura
2600 5179 2747 5227 esset
2787 5172 2855 5226 ad
2893 5169 3102 5226 inferna
3142 5169 3297 5226 loca:
3326 5171 3454 5240 quid
3491 5182 3595 5239 est,

2013 5260 2159 5330 quod
2195 5270 2415 5317 sanctus
2447 5263 2532 5316 vir
2562 5262 2688 5317 illuc
2725 5261 2969 5332 perhibet
3011 5261 3195 5316 omnia
3235 5276 3331 5316 sua
3376 5261 3599 5317 descen-

2015 5353 2182 5408 dere:
2209 5353 2314 5409 nisi
2345 5355 2489 5424 quod
2543 5354 2615 5408 ibi
2651 5369 2710 5410 se
2736 5367 2856 5410 esse
2885 5361 3057 5408 totum
3088 5352 3240 5418 vidit,
3268 5353 3359 5408 ubi
3387 5354 3600 5424 pondus

2015 5445 2473 5502 remunerationis
2504 5445 2792 5518 intelligit?
2818 5445 2944 5516 quia
2981 5445 3088 5502 hoc
3112 5445 3256 5515 quod
3285 5445 3600 5503 insensibile

2014 5551 2083 5593 ex
2114 5551 2174 5592 se
2201 5545 2323 5592 erat
2357 5537 2414 5592 in
2454 5544 2657 5592 terram
2697 5537 2926 5603 deserit,
2967 5551 3251 5608 quousque
3295 5538 3362 5593 ad
3421 5540 3600 5594 ineor-

2014 5627 2321 5698 ruptionem
2356 5629 2770 5686 resurrectionis
2809 5629 2997 5686 redeat
3031 5644 3092 5686 se
3119 5644 3241 5686 esse
3279 5645 3385 5685 non
3411 5630 3592 5684 sentit.

2014 5720 2208 5776 Omnia
2253 5721 2436 5792 itaque
2461 5737 2559 5777 sua
2601 5723 2657 5777 in
2688 5721 2957 5779 infernum
2995 5723 3474 5795 profundissimum
3505 5721 3598 5778 de—
3677 5736 3684 5741 '

2014 5828 2275 5872 scensura
2299 5815 2571 5885 perhibet,
2596 5815 2740 5886 quod
2754 5816 2925 5874 solam
2944 5815 3354 5890 suamjanimam
3373 5812 3596 5869 descen-
3686 5840 3690 5848 ι
