4056 6336
480 363 634 438 μη.

1121 360 1184 415 Β.
1224 355 1478 414 ΒΔΒΑΝΙ
1514 354 1735 414 MAURI
1773 350 2061 410 ARGHIEP

2165 348 2437 407 [OGUN'L
2478 345 2765 406 OPERUM
2800 347 2983 406 PARS
3018 349 3104 406 ΠΙ.

3619 350 3791 408 ημ

477 495 664 540 suram
699 480 877 543 videt,
913 477 1042 548 quia
1079 475 1153 530 ibi
1189 483 1334 530 totus
1366 481 1474 540 est,
1510 471 1604 531 ubi
1651 471 1852 526 sentire
1890 468 2062 539 possit
2083 466 2140 530 Α,
2161 464 2294 520 nino
2332 463 2640 519 clamabat:
2677 481 2696 514 ‹
2729 462 2892 519 Pater
2925 464 3095 536 justc,
3139 463 3372 519 mundus
3408 472 3462 520 te
3509 479 3629 520 non
3683 481 3793 521 co-

477 573 622 646 q’uod
674 571 960 642 reciperet.
1009 566 1108 623 Vel
1155 573 1304 622 certe
1359 565 1416 620 in
1465 563 1678 620 inferno
1725 561 1841 628 ejus
1883 559 2063 615 omnia

480 663 846 724 descendunt,
891 661 1021 732 quia
1063 659 1309 714 laborum
1351 656 1594 712 omnium
1644 652 1933 710 retributio
1970 653 2064 707 ad-

478 756 586 813 huc
615 755 670 810 in
697 752 814 809 solo
841 761 962 809 erat
991 750 1206 806 inferno
1245 765 1261 804 :
1301 748 1395 818 qui
1425 758 1482 803 et
1518 747 1686 816 recipi
1714 743 2065 816 praestolaba-

478 856 590 912 tur,
623 855 682 901 et
707 843 864 916 quasi
893 843 1022 899 illuc
1049 842 1328 898 descendit
1361 855 1522 898 omne
1547 839 1690 908 quod
1713 837 1842 908 egit,
1869 836 1962 906 qui
1990 835 2064 890 ibi

477 939 715 1010 quietem
741 935 1116 993 retributionis
1139 949 1252 989 sua:
1274 947 1342 988 ex
1368 932 1622 988 omnibus
1651 930 1877 990 invenit.
1909 927 2065 984 Unde

478 1031 648 1084 etiam
681 1028 796 1098 ipsa
825 1025 979 1096 quies
1013 1023 1326 1096 praestolata
1364 1021 1724 1093 subiungitur,
1755 1034 1878 1074 cum
1921 1017 2064 1074 illico

482 1117 838 1174 subinfertur.
882 1115 1118 1172 Putasne
1155 1115 1350 1174 saltem
1391 1115 1463 1170 ibi
1497 1114 1604 1169 eri.
1651 1113 1866 1182 requies
1895 1111 2066 1166 mihi?

479 1211 539 1266 1n
559 1209 756 1280 quibus
786 1207 1044 1266 nimirum
1065 1206 1246 1264 verbis
1275 1205 1566 1261 innotescit
1593 1203 1742 1275 quod
1769 1201 2063 1268 desiderat,

479 1308 536 1356 et
564 1308 741 1356 tamen
777 1314 900 1358 esse
934 1314 995 1355 se
1024 1298 1210 1376 adhuc
1239 1298 1319 1356 de
1350 1297 1694 1368 suscipienda
1737 1297 1925 1366 requie
1969 1298 2068 1351 du-

480 1393 630 1449 bium
660 1392 908 1464 designat
943 1410 960 1446 :
996 1405 1067 1446 ne
1089 1391 1249 1460 cujus
1290 1399 1478 1446 sancta
1514 1404 1703 1460 Opera,
1741 1396 1819 1443 tot
1855 1386 2070 1458 ﬂagella

479 1493 667 1541 secuta
697 1494 824 1541 sunt
851 1485 1064 1542 occulto
1086 1483 1290 1553 judicio
1317 1482 1537 1553 superni
1568 1481 1785 1554 judicis,
1825 1491 1946 1551 post
1971 1480 2039 1536 lia

479 1577 612 1648 geila
643 1577 962 1648 temporalia
989 1577 1154 1631 etiam
1182 1589 1438 1631 mansura
1473 1582 1743 1630 tormenta
1771 1587 2064 1642 sequeren—

481 1677 588 1723 tur.
623 1669 738 1736 Qua
772 1671 826 1724 in
858 1684 918 1724 re
943 1683 1068 1723 cum
1093 1681 1290 1738 magno
1319 1667 1478 1722 nobis
1507 1665 1705 1721 timore
1729 1664 2068 1735 pensandum

477 1769 582 1826 est,
607 1761 730 1830 quis
757 1769 1004 1815 nostrum
1025 1757 1140 1827 jam
1173 1759 1240 1814 de
1265 1759 1452 1828 requie
1475 1765 1679 1814 aeterna
1705 1770 1930 1814 securus
1958 1755 2060 1812 sit:

481 1851 527 1905 si
662 1864 726 1904 ea
749 1851 936 1906 adhuc
962 1823 1145 1905 et'ille
1173 1823 1430 1920 trepidat,
1463 1849 1618 1919 cujus
1648 1849 1900 1914 virtutes,
1929 1865 2065 1919 prte-
2091 1823 2140 1884 Β

476 1941 633 1995 corda
661 1949 716 1995 et
742 1940 856 2011 ipse
885 1947 941 1996 et
961 1940 1129 2012 judex
1155 1939 1248 2010 qui
1271 1940 1506 2010 percutit
1530 1941 1750 1996 clamat.
1782 1958 1800 1990 ε
1833 1939 1890 1994 Si
1919 1940 2064 1996 enim

468 2029 651 2102 justus
688 2033 780 2086 vix
819 2031 1136 2098 salvabitur,
1164 2032 1362 2102 impius
1389 2041 1445 2086 et
1470 2041 1727 2103 peccator
1768 2033 1860 2090 ubi
1902 2047 2061 2103 pare-

477 2122 614 2178 bunt
633 2124 657 2176 ?
677 2141 696 2176 ι
716 2121 766 2192 (1
787 2123 905 2178 Pet.
931 2123 1032 2195 tv.)
1060 2123 1258 2180 Beatus
1281 2125 1481 2180 etenim
1509 2123 1610 2181 Job
1638 2127 1706 2180 ad
1733 2126 1975 2197 requiem
2002 2141 2062 2184 se

477 2220 598 2283 post
621 2211 829 2285 ﬂagella
857 2210 1241 2285 perventurum
1273 2225 1522 2274 noverat.
1563 2216 1668 2274 Sed
1705 2227 1762 2274 ut
1790 2228 1976 2276 nostra
2007 2221 2062 2276 in

477 2304 671 2361 timore
721 2306 884 2363 corde
930 2316 1266 2373 concuteret,
1309 2309 1426 2380 ipse
1457 2310 1607 2364 visus
1640 2321 1724 2366 est
1755 2312 1823 2366 de
1860 2319 2064 2368 aeterna

479 2398 680 2470 quietis
717 2401 1076 2455 retributione
1117 2401 1369 2456 dubitare
1412 2417 1538 2456 cum
1585 2403 1756 2457 dicit:
1797 2403 2058 2470 Putasne,

476 2500 534 2544 ut
563 2507 682 2561 nos,
707 2491 978 2559 videlicet,
1005 2493 1406 2564 perpendamus
1435 2504 1640 2564 quanta
1667 2496 1926 2553 debemus
1951 2496 2062 2552 for.

475 2583 692 2639 inidine'
723 2595 1011 2640 venturum
1069 2583 1336 2654 judicium
1395 2577 1616 2658 semper
1675 2603 2060 2658 expavescere,

474 2675 782 2745 quandooet
813 2675 904 2732 ille
935 2675 1042 2746 qui
1061 2675 1245 2745 judice
1277 2685 1418 2734 teste
1447 2678 1708 2734 laudatus
1741 2687 1846 2746 est,
1885 2681 2064 2738 adhuc

473 2770 544 2826 de
581 2771 940 2828 retributione
973 2770 1167 2843 judicii
1207 2771 1264 2826 in
1306 2773 1420 2828 suis
1444 2773 1666 2829 vocibus
1692 2788 1917 2832 securus
1955 2790 2066 2832 non

476 2873 581 2922 est.

545 2955 712 3028 Capit.
758 2977 778 3009 ι
811 2957 1013 3014 Vocem
1053 2974 1231 3016 meam
1271 2961 1510 3027 audisti,
1540 2976 1608 3018 ne
1635 2971 1851 3018 avertas
1875 2977 2062 3020 aurem

479 3069 501 3102 ο
531 3056 677 3112 tuam
703 3065 740 3103 a
768 3051 1006 3122 singultu
1031 3067 1152 3108 meo
1178 3062 1234 3108 et
1257 3054 1607 3110 clamoribus.
1634 3075 1652 3108 ι
1687 3057 1886 3112 Vocem
1917 3059 2064 3113 enim

473 3138 770 3196 Dominicte
791 3141 1177 3200 incarnationis
1198 3145 1452 3201 divinitas
1473 3147 1644 3216 ipsius
1666 3148 1908 3204 audivit:
1936 3151 2063 3219 quia

473 3231 662 3287 salutis
685 3233 902 3287 humani
923 3236 1154 3305 generis,
1173 3251 1338 3306 quam
1357 3239 1653 3294 secundum
1672 3239 2066 3298 humanitatem

2165 556 2350 628 gnovit
2389 555 2414 626 ,ί
2437 555 2596 611 Joau.
2645 571 2756 611 xvn
2780 554 2821 628 ).
2855 573 2874 608 ι
2910 554 3008 612 Vel
3053 555 3228 612 illud:
3263 576 3281 608 ι
3313 555 3496 622 Pater,
3541 558 3593 612 si
3649 556 3790 614 ﬁeri

2162 657 2366 719 potest,
2393 655 2632 704 transeat
2670 663 2701 702 a
2749 663 2839 704 me
2881 648 3024 704 calix
3065 647 3168 705 istc
3210 647 3381 720 (Luc.
3409 647 3621 720 xxn);
3668 670 3691 701 ι
3727 657 3788 706 et

2166 743 2364 798 iterum
2395 761 2408 798 :
2443 762 2461 795 ι
2494 743 2676 810 Pater,
2726 741 2944 814 ignosce
2983 742 3122 809 illis,
3163 743 3288 813 quia
3331 743 3590 799 nesciunt
3635 745 3785 814 quid

2165 834 2372 892 faciunt
2402 833 2642 908 (Ibid.).
2669 853 2690 888 ι
2719 832 2856 888 Nam
2885 841 2942 888 et
2970 833 3060 910 illo
3090 845 3332 904 tempore
3361 834 3632 890 laborans
3659 833 3784 890 cla-

2164 928 2333 982 mavit
2353 968 2368 996 ,
2399 927 2616 1000 quando
2643 926 2859 1002 dicebat
2885 945 2899 980 :
2929 944 2949 978 ι
2979 925 3073 981 Va:
3095 923 3278 990 vobis,
3309 927 3502 982 scribat
3525 935 3585 982 et
3615 925 3778 984 Pha-

2167 1017 2308 1072 risaei
2326 1057 2341 1083 ,
2373 1033 2454 1074 va:
2485 1017 2682 1092 mundo
2710 1017 2777 1094 ab
2806 1016 3076 1073 scandalis
3095 1053 3110 1084 ,
3143 1036 3163 1068 ι
3190 1025 3245 1074 et
3273 1017 3359 1073 bis
3385 1014 3614 1074 similia.
3663 1017 3779 1075 La-

2165 1109 2381 1167 boravit
2425 1126 2554 1182 ergo
2600 1111 2874 1178 clamans,
2923 1111 3140 1182 quando
3188 1127 3294 1188 non
3347 1111 3692 1168 audiebatur
3744 1127 3819 1166 a-

2164 1199 2406 1271 perﬁdis.
2452 1201 2632 1258 Labor
2681 1202 2826 1256 enim
2877 1201 3178 1258 inauditum
3229 1202 3500 1274 signiﬁcat
3553 1202 3777 1260 clamo-

2168 1309 2316 1359 rem,
2349 1293 2474 1364 quia
2501 1294 2751 1352 laborare
2781 1295 2901 1350 illos
2929 1311 3036 1350 non
3079 1295 3346 1372 dicimus,
3387 1310 3530 1366 quos
3566 1305 3769 1350 votum

2167 1401 2322 1442 suum
2380 1386 2632 1456 implesse
2691 1397 2976 1462 testamur.
3037 1387 3281 1458 Denique
3340 1389 3422 1443 sic
3459 1390 3768 1458 sequitur:

2166 1476 2364 1532 Rauca:
2416 1477 2572 1532 facta:
2618 1486 2744 1533 sunt
2793 1480 2976 1534 fauces
3025 1493 3178 1533 meae.
3234 1477 3492 1540 Raucedo
3537 1479 3772 1550 quando

2167 1567 2352 1625 fauces
2400 1578 2616 1625 nostras
2663 1571 2936 1640 possidet,
2986 1571 3154 1626 verba
3205 1578 3390 1625 nostra
3435 1573 3504 1628 ad
3551 1572 3774 1627 alienas

2167 1673 2327 1714 aures
2368 1657 2590 1715 confusa
2618 1661 2962 1731 perveniunt.
2994 1660 3186 1717 Merito
3212 1677 3343 1734 ergo
3370 1662 3538 1728 dicit,
3567 1662 3772 1718 fauces

2167 1767 2295 1809 suas
2323 1767 2519 1809 raucas
2546 1769 2668 1809 esse
2695 1755 2866 1810 factas
2895 1773 2909 1809 :
2940 1756 3070 1828 quia
3097 1755 3240 1811 dicta
3267 1755 3384 1824 ejus
3413 1771 3771 1827 nequaquam

2169 1847 2464 1918 sacrilegus
2505 1849 2732 1919 populus
2771 1849 3046 1908 audiebat.
3089 1849 3421 1924 (Mannum)
3465 1849 3526 1906 Si
3574 1860 3772 1906 autem

2169 1939 2238 2005 de
2264 1941 2523 1996 membris
2551 1941 2669 2012 ejus
2709 1941 2825 1997 haec
2863 1943 3004 1998 dicta
3035 1944 3395 2015 accipiemus,
3428 1944 3553 1999 sine
3593 1927 3774 1999 dubio

2167 2032 2424 2088 exaudita
2455 2042 2600 2102 sunt.
2632 2033 2770 2090 Nam
2797 2042 2852 2090 et
2893 2035 2994 2106 ipsi
3032 2044 3334 2108 martyres,
3375 2037 3479 2090 etsi
3519 2036 3591 2090 ad
3623 2051 3774 2108 prte-

2169 2140 2295 2182 sens
2340 2135 2525 2181 votum
2570 2126 2625 2181 in
2671 2126 2760 2182 die
2805 2127 3074 2198 passionis
3121 2143 3310 2185 eorum
3357 2128 3602 2183 exauditi
3657 2145 3770 2184 non

2168 2227 2312 2283 sunt,
2369 2223 2552 2274 tamen
2583 2219 2652 2276 ad
2677 2229 2936 2284 aeternam
2977 2221 3206 2280 salutem
3249 2222 3469 2276 omnino
3511 2223 3769 2280 exauditi

2169 2321 2326 2376 sunt,
2357 2309 2483 2381 quia
2523 2311 2648 2366 inde
2677 2313 2745 2367 ad
2771 2327 3027 2368 coronam
3069 2323 3432 2385 pervenerunt
3470 2320 3766 2368 aeternam.

2171 2400 2324 2458 Unde
2351 2412 2408 2456 et
2432 2405 2678 2475 sequitur
2712 2423 2726 2459 :

2241 2491 2406 2566 Cepit.
2439 2514 2457 2546 ε
2487 2497 2945 2568 Appropinquasti
2989 2497 3044 2552 in
3083 2497 3202 2566 die,
3245 2496 3465 2568 quando
3507 2496 3766 2553 invocavi

2173 2604 2193 2640 ι
2227 2593 2278 2641 te
2311 2586 2556 2651 :dixisti,
2581 2586 2662 2643 Ne
2703 2589 2914 2644 timeas.
2949 2607 2976 2654 ι,
2999 2587 3461 2660 Appropinquavit
3501 2587 3767 2643 divinitas

2169 2677 2458 2734 salvatoris
2507 2679 2828 2734 humanitati
2875 2680 3064 2750 ipsius,
3120 2679 3340 2750 quando
3401 2695 3524 2736 eam
3581 2681 3766 2736 subita

2167 2773 2569 2830 resurrectione
2610 2772 2763 2842 juxta
2807 2782 2989 2832 votum
3035 2789 3194 2829 suum
3236 2773 3304 2830 de
3345 2781 3522 2830 morte
3566 2775 3767 2828 trium—

2167 2866 2338 2937 phare
2375 2866 2525 2923 fecit.
2567 2867 2758 2934 Aliter,
2781 2868 3235 2938 appropinquavit
3274 2867 3540 2924 Dominus
3586 2867 3766 2922 servis

2169 2957 2284 3014 suis
2313 2969 2437 3014 cum
2469 2957 2876 3025 tribularentur,
2907 2965 2962 3014 et
3001 2958 3070 3014 de
3107 2957 3524 3014 necessitatibus
3566 2971 3762 3014 eorum

2168 3044 2422 3108 liberavit
2459 3064 2606 3112 eos:
2657 3049 2914 3118 quoniam
2965 3065 2998 3108 a
3047 3049 3241 3106 timore
3287 3049 3493 3104 inimici
3545 3049 3764 3106 animas

2170 3155 2358 3202 eorum
2410 3141 2628 3210 eripuit.
2681 3141 2773 3196 Sic
2820 3141 2966 3196 enim
3020 3139 3122 3212 ipsi
3167 3141 3400 3196 orabant
3445 3139 3502 3196 in
3547 3141 3762 3212 psalmo

2171 3250 2301 3290 mu
2334 3251 2350 3288 :
2385 3254 2402 3285 ι
2437 3234 2677 3300 Exaudi,
2711 3234 2892 3300 Deus,
2932 3235 3237 3292 orationem
3275 3249 3455 3290 meam
3491 3249 3621 3290 cum
3663 3233 3761 3289 tri-

471 3325 782 3396 postulavit,
805 3329 1453 3392 secundumdivinitatem
1475 3333 1684 3389 tribuit.
1705 3335 1933 3398 Proinde
1953 3337 2070 3408 ipse
2167 3326 2346 3392 bulor,
2404 3341 2435 3380 a
2497 3327 2691 3384 timore
2742 3327 2946 3382 inimici
2995 3327 3146 3397 eripe
3197 3327 3434 3394 animam
3489 3340 3698 3382 ιιιθεωο
3731 3343 3756 3379 ³

361 3453 376 3468 .
473 3420 542 3472 ad
573 3418 792 3475 Patrem
826 3420 959 3476 dicit
989 3422 1045 3476 in
1077 3421 1418 3495 Evangeiio:
1453 3441 1474 3478 ι
1505 3426 1694 3495 Pater,
1729 3430 1930 3500 gratias
1963 3443 2066 3502 ago
2168 3417 2479 3492 (.Auguu.)
2524 3421 2668 3493 Ergo
2705 3421 3134 3486 exundiebnnltll'
3173 3427 3229 3476 ei
3265 3419 3678 3486 occidebantur.
3703 3425 3758 3476 ει

475 3509 609 3576 tibi,
637 3512 896 3581 quoniam
922 3514 1123 3572 audisti
1153 3530 1257 3571 me.
1288 3517 1400 3589 Ego
1424 3529 1606 3574 autem
1633 3521 1871 3576 sciebam
1890 3562 1906 3588 ,
1937 3523 2066 3592 quia
2168 3522 2350 3574 tamen
2395 3517 2470 3574 ab
2511 3516 2749 3574 inimicis
2793 3515 3143 3574 eruebantur.
3189 3514 3294 3570 Alii
3338 3515 3601 3570 timentes
3627 3529 3758 3570 oon-

473 3617 690 3677 semper
718 3605 804 3662 ine
831 3603 1024 3665 audis:
1055 3609 1150 3666 sed
1177 3612 1400 3682 propter
1419 3613 1808 3685 populum,qui
1833 3616 2068 3671 circum-
2166 3607 2475 3683 sentiebant
2511 3616 2569 3664 et
2610 3607 2894 3672 vivebant,
2935 3614 2992 3666 et
3036 3613 3220 3662 tatnen
3260 3605 3328 3660 ab
3370 3605 3613 3660 inimicis
3655 3604 3756 3675 ipsi

471 3705 596 3763 om,
613 3700 748 3766 dixi,
775 3709 834 3756 ut
853 3703 1096 3770 credant,
1111 3705 1236 3775 quia
1259 3713 1316 3760 tu
1339 3718 1430 3763 me
1447 3707 1638 3762 misisti
1662 3706 1845 3780 (Joan.
1869 3709 2060 3780 πίνω..
2165 3701 2614 3762 absorbebantur.
2646 3699 2776 3764 inde
2825 3708 2909 3756 est
2935 3713 3042 3756 vox
3069 3697 3447 3771 gratulationis
3477 3716 3490 3751 :
3522 3696 3754 3752 forsitan

477 3805 498 3844 ι
527 3789 606 3848 Ne
631 3802 847 3850 avertas
864 3833 880 3862 ,
911 3795 1120 3866 inquit,
1145 3811 1332 3852 aurem
1358 3805 1506 3853 tuam
1534 3813 1566 3854 a
1593 3798 1832 3870 singultu
1859 3814 1980 3856 meo
2005 3807 2065 3856 et
2162 3794 2316 3850 vivos
2342 3793 2752 3849 obserbuissent
2775 3807 2896 3850 nos.
2941 3791 3094 3846 Multi
3131 3790 3370 3860 absorpti
3413 3789 3560 3855 vivi,
3593 3788 3754 3844 multi

473 3883 820 3942 clamoribus.
855 3906 873 3940 ι
900 3885 965 3944 Si
993 3888 1110 3945 haec
1135 3891 1200 3945 ad
1230 3891 1406 3962 ipsum
1437 3891 1722 3948 Dominum
1753 3890 2062 3960 referimus,
2163 3885 2405 3956 absorpti
2454 3885 2685 3956 mortui;
2736 3885 2831 3955 qui
2880 3890 3208 3956 putaverunt
3259 3881 3478 3938 inanem
3524 3895 3652 3938 esse
3691 3881 3757 3935 ﬁ.

475 3975 810 4047 impossibile
847 3987 968 4035 erat
1004 3987 1064 4036 ut
1117 3980 1281 4038 Pater
1319 3997 1508 4038 aurem
1542 3997 1699 4040 suam
1746 3997 1777 4038 a
1821 3985 2062 4057 singultu
2124 3969 2130 3976 ’
2161 3977 2284 4033 dem
2313 3975 2710 4042 Christianam;
2743 3975 2942 4034 morini
2968 3973 3212 4046 ιδιῠτριί
3239 3982 3386 4032 sunt.
3418 3971 3521 4042 Qui
3565 3981 3754 4028 autem

471 4071 592 4142 ejus
625 4080 682 4128 et
717 4073 1051 4131 clamoribus
1088 4085 1358 4133 averteret
1402 4095 1415 4131 :
1453 4079 1545 4149 qui
1580 4079 1763 4133 omnia
1807 4093 1929 4149 qua:
1964 4091 2063 4150 po.
2160 4061 2399 4122 scientes
2437 4065 2875 4137 praedicationem
2915 4080 3035 4122 esse
3073 4076 3258 4122 veram
3288 4062 3565 4136 Evangelii
3593 4061 3756 4118 Citri-

470 4166 690 4222 stillavit
726 4155 918 4224 effectu
958 4171 1298 4228 velocissimo
1330 4174 1584 4244 explevit.
1623 4175 1795 4232 Flevit
1829 4191 1958 4248 ergo
1991 4178 2060 4234 ad
2161 4164 2306 4216 ιιιιω
2346 4173 2466 4213 esse
2493 4157 2690 4214 Filium
2729 4157 2850 4224 Βθίε
2892 4157 2998 4248 ιιοςι
3032 4156 3354 4248 οτθάθηιθβξ
3384 4163 3440 4248 ει
3477 4156 3754 4248 ξυιυς-ιε-

473 4268 879 4315 monumcntum
928 4261 1159 4329 Lazari,
1195 4271 1249 4318 et
1283 4279 1417 4320 voce
1451 4281 1645 4336 magna
1683 4245 1940 4324 clamavit
1976 4270 2060 4324 di-

2165 4256 2370 4314 centes,
2393 4257 2675 4305 cesserunt
2691 4255 2875 4304 tamen
2901 4247 3198 4314 doloribus,
3221 4256 3275 4304 et
3297 4247 3456 4304 idolis
3473 4245 3755 4304 sacriﬁca-

473 4362 646 4403 cens:
682 4357 701 4400 t
735 4349 970 4416 Lazare,
1007 4353 1130 4407 veni
1179 4353 1358 4422 foras,
1399 4364 1454 4410 et
1489 4356 1673 4410 statim
1720 4358 1921 4428 prodiit
1965 4361 2056 4430 qui
2157 4347 2388 4407 νθηηην
2420 4340 2530 4396 νίνί
2557 4341 2804 4410 ιιιεοννιί
2833 4347 2978 4396 ειηιῑ·
3010 4340 3157 4412 Ενεο
3186 4341 3290 4396 δοῖ)
3311 4347 3432 4396 01⁸³⁸
3453 4351 3558 4396 τοι
3601 4354 3753 4394 mﬂ'

471 4440 646 4496 fuerat
677 4450 924 4499 mortuus
955 4444 975 4516 (
993 4443 1155 4499 Joan.
1188 4461 1243 4500 χι
1266 4447 1306 4518 ).
1341 4465 1358 4498 ι
1391 4446 1532 4502 Alibi
1563 4453 1742 4504 autem
1772 4459 1898 4505 etim
1932 4465 2056 4506 sur-

2159 4443 2338 4507 tyrum
2371 4435 2456 4490 :A
2485 4435 2682 4504 timore
2711 4435 2917 4491 inimici
2947 4448 3079 4491 erue
3107 4434 3346 4492 animam
3378 4448 3592 4496 meam,
3640 4449 3748 4490 non

470 4531 598 4587 dum
635 4539 690 4588 et
719 4542 928 4590 mutum
977 4545 1228 4604 sanaret,
1263 4554 1282 4590 α
1315 4535 1618 4610 suspiciens
1661 4540 1860 4596 cce-ium
1907 4543 2056 4615 inge-

2165 4533 2221 4580 ut
2265 4541 2355 4583 me
2403 4535 2514 4582 non
2553 4526 2766 4582 occidat
2807 4525 3100 4582 inimicus:
3141 4527 3237 4582 sed
3274 4539 3381 4581 non
3425 4533 3486 4580 ut
3525 4525 3748 4582 timeam

473 4627 644 4693 muit,
676 4635 730 4682 et
761 4627 928 4696 dixit,
957 4628 1127 4687 Ell'eia
1156 4645 1176 4685 τ
1207 4638 1260 4688 et
1289 4633 1470 4688 statim
1500 4638 1702 4706 apertas
1735 4643 1861 4691 sunt
1899 4652 2056 4695 aures

470 4716 608 4788 ejus,
634 4727 690 4775 et
719 4720 952 4777 solutum
981 4729 1064 4779 est
1093 4707 1366 4780 vinculum
1391 4725 1591 4796 lingua:
1619 4726 1762 4796 ejus,
1793 4737 1847 4783 et
1873 4729 2058 4800 loque-

469 4811 632 4866 batur
667 4819 817 4869 rccte
851 4811 1064 4886 (Marc.
1094 4831 1169 4870 vn
1193 4815 1232 4887 ).
1274 4835 1292 4868 ι
1323 4814 1480 4882 Quod
1513 4817 1557 4872 s'i
1593 4833 1724 4888 ergo
1762 4818 1920 4874 alicui
1962 4821 2058 4876 ab-

468 4903 694 4962 surdum
716 4905 928 4964 videtur
953 4905 1068 4962 bzce
1095 4907 1162 4962 ad
1187 4921 1473 4978 personam
1497 4905 1710 4964 Domini
1738 4909 2057 4977 transferri,

466 5007 688 5070 propter
720 4996 866 5070 quod
901 4999 958 5053 in
986 4997 1124 5054 lsaia
1155 4999 1418 5068 scriptum
1443 5003 1567 5054 est:
1602 5019 1620 5050 ε
1652 4999 1769 5054 Non
1800 5000 2056 5057 clamabit

364 5078 370 5084 ’
467 5107 641 5162 neque
692 5091 874 5148 audiet
919 5091 1114 5162 aliquis
1166 5091 1222 5146 in
1265 5091 1460 5163 plateis
1501 5105 1690 5147 vocem
1733 5091 1850 5162 ejus
1893 5092 2049 5163 (Isa‘.

468 5183 646 5252 un);
683 5199 708 5235 ›
744 5191 800 5236 et
835 5181 1006 5238 item:
1051 5201 1069 5234 ι
1106 5181 1258 5237 Sicut
1291 5183 1442 5248 ovis,
1481 5182 1688 5252 inquit,
1723 5183 1788 5236 ad
1823 5183 2052 5240 occisio-

469 5286 594 5327 nem
628 5269 823 5328 ductus
855 5279 970 5339 est,
1006 5280 1062 5327 et
1094 5271 1236 5328 sicut
1269 5285 1440 5344 agnus
1469 5287 1652 5328 coram
1694 5274 1950 5328 tondente
1993 5286 2052 5330 se

471 5365 588 5421 sine
615 5379 778 5432 voce,
813 5363 893 5421 sic
922 5376 1030 5421 non
1059 5365 1272 5435 aperuit
1299 5380 1361 5420 os
1391 5379 1546 5420 suum
1573 5381 1588 5430 ;
1627 5352 1649 5417 ἰ
1683 5363 1824 5418 sciat
1869 5369 2050 5420 tamen

469 5473 534 5514 ex
559 5471 788 5531 persona
814 5455 928 5526 ejus
955 5455 1081 5512 a'libi
1106 5457 1367 5528 scriptum
1397 5475 1412 5511 :
1445 5477 1464 5508 ι
1493 5455 1754 5512 Laboravi
1784 5455 2045 5524 clamans,

469 5567 644 5609 rauca:
675 5550 832 5608 facte
861 5559 987 5606 sunt
1017 5547 1200 5606 fauces
1230 5567 1362 5608 mere
1392 5549 1411 5625 (
1428 5548 1579 5605 Psal.
1605 5550 1862 5624 vam)»
1885 5550 2050 5624 [Cas-

467 5645 628 5720 siod]
670 5641 810 5718 Ergo
843 5653 1133 5716 utrumque
1158 5662 1346 5702 verum
1366 5688 1380 5712 ,
1409 5655 1699 5716 utrumque
1723 5647 2048 5716 completum

461 5743 568 5796 est.
597 5737 733 5794 Nam
761 5748 817 5795 et
845 5739 1010 5795 tacuit
1034 5753 1154 5795 cum
1187 5739 1513 5808 traderetur,
1545 5747 1605 5794 ut
1628 5737 1746 5811 ejus
1771 5739 2051 5810 dispositio

457 5833 544 5894 ad
572 5835 762 5893 [randi
787 5836 1078 5894 salutarem
1119 5833 1412 5894 terminum
1450 5835 1798 5910 perveniret;
1843 5843 1899 5891 et
1929 5847 2049 5891 om-

2159 4619 2516 4675 occidentem.
2569 4617 2684 4673 iloc
2728 4625 2848 4673 orat
2897 4618 2954 4672 in
3006 4616 3226 4673 Pssimo
3271 4617 3500 4686 implere
3551 4631 3748 4672 servas

2157 4707 2304 4778 quod
2335 4707 2492 4777 jubet
2529 4706 2790 4762 Dominus
2819 4708 2879 4762 in
2904 4705 3199 4778 Evangeiio
3230 4721 3246 4763 :
3279 4725 3302 4760 ί
3335 4707 3515 4764 Nolite
3549 4707 3746 4762 timere

2157 4815 2254 4856 eos
2295 4800 2390 4871 qui
2431 4800 2686 4856 occidunt
2723 4815 2954 4870 corpus,
2987 4801 3226 4858 animam
3255 4810 3440 4858 autem
3480 4815 3590 4856 non
3623 4816 3746 4871 pos-

2161 4899 2290 4950 Sunt
2319 4893 2569 4949 occidere
2601 4909 2614 4946 :
2647 4893 2745 4949 sed
2773 4893 2953 4962 potius
2980 4909 3104 4949 eum
3133 4893 3324 4949 timete
3363 4895 3458 4964 qui
3485 4903 3664 4964 potest
3691 4903 3745 4950 et

2159 4984 2396 5041 animam
2424 4991 2476 5040 et
2505 4993 2702 5056 corpus
2741 4985 2956 5042 mittere
2997 4986 3052 5041 in
3091 4986 3422 5056 gehennam.
3449 5006 3470 5038 ι
3495 4985 3743 5056 Quapro-

2155 5085 2282 5149 pter
2326 5085 2479 5133 certa
2521 5077 2590 5133 de
2628 5076 2810 5134 futura
2851 5078 3209 5136 retributione
3249 5079 3600 5150 subsequitur
3644 5094 3746 5134 vox

2157 5170 2348 5226 dicens
2379 5188 2392 5224 :

2153 5319 2158 5326 ,
2229 5261 2355 5319 Ra.
2392 5280 2412 5315 ι
2441 5261 2740 5329 Judicasti,
2789 5264 3052 5330 Domino,
3097 5275 3324 5322 causam
3369 5265 3566 5322 animm
3609 5280 3748 5322 meae

2162 5379 2182 5412 ι
2217 5358 2470 5417 defensor
2498 5357 2850 5431 [redemptor]
2877 5358 2999 5413 vitae
3021 5373 3173 5413 mem.
3197 5377 3216 5410 ι
3249 5357 3569 5429 (Mannum)
3595 5355 3749 5415 Iudi-

2156 5451 2304 5508 cavit
2329 5453 2462 5522 ergo
2491 5449 2754 5504 Dominus
2781 5463 3002 5505 causam
3033 5447 3231 5504 animi:
3256 5447 3461 5504 Christi
3477 5487 3492 5512 ,
3524 5449 3746 5518 quando

2156 5543 2461 5600 innocentis
2499 5550 2731 5598 mortem
2765 5540 3057 5611 pervenire
3092 5539 3223 5597 fecit
3259 5539 3328 5598 ad
3366 5540 3601 5596 Salutem
3645 5541 3747 5596 bu-

2155 5637 2304 5694 mani
2345 5637 2561 5709 generis
2583 5675 2600 5702 ,
2629 5643 2686 5689 et
2723 5633 3000 5702 triumpho
3025 5647 3137 5688 suae
3165 5631 3588 5690 resurrectionis
3616 5647 3747 5687 con-

2153 5735 2295 5790 fudit
2327 5740 2580 5789 auctores
2599 5728 2714 5798 ejus
2755 5724 3208 5796 lnteremptionis.
3231 5723 3405 5781 Aliter
3435 5742 3451 5779 :
3476 5721 3746 5794 judicavit

2155 5829 2424 5886 Dominus
2451 5839 2672 5882 causam
2701 5821 2942 5879 ﬁdelium
2970 5832 3195 5877 suorum
3217 5859 3236 5887 ,
3262 5819 3482 5892 quando
3512 5818 3749 5876 redemit
