4056 6336
262 408 405 465 5245

1152 396 1520 456 EXPOSITIO
1557 395 1787 455 suasa
1820 393 2190 453 JEREMIAM.
2233 424 2304 436 —
2338 378 2467 457 LIB.
2504 393 2656 459 Xlx.

3397 390 3538 457 1246

262 522 475 576 animas
502 524 725 581 eorum,
752 522 807 569 et
834 522 942 569 non
970 510 1299 581 derelinquit
1343 524 1537 569 omnes
1572 509 1668 579 qui
1696 508 1752 565 in
1785 521 1845 565 se
1869 508 1925 573 Α
1949 507 2357 578 dispensatione
2395 506 2725 577 patiebatur.
2772 502 2914 563 Hinc
2941 504 3143 575 iterum
3169 504 3303 561 dicit
3333 524 3346 561 :
3379 524 3399 558 ι
3430 506 3538 562 Ex-

261 618 642 684 speravcrunt.
685 606 1038 665 Confessum
1076 616 1205 663 suos
1244 604 1313 659 ad
1356 603 1634 660 caelestem
1670 610 1850 661 trans-

263 704 392 760 tulit
444 702 698 769 gloriam,
751 708 808 755 et
856 706 1235 769 persecutores
1286 710 1474 752 eorum
1522 696 1576 751 in
1632 708 1851 766 ptenam

264 794 517 851 dimersit
564 799 903 861 perpetuam.
962 786 1223 856 lniquitas
1276 787 1422 843 enim
1481 786 1693 843 illorum
1746 788 1852 843 hoc

263 884 566 956 promeruit
596 900 610 936 :
640 882 769 952 quia
794 881 987 936 timere
1006 888 1065 936 et
1090 879 1356 935 honorare
1381 886 1659 934 auctorem
1693 893 1851 933 suum

266 976 549 1031 temeritas
585 973 786 1030 mentis
822 982 1013 1028 eorum
1056 986 1151 1027 eos
1193 984 1303 1026 non
1348 969 1613 1038 permisit.
1665 968 1850 1027 Insur-

266 1074 527 1121 rexerunt
561 1065 704 1119 enim
737 1062 969 1133 primum
1007 1075 1133 1118 cum
1171 1059 1371 1116 furoris
1408 1060 1489 1115 sui
1532 1059 1745 1114 insania
1793 1059 1849 1113 in

264 1159 443 1227 ipsum
486 1165 759 1226 pastorem
805 1155 1048 1217 dicentes
1087 1171 1101 1208 :
1148 1152 1247 1208 Hic
1290 1159 1374 1213 est
1418 1152 1623 1217 haeres,
1669 1150 1850 1206 venite

263 1250 577 1307 occidamus
608 1260 767 1315 eum,
799 1257 856 1303 et
874 1247 1193 1323 habebimus
1212 1245 1328 1315 ejus
1353 1246 1722 1303 haereditatem
1748 1264 1760 1299 :
1792 1255 1846 1301 et

264 1345 665 1413 apprehensum
699 1352 823 1398 eum
859 1340 1138 1409 ejecerunt
1170 1350 1326 1399 extra
1362 1340 1574 1397 vineam
1596 1380 1612 1405 ,
1653 1347 1709 1395 et
1758 1354 1850 1395 oc-

265 1437 548 1502 ciderunt,
599 1445 654 1491 et
700 1449 890 1491 servos
937 1448 1069 1490 vero
1116 1431 1233 1501 ejus
1281 1432 1445 1487 alium
1494 1431 1847 1496 ceciderunt,

265 1527 431 1583 alium
461 1526 812 1590 occiderunt,
844 1526 1008 1584 alium
1038 1524 1412 1595 lapidaverunt
1442 1521 1657 1593 (Matth.
1687 1520 1812 1591 xxi)
1831 1561 1846 1587 ,

264 1627 320 1674 et
359 1620 439 1676 sic
468 1621 742 1690 dissipata:
781 1625 907 1674 sunt
936 1634 1066 1674 oves
1094 1617 1300 1689 gregis,
1331 1623 1663 1686 quapropter
1704 1628 1849 1669 nunc

265 1710 400 1767 dicit
427 1726 444 1766 :
1092 1760 1095 1763 .

296 1842 299 1845 ν
334 1803 457 1858 Res.
494 1820 514 1857 ι
546 1803 769 1866 Vidisti,
813 1801 1077 1867 Domine,-
1114 1800 1455 1870 iniquitatem
1492 1784 1706 1857 illorum
1745 1797 1847 1854 ad-

269 1912 297 1946 e
324 1909 543 1950 versum
577 1910 693 1960 me,
731 1892 914 1963 judlca
947 1892 1212 1964 judicium
1245 1906 1445 1945 meum.
1486 1910 1506 1942 ι

336 1986 461 2042 Res.
493 2005 512 2039 ε
548 1985 777 2051 Vidisti,
813 1985 1065 2049 Domine,
1107 1998 1324 2041 omnem
1357 1980 1598 2039 furorem
1634 1988 1690 2037 et
1725 1981 1847 2038 uni-

269 2094 288 2127 ι
320 2092 508 2132 versas
536 2076 889 2146 cogitationes
919 2089 1106 2130 eorum
1136 2072 1426 2128 adversum
1453 2086 1561 2128 me.
1589 2092 1608 2126 ι
1632 2071 1851 2142 Cogita-

265 2169 342 2224 tio
380 2167 527 2226 enim
567 2169 782 2225 illorum
826 2168 1061 2239 maligna
1101 2174 1249 2229 erat,
1288 2174 1342 2221 et
1378 2180 1660 2222 sermones
1706 2164 1849 2233 pleni

264 2259 495 2325 insania,
524 2268 803 2317 auctorem
822 2260 945 2315 vitm
972 2257 1277 2315 interﬁcere
1303 2257 1627 2328 cogitantes,
1647 2264 1705 2310 et
1735 2270 1852 2310 ser-

263 2351 517 2407 monibus
556 2351 805 2409 veritatis
839 2349 1172 2420 exprobrare
1210 2348 1468 2407 nitentes.
1508 2348 1587 2404 De
1620 2362 1729 2417 quo
1758 2361 1849 2403 se-

264 2446 448 2517 quitur
476 2464 489 2501 :
732 2492 736 2497 .

337 2537 452 2593 Sin.
484 2555 507 2590 ι
536 2537 749 2594 Audisti
795 2537 1085 2610 opprobria
1119 2550 1334 2602 eorum,
1375 2536 1623 2605 Domine,
1661 2546 1853 2592 omnes

274 2646 294 2682 ι
327 2630 685 2701 cogitationes
714 2642 904 2686 eorum
934 2630 1221 2697 adversum
1251 2643 1357 2684 me.
1394 2640 1413 2682 t

338 2721 462 2776 Sin.
496 2736 516 2773 ι
553 2721 722 2776 Labia
758 2722 1157 2792 insurgentium
1184 2720 1319 2775 mihi
1341 2760 1356 2787 ,
1390 2728 1446 2775 et
1472 2719 1855 2775 meditationes

272 2825 296 2865 ι
326 2825 519 2867 eorum
550 2812 836 2868 adversum
866 2827 988 2878 me,
1020 2820 1135 2866 tota
1163 2812 1269 2866 die.
1308 2830 1327 2864 ι
1359 2811 1643 2882 Principes
1670 2818 1853 2866 autem

266 2904 613 2959 sacerdotum
640 2913 698 2959 et
728 2902 975 2961 seniores
1002 2903 1228 2975 populi,
1258 2903 1543 2959 consilium
1572 2901 1850 2970 fecerunt,

265 3006 327 3054 nt
376 2998 561 3055 Iesum
612 2999 736 3056 dolo
786 3006 1032 3054 tenerent
1076 3004 1132 3052 et
1178 2996 1513 3053 occiderent.
1558 2997 1625 3051 Et
1675 2997 1850 3051 item:

271 3090 605 3162 rPrlncipes
626 3092 978 3148 sacerdotum
1018 3094 1075 3145 et
1113 3103 1276 3145 omne
1317 3088 1605 3143 concilium
1644 3087 1854 3159 qurerea

263 3182 396 3239 bant
444 3183 640 3240 falsum
694 3183 1067 3238 testimonium
1111 3189 1301 3237 contra
1348 3180 1571 3248 Iesum,
1620 3191 1681 3235 ut
1727 3196 1850 3235 eum

263 3274 425 3347 morti
473 3275 788 3339 traderent,
837 3280 893 3328 et
940 3289 1047 3328 non
1102 3272 1473 3327 invenerunt:
1525 3285 1649 3325 cum
1696 3269 1852 3325 multi

264 3365 382 3420 falSi
410 3374 573 3421 testes
617 3366 1004 3430 accessissent,
1040 3363 1329 3418 novissime
1368 3372 1551 3417 autem
1588 3370 1856 3416 venerunt

266 3458 372 3512 duo
408 3455 527 3510 falsi
578 3464 777 3519 testes,
828 3465 881 3510 et
925 3455 1219 3508 dixerunt:
1272 3453 1371 3507 Hic
1409 3453 1586 3507 dixit:
1625 3446 1852 3509 Possum

266 3550 543 3604 destruere
573 3547 827 3616 templum
858 3547 992 3613 hoc,
1023 3553 1223 3615 etpost
1252 3528 1487 3599 triduum
1522 3534 1854 3599 remtliﬁcare

266 3639 394 3694 illud
426 3637 653 3711 (Matth.
685 3638 867 3709 xxvr).
900 3636 1054 3691 Unde
1084 3651 1149 3690 eo
1174 3636 1437 3689 cruciﬁxo
1460 3643 1855 3704 praetereuntes

264 3733 787 3805 blasphemaverunt
830 3746 988 3797 eum,
1039 3736 1319 3784 moventes
1369 3728 1551 3796 capita
1597 3740 1733 3793 sua,
1774 3726 1856 3781 di?

265 3834 489 3884 centes:
525 3842 544 3877 ι
579 3822 726 3891 Vah,
761 3823 855 3895 qui
892 3821 1132 3877 destruis
1169 3820 1456 3891 templum,
1492 3826 1548 3876 et
1586 3808 1639 3873 in
1678 3818 1855 3875 triduo

264 3916 395 3975 illud
424 3915 716 3973 retedilicat
747 3933 760 3971 :
795 3913 954 3971 Salva
987 3911 1352 3985 temetipsum,
1384 3912 1431 3967 si
1457 3910 1628 3966 Filius
1649 3911 1744 3966 Dei
1772 3925 1853 3983 es,

266 4008 538 4065 descende
573 4007 641 4064 de
677 4024 862 4064 cruce.
912 3996 1178 4062 Similiter
1210 4014 1267 4061 et
1296 4005 1570 4077 principes
1596 4004 1856 4073 sacerdo-

266 4109 378 4175 tum
420 4094 705 4173 illudentes
737 4117 859 4158 cum
895 4101 1091 4158 scribis
1125 4107 1180 4157 et
1215 4100 1521 4156 senioribus
1556 4099 1808 4155 dicebant
1837 4117 1850 4154 :

267 4193 420 4252 Alios
450 4196 632 4251 salvos
666 4194 826 4263 fecit,
868 4210 925 4251 se
960 4195 1133 4268 ipsum
1173 4209 1280 4250 non
1315 4200 1498 4265 potest
1538 4193 1743 4248 salvum
1779 4192 1858 4248 fa-

264 4299 408 4347 cere.
452 4285 511 4341 Si
551 4301 647 4341 rex
679 4286 844 4343 lsracl
880 4294 1001 4350 est,
1044 4284 1340 4342 descendat
1379 4300 1523 4339 nunc
1565 4284 1629 4339 de
1658 4268 1853 4350 cruce,

265 4387 320 4434 et
346 4378 617 4434 credimus
645 4378 714 4434 ei.
750 4377 987 4434 Conﬁdit
1027 4370 1083 4431 in
1126 4376 1262 4441 Deo,
1302 4376 1496 4433 liberet
1539 4391 1662 4430 eum
1709 4389 1854 4438 nunc

267 4472 310 4526 si
356 4470 489 4525 vult.
546 4471 693 4525 Dixit
736 4471 881 4527 enim
927 4460 1053 4541 quia
1100 4469 1274 4525 Filius
1324 4469 1419 4524 Dei
1465 4484 1584 4525 sum
1616 4467 1851 4540 (Matth.

266 4579 412 4617 xxvn
441 4561 483 4633 ).
516 4582 540 4615 ι
570 4558 719 4617 Talis
747 4563 891 4617 enim
922 4562 1022 4635 fuit
1046 4562 1327 4619 meditatio
1357 4577 1545 4618 eorum
1567 4601 1582 4629 ,
1616 4561 1741 4617 talis
1772 4561 1853 4617 fu-

269 4667 359 4706 ror
407 4659 464 4705 et
515 4652 813 4722 pertinacia
858 4668 1082 4720 eorum,
1108 4660 1167 4708 ut
1207 4662 1400 4709 contra
1441 4655 1728 4710 veritatem
1771 4653 1852 4709 in-
1878 4628 1931 4689 Ῑ)

267 4745 555 4811 stituerent
586 4752 751 4800 testes
782 4744 1036 4801 falsitatis
1056 4786 1071 4813 ,
1100 4746 1305 4801 malum
1333 4763 1434 4819 pro
1474 4748 1617 4803 bono
1654 4747 1849 4803 redde-

267 4844 388 4894 rent
440 4836 611 4908 gratis
657 4853 669 4890 :
719 4837 864 4908 quod
916 4836 1200 4894 Psalmista
1259 4840 1459 4895 dudum
1520 4841 1853 4911 praacinebat

267 4929 451 4986 dicens
483 4946 496 4983 :
530 4947 548 4979 ι
583 4926 851 4999 Quoniam
888 4929 1056 5002 gratis
1088 4930 1489 4991 absconderunt
1517 4932 1651 4987 mihi
1681 4932 1849 4988 inter-

267 5021 402 5079 itum
456 5021 634 5093 laquei
703 5021 821 5089 sui,
888 5037 1026 5078 vane
1081 5024 1546 5093 exprobraverunt
1608 5026 1849 5080 animam

267 5127 440 5171 meam
491 5110 683 5187 (Psal.
712 5130 877 5169 xxxrv
900 5114 941 5187 ).
976 5134 994 5166 ι
1025 5113 1210 5173 Gratis
1253 5132 1445 5187 revera
1488 5120 1683 5189 quibus
1721 5119 1852 5174 mali

269 5205 403 5262 nihil
448 5204 675 5262 fecerat.
721 5206 853 5262 Illud
898 5208 1195 5278 gratuitum
1243 5209 1513 5275 diximus,
1555 5212 1697 5280 quod
1741 5227 1852 5266 non

271 5295 491 5365 alicujus
521 5297 599 5352 rei
626 5300 1066 5369 compensatione
1096 5301 1370 5356 tribuitur.
1398 5300 1687 5373 (Cassiod.)
1716 5302 1853 5358 Abs-

270 5391 567 5457 conderunt
620 5392 752 5448 mihi
810 5403 870 5449 ut
924 5394 999 5453 illi
1048 5396 1348 5465 putabant,
1407 5395 1500 5466 qui
1551 5395 1852 5453 divinitatis

270 5481 384 5551 ejus
412 5481 710 5551 potentiam
740 5499 848 5539 non
878 5486 1195 5565 credebant.
1240 5486 1375 5542 Nam
1409 5488 1538 5557 quid
1576 5496 1755 5557 potest
1780 5486 1849 5541 ab

270 5587 333 5629 eo
369 5571 663 5657 abscondi,
699 5573 791 5628 cui
832 5576 969 5631 nihil
1012 5578 1287 5635 occultum
1327 5578 1456 5633 est?
1497 5578 1588 5633 ille
1617 5579 1761 5634 enim
1792 5587 1849 5633 et

185 5684 199 5701 ο
269 5662 788 5734 proditorem'suum
816 5666 871 5721 in
899 5683 1056 5724 coena
1083 5669 1414 5741 designavit,
1446 5677 1497 5725 et
1541 5671 1849 5741 passionem

271 5764 557 5828 antequam
588 5758 904 5829 proveniret
940 5760 1189 5829 edocuit,
1234 5778 1336 5819 nec
1373 5762 1670 5833 quidquam
1714 5762 1851 5830 fuit,

272 5853 413 5933 quod
450 5853 503 5912 ei
540 5853 1004 5917 absconderetur:
1034 5856 1162 5929 quia
1187 5856 1373 5921 omnia
1411 5872 1527 5917 sua:
1561 5846 1856 5919 voluntatis

1952 609 2238 673 surgentes
2262 608 2439 665 testes~
2475 600 2648 671 iniqui
2694 614 2817 671 quae
2845 599 3165 671 ignorabam
3198 600 3537 671 interrogant

1951 711 2040 751 me
2058 736 2074 762 ,
2103 704 2159 751 et
2190 680 2569 750 retribuebant'
2589 692 2721 749 mihi
2750 692 2893 748 mala
2918 707 3022 764 pro
3051 693 3243 761 bonis,
3276 694 3559 761 sterilita-A

1954 797 2062 846 tem
2095 788 2290 845 anima:
2317 802 2473 843 meae.
2509 805 2530 840 ι
2562 787 2754 843 Testes
2780 787 2947 857 igitur
2983 786 3079 855 qui
3118 786 3297 843 subito
3332 787 3538 858 impetu

1950 881 2192 938 belluino
2217 888 2589 951 consurgunt,
2630 895 2734 955 nec
2771 882 3048 941 moderate
3087 880 3431 941 adducuntur
3469 882 3537 939 ad

1951 973 2188 1027 medium
2206 1014 2222 1039 ,
2253 980 2378 1028 sunt
2407 973 2525 1027 sine
2554 972 2889 1029 dubitatione
2920 970 3229 1037 falsissimi,
3259 965 3397 1040 q'uos
3427 988 3537 1028 uno

1951 1066 2120 1120 verbo
2155 1065 2379 1120 denotat
2416 1071 2679 1134 potenter.
2698 1063 2883 1121 dicens
2911 1080 2925 1119 :
2957 1063 3134 1132 Iniqui
3174 1078 3386 1123 revera.
3427 1063 3537 1127 lni-

1952 1156 2166 1227 quiq'ui
2193 1163 2352 1211 erant
2390 1163 2583 1211 contra
2621 1154 2933 1225 (equitatem
2967 1153 3348 1224 justitiamQue
3386 1155 3537 1211 locu-

1952 1249 2079 1305 turi.
2124 1248 2309 1320 Jungit
2355 1264 2479 1317 quae
2519 1247 2836 1319 ignorabam
2862 1286 2878 1312 ,
2916 1246 2969 1301 id
3005 1253 3123 1310 est,
3168 1260 3288 1315 quae
3334 1261 3420 1301 me
3459 1246 3541 1303 di-

1950 1345 2098 1399 xisse
2127 1343 2455 1398 omnimodis
2486 1340 2815 1398 nesciebam.
2846 1338 2941 1397 Sic
2965 1338 3115 1394 enim
3156 1339 3223 1395 de
3264 1338 3370 1395 illis
3399 1338 3538 1394 diei-

1950 1451 2110 1500 mus,
2143 1436 2238 1505 qui
2269 1452 2328 1492 se
2370 1434 2585 1490 Domini
2629 1432 2892 1489 beneﬁcio
2938 1440 3083 1487 recta
3124 1431 3543 1487 conversatione

1952 1528 2307 1585 custodiunt:
2350 1527 2535 1583 Nescit
2581 1526 2837 1589 mentiri,
2885 1524 3059 1579 nescit
3103 1536 3328 1593 rapere,
3372 1521 3547 1578 nescit

1951 1623 2278 1692 opprimere.
2312 1618 2603 1691 Ignorabat
2640 1618 2788 1674 enim
2826 1616 3092 1675 Dominus
3127 1615 3539 1686 blasphemare,

1951 1715 2097 1783 quod
2127 1715 2175 1769 ei
2204 1714 2485 1785 principes
2513 1712 2855 1767 sacerdotum
2885 1710 3073 1765 scissis
3101 1709 3344 1765 vestibus
3365 1709 3546 1778 impu-

1953 1805 2088 1861 tavit
2124 1806 2341 1875 quando
2382 1803 2517 1858 dixit
2548 1820 2560 1856 :
2609 1820 2630 1855 ι
2663 1800 2930 1857 Videbitis
2968 1800 3138 1855 ﬁlium
3180 1798 3416 1855 hominis
3455 1813 3542 1855 se-

1875 1903 1922 1963 B
1950 1897 2169 1953 dentem
2218 1897 2288 1951 ad
2337 1898 2619 1952 dexteram
2668 1893 2869 1958 Patris.
2906 1912 2925 1945 ι
2974 1893 3042 1947 Ει
3090 1893 3410 1948 subsenutus
3455 1899 3546 1949 est

1950 1991 2202 2062 princeps
2239 1989 2544 2045 Judaaorum
2591 1987 2776 2043 dicens
2807 2003 2823 2041 :
2882 2004 2902 2041 ι
2927 1984 3361 2055 Blasphemavit,
3411 1981 3542 2053 quid

1954 2082 2129 2137 adhuc
2156 2094 2377 2151 egemus
2406 2078 2680 2135 testibus?
2710 2076 2729 2149 (
2752 2076 2883 2132 Luc.
2917 2075 3098 2148 xxii.)
3128 2075 3236 2132 Sed
3266 2073 3428 2145 quale
3465 2082 3547 2129 te-

1953 2172 2268 2229 stimonium
2311 2170 2475 2226 l‘uerit
2514 2169 2866 2238 subsequenti
2905 2169 3073 2225 verbo
3113 2166 3451 2225 declaravit:
3484 2171 3547 2219 ut

1952 2279 2047 2320 eos
2097 2277 2207 2319 non
2258 2262 2464 2318 diceret
2506 2259 2807 2316 convicisse
2844 2265 2903 2315 et
2939 2257 3339 2327 interrogasse,
3380 2252 3542 2324 quasi

1952 2370 2061 2411 non
2093 2355 2160 2410 de
2190 2368 2286 2409 sua
2325 2352 2641 2423 integritate
2678 2349 2915 2406 conﬁsos
2934 2382 2955 2413 ,ν
2983 2348 3078 2403 sed
3107 2347 3173 2402 de
3201 2346 3375 2402 aliena
3406 2359 3541 2400 voce

1954 2448 2234 2505 sollicitos.
2281 2444 2673 2521 Retribuebant
2718 2444 2866 2500 enim
2909 2442 2985 2503 illi
3030 2440 3171 2496 mala
3214 2454 3312 2510 pro
3352 2437 3538 2503 bonis,

1954 2536 2183 2603 scilicet,
2208 2537 2334 2606 quia
2360 2534 2488 2590 dum
2516 2534 2606 2591 ille
2630 2535 2796 2590 vitam
2825 2531 3172 2589 credentibus
3197 2527 3534 2591 contulisset,

1954 2629 2047 2685 isti
2076 2635 2307 2684 mortem
2340 2625 2567 2682 reddere
2608 2624 2916 2685 maluerunt
2946 2642 2959 2679 :
2991 2622 3135 2693 quod
3167 2619 3544 2677 retributionis

1956 2734 2126 2789 genus
2152 2717 2417 2775 malorum
2446 2716 2687 2773 omnium
2716 2716 2981 2786 probatur
3010 2722 3337 2769 extremum.
3372 2710 3547 2767 Steri-

1956 2810 2080 2866 litas
2116 2826 2332 2880 quoque
2358 2811 2553 2866 animae
2583 2808 2715 2874 fuit,
2746 2809 2965 2879 quando
2996 2808 3257 2882 magister
3286 2808 3460 2862 bonus
3489 2805 3545 2861 in

1956 2903 2089 2975 ipsis
2116 2903 2350 2959 fructum
2377 2903 2501 2958 ﬁdei
2530 2902 2769 2973 reperire
2794 2919 2899 2957 non
2930 2901 3142 2972 potuit,
3181 2916 3281 2959 nec
3320 2908 3541 2971 pectora

1955 3011 2155 3053 eorum.
2173 2996 2507 3053 credulitatis
2534 2997 2780 3069 germina
2809 2995 3191 3061 reddiderunt,
3221 3010 3343 3064 qum
3369 3008 3536 3049 saxeo

1957 3093 2180 3157 stupore
2215 3088 2406 3143 durata
2447 3096 2594 3143 sunt.
2637 3087 2746 3142 Sed
2785 3101 2855 3141 ne
2879 3085 3049 3141 ιιιόωί
3081 3101 3141 3142 se
3168 3086 3361 3142 leviter
3387 3086 3537 3141 msti-

1957 3190 2110 3235 ment
2154 3181 2407 3237 addictos
2452 3181 2580 3237 huic
2621 3179 2933 3245 sterilitati,
2971 3186 3028 3233 et
3066 3179 3123 3234 in
3159 3179 3388 3245 ficulnea
3420 3178 3544 3242 illa,

1881 3264 1928 3329 C
1960 3275 2251 3355 Evangelia
2278 3284 2417 3333 teste
2449 3276 2663 3353 (Marc.
2691 3291 2747 3331 χι
2769 3274 2790 3349 )
2810 3317 2824 3342 ,
2856 3275 3166 3342 maledixit,
3207 3276 3263 3331 in
3297 3291 3402 3349 qua
3433 3275 3550 3330 fru-

1958 3379 2078 3425 ctus
2105 3371 2328 3426 omnino
2357 3387 2463 3425 non
2494 3371 2714 3440 reperit.

1986 3530 1991 3537 .
2032 3460 2149 3539 Sin.
2184 3470 2201 3512 ά
2232 3461 2543 3539 Sesslonem
2571 3477 2761 3516 eorum
2789 3468 2845 3517 et
2868 3463 3331 3518 resurrectionem
3360 3478 3549 3518 eorum

1964 3567 1985 3603 ‹
2016 3552 2143 3606 vide
2175 3570 2187 3606 :
2222 3567 2323 3622 ego
2369 3568 2488 3606 sum
2533 3552 2773 3622 psalmus
2819 3568 3026 3607 eorum.
3066 3573 3084 3604 ι
3116 3553 3445 3624 (ΜΑωιυε.)
3490 3552 3548 3606 lu

1958 3645 2201 3700 sessione
2249 3644 2507 3715 exprimit
2558 3643 2802 3698 habitum
2842 3642 3157 3712 judicandi,
3208 3645 3260 3698 in
3307 3652 3575 3699 resurre—'

1957 3736 2137 3791 ctione
2190 3750 2322 3789 vero
2371 3735 2611 3811 studium
2662 3734 2715 3789 id
2768 3735 3333 3807 quodmoliebantur
3375 3735 3539 3805 perﬁ-

1956 3828 2155 3885 ciendi.
2190 3827 2297 3883 Sed
2334 3827 2460 3899 quia
2501 3828 2559 3883 in
2596 3828 2861 3899 cathedra
2895 3829 3220 3900 pestilentia:
3255 3829 3544 3902 pontiﬁces

1939 3929 2011 4000 et
2041 3919 2314 3992 principes
2338 3919 2646 3975 indecorum
2677 3919 2935 3977 sederunt
2964 3922 3317 3989 insidiantes,
3363 3932 3423 3976 ut
3467 3922 3546 3977 in-

1956 4014 2273 4077 terﬁcerent
2316 4013 2659 4070 innocentem
2694 4015 2712 4087 (
2740 4013 2888 4071 Psal.
2920 4017 2980 4087 1)
3015 4034 3027 4072 :
3063 4017 3132 4071 ad
3164 4018 3265 4073 hoc
3294 4031 3548 4072 surrexe-

1956 4117 2116 4175 runt,
2166 4116 2226 4169 ut
2271 4109 2416 4179 quod
2460 4110 2714 4180 nequiter
2754 4117 3090 4178 tractarent,
3131 4126 3295 4182 opere
3336 4111 3550 4167 nefario

1956 4208 2420 4261 consummarent.
2466 4200 2767 4273 lnfclicitas
2810 4200 2913 4259 fuit
2960 4202 3014 4277 (in
3066 4202 3169 4257 viis
3220 4217 3444 4269 eorum,
3496 4211 3553 4258 et

1955 4293 2098 4353 viam
2128 4293 2277 4364 pacis
2305 4310 2409 4350 non
2440 4303 2842 4367 cognoverunt,
2872 4295 2969 4351 sed
2996 4296 3411 4371 quizlquid‘ipse
3449 4310 3546 4351 co-

1954 4401 2075 4461 ram
2110 4386 2190 4441 eis
2228 4385 2515 4447 veracibus
2550 4387 2733 4443 verbis
2767 4385 3110 4459 proferebat,
3149 4395 3333 4463 totum,
3358 4388 3410 4443 in
3451 4402 3544 4442 ca-

1954 4477 2218 4553 lumniam
2247 4486 2304 4534 et
2333 4478 2387 4533 in
2417 4478 2771 4551 opprobrium
2803 4470 3016 4553 vertere
3044 4477 3354 4553 studebant.
3398 4476 3552 4533 Unde

1959 4582 2082 4641 cum
2152 4568 2359 4623 diceret
2409 4586 2421 4620 :
2472 4586 2491 4618 ί
2526 4565 2735 4623 Amodo
2782 4567 3039 4623 videbitis
3094 4567 3262 4622 ﬁlium
3319 4567 3552 4622 hominis

1956 4660 2233 4733 sedentem
2269 4674 2299 4712 a
2332 4652 2542 4714 dextris
2578 4659 2833 4724 virtutis,
2872 4667 2929 4714 et
2957 4658 3264 4714 venientem
3300 4652 3354 4731 ip
3388 4658 3548 4711 nubi-

1957 4750 2057 4805 bus
2110 4748 2264 4813 εαξη,
2317 4749 2572 4820 princeps
2622 4749 2964 4804 sacerdotum
3018 4749 3179 4803 scidit
3227 4748 3550 4815 vestimenta

1957 4857 2082 4906 sua,
2120 4841 2305 4896 dicens
2335 4858 2349 4893 :
2386 4839 2804 4910 Blasphemavit.
2840 4840 2992 4895 Tune
3018 4846 3354 4909 exspuerunt
3378 4838 3432 4892 in
3465 4838 3548 4891 fa-

1956 4935 2094 4992 ciem
2133 4931 2280 5001 ejus,
2322 4940 2378 4986 ct
2413 4932 2659 5004 colaphis
2688 4947 2811 4987 eum
2844 4931 3163 4987 ceciderunt
3195 4920 3210 4994 ξ
3244 4927 3332 4982 alii
3366 4936 3547 4982 autem

1954 5026 2164 5100 palmas
2194 5025 2248 5080 in
2280 5024 2469 5080 faciem
2497 5024 2546 5080 ei
2574 5024 2871 5091 dederunt,
2903 5024 3145 5078 dicentes
3176 5040 3188 5074 :
3222 5020 3546 5091 Pmphctiza

1956 5117 2145 5184 nobis,
2182 5116 2427 5182 Christe,
2465 5116 2586 5185 quis
2616 5124 2701 5171 est
2733 5115 2827 5187 qui
2868 5123 2919 5170 te
2954 5113 3270 5186 percussit?
3305 5111 3544 5185 (Matth.

1953 5227 2046 5266 xx.
2074 5208 2093 5282 )
2132 5230 2150 5262 ι
2185 5208 2337 5276 Quod
2366 5210 2531 5265 etiam
2563 5209 2835 5281 Propheta
2867 5209 3067 5264 dudum
3100 5207 3153 5263 in
3182 5207 3376 5279 spiritu
3410 5222 3545 5278 prte—

1951 5304 2144 5360 videns
2172 5304 2410 5358 ostendit
2441 5304 2628 5361 dicens
2662 5321 2675 5357 :
2714 5321 2733 5354 (
2770 5302 3070 5358 Adversum
3101 5317 3188 5357 me
3216 5298 3546 5357 exerceban-

1951 5404 2063 5462 tur,
2102 5398 2198 5468 qui
2243 5397 2504 5452 sedebant
2541 5396 2595 5451 in
2642 5403 2835 5467 porta,
2881 5403 2936 5450 et
2979 5396 3032 5451 in
3076 5410 3163 5450 me
3208 5394 3544 5465 psallebant,

1951 5489 2044 5561 qui
2073 5488 2333 5545 bibebant
2360 5486 2544 5542 vinum
2574 5484 2761 5559 (Psal.
2792 5501 2956 5542 vam
2975 5486 3047 5557 ).i
3076 5486 3213 5541 Dicit
3245 5486 3388 5540 enim
3420 5500 3544 5555 pas-

1952 5581 2159 5637 sionem
2213 5596 2367 5636 suam
2417 5581 2563 5652 genti
2614 5580 2851 5637 Iudaicae
2898 5581 3065 5636 fuisse
3116 5580 3400 5643 fabulam,
3449 5578 3543 5646 qui

1952 5672 2107 5744 quasi
2153 5673 2371 5742 impleta
2415 5673 2740 5743 cogitatione
2786 5688 2884 5728 sua
2931 5671 3175 5730 denece
3220 5668 3431 5726 Domini
3466 5675 3544 5721 te—

1953 5764 2348 5821 mulentissime
2403 5764 2734 5836 garriebant.
2793 5763 2901 5820 Sed
2956 5763 3083 5836 quia
3147 5756 3544 5831 incorrigibiles

1952 5867 2141 5934 erant,
2170 5867 2229 5916 et
2269 5856 2446 5949 magis
2491 5872 2849 5932 perseverare
2886 5858 2944 5917 in
2987 5856 3160 5923 malo,
3196 5866 3376 5937 quam
3417 5848 3547 5915 inde
